3876 6492
113 362 208 423 417

1278 362 1345 417 IN
1385 361 1763 419 LEVITICUM
1802 360 2087 419 "OMILIA
2122 366 2187 422 11.

3277 376 3381 434 418

113 485 210 539 dux
257 481 520 538 bonorum
571 496 832 552 operum,
881 496 1074 537 sensus
1099 519 1115 546 ,
1151 491 1206 537 et
1244 481 1368 538 ideo
1416 482 1483 538 ad
1522 480 1681 550 hujus
1711 487 1756 543 Α
1791 501 1887 540 nes
1917 495 2271 556 peccatorum
2308 484 2360 542 in
2393 485 2722 558 Evangeliis.
2764 487 2859 545 Est
2889 489 2993 546 ista
3021 490 3192 561 prima
3219 533 3234 560 ,
3270 509 3376 563 qua

110 572 537 630 emendationem
565 587 672 629 non
707 571 1107 642 qualiscunque
1139 572 1340 638 hostia,
1383 574 1478 630 sed
1515 574 1685 645 ipsius

109 666 332 735 saginati
377 665 528 720 vituli
576 665 880 736 requiritur
931 666 1282 720 sacrificium.
1329 665 1596 721 Similiter
1629 675 1684 722 et

109 759 394 829 Synagogte
434 758 618 828 culpa,
663 758 764 814 boc
818 767 923 826 est,
957 759 1197 814 omnium
1247 773 1368 827 quae
1411 757 1553 813 intra
1583 773 1684 814 nos

105 861 226 906 sunt
249 851 508 905 virtutum
542 850 874 916 emendatio,
908 865 1014 906 non
1046 850 1207 906 aliter
1231 865 1394 920 quam
1430 863 1493 904 ex
1522 849 1685 905 Chri-

105 945 164 998 sti
194 944 619 1000 mortiftcatione
647 955 958 1014 reparatur.
996 944 1052 999 Si
1087 959 1217 1000 vero
1248 944 1504 1017 princeps
1529 986 1548 1014 ,
1600 945 1684 1000 in-

105 1037 208 1104 quit
241 1035 320 1100 ”,
358 1037 692 1105 peccaverit,
725 1036 938 1091 hircum
982 1035 1176 1091 otTeret
1207 1035 1321 1107 (54)
1366 1051 1430 1091 ex
1477 1037 1678 1105 capris.

101 1129 354 1199 Princeps
401 1129 503 1184 iste
554 1137 732 1198 potest
756 1128 934 1184 videri
961 1128 1045 1184 vis
1090 1128 1318 1184 rationis
1368 1144 1489 1198 qua:
1540 1129 1681 1183 intra

103 1237 195 1276 nos
225 1233 328 1276 est.
356 1221 485 1287 Qua:
519 1222 562 1275 si
594 1230 783 1289 peccet
815 1221 869 1274 in
908 1220 1097 1285 nobis,
1126 1229 1180 1274 et
1208 1220 1432 1274 stultum
1477 1221 1680 1290 aliquid

101 1327 338 1383 agamus,
360 1313 793 1384 pertimescenda
833 1313 991 1367 nobis
1024 1324 1107 1367 est
1139 1310 1229 1365 illa
1261 1314 1534 1368 sententia
1563 1313 1682 1367 Sal-

98 1406 320 1466 vatoris,
353 1419 472 1474 qnte
503 1405 635 1458 dicit
669 1403 714 1435 “
746 1423 760 1459 :
798 1423 816 1454 ι
852 1402 963 1458 Vos
994 1405 1125 1459 estis
1165 1407 1248 1459 sal
1279 1416 1457 1460 terrm.
1490 1405 1547 1460 Si
1581 1422 1680 1459 au-

97 1507 196 1550 tem
230 1496 308 1551 sal
346 1495 675 1550 infatuatum
725 1495 911 1562 fuerit,
955 1497 1022 1549 ad
1057 1498 1284 1552 nihilum
1317 1497 1458 1552 valet
1488 1497 1589 1552 nisi
1622 1507 1682 1552 ut

94 1590 410 1662 projiciatur
450 1588 599 1643 foras
625 1628 640 1652 ,
681 1600 734 1644 et
768 1587 1123 1644 conculcetur
1170 1591 1239 1643 ab
1285 1588 1619 1644 hominibus.
1656 1607 1674 1640 ι

95 1683 260 1736 llabet
296 1697 428 1752 ergo
455 1692 508 1735 et
536 1680 638 1735 iste
667 1679 898 1733 hostiam
924 1695 1097 1736 suam.
1125 1681 1230 1734 Sed
1255 1691 1308 1734 et
1337 1679 1521 1733 anima
1548 1693 1678 1743 una,

92 1773 265 1841 inquit
296 1771 372 1839 ⁸⁸,
401 1773 447 1828 si
481 1771 810 1843 peccaverit,
850 1784 1070 1839 capram
1121 1771 1380 1826 feminam
1428 1770 1682 1825 similiter

1789 578 2131 647 baptizamur
2175 578 2228 632 in
2266 578 2652 634 remissionem
2698 592 3072 650 peccatorum.
3121 583 3376 642 Secunda

1788 668 2038 722 remissio
2073 675 2155 722 est
2195 668 2247 721 in
2294 668 2549 736 passione
2577 672 2848 741 martyrii.
2897 672 3077 728 Tertia
3120 683 3222 741 est,
3253 691 3376 746 quae

1785 775 1885 830 pro
1907 759 2250 832 eleemosyua
2281 763 2442 815 datur
2475 759 2612 833 (58).
2661 762 2802 817 Dicit
2832 766 2976 818 enim
3013 766 3264 824 Salvator
3288 771 3370 825 “z

1790 867 1810 901 ι
1859 849 2242 908 Verumtamen
2270 852 2394 907 date
2426 853 2868 924 eleemosynam,
2907 865 2962 912 et
3006 874 3136 915 ecce
3186 863 3370 918 omnia

1787 943 1989 998 munda
2033 955 2159 998 sunt
2187 943 2359 1000 vobis.
2393 965 2411 996 ι
2457 944 2659 1012 Quarta
2703 947 2858 1002 nobis
2893 947 2948 1002 fit
2981 952 3226 1007 remissio
3244 969 3372 1023 pec-

1785 1047 2066 1097 catorum.
2103 1053 2201 1106 per
2237 1037 2339 1092 hoc
2371 1039 2517 1108 quod
2553 1047 2607 1092 et
2641 1054 2739 1094 nos
2783 1041 3110 1098 remittimus
3149 1058 3373 1112 peccata

1785 1127 2050 1182 fratribus
2097 1131 2322 1183 nostris.
2390 1130 2479 1184 Sic
2537 1130 2680 1184 enim
2749 1130 2885 1186 dicit
2940 1133 3057 1200 ipse
3110 1134 3374 1193 Dominus

1790 1221 1943 1292 191
1970 1236 2023 1277 et
2059 1221 2315 1277 Salvator
2351 1233 2558 1290 noster,
2595 1225 2719 1294 quia
2760 1244 2779 1276 ‹
2819 1225 2865 1279 si
2905 1227 3229 1284 remiseritis
3258 1229 3370 1299 (59)

1786 1314 2051 1369 fratribus
2077 1315 2282 1370 vestris
2314 1329 2380 1368 ex
2409 1314 2574 1368 corde
2606 1327 2828 1383 peccata
2857 1317 3118 1386 ipsorum,
3144 1329 3198 1373 et
3219 1323 3373 1375 vobis

1787 1403 2031 1456 remittet
2064 1402 2226 1457 Pater
2262 1415 2443 1458 vester
2476 1416 2700 1472 peccata
2743 1416 2943 1461 vestra.
2980 1408 3134 1474 Quod
3179 1411 3223 1464 si
3262 1426 3371 1466 non

1789 1493 2115 1549 retniseritis
2157 1494 2420 1551 fratribus
2473 1497 2670 1551 vestris
2727 1513 2790 1551 ex
2830 1499 3019 1565 corde,
3072 1515 3171 1554 nec
3217 1503 3370 1557 vobis

1789 1587 2031 1642 remittet
2063 1586 2225 1642 Pater
2257 1597 2443 1642 vester
2481 1588 2523 1618 "
2550 1605 2564 1653 ;
2598 1608 2616 1639 ι
2652 1599 2708 1642 et
2735 1589 2877 1644 sicut
2907 1593 2961 1643 in
2995 1593 3243 1646 oratione
3273 1607 3372 1647 nos

1786 1681 1970 1735 dicere
2017 1681 2278 1735 docuit“
2308 1700 2322 1736 :
2354 1699 2373 1732 ι
2410 1680 2649 1737 Remitte
2702 1683 2858 1738 nobis
2902 1684 3082 1739 debita
3145 1695 3330 1740 nostra
3353 1725 3367 1748 ,

1786 1773 1931 1827 sicut
1961 1783 2016 1827 et
2052 1789 2152 1828 nos
2179 1773 2513 1828 remittimus
2531 1773 2874 1829 debitoribus
2893 1778 3145 1831 nostris.»
3169 1776 3369 1842 Quinta

92 1866 311 1930 offeret,
345 1867 642 1922 secundum
674 1865 820 1920 illam
860 1866 1306 1920 substitutionem
1347 1865 1675 1931 hostiarum,
1710 1860 1751 1914 Β
1783 1879 2136 1937 peccatorum
2188 1868 2440 1922 remissio
2491 1878 2613 1935 est,
2674 1882 2796 1922 cum
2855 1871 3186 1927 converterit
3249 1871 3372 1942 quis

91 1974 248 2030 quam
286 1958 539 2028 superius
567 1958 1012 2014 memoravimus.
1057 1958 1165 2013 Sed
1214 1957 1450 2012 fortasse
1496 1957 1681 2012 dicant

87 2054 366 2108 auditores
394 2052 652 2108 Ecclesia:
687 2052 803 2122 (35)
839 2070 853 2107 :
891 2051 1082 2107 Melius
1113 2051 1223 2106 fere
1255 2051 1518 2122 agebatur
1553 2065 1677 2105 cum

93 2147 336 2216 antiquis
360 2187 376 2212 ,
422 2162 582 2216 quam
618 2147 897 2201 nobiseum
927 2187 942 2212 ,
974 2147 1062 2200 ubi
1107 2146 1303 2201 oblatis
1329 2147 1544 2201 diverso
1573 2143 1677 2198 ritu

87 2238 374 2302 sacrificiis
403 2280 418 2304 ,
470 2237 826 2309 peccantibus
874 2238 1031 2292 venia
1079 2239 1464 2305 praestabatur.
1521 2241 1675 2311 Apud

87 2346 178 2386 nos
209 2347 324 2386 una
353 2331 727 2386 tantummodo
748 2330 905 2386 venia
937 2342 1016 2386 est
1039 2341 1406 2401 peccatorum,
1438 2349 1556 2404 quae
1583 2351 1678 2404 per

85 2422 287 2476 lavacri
316 2423 545 2492 gratiam
575 2423 627 2477 in
654 2422 824 2476 initiis
853 2421 1040 2476 datur.
1074 2422 1236 2477 bulla
1264 2436 1386 2492 post
1411 2401 1676 2496 hereri-ec-

84 2516 221 2569 cauti
257 2515 630 2570 misericordia
653 2554 668 2580 ,
716 2529 814 2569 nec
848 2517 1008 2570 venia
1042 2515 1150 2570 ulla
1185 2518 1529 2572 conceditur.
1577 2519 1676 2574 De-

82 2619 161 2664 cet
183 2611 415 2679 quidem
439 2610 792 2664 districttoris
813 2622 938 2663 esse
955 2609 1431 2678 disciplinaztlbris
1445 2611 1672 2678 tianum,

84 2718 177 2770 pro
212 2719 332 2773 quo
361 2704 611 2760 Christus
642 2714 894 2760 mortuus
919 2715 1001 2761 est
1025 2705 1166 2778 (56).
1214 2707 1322 2761 Pro
1369 2706 1476 2761 illis
1520 2723 1673 2772 oves,

80 2796 213 2850 hirci
241 2839 259 2862 ,
304 2795 470 2852 boves
495 2797 890 2868 iugulabantur
916 2811 971 2855 et
1002 2812 1164 2865 aves,
1211 2806 1266 2852 et
1317 2798 1497 2852 simila
1538 2814 1670 2852 eon-

76 2891 475 2960 spergebatur:
505 2907 603 2961 pro
636 2901 686 2946 te
717 2890 809 2944 Dei
838 2890 1011 2946 Filius
1039 2889 1318 2962 iugulatus
1343 2899 1451 2955 est,
1489 2899 1542 2945 et
1571 2891 1674 2945 ite-

77 2998 191 3037 rum
230 2993 285 3038 te
313 2998 542 3053 peccare
563 2985 845 3040 delectat?
879 2984 944 3038 Et
980 2991 1162 3036 tamen
1193 2997 1260 3036 ne
1298 2983 1390 3038 tibi
1419 2984 1534 3039 [nec
1566 2997 1670 3037 non

79 3089 181 3132 tam
214 3078 441 3149 erigant
466 3079 678 3133 animos
707 3095 806 3148 pro
835 3077 1059 3141 virtute,
1083 3091 1247 3146 quam
1281 3091 1381 3146 pro
1413 3077 1674 3146 despera—

74 3171 220 3225 tione
244 3170 528 3238 dejiciant,
559 3171 759 3227 audisti
787 3179 992 3240 quanta
1023 3169 1135 3223 sint
1167 3169 1220 3222 iu
1257 3169 1375 3239 lege
1402 3171 1669 3223 sacrificia

72 3279 166 3334 pro
197 3264 466 3336 peccatis,
508 3266 631 3318 audi
664 3271 803 3320 nunc
837 3265 948 3336 (57)
991 3275 1209 3334 quantae
1249 3263 1361 3317 sint
1395 3263 1675 3318 remissio-

138 3427 184 3458 "
216 3425 401 3480 Levit.
436 3442 484 3478 tv
507 3465 521 3487 ,
566 3424 655 3477 93.
736 3423 781 3454 ‘3‘
813 3421 980 3476 Matth
1013 3439 1062 3483 v,
1103 3421 1187 3474 1'5.

71 3498 113 3528 “
137 3495 339 3552 Jacob.
364 3512 418 3560 v,
447 3496 539 3550 ΞΟ.
614 3495 659 3526 ⁷⁰
688 3493 819 3548 an.
851 3508 946 3556 vu,
981 3494 1068 3546 Π.
1113 3495 1156 3523 ⁷⁸
1195 3492 1211 3545 l
1245 3491 1392 3546 Petr.
1424 3507 1499 3558 Iv,
1527 3490 1580 3545 8.

135 3633 257 3706 (34)
308 3633 448 3689 Idem
497 3649 641 3699 ms.,
683 3650 701 3684 ι
737 3629 948 3686 offeret.
986 3649 1004 3682 ι
1050 3629 1208 3684 Libb.
1263 3629 1432 3694 editi,
1479 3645 1496 3678 ι
1534 3627 1666 3682 0ch-

67 3718 170 3762 rat.
213 3725 236 3757 ι

136 3775 260 3849 (35)
297 3773 662 3849 Sedjortasse
708 3774 890 3849 dicunt
921 3773 1202 3849 auditores
1251 3769 1522 3834 Ecclesia,
1551 3781 1660 3849 _etc.

65 3841 371 3902 Auilitbres
398 3841 661 3900 Ecclesiae
707 3861 845 3912 quos
878 3844 970 3899 hic
1016 3843 1222 3912 profert
1273 3857 1434 3894 unam
1482 3841 1658 3894 solum

64 3933 163 3987 per
193 3917 532 3987 baptismum
561 3927 909 3985 peccatorum
933 3913 1316 3987 remissionem
1360 3926 1662 3987 agnoscen-

67 3982 172 4052 tes,
206 3982 596 4043 ea'techunieni
627 3996 786 4040 erant
831 3986 1109 4038 audientes
1145 3983 1304 4046 dicti,
1351 3982 1440 4045 qui
1476 3982 1660 4035 Omnia

64 4058 189 4114 fidei
215 4058 562 4113 Christianae
581 4055 838 4127 mysteria
871 4056 1108 4127 nondum
1134 4053 1306 4127 edocti
1335 4054 1660 4127 eramttquij

62 4146 171 4199 que
229 4130 387 4183 [inita
444 4122 709 4199 concione
759 4130 828 4182 ab
874 4125 1107 4199 ecclesia
1137 4125 1486 4199 arcebantur.
1516 4122 1658 4176 Nihil

61 4194 196 4271 ergo
231 4201 432 4271 mirum
455 4198 632 4271 aliam
662 4197 742 4253 eis
780 4201 1020 4251 nondum
1067 4194 1371 4248 innotuisse
1402 4204 1658 4271 peccato:

63 4264 186 4325 ruin
249 4270 632 4324 remissionem
683 4281 882 4338 praeter
939 4283 1059 4320 eam
1108 4281 1227 4334 quae
1275 4280 1370 4338 per
1402 4264 1656 4338 baptismi

60 4343 312 4412 gratiam
334 4333 1136 4412 concediturfPrudentienim
1163 4333 1388 4412 consilio
1418 4335 1657 4412 priorum

61 4407 398 4467 saeculorum
434 4410 626 4465 Patres
655 4419 712 4464 ut
740 4410 992 4478 baptismi
1041 4407 1230 4477 gratiae
1265 4407 1661 4460 conservandae

61 4483 373 4537 maximum
399 4481 642 4534 studium
683 4481 950 4540 inderent,
980 4478 1312 4548 pceuitentize
1344 4491 1658 4548 sacramen-

62 4566 184 4607 tum
212 4553 629 4608 catecbumenis
660 4562 715 4605 et
739 4567 927 4605 recens
960 4548 1248 4616 baptizatis
1274 4547 1659 4600 occultabant:

59 4626 220 4679 verbi
261 4624 470 4694 gratia,
503 4621 756 4676 Clemens
789 4622 1065 4694 Rullianus
1094 4619 1266 4694 epist.
1297 4616 1429 4694 2_ad
1462 4616 1660 4694 Carin-

60 4697 234 4758 tliios,
263 4686 391 4760 cap.
423 4694 456 4746 6
483 4734 499 4758 ,
526 4694 604 4747 sic
633 4694 869 4761 loquitur
897 4709 910 4744 :
953 4686 1148 4759 Ἡμεῖς
1173 4688 1265 4741 ἐὰν
1300 4688 1374 4761 μὴ
1408 4686 1662 4761 τηρήείῳ-

62 4782 165 4836 μεν
194 4757 263 4818 ξε»
297 4757 578 4836 βᾶπτισμᾳ.
606 4757 758 4832 ἆγιὸν
790 4764 886 4836 καὶ
920 4757 1392 4836 ἀμίὸιντονκτφίᾳί.
1405 4757 1664 4836 πεποιθή-

61 4811 147 4889 gl.
181 4811 610 4905 sicsasucdpfsflat
640 4811 722 4897 έξς
752 4834 815 4886 τὸ
850 4811 1117 4905 βασῖλειον
1142 4830 1236 4882 τοῦ
1261 4813 1396 4881 Θεὸῦ
1432 4845 1446 4893 ;
1481 4847 1507 4905 ι⁸
1536 4811 1662 4891 Nos,

58 4909 169 4962 nisi
200 4899 485 4977 baptisma
506 4921 700 4973 purum
725 4915 778 4959 et
803 4899 1212 4977 immaculatum
1233 4899 1660 4977 servaverimus,

55 4995 168 5044 qua
227 4969 565 5031 confidentia
609 4977 932 5030 intrabimus
989 4976 1038 5025 in
1077 4974 1279 5042 regiam
1336 4970 1428 5044 Dei
1470 4969 1498 5044 ?_
1542 4988 1560 5020 ι
1601 4970 1663 5044 Iit

55 5037 185 5118 cap.
221 5064 346 5118 seq.
370 5065 384 5102 :
408 5047 532 5100 Τῶν
559 5046 634 5118 μὴ
657 5046 1010 5118 τηρησάντωγ
1035 5037 1456 5118 τῆν’ςςφραγίδα,
1477 5041 1505 5091 ὁ
1530 5037 1666 5091 σκώ-

51 5116 160 5192 ληξ
189 5117 384 5172 αὐτῶν
430 5119 492 5170 οὐ
539 5116 870 5187 τελευτήσει.
913 5135 932 5168 ι
975 5116 1664 5192 Qui__sigillumltion_ser-

53 5180 364 5253 vaverunt,
396 5190 598 5243 vermis
633 5180 820 5243 eorum
853 5201 960 5242 non
996 5180 1280 5241 morietur.
1325 5202 1342 5235 ι
1383 5180 1475 5236 Sic
1523 5180 1660 5235 Iler-

54 5277 182 5316 mas
215 5261 318 5314 lib.
354 5277 424 5323 It,
455 5261 714 5313 mandato
746 5258 813 5324 4,
848 5259 984 5313 dixit
1014 5258 1289 5310 audivisse
1323 5271 1382 5309 se
1421 5271 1439 5304 ι
1484 5269 1513 5307 a
1544 5253 1666 5321 qui-

51 5333 307 5387 busdam
344 5329 662 5403 doetoribus
710 5330 853 5403 quod
893 5329 997 5382 alia
1029 5326 1366 5403 paenitentia
1413 5339 1531 5403 non.
1554 5332 1659 5390 est,

55 5404 170 5457 nisi
205 5403 300 5456 illa
331 5417 456 5455 cum
497 5402 550 5454 in
583 5396 778 5469 aquain
810 5400 1220 5462 descendimus,
1260 5405 1322 5469 et
1355 5396 1663 5469 accipimus

53 5474 458 5528 remissioaem
494 5466 842 5541 peccatorum
875 5480 1184 5524 nostrorum
1214 5505 1230 5530 ,
1275 5466 1504 5541 ulterius
1551 5479 1658 5517 non

52 5559 329 5610 peccare,
360 5544 454 5595 sed
488 5537 539 5596 in
576 5543 831 5595 castitate
859 5554 1199 5610 permanere.
1241 5555 1260 5590 ι
1298 5537 1390 5591 Sic
1429 5537 1662 5610 irena'us

53 5605 157 5668 lib.
192 5629 252 5666 Iv
286 5605 551 5666 Aduersus
580 5611 804 5665 Itwreses
840 5605 1056 5666 veretur
1086 5625 1150 5663 ne
1178 5618 1298 5678 post
1327 5605 1660 5678 agnitionem

48 5685 328 5748 Christi,
365 5685 738 5738 remissionem
772 5681 912 5736 ultra
948 5697 1052 5734 non
1103 5677 1661 5748 habeamusAdelicto-

55 5773 214 5820 rmn,
255 5746 379 5822 quia
409 5755 666 5808 Christus
695 5768 802 5808 non
830 5753 1062 5821 amplius
1097 5751 1379 5822 morietur.
1415 5746 1659 5822 Denique

51 5817 474 5881 'l'ert'ullianum
505 5825 645 5879 libro
676 5822 751 5878 De
789 5817 1122 5891 pa'ni'lentiu,
1155 5837 1276 5888 cap.
1323 5819 1352 5871 7
1392 5836 1404 5874 :
1447 5835 1464 5868 ι
1505 5817 1660 5887 Piget

1259 3421 1304 3452 “
1337 3421 1513 3476 Levit.
1547 3436 1617 3485 tv,
1647 3420 1737 3473 9.8.

1659 3492 1704 3522 ⁷²
1731 3488 1872 3544 Psal.
1902 3499 2052 3545 xxxi,
2098 3488 2151 3535 5'.

1784 1970 2130 2033 peceatorem
2160 1959 2228 2013 ab
2263 1973 2452 2013 errore
2484 1960 2584 2014 vim
2614 1975 2746 2015 sua).
2775 1959 2850 2013 Ita
2881 1964 3026 2015 enim
3057 1962 3188 2018 dicit
3218 1960 3368 2018 Scri-

1784 2065 1942 2125 plura
1974 2053 2159 2109 divina
2187 2053 2254 2117 θ’,
2287 2053 2414 2121 quia
2450 2069 2468 2102 ι
2503 2055 2593 2120 qui
2640 2054 2885 2107 converti
2940 2052 3126 2109 fecerit
3171 2071 3368 2124 pecca-

1784 2155 1956 2200 torem
2016 2145 2083 2198 ab
2130 2158 2318 2198 errore
2355 2143 2452 2197 via:
2491 2159 2602 2198 suae
2633 2185 2647 2208 ,
2686 2144 2861 2198 salvat
2899 2147 3135 2199 animam
3173 2145 3289 2213 ejus
3335 2165 3367 2203 ει

1783 2246 1959 2292 morte
1985 2236 2124 2306 (40),
2161 2245 2216 2290 et
2245 2236 2488 2304 cooperit
2519 2235 2923 2290 multitudinem
2955 2249 3362 2306 peccatorum.»

1782 2331 1950 2384 Sexta
2001 2345 2216 2399 quoque
2253 2328 2312 2381 lit
2347 2327 2599 2382 remissio
2635 2343 2733 2396 per
2761 2329 3150 2382 abundantiam
3184 2331 3368 2385 chari-

1784 2421 1934 2482 tatis,
1964 2422 2106 2476 sicut
2133 2434 2182 2476 et
2219 2423 2335 2492 ipse
2373 2408 2642 2476 Dominus
2689 2420 2821 2476 dicit
2847 2420 2890 2452 ⁷⁰
2927 2439 2940 2475 :
2975 2440 2991 2472 ι
3032 2424 3201 2476 Amen
3243 2424 3365 2479 dico

1783 2516 1903 2580 tibi,
1940 2514 2295 2569 remittuntur
2324 2513 2372 2566 ei
2409 2522 2633 2582 peccata
2663 2513 2827 2567 multa
2854 2553 2867 2574 ,
2896 2515 3150 2582 quoniam
3181 2515 3368 2569 dilexit

1782 2607 2029 2662 umltum.
2067 2626 2085 2658 ι
2121 2606 2185 2660 Ει
2215 2606 2500 2675 apostolus
2527 2606 2657 2660 dicit
2688 2606 2730 2636 "'
2769 2626 2780 2660 :
2817 2625 2835 2657 ι
2874 2606 3140 2671 Quoniam
3182 2607 3366 2660 chari-

1781 2710 1861 2753 tas
1893 2698 2142 2768 coorierit
2168 2697 2572 2752 multitudinem
2606 2706 2982 2766 peccatorum.
3015 2715 3033 2748 ι
3065 2692 3160 2752 Est
3188 2699 3364 2754 adhuc

1777 2802 1832 2844 et
1865 2791 2121 2860 septima,
2159 2789 2287 2843 licet
2333 2791 2467 2843 dura
2515 2799 2569 2843 et
2628 2789 2920 2851 laboriosa,
2965 2805 3062 2857 per
3100 2798 3366 2858 ptetiiten-

1780 2887 1909 2938 tiam
1947 2883 2199 2938 remissio
2227 2891 2604 2951 peccatorum,
2639 2897 2760 2934 cum
2821 2883 2966 2934 lavat
3021 2891 3274 2950 peccator
3307 2882 3362 2936 in

1778 2975 2032 3048 lacrymis
2085 2982 2324 3029 Stratum
2371 2989 2523 3028 suum
2548 3014 2562 3036 ,
2597 2980 2650 3026 et
2687 2974 2819 3027 liuut
2869 2974 2917 3026 ei
2969 2973 3220 3044 lacrymm
3254 2989 3366 3028 sum

1779 3053 1949 3138 panes
1974 3067 2060 3122 die
2091 3081 2155 3121 ac
2185 3075 2368 3128 nocte,
2405 3074 2459 3118 et
2497 3079 2619 3118 cum
2652 3080 2756 3117 non
2793 3064 3366 3118 erubescitsacerdoti

1780 3159 1991 3215 Domini
2048 3158 2292 3212 indicare
2337 3169 2622 3224 peccatum
2676 3172 2832 3211 suum
2865 3155 2999 3226 (41),
3035 3164 3090 3210 et
3120 3173 3367 3225 quaerere

1781 3252 2106 3308 medicinam
2138 3294 2152 3317 ,
2209 3249 2504 3304 secuadum
2557 3267 2681 3304 eum
2742 3251 2833 3317 qui
2885 3250 2963 3304 ait
3005 3251 3094 3302 7’:
3136 3269 3153 3302 ι
3196 3249 3312 3304 υἱιί
3349 3263 3365 3303 :

1811 3417 1856 3448 “
1885 3415 2016 3469 an.
2048 3427 2122 3468 χι,
2153 3409 2240 3462 41.
2329 3407 2372 3438 ⁸⁷
2409 3405 2595 3460 Matth.
2629 3424 2700 3470 Vt,
2743 3407 2821 3469 Η,
3016 3409 3058 3438 ⁸⁸
3090 3407 3241 3471 ibid.,
3277 3406 3363 3462 12.

2098 3482 2125 3510 Κ

1771 3618 2023 3677 secunda:
2047 3657 2061 3682 ,
2108 3614 2217 3668 imo
2259 3611 2370 3680 jam
2401 3611 2604 3665 ultima:
2639 3610 2752 3680 spei
2798 3610 3092 3682 subtexere
3123 3609 3360 3682 mentio-

1775 3708 1920 3754 nem,
1964 3709 1981 3739 ι
2015 3680 2081 3740 ne
2118 3693 2423 3754 retraetans
2449 3683 2514 3736 de
2550 3682 2772 3754 residuo
2803 3681 3009 3733 auxilio
3037 3680 3359 3754 paenitendi,

1771 3750 2006 3831 spatium
2039 3757 2216 3831 adhuc
2256 3752 2603 3831 tlelinqnend-i
2630 3752 3037 3831 _demonstrare
3087 3750 3359 3831 videatur.

1768 3820 1836 3888 At
1864 3846 1995 3886 vero
2049 3827 2138 3878 tibi
2187 3825 2329 3878 Servi
2363 3823 2457 3874 Dei
2507 3823 2642 3891 lapsi
2675 3831 2872 3883 erant,
2926 3830 2978 3874 et
3010 3820 3359 3891 sanctitatem

1768 3897 2112 3972 baptismatis
2141 3896 2461 3972 amiserant,
2491 3890 2602 3972 tum
2638 3893 2810 3972 sancti
2843 3891 3034 3972 Patres
3067 3890 3359 3972 IED‘OI'iOSiB

1765 3961 2001 4030 et'durte
2033 3967 2483 4039 pceuilentite,_ut
2511 3963 2752 4039 loquitur
2783 3962 2884 4016 hoc
2908 3961 3034 4039 loco
3072 3961 3356 4039 Qrigeues,

1768 4033 2066 4101 remedium
2100 4040 2180 4092 eis
2217 4035 2549 4089 indiCabant.
2586 4035 2856 4088 Caeterum
2889 4033 2994 4086 dici
3043 4033 3206 4085 etiam
3243 4046 3363 4097 pos-

1769 4119 1838 4173 sit
1877 4117 1978 4169 hoc
2012 4111 2129 4163 loco
2165 4106 2455 4176 Origenem
2487 4105 2858 4176 quorumdam
2905 4102 3359 4176 Montanistarum

1768 4172 1857 4258 qui
1890 4196 1998 4238 tum
2028 4181 2168 4258 forte
2196 4172 2444 4233 concioni
2476 4172 2741 4240 aderant,
2775 4172 2988 4242 objecta
3018 4172 3122 4227 sibi
3157 4184 3361 4240 propo-

1771 4252 1900 4314 nere
1935 4270 1996 4308 ac
2019 4252 2247 4306 diluere.

1840 4328 1953 4400 (56)
1987 4323 2142 4387 Mss.,
2182 4337 2202 4371 ι
2238 4326 2487 4373 mortuus
2519 4323 2620 4371 est.
2661 4334 2680 4368 ι
2725 4311 2883 4368 Libb.
2912 4313 3041 4368 editi
3085 4329 3099 4366 :

1771 4407 2129 4539 ιυῖὂῖῧῑἈῖιάὶ
2159 4478 2314 4539 nunc,
2345 4456 2692 4539 etc._(;itatttr
2726 4456 2826 4539 bic-
2851 4453 3000 4539 lorus
3024 4467 3088 4506 ex
3128 4453 3356 4539 lioniilia

3141 4329 3160 4363 ‹
3199 4310 3357 4368 obla-

1698 4542 1740 4598 D
1771 4523 1951 4609 prima
1975 4534 2314 4609 Urigenis_in
2345 4529 2647 4609 Leviticum
2689 4528 2756 4579 ab
2802 4524 2934 4609 Juba
2973 4523 3361 4579 Aurelianensi

1773 4597 2026 4680 episcopo
2057 4597 2152 4680 lib.
2185 4603 2483 4680 luminat.
2505 4600 2651 4680 lnic.,
2685 4611 2804 4665 cap.

1845 4664 1970 4749 (58)
1991 4677 2169 4729 Ειιὶιίυ
2205 4672 2414 4749 Mei-lini
2439 4679 2492 4722 et
2523 4664 3161 4749 co:le\;‘tns.-Sangerm.,
3193 4682 3222 4749 «Δ
3244 4680 3366 4734 qua:

1773 4737 1870 4820 pro
1933 4737 2275 4814 eleemosyna
2333 4744 2492 4794 datur
2536 4757 2550 4803 ;
2596 4758 2626 4820 .D
2675 4737 3100 4820 Geneb‘rarld-usn
3132 4745 3315 4820 autem
3347 4775 3362 4800 ,

1780 4804 1797 4872 Ir
1837 4837 1957 4891 qua:
1993 4831 2089 4887 per
2131 4804 2528 4891 el'eetnosynani
2576 4810 2757 4860 datur.
2797 4825 2814 4856 ι
2852 4805 3021 4891 (ξυιιιι.
3061 4804 3368 4891 Cadomen.

1771 4877 1944 4947 sis'et
1988 4877 2419 4948 Gemeticensis,
2455 4898 2474 4931 ι
2518 4895 2638 4948 qua:
2689 4893 2788 4948 per
2832 4877 3212 4946 eleeinosynas
3267 4877 3362 4931 da-

1776 4973 1881 5017 tur.
1920 4981 1938 5014 ι

1844 5033 1958 5099 (39)
2013 5028 2141 5082 Mss.
2176 5065 2192 5093 ,
2243 5043 2260 5076 ι
2292 5021 2638 5079 remiseritis.
2676 5039 2694 5072 ι
2738 5018 2895 5074 Libb.
2935 5019 3100 5081 editi,
3148 5037 3166 5068 ι
3202 5016 3362 5072 dimi-

1771 5115 1978 5160 sel'llls.
2018 5122 2036 5154 υ

1843 5174 1954 5246 (40)
1986 5171 2168 5246 Codex
2196 5169 2508 5246 Sangerm.,
2546 5181 2564 5214 ι
2604 5161 2840 5246 animam
2871 5176 2900 5214 a
2925 5171 3126 5216 morte.
3153 5179 3171 5213 ι
3200 5159 3356 5214 Libb.

1769 5239 1944 5309 editi,
1973 5243 2266 5314 «Latiimam
2293 5239 2412 5314 ejus
2443 5252 2470 5287 a
2500 5243 2695 5314 morte.
2736 5251 2754 5314 ι
2819 5303 2831 5314 ⁸
2877 5301 2910 5314 ἢ
3011 5301 3022 5312 ο
3070 5301 3081 5313 ⁸
3120 5302 3130 5312 ι
3193 5300 3226 5314 μ

1839 5300 1952 5386 (Μ’)
1985 5312 2116 5367 Cum
2148 5326 2253 5364 non
2279 5300 2535 5386 erubescit
2565 5303 2831 5386 sacerdoti
2863 5301 3081 5386 Domini
3115 5300 3354 5386 indicare

1770 5370 2046 5457 peccaium
2088 5397 2264 5457 situm.
2294 5377 2496 5457 _(_Jonfer
2526 5390 2646 5444 qua:
2676 5376 2844 5456 habet
2875 5374 3138 5443 Origenes
3166 5370 3355 5457 benti].

1768 5441 1887 5528 ἕδεα.
1922 5471 2074 5528 num.
2118 5452 2256 5528 4_:__r
2293 5441 3351 5528 Etenimponmilgenerepronuntianda

1769 5511 1895 5583 sunt
1923 5535 1978 5581 et
2008 5527 2064 5579 in
2099 5522 2372 5594 publicum
2405 5511 2740 5594 proferenda
2780 5525 2975 5594 cuncta
2997 5525 3138 5594 quae
3167 5511 3360 5586 legeri-

1769 5615 1913 5663 mus,
1944 5599 1987 5652 si
2021 5585 2167 5664 quod
2191 5585 2477 5646 inocculto
2509 5588 2775 5664 gerimus,
2801 5585 2846 5639 si
2866 5586 3007 5653 quod
3027 5585 3079 5634 in
3104 5594 3358 5661 sermone

1769 5659 1908 5734 solo,
1946 5659 2226 5722 vel-etiam
2257 5664 2398 5715 intra
2427 5659 3356 5734 cogitalionumsecreta-comitiist-

1770 5725 1911 5804 nius,
1961 5747 2156 5793 cuncta
2191 5745 2414 5787 necesse
2445 5725 2532 5804 est
2569 5726 2832 5795 publicari
2861 5734 2916 5778 et
2950 5725 3206 5804 proferri,
3231 5736 3371 5804 prof

1770 5795 1910 5867 ferri
1936 5823 2114 5865 autem
2149 5804 2334 5860 abillo
2365 5800 2460 5868 qui
2502 5807 2554 5850 et
2599 5808 2892 5851 accusator
2934 5795 3141 5865 peccati
3181 5803 3264 5846 est
3303 5802 3361 5845 et
