3876 6512
592 335 689 393 M9

2033 331 2358 390 ORIGENIS
3311 383 3322 392 .
3660 350 3724 410 επ

589 458 959 515 Pronuntiaho
1009 457 1296 528 adversum
1335 473 1420 514 me
1451 457 1772 530 injustitiam
1829 472 2005 514 meam
2059 459 2167 516 Do-
2196 464 2245 522 Α
2343 457 2396 516 5.
2432 456 2542 515 Sed
2571 455 2857 514 videamus
2890 453 3023 526 quid
3078 454 3249 510 etiam
3291 453 3353 511 de
3391 454 3468 514 his
3501 477 3596 534 qua
3617 482 3724 541 aliter

587 553 757 616 mino,
787 560 923 606 ettu
959 549 1221 606 remisisti
1259 551 1599 622 impietatem
1641 551 1826 608 cordis
1873 552 2002 608 mei.
2036 571 2054 605 ι
2107 551 2166 607 In

587 659 694 714 quo
728 642 981 712 impletur
1011 652 1066 696 et
1095 641 1254 708 illud,
1297 644 1444 714 quod
1495 643 1734 700 Jacobus
1765 643 2041 715 apostolus
2086 644 2168 699 di-

585 735 662 790 cit
695 733 739 764 "
776 747 791 786 :
828 750 847 784 ι
892 730 948 787 Si
976 732 1098 801 quis
1131 742 1311 787 autem
1351 732 1700 798 infirmatur,
1749 741 1908 788 vocet
1945 733 2170 804 presby-

586 835 734 883 teros
758 823 1036 890 Ecclesiae,
1060 833 1116 877 et
1142 824 1424 894 imponant
1451 828 1500 881 ei
1523 840 1714 880 manus
1739 824 1872 898 (42),
1904 835 2166 897 ungeutcs

585 935 708 976 eum
733 919 855 975 oleo
888 921 942 974 in
977 921 1196 976 nomine
1233 917 1468 982 Domini,
1497 927 1550 974 et
1573 918 1750 975 oratio
1783 917 1906 974 fidei
1937 919 2170 975 salvabit

587 1012 887 1078 infirmum,
916 1023 970 1068 et
1003 1013 1048 1068 si
1084 1013 1138 1068 in
1171 1011 1414 1081 peccatis
1445 1010 1632 1078 fuerit,
1669 1012 2018 1067 remittentur
2041 1011 2111 1066 ei.
2142 1028 2161 1063 ι

586 1104 651 1158 Et
701 1115 754 1158 tu
791 1119 921 1174 ergo
969 1119 1092 1160 cum
1139 1104 1292 1157 venis
1319 1101 1430 1172 (45)
1466 1103 1530 1157 ad
1571 1104 1805 1173 gratiam
1859 1103 2114 1174 baptismi
2148 1145 2164 1171 ,

587 1197 816 1254 vitulum
861 1198 1135 1266 obtulisti,
1189 1199 1318 1266 quia
1367 1198 1418 1252 in
1464 1207 1693 1253 mortem
1735 1198 1940 1253 Christi
1989 1196 2168 1269 bapti-

585 1295 749 1350 zaris.
785 1295 918 1349 Cum
946 1308 1078 1349 vero
1108 1292 1173 1346 ad
1209 1291 1534 1361 martyrium
1560 1292 1794 1356 duceris,
1829 1291 2040 1346 hircum
2066 1290 2166 1346 ob-

591 1386 790 1449 tulisti,
825 1391 948 1455 quia
989 1394 1267 1439 auctorem
1303 1386 1514 1453 peccati
1567 1384 1840 1440 diabolum
1885 1384 2165 1456 jugulasti.

586 1479 722 1533 Cum
758 1494 886 1532 vero
918 1478 1320 1546 eleemosynam
1359 1477 1574 1542 feceris,
1613 1487 1667 1532 et
1696 1493 1825 1547 erga
1863 1479 2166 1548 indigentes

587 1570 840 1626 aﬂcctum
879 1571 1268 1627 misericordia:
1303 1571 1533 1624 sollicita
1570 1572 1772 1639 pietate
1818 1571 2162 1640 depeudcris,

586 1663 760 1716 altare
812 1678 1026 1720 sacrum
1082 1666 1258 1719 hmdis
1301 1665 1590 1733 pinguibus
1622 1665 1884 1719 onerasti.
1929 1665 2065 1719 Nam
2119 1665 2165 1719 si

587 1771 656 1812 ex
691 1757 858 1812 corde
896 1758 1173 1813 remiseris
1215 1769 1498 1827 peccatum
1530 1757 1683 1812 fratri
1721 1769 1837 1822 tuo,
1867 1767 1921 1813 et
1948 1759 2167 1812 iracun-

589 1850 691 1902 dia:
724 1860 934 1904 tumore
965 1850 1236 1918 deposito,
1287 1851 1472 1904 mitem
1505 1851 1646 1904 intra
1684 1858 1734 1906 te
1765 1859 1817 1905 et
1862 1850 2164 1921 simplicem

587 1939 928 2010 recollcgcris
982 1939 1247 2008 animum,
1313 1941 1626 1995 immolasse
1681 1949 1734 1993 te
1775 1939 2036 2003 arietem,
2081 1939 2165 1994 vel

587 2047 789 2102 agnum
849 2033 901 2086 in
958 2032 1288 2086 sacrificium
1365 2033 1626 2087 obtulisse
1686 2031 1917 2087 confide.
1996 2031 2166 2087 Porro

585 2135 766 2178 autem
791 2125 833 2179 si
866 2125 1062 2180 divinis
1100 2125 1424 2180 lectionibus
1448 2124 1753 2180 instructus
1787 2124 1862 2179 sis
1896 2123 2009 2194 (44)
2051 2139 2163 2178 rue-

584 2214 810 2268 ditando
831 2213 969 2269 sicut
999 2214 1271 2280 columba,
1307 2225 1358 2269 et
1391 2214 1443 2268 in
1472 2213 1590 2284 lege
1623 2212 1838 2268 Domini
1881 2212 2165 2283 vigilando

583 2306 670 2361 die
702 2321 763 2361 ac
793 2315 970 2373 nocte,
1007 2307 1074 2362 ab
1124 2322 1312 2362 errore
1361 2322 1463 2362 suo
1516 2307 1859 2361 converteris
1913 2313 2167 2375 peccato-

583 2412 721 2462 rem,
757 2409 812 2453 et
843 2396 1052 2466 abjecta
1089 2399 1327 2468 nequitia
1360 2398 1427 2452 ad
1474 2398 1880 2468 simplicitatem
1913 2414 2034 2455 eum
2070 2414 2163 2455 co-

582 2487 782 2542 lumbae
823 2489 1189 2552 revocaveris,
1241 2498 1402 2558 atque
1439 2489 1769 2545 adlimreudo
1803 2491 2032 2556 sanctis,
2087 2491 2166 2547 fe-

585 2582 726 2635 ceris
762 2597 884 2636 eum
915 2583 1227 2636 societatem
1259 2583 1483 2637 turturis
1513 2582 1737 2649 imitari,
1771 2597 1868 2650 par
1897 2592 2166 2638 turturum

587 2681 682 2727 aut
733 2673 872 2728 duos
928 2673 1105 2743 pullos
1173 2673 1544 2727 columbarum
1608 2675 1838 2728 Domino
1895 2673 2162 2730 obtulisti.

585 2764 743 2830 Quod
775 2767 820 2819 si
849 2765 936 2820 illa
969 2780 1092 2836 qua:
1124 2781 1219 2834 spe
1264 2775 1320 2820 et
1369 2766 1473 2821 fide
1521 2767 1692 2837 major
1737 2775 1844 2832 est,
1880 2767 2122 2823 charitas
2147 2809 2163 2835 ,

585 2859 948 2913 abundaverit
981 2861 1033 2914 in
1065 2859 1231 2913 corde
1258 2866 1381 2926 tuo,
1416 2860 1490 2912 ita
1522 2867 1580 2914 ut
1615 2858 1811 2930 diligas
1857 2859 2166 2928 proximum

585 2959 738 3004 tuum
776 2964 882 3004 non
935 2949 1109 3004 solum
1147 2951 1291 3006 sicut
1321 2950 1578 3019 teipsum,
1612 2951 1708 3005 sed
1737 2951 1877 3005 sicut
1929 2951 2167 3004 ostendit

584 3039 681 3096 ille
729 3041 823 3109 qui
877 3042 1090 3096 dicebat
1137 3041 1185 3073 ⁷⁸
1221 3061 1235 3096 :
1278 3061 1296 3094 ε
1335 3041 1595 3112 Majorem
1645 3042 1788 3096 hanc
1843 3042 2166 3097 charitatem

2271 550 2501 608 recitata
2526 558 2676 617 sunt,
2703 549 3044 605 sentiendum
3073 547 3146 604 sit
3169 548 3216 581 "'
3241 564 3255 602 :
3287 567 3305 601 ‹
3337 547 3392 605 Si
3413 562 3582 625 autem,
3597 559 3712 634 inquit

2272 643 2454 699 anima
2481 658 2591 698 una
2622 640 2938 714 peccaverit
2981 640 3174 697 nolens
3201 654 3267 696 ex
3312 643 3487 714 populo
3517 655 3652 717 terra,
3677 655 3726 711 ta.

2271 735 2465 792 ciendo
2503 750 2673 791 unum
2719 734 2788 790 ab
2834 732 3089 809 omnibus
3135 735 3398 793 mandatis
3436 739 3724 818 Dominiun

2271 842 2380 881 non
2415 827 2529 897 fiet,
2576 836 2631 884 et
2657 823 2969 898 deliquerit,
3005 835 3059 882 et
3093 835 3278 882 notum
3306 828 3487 884 factum
3530 833 3653 892 fuerit
3682 844 3725 898 illi

2270 929 2552 989 peccatum
2584 921 2727 990 quod
2765 921 3034 992 peccavit,
3072 920 3306 975 adducet
3326 920 3506 980 donum
3537 941 3654 984 suum
3674 949 3727 989 ca-

2270 1028 2426 1083 pram
2455 1013 2521 1069 de
2555 1013 2754 1079 haedis,
2789 1013 3048 1069 feminam
3090 1013 3210 1069 sine
3247 1015 3444 1070 macula
3472 1018 3652 1079 adducet
3670 1042 3726 1096 pro

2270 1117 2496 1178 peccato
2535 1107 2678 1176 quod
2730 1107 2992 1176 peccavit.
3035 1126 3053 1159 ι
3087 1106 3158 1162 Ει
3187 1121 3395 1162 omnem
3437 1121 3540 1178 post
3573 1113 3725 1174 haesi.

2269 1199 2467 1254 crificii
2499 1199 2664 1254 ritum
2690 1238 2706 1264 ,
2748 1202 3052 1256 secundum
3101 1201 3247 1270 quod
3284 1215 3437 1270 supra
3463 1209 3724 1277 exposuimus,

2269 1292 2569 1346 enarravit.
2612 1291 2689 1346 De
2718 1292 2899 1347 anima
2941 1307 3105 1362 quant
3143 1289 3247 1346 sub
3281 1305 3490 1361 peccato
3516 1294 3664 1356 factam
3682 1305 3726 1360 di-

2271 1383 2347 1438 cit
2370 1382 2592 1452 ofl‘erre,
2621 1385 2858 1454 qualiter
2885 1385 3225 1460 sentiendum
3255 1385 3344 1451 sit,
3374 1388 3422 1442 in
3443 1390 3725 1460 Superioribus,

2269 1487 2431 1547 prout
2461 1477 2754 1544 potuimus,
2800 1477 3218 1547 explanavimus
3249 1495 3265 1532 :
3295 1479 3428 1548 quod
3475 1495 3583 1537 vero
3607 1483 3643 1538 in
3667 1486 3726 1541 hoc

2271 1568 2388 1624 loco
2424 1571 2653 1635 addidit,
2680 1573 2865 1626 dicens
2898 1590 2912 1626 :
2953 1588 2971 1622 ι
3003 1572 3199 1626 Anima
3230 1570 3274 1626 si
3308 1574 3575 1640 peccaverit
3596 1590 3642 1630 ex
3667 1594 3724 1647 po-

2269 1663 2396 1733 pulo
2432 1670 2610 1730 terrae,
2641 1683 2660 1716 ι
2693 1679 2798 1719 non
2835 1663 2967 1718 mihi
2997 1665 3215 1718 videtur
3248 1664 3490 1719 otiosum.
3518 1665 3619 1732 Quis
3638 1671 3722 1724 enim

2272 1757 2569 1824 dubitaret,
2599 1757 2731 1828 quin
2767 1772 2825 1810 ea
2859 1773 2980 1826 qua:
3011 1756 3148 1811 dicit
3179 1755 3288 1823 lex,
3311 1757 3374 1810 ad
3400 1757 3594 1824 animas,
3617 1761 3672 1813 vel
3687 1768 3722 1815 ad

2271 1850 2550 1921 populum,
2584 1851 2677 1920 qui
2707 1858 2837 1906 sunt
2871 1849 2924 1903 in
2971 1856 3139 1908 terra,
3171 1847 3724 1921 dicerentur?Quidergo

2271 1940 2637 1994 necessarium
2680 1938 2815 2004 fuit,
2852 1948 2910 1992 ut
2943 1939 3010 1991 ad
3057 1937 3158 1991 hoc
3209 1937 3350 2007 quod
3383 1937 3506 1991 dixit
3532 1940 3723 1994 :(Allilm

2268 2045 2374 2084 una
2397 2030 2441 2084 si
2473 2029 2807 2099 peccaverit,
2842 2047 2861 2079 ι
2894 2027 3118 2081 adderet
3145 2040 3160 2078 :
3196 2044 3213 2076 ι
3248 2025 3328 2080 Ex
3353 2025 3527 2095 populo
3563 2030 3722 2083 terra!»

2271 2121 2376 2177 Sed
2417 2123 2708 2176 videndum
2735 2131 2841 2185 est,
2889 2136 2957 2174 nc
2987 2119 3130 2174 forte
3159 2121 3226 2174 ad
3261 2119 3616 2175 distinetionem
3645 2123 3723 2176 alte-

2268 2216 2384 2271 r-ius
2415 2215 2598 2285 populi
2632 2214 2722 2284 qui
2753 2229 2861 2269 non
2891 2223 2975 2269 est
3006 2215 3073 2268 de
3113 2221 3284 2277 terra,
3325 2213 3434 2268 lucc
3481 2213 3620 2268 anima
3657 2231 3726 2284 qua

2267 2308 2578 2378 peccaverit
2613 2306 2751 2380 (48),
2788 2307 2854 2361 de
2896 2305 3097 2377 populo
3135 2314 3297 2360 terra:
3323 2319 3435 2359 esse
3464 2305 3642 2360 dicatur.
3666 2307 3724 2358 Ne-

2268 2418 2374 2472 que
2404 2402 2551 2456 enim
2585 2399 2883 2456 convenire
2915 2399 3120 2454 dictum
3155 2397 3261 2453 hoc
3294 2405 3466 2467 potest
3500 2398 3580 2462 illi,
3602 2399 3664 2468 qui
3682 2399 3726 2452 tli-

2267 2495 2424 2550 cebat
2460 2494 2506 2524 "
2533 2511 2545 2546 :
2589 2511 2606 2544 ι
2649 2492 2845 2548 Nostra
2877 2500 3059 2546 autem
3091 2490 3431 2546 conversatio
3463 2490 3508 2544 in
3533 2491 3724 2551 coelisest,

2269 2586 2412 2641 unde
2469 2597 2522 2640 ct
2588 2585 2930 2639 Salvatorem
2986 2591 3372 2653 exspectamus
3422 2578 3727 2636 Dominumle
3804 2575 3805 2638 7

2268 2693 2410 2732 sum.
2442 2695 2460 2727 ι
2493 2675 2775 2743 Quomodo
2801 2690 2930 2745 ergo
2959 2675 3117 2731 istam
3141 2675 3378 2729 animam
3405 2674 3570 2728 merito
3586 2673 3725 2727 dixerim

2268 2771 2335 2826 de
2368 2769 2524 2842 192
2565 2769 2762 2841 populo
2798 2778 2978 2836 terrae,
3017 2785 3134 2838 quae
3166 2767 3305 2824 nihil
3354 2768 3508 2823 habet
3541 2780 3727 2822 commune
3804 2811 3805 2814 η

2269 2878 2394 2919 cum
2425 2874 2596 2928 terra,
2629 2863 2723 2917 sed
2755 2871 2864 2917 tota
2897 2862 2950 2916 in
2981 2861 3138 2917 coelis
3169 2870 3276 2928 est,
3310 2869 3364 2915 et
3392 2860 3459 2913 ibi
3484 2868 3728 2914 conversatr

2271 2957 2360 3012 ubi
2395 2955 2644 3012 Christus
2679 2963 2762 3010 est
2796 2955 2849 3008 in
2883 2955 3108 3010 dextera
3157 2954 3255 3009 Dei
3307 2953 3505 3018 sedens,
3524 2966 3609 3021 quo
3625 2962 3661 3006 et
3678 2966 3727 3003 re-
3804 3015 3805 3026 χ

2270 3049 2386 3103 dire
2414 3047 2719 3112 desiderat,
2762 3054 2817 3100 et
2867 3061 2988 3102 esse
3023 3061 3145 3102 cum
3185 3045 3444 3111 Christo,
3484 3045 3616 3099 multo
3641 3044 3726 3098 enim
3804 3053 3805 3094 ξ

585 3147 759 3198 nerito
784 3135 988 3199 habet,
1028 3151 1190 3205 quam
1251 3145 1309 3190 ut
1354 3135 1593 3190 animam
1651 3150 1804 3189 suam
1841 3144 2005 3204 ponat
2064 3148 2237 3214 proc
2270 3139 2464 3196 melius
2499 3141 2577 3204 ⁷⁷,
2626 3141 2721 3193 sed
2778 3151 3096 3208 permanere
3156 3139 3208 3192 in
3265 3152 3430 3192 carne
3473 3136 3727 3193 necessarium
3804 3125 3805 3138 ἦ

586 3227 780 3281 amicis
825 3228 939 3282 suis
965 3268 979 3289 ,
1015 3247 1036 3279 ι
1069 3244 1236 3300 panes
1287 3229 1597 3284 similaceos
1630 3226 1738 3300 (45)
1777 3227 1830 3281 in
1876 3226 2164 3283 charitatis

587 3320 708 3372 oleo
739 3321 1014 3384 subactos,
1050 3323 1165 3377 sine
1202 3321 1311 3375 ullo
1341 3321 1609 3376 fermento
1645 3319 1864 3374 malitia:
1893 3328 1948 3374 et
1974 3320 2164 3389 nequi-

587 3414 694 3478 tiac,
723 3413 777 3466 in
801 3413 1011 3483 azymis
1044 3415 1379 3470 sinceritatis
1427 3423 1483 3469 et
1528 3413 1779 3468 veritatis
1822 3422 1874 3467 te
1900 3410 2164 3467 obtulisse

585 3519 876 3576 cognosce.
916 3504 976 3560 Si
1014 3516 1196 3560 autem
1250 3506 1302 3560 in
1357 3505 1722 3560 amaritudine
1753 3503 1911 3558 fletus
1939 3503 2012 3557 tui
2051 3499 2161 3573 (46)

584 3595 755 3652 fueris
784 3597 954 3662 luctu,
989 3597 1247 3669 lacrymis
1277 3608 1330 3654 et
1356 3598 1749 3653 lamentatione
1783 3596 2086 3664 confectus,
2117 3595 2165 3648 si

581 3703 803 3742 carnem
857 3697 1004 3742 tuam
1057 3690 1451 3754 maceraveris,
1503 3701 1559 3744 et
1609 3689 1833 3758 jejuniis
1881 3703 1945 3744 ac
1992 3687 2164 3743 multa

579 3780 914 3836 abstinentia
946 3779 1156 3848 aridam
1193 3782 1423 3850 feceris,
1477 3789 1531 3836 et
1573 3780 1812 3846 dixeris,
1847 3780 1970 3850 quia
2023 3779 2165 3834 sicut

581 3871 868 3927 frixorium
902 3873 1149 3929 confrixa
1179 3886 1308 3929 sunt
1341 3889 1466 3930 ossa
1505 3889 1648 3942 mea,
1683 3883 1810 3927 tunc
1833 3871 2163 3928 sacrificium

581 3966 815 4023 similam
845 3983 874 4022 a
916 3969 1217 4038 sartagine,
1270 3971 1356 4025 vel
1413 3987 1442 4025 a
1502 3972 1763 4027 craticula
1811 3969 2077 4028 obtulisse
2109 3981 2162 4027 te

581 4061 802 4115 noveris
833 4061 946 4131 (47)
981 4081 994 4116 :
1028 4073 1084 4118 et
1134 4065 1239 4119 hoc
1280 4064 1441 4118 modo
1472 4063 1739 4119 inveniris
1769 4072 1825 4118 tu
1866 4065 2068 4127 verius,
2108 4071 2163 4118 et

581 4148 880 4218 perfectius
937 4153 1232 4207 secundum
1285 4153 1640 4223 Evangelium
1705 4151 1904 4210 oilerre
1955 4151 2157 4208 sacriﬁ-

583 4243 688 4310 cia,
732 4257 852 4313 qua:
879 4245 1179 4300 secundum
1224 4245 1395 4316 legem
1432 4246 1544 4315 jam
1594 4244 1794 4304 offerre
1828 4261 1936 4302 non
1983 4251 2168 4317 potest

579 4331 766 4390 Israel.

651 4520 696 4553 ’³
727 4518 842 4576 Jac.
876 4534 928 4583 v,
966 4519 1054 4574 Μ.
1132 4519 1180 4551 ⁷⁵
1207 4533 1364 4575 Joan.
1389 4534 1481 4584 xv,
1519 4519 1604 4573 l3.

578 4609 847 4662 incentor.
877 4607 994 4678 Ipse
1017 4609 1162 4662 enim
1189 4623 1334 4662 nunc
1373 4623 1472 4662 nos
1505 4618 1562 4663 ut
1601 4605 2160 4678 peccemusinstigat,

579 4680 697 4746 ipse
727 4676 916 4745 etiam,
945 4695 1069 4733 cum
1103 4679 1531 4747 peccaverimus,
1557 4687 1801 4733 accusat.
1847 4676 1903 4731 Si
1932 4676 2072 4746 ergo“
2109 4681 2161 4734 in

575 4749 686 4802 vita
733 4750 1133 4817 praeveniamus
1171 4765 1318 4810 eum,
1349 4758 1403 4803 et
1438 4749 1539 4816 ipsi
1588 4748 1759 4804 nostri
1807 4758 2162 4804 accusatores

577 4819 1115 4888 simus,__nequitiam
1153 4819 1350 4873 diaboli
1385 4819 1587 4873 inimici
1621 4819 1791 4873 nostri
1837 4826 1893 4872 et
1927 4833 2162 4874 accusa-

577 4889 713 4960 t_oris
744 4886 1051 4958 eﬂ'ugi‘mus.
1100 4889 1190 4943 Sic
1233 4890 1379 4944 enim
1425 4899 1480 4944 et
1524 4889 1651 4944 alibi
1685 4889 1948 4960 propheta
1973 4889 2109 4944 dicit
2141 4907 2155 4944 :

578 4958 678 5028 Dic
709 4970 762 5012 tu
788 4960 1092 5028 iniquitates
1139 4970 1255 5011 tuas
1302 4961 1468 5027 prior,
1503 4971 1558 5013 ut
1595 4958 1911 5028 justiﬁceris
1933 4999 1948 5023 ,
1991 4977 2009 5011 ι
2045 4969 2154 5014 etc.

580 5027 718 5086 llinc
764 5027 896 5083 sane
943 5032 1119 5098 quivis
1177 5032 1244 5082 ab
1294 5031 1440 5084 omni
1499 5027 1848 5098 praijudiCata
1902 5030 2158 5096 opinione

578 5099 721 5154 liber
767 5099 986 5168 colliget
1020 5099 1246 5153 multum
1296 5101 1363 5154 ab
1414 5100 1870 5155 heterodoxorum
1904 5101 2155 5155 doctrina

576 5170 820 5225 abfuisse
844 5168 1156 5239 Origenem,
1190 5171 1386 5239 quippe
1413 5173 1504 5238 qui
1533 5187 1652 5226 cum
1688 5169 1933 5224 Ecclesia
1964 5171 2156 5224 catho-

576 5240 682 5294 lica
720 5241 964 5306 Romana
989 5240 1148 5294 docet
1174 5255 1300 5295 vere
1318 5242 1672 5308 poenitentem
1701 5255 1804 5294 non
1829 5240 2156 5296 erubescere

576 5310 774 5366 debere
804 5310 982 5366 omnia
1017 5318 1237 5377 peccata
1271 5326 1368 5364 sua
1401 5311 1565 5364 etiam
1594 5310 1804 5365 occulta
1835 5326 1941 5364 non
1976 5310 2152 5365 solum

575 5381 710 5447 Deo,
740 5382 832 5435 sed
866 5381 1032 5435 etiam
1082 5381 1350 5435 sacerdoti
1387 5381 1628 5436 indicare
1651 5421 1665 5446 ,
1706 5391 1761 5435 et
1815 5380 2144 5436 medicinam

572 5455 643 5504 ab
669 5466 733 5504 eo
760 5465 1026 5520 qurerere.

646 5521 758 5602 (42)
794 5520 863 5574 Ει
908 5523 1197 5602 intpopana
1222 5523 1270 5602 ei
1313 5538 1522 5602 promta.
1556 5521 1635 5602 Ea
1672 5523 1937 5602 memoria
1967 5519 2151 5602 laudat

575 5588 843 5659 Origenes
858 5588 1021 5646 verba
1037 5588 1233 5646 'Jacobi
1260 5591 1487 5661 apostoli
1515 5593 1608 5661 qui
1637 5593 1936 5647 secundum
1967 5592 2149 5646 omnia

576 5661 903 5730 exemplaria
933 5662 1152 5730 scripsit
1182 5681 1196 5718 :
1233 5682 1252 5714 ι
1291 5673 1342 5717 et
1372 5671 1530 5717 orent
1559 5677 1725 5729 super
1754 5677 1897 5716 eum.
1935 5681 1955 5712 ι

648 5730 757 5803 (45)
783 5733 963 5788 Codex
997 5731 1306 5803 Saugerm.,
1339 5752 1356 5784 ε
1379 5734 1552 5788 venis.
1577 5751 1595 5785 ›
1630 5732 1786 5787 Libb.
1816 5732 1971 5797 editi,
2002 5749 2022 5782 ι
2057 5747 2147 5788 ve-

575 5801 746 5857 neris.
769 5821 787 5854 ι
839 5804 1004 5860 Paulo
1039 5801 1161 5873 post
1195 5804 1337 5862 idem
1389 5821 1490 5860 ms.
1528 5804 1699 5862 codex
1721 5844 1738 5872 ,
1775 5821 1792 5855 ι
1816 5805 1868 5859 in
1914 5813 2144 5860 mortem

1683 4519 1728 4549 ⁷⁸
1759 4516 1891 4572 Lev.
1927 4532 2002 4582 tv,
2036 4516 2107 4570 27
2135 4527 2192 4574 et
2211 4533 2365 4587 seqq.

2277 3233 2428 3289 ducit
2457 3232 2568 3302 (49)
2599 3242 2821 3302 propter
2849 3231 2982 3287 nos?
3014 3230 3139 3286 llaec
3172 3232 3320 3287 enim
3355 3231 3519 3286 anima
3547 3245 3636 3299 quae
3657 3245 3729 3297 μεε-
3804 3245 3805 3304 3

2276 3332 2386 3391 cat,
2429 3323 2494 3378 de
2520 3321 2720 3392 pupulo
2751 3331 2910 3376 terrae
2941 3330 3046 3388 est,
3074 3320 3283 3376 faciens
3309 3337 3465 3375 unum
3490 3319 3547 3375 ab
3570 3320 3728 3375 omnibus
3804 3331 3805 3392 ;

2275 3415 2546 3471 mandatis
2600 3405 2847 3481 Domini,
2903 3415 3047 3484 quod
3087 3429 3192 3468 non
3230 3412 3344 3468 fiet.
3376 3413 3470 3468 Diu
3498 3427 3569 3468 me
3597 3413 3637 3466 in
3671 3411 3728 3464 hoc
3804 3405 3805 3438 ³

2273 3522 2522 3564 sermone
2551 3505 2772 3575 quidam
2799 3514 2986 3576 stupor
3007 3505 3300 3560 attonitum
3335 3505 3511 3561 tenuit.
3536 3503 3623 3560 Non
3645 3503 3728 3558 enim

2273 3607 2676 3668 consequenter
2703 3597 2910 3652 dictum
2943 3597 3120 3660 video,
3141 3599 3289 3670 quod
3307 3597 3583 3666 peccaverit
3603 3597 3728 3653 animi,
3804 3643 3805 3646 η

2270 3698 2327 3743 et
2356 3688 2548 3744 fecerit
2586 3704 2752 3742 unum
2781 3703 2844 3744 ev
2881 3687 3155 3742 mandatis
3181 3688 3395 3744 Domini
3425 3688 3547 3760 quod
3569 3703 3644 3743 non
3665 3686 3729 3740 ﬁet.
3804 3735 3805 3738 η

2272 3782 2328 3836 Si
2363 3783 2508 3836 enim
2546 3781 2863 3835 mandatum
2899 3780 3117 3835 Domini
3145 3789 3251 3846 est,
3291 3781 3541 3850 quomodo
3567 3779 3651 3833 fieri
3670 3791 3730 3829 non
3804 3793 3805 3808 ξ

2269 3872 2478 3938 debuit,
2519 3885 2643 3926 cum
2686 3871 2875 3939 utique
2923 3870 2988 3924 ad
3041 3871 3145 3924 hoc
3201 3871 3399 3925 dentur
3441 3870 3644 3923 mandata
3669 3866 3729 3918 Do-
3804 3875 3805 3894 λ

2268 3960 2423 4027 mini,
2473 3969 2531 4014 ut
2579 3959 2749 4014 fiant?
2788 3959 2854 4014 Et
2886 3959 3157 4028 quomodo
3208 3959 3300 4015 hic
3342 3959 3526 4013 dicitur
3565 3968 3732 4026 peccasse

2269 4054 2448 4108 anima
2482 4050 2594 4123 (50)
2625 4067 2743 4122 quae
2773 4050 2968 4106 fecerit
3001 4066 3167 4104 unum
3201 4050 3269 4104 de
3311 4050 3558 4105 mandatis
3580 4045 3730 4106 Domini,

2264 4146 2408 4218 quod
2440 4161 2548 4202 non
2581 4146 2711 4200 fiet?
2750 4144 2816 4199 Et
2857 4144 3110 4201 fortassis
3139 4145 3412 4214 aliquibus
3439 4141 3655 4198 videbitur
3672 4152 3724 4191 ετ·
3804 4197 3805 4200 η

2265 4254 2359 4296 ror
2393 4237 2715 4294 elocutionis
2766 4252 2864 4309 per
2917 4238 3248 4308 interpretes
3305 4231 3617 4290 factuszsed
3652 4227 3730 4281 mihi
3804 4219 3805 4290 ἦ

2191 4344 2235 4399 1)
2265 4329 2536 4386 curiosius
2588 4328 2885 4398 inquirenti
2934 4336 3278 4399 compertum
3327 4335 3412 4381 est
3440 4336 3601 4380 omnes
3629 4318 3733 4374 inter-

2443 4515 2490 4546 "
2521 4513 2752 4584 Philipp.
2783 4528 2866 4578 nr,
2892 4511 2983 4568 20.
3092 4512 3138 4544 ‘"
3171 4509 3408 4581 Philipp.
3436 4523 3473 4574 ι,
3501 4505 3578 4572 22,
3600 4503 3664 4559 93.

2273 4607 2478 4688 Christi
2513 4606 2827 4687 baptizaris.
2855 4624 2874 4658 ι
2902 4603 3057 4660 Libb.
3087 4604 3241 4670 editi,
3272 4621 3293 4654 ι
3337 4605 3395 4656 in
3429 4609 3582 4656 morte
3601 4593 3732 4651 Christi
3804 4623 3805 4632 η

2271 4677 2589 4746 baptizaris.
2615 4694 2634 4728 ι
2889 4736 2891 4738 _
3662 4736 3671 4748 υ

2339 4746 2448 4819 (Μ)
2480 4745 2780 4819 Instructus
2806 4746 2899 4819 sis.
2942 4745 3102 4819 Deest
3143 4745 3196 4798 in
3228 4753 3392 4799 antea
3413 4741 3584 4819 editis,
3606 4757 3620 4790 ι
3640 4749 3733 4797 sis,»

2267 4828 2322 4871 at
2351 4815 2624 4883 reperitur
2655 4817 2708 4870 in
2750 4816 2936 4870 codice
2963 4815 3446 4884 Sangermanensi.
3678 4876 3686 4886 _
3711 4872 3718 4882 ,

2339 4887 2448 4960 (45)
2503 4886 2676 4960 Lihb._
2711 4897 2867 4960 antea
2914 4886 3077 4951 editi,
3107 4903 3125 4936 ι
3153 4897 3321 4955 ponat
3348 4886 3468 4955 quis
3493 4895 3576 4953 pro
3615 4886 3736 4960 annos

2263 4957 2396 5025 suis,
2432 4957 2603 5025 panes
2635 4957 3034 5025 similagineos,
3073 4976 3092 5008 ι
3144 4967 3279 5021 etc.,
3315 4966 3372 5010 at
3404 4970 3524 5009 mss.
3551 4962 3599 5005 ut
3624 4957 3739 5001 iuno-

2525 5044 2536 5074 ι
2565 5065 2579 5080 .

2262 5037 2786 5170 διΐᾶἑῗιιξέοηοηιᾳη
2823 5116 2841 5148 ι
2869 5097 2942 5170 t_ui
2970 5115 2988 5148 ι
3027 5098 3179 5152 deest
3225 5095 3281 5150 in
3326 5104 3484 5170 antea
3516 5089 3657 5152 editis,
3679 5084 3736 5136 sed

2263 5166 2534 5238 reperitur
2563 5169 2614 5221 iu
2649 5167 2842 5222 codice
2876 5166 3362 5238 Sangermanensi.

2262 5312 2273 5324 ν
2325 5223 2441 5322 (47)
2464 5238 2605 5320 Idem
2628 5238 2793 5292 codex
2820 5223 3129 5309 Sauge‘rm"
3159 5256 3176 5289 ι
3202 5237 3462 5292 obtuleris
3478 5233 3623 5290 ethoc
3637 5223 3738 5282 modo
3804 5245 3805 5274 i

2259 5323 2578 5366 invenieris.
2611 5327 2630 5360 D

2333 5380 2441 5463 (d8)
2467 5380 2611 5434 Idem
2639 5377 2832 5445 codex,
2865 5395 2883 5428 ι
2907 5377 3238 5446 peccaverit.
3263 5396 3282 5431 ι
3314 5377 3464 5432 Lihb.
3489 5371 3613 5432 editi,
3637 5377 3740 5433 apet-

2257 5461 2617 5593 caztiii)’ldem
2652 5521 2844 5593 codex,
2883 5539 2900 5570 ε
2932 5519 3096 5593 ducit.
3118 5517 3329 5593 pLibh.
3358 5515 3502 5593 editi,
3534 5532 3552 5564 ς
3568 5508 3682 5593 dicit.
3702 5520 3733 5593 ιΔ
3804 5531 3805 5536 η

2329 5589 2443 5662 ('50)
2475 5591 2628 5654 Mss.,
2688 5608 2708 5642 ‹
2734 5592 2934 5644 anima.
2971 5610 2989 5643 ι
3051 5589 3208 5665 Libb.
3243 5590 3412 5665 editi,
3465 5589 3735 5665 «animato:
3804 5629 3805 5634 η

2259 5659 2430 5718 Paulo
2464 5673 2583 5730 post
2615 5676 2770 5724 russ.,
2811 5679 2826 5712 ι
2869 5676 3024 5716 error
3058 5660 3500 5730 elocutionisper
3532 5659 3737 5730 interprt:

2261 5745 2342 5788 tes
2369 5723 2566 5788 factus.
2589 5751 2606 5784 ι
2643 5723 2800 5787 Libb.
2847 5733 3001 5799 editi,
3057 5750 3074 5782 ι
3109 5744 3348 5789 errorem
3393 5723 3643 5783 locutionis
3680 5723 3740 5780 μετ

2260 5807 2588 5874 interpretes
2615 5804 2838 5860 factum.
2869 5822 2888 5855 ι
