3876 6546
77 349 189 409 εει
1260 349 1325 406 IN
1362 353 1608 410 chrrn

1826 356 2061 414 OMl-LIA
2093 355 2154 412 ll.
3245 357 3357 418 422

72 482 266 544 pretes
301 467 558 527 similiter
591 454 908 538 protulisse,
932 476 987 524 et
1033 469 1155 526 ideo
1203 485 1308 525 non
1345 473 1670 530 elocutionis
1698 479 1745 538 Α
1778 476 2090 530 mandatum
2152 475 2428 544 quomodo
2484 473 2569 529 vel
2616 481 2894 530 taurorum
2946 474 3033 530 vel
3087 490 3354 547 agnorum

69 579 278 630 error,
323 562 416 618 sed
465 560 838 632 profundioris
883 562 1254 633 intelligentiae
1311 565 1670 634 requirendus
1772 567 1951 622 hostia
1985 568 2210 623 deberet
2243 565 2453 621 oﬁ‘erri.
2497 566 2603 622 Sed
2655 567 2746 636 qui
2810 567 2983 638 legem
3033 570 3356 639 spiritaliter

70 667 167 711 est
207 639 427 712 sensus.
472 654 530 708 In
566 663 830 725 quantum
874 670 1004 726 ergo
1049 656 1208 710 nobis
1246 672 1536 712 occurrere
1570 672 1667 726 pe-
1773 657 2051 727 intelligit,
2092 656 2416 726 spiritaliter
2467 658 2582 710 haec
2626 658 2824 726 quaerit
2869 657 3087 715 oﬁerre.
3125 659 3182 715 Si
3218 676 3352 717 vero

70 760 214 813 test,
249 750 365 803 hate
401 746 536 801 mihi
576 747 798 802 videtur
831 747 1129 805 absolutio.
1170 747 1420 802 Mandata
1457 749 1668 804 Domini
1770 751 1892 818 quis
1921 749 2037 820 (5‘2)
2066 751 2369 805 secundum
2417 758 2656 818 spectem
2703 751 2941 805 mandati
2979 752 3218 808 carnalis
3251 753 3350 809 ob-

70 841 330 908 quredam
364 840 488 893 data
517 847 644 892 sunt
675 846 731 891 ut
763 838 942 903 ﬁant,
984 839 1232 908 qumdam
1273 847 1332 893 ut
1371 855 1475 894 non
1514 841 1662 897 ﬁant.
1772 842 1980 910 tulen’t,
2039 842 2154 898 haec
2198 851 2282 898 est
2331 841 2512 906 anima
2541 855 2647 895 una
2676 857 2740 896 ex
2781 843 2980 911 pepulo
3016 853 3194 911 terrm,
3232 859 3349 914 quae

70 931 189 986 Sed
223 947 287 986 ea
317 945 435 1000 quae
462 930 580 984 ﬁeri
612 931 837 996 debent,
875 933 1182 988 necessitas
1207 934 1451 1002 poposcit
1484 917 1694 987 burna?
1769 933 2016 1004 peccavit
2045 934 2235 988 nolens
2269 931 2520 987 faciendo
2551 946 2721 984 unum
2749 932 2814 985 ab
2840 936 3093 989 omnibus
3123 938 3348 990 nranda-

68 1038 174 1087 na,
211 1033 270 1076 ut
299 1022 503 1076 inserta
534 1020 642 1074 illis
673 1019 1071 1090 proferrentur,
1105 1039 1226 1091 quae
1276 1025 1392 1078 ﬁeri
1429 1040 1537 1077 non
1569 1025 1665 1079 de-
1771 1025 1840 1077 tis
1893 1025 2106 1078 Domini
2159 1021 2302 1093 quod
2344 1038 2450 1077 non
2487 1021 2598 1086 ﬁet,
2644 1031 2699 1076 et
2731 1023 2978 1091 deliquit,
3014 1035 3067 1079 et
3095 1025 3218 1080 ideo
3249 1029 3349 1081 ad-

69 1121 294 1171 berent.
323 1115 484 1169 Verbi
517 1113 717 1181 gratia,
747 1123 808 1167 ut
843 1114 910 1168 de
941 1114 1026 1168 his
1058 1115 1186 1184 ipsis
1214 1131 1333 1185 qua:
1385 1132 1527 1171 nunc
1569 1117 1668 1171 ha-
1762 1115 1934 1186 jungit
1959 1117 2011 1168 in
2041 1115 2501 1185 subsequentibus
2517 1114 2562 1146 ⁸⁰
2594 1133 2607 1168 :
2645 1132 2662 1165 ι
2695 1113 2764 1168 Et
2791 1131 2912 1168 cum
2937 1123 3119 1169 notum
3147 1117 3348 1172 factum

69 1209 274 1263 bemus
302 1209 355 1262 in
379 1207 628 1261 manibus
657 1207 947 1261 sacriﬁciis
977 1209 1317 1277 proferamus
1335 1210 1662 1279 exemplum,
1768 1209 1931 1262 fuerit
1965 1207 2040 1262 illi
2084 1218 2369 1278 peccatum
2410 1207 2552 1276 quod
2584 1208 2852 1277 peccavit,
2887 1207 3122 1264 adducet
3153 1226 3350 1264 munus

65 1313 254 1368 agnus
286 1299 558 1352 immolari
585 1298 806 1368 jubetur
830 1297 1110 1352 inPascba
1137 1299 1206 1362 ⁷³,
1233 1315 1336 1352 non
1366 1301 1508 1368 quod
1536 1315 1664 1354 vere
1766 1318 1920 1358 suum
1954 1312 2080 1358 ante
2110 1303 2396 1359 Dominum
2430 1301 2566 1374 (55).
2602 1320 2621 1352 ›
2653 1302 2820 1355 Debet
2865 1301 3010 1354 enim
3042 1316 3239 1356 munus
3263 1303 3347 1354 nl”-

67 1400 204 1460 agnt
261 1392 498 1446 hostiam
531 1407 628 1460 per
668 1389 912 1461 singulos
952 1407 1122 1446 annos
1157 1393 1465 1460 requireret
1499 1392 1658 1458 Deus,
1766 1395 1912 1450 ferre
1963 1395 2181 1460 anima,
2245 1409 2365 1448 cum
2425 1394 2472 1449 ei
2524 1393 2859 1458 innotuerit,
2892 1394 3017 1461 quia
3051 1393 3194 1447 Deus
3242 1410 3347 1448 non

68 1483 171 1537 sed
223 1485 370 1552 quod
431 1484 740 1553 designaret
790 1482 902 1556 (51)
959 1484 1232 1539 immolari
1282 1484 1480 1540 debere
1512 1485 1660 1539 illum
1765 1487 1959 1556 quaerit
1988 1486 2206 1540 carnale
2241 1485 2575 1544 sacriﬁcium
2617 1507 2628 1541 :
2662 1485 2786 1554 quia
2825 1503 2843 1536 ι
2881 1485 3208 1540 sacriﬁcium
3238 1485 3348 1540 Deo

65 1587 305 1642 agnum,
357 1575 452 1644 qui
484 1574 624 1630 tollit
657 1585 946 1642 peccatum
981 1577 1189 1631 mundi.
1230 1575 1341 1630 Hoc
1379 1592 1512 1646 ergo
1545 1579 1661 1634 ﬁeri
1764 1586 1846 1634 est
1891 1577 2117 1647 spiritus
2168 1576 2569 1632 contribulatus
2600 1577 2666 1628 ει.
2704 1595 2722 1627 ι
2783 1573 2982 1629 Notum
3030 1576 3091 1629 ﬁt
3131 1591 3261 1646 ergo
3295 1575 3347 1629 ei

65 1667 248 1721 voluit
279 1707 295 1731 ,
348 1668 477 1722 illud
511 1667 704 1722 noluit.
739 1667 830 1722 Sic
859 1667 1002 1722 enim
1048 1684 1146 1738 per
1180 1669 1372 1723 Isaiam
1409 1671 1540 1726 dicit
1569 1671 1612 1702 ⁷³
1644 1685 1658 1724 :
1764 1678 2045 1740 peceatum
2071 1684 2392 1735 suum,cum
2419 1669 2674 1724 didicerit
2698 1685 2726 1722 a
2758 1667 2984 1721 Domino
3029 1668 3244 1722 dicente
3263 1668 3343 1721 ⁸¹ι

69 1774 86 1805 ι
125 1757 250 1822 Quo
306 1759 440 1812 mihi
503 1758 904 1813 multitudinem
986 1760 1379 1814 sacriﬁciorum
1451 1773 1661 1816 vestro-
1771 1779 1788 1812 ι
1825 1761 2256 1818 Misericordiam
2292 1762 2437 1815 malo
2482 1776 2647 1830 quam
2682 1760 3045 1825 sacriﬁcium;
3083 1779 3100 1810 ι
3138 1768 3192 1814 et
3221 1775 3345 1814 cum

63 1864 212 1909 rum,
248 1849 384 1902 dicit
421 1848 718 1902 Dominus?
754 1849 951 1905 Plenus
983 1867 1103 1904 sum
1141 1850 1471 1905 holocaustis
1518 1853 1659 1907 arie-
1692 1831 1735 1886 Β
1766 1855 2047 1926 agnoverit
2083 1852 2372 1908 immolare
2405 1854 2733 1908 sacriﬁcium
2767 1853 2944 1906 laudis
2978 1852 3027 1904 in
3077 1851 3341 1911 Ecclesia,

63 1950 207 2005 tum,
242 1951 296 1995 et
347 1941 561 2012 adipem
607 1957 896 2012 agnorum,
932 1953 987 1998 et
1017 1944 1334 2014 sanguinem
1378 1944 1654 1998 hircorum
1765 1957 1831 2001 et"
1850 1947 2076 2001 reddere
2105 1945 2388 2001 Altissimo
2419 1955 2543 1999 vota
2573 1961 2692 2010 sua,
2725 1959 2820 2014 per
2854 1941 3133 1998 Christum
3163 1944 3345 1997 Durni-

59 2042 116 2084 et
150 2041 441 2086 taurorum
468 2032 613 2089 nolo.
641 2056 660 2086 ι
697 2034 908 2088 Audisti
940 2035 1213 2104 quomodo
1246 2051 1351 2089 non
1382 2034 1495 2086 vult
1525 2035 1652 2089 bos—
1764 2054 1891 2092 num
1935 2045 2206 2102 nostrum,
2243 2038 2330 2092 cui
2362 2037 2483 2092 laus
2514 2045 2568 2092 et
2603 2036 2773 2107 gloria
2806 2036 2857 2088 in
2891 2035 3085 2090 Stet-uia
3118 2035 3345 2090 sasculo-

60 2120 195 2175 tiam
233 2123 496 2187 arietum,
551 2139 650 2178 nec
689 2124 875 2194 adipes
929 2125 1228 2192 agnorum?
1285 2124 1437 2179 dedit
1472 2133 1650 2179 tamen
1763 2147 1904 2185 rmn.
1939 2131 2135 2184 Amen.

70 2337 198 2418 Ἐκ,
230 2339 359 2418 τῷν
410 2342 747 2418 ’ῼριγένους
777 2346 865 2410 εὶς
903 2343 973 2418 td
997 2345 1333 2418 ΔΛεουζτικόν.
1380 2376 1446 2386 --
1518 2347 1601 2401 Ἀη

1810 2366 1844 2403 x
1892 2349 2135 2417 Origeuis
2190 2348 2592 2403 Commentariis
2650 2348 2703 2402 in
2753 2345 3229 2403 Leviticum.—E
3258 2363 3341 2401 ae-

125 2413 238 2476 τῆς
254 2414 366 2498 ,εἰς
387 2413 451 2466 τὸ
473 2413 796 2500 ’Λειίϊτικὸν
843 2415 1079 2483 ὁμιλίας
1119 2414 1420 2484 δευτέρας,
1469 2419 1650 2484 εὐθὺς

1793 2421 1964 2475 cunda
1991 2413 2048 2471 in
2080 2418 2369 2473 Leviticum
2417 2418 2674 2481 humilia,
2721 2419 2900 2472 statim
2937 2435 2969 2471 a
3012 2419 3298 2488 principio.

119 2497 277 2548 μετα
307 2497 422 2548 την
454 2497 668 2552 αρχην.

121 2571 217 2640 Μὴ
245 2574 543 2643 νοήσαντες
588 2574 696 2644 (54)
747 2574 800 2627 δὲ
837 2574 1101 2647 διαφορὰν
1149 2576 1481 2647 Ἰουδαϊσμοῦ
1516 2580 1648 2651 ὁρα-

1823 2577 2090 2632 Judaismi
2118 2576 2209 2646 qui
2239 2575 2412 2630 oculis
2457 2575 2712 2642 videtur,
2762 2585 2813 2629 et
2861 2574 2978 2644 ejus
3008 2574 3102 2644 qui
3153 2582 3337 2629 mente

53 2664 146 2717 τοῦ
198 2665 303 2717 καὶ
359 2665 692 2735 Ἰουδαϊσμοῦ
736 2669 946 2738 νοητοῦ,
986 2667 1261 2720 τουτέστιν
1313 2670 1582 2742 Ἰουδαῖσμ

1804 2669 2071 2739 :rcipitur,
2106 2669 2211 2722 hoc
2247 2676 2331 2721 est
2361 2666 2630 2721 Judaismi
2684 2666 2961 2720 manifesti
2991 2674 3046 2720 et
3072 2663 3335 2720 Judaisnti

53 2757 298 2828 φανεροῦ
346 2760 437 2810 καὶ
478 2758 812 2828 ’ἰουδαΐσμοῦ
841 2758 932 2810 τοῦ
963 2761 1018 2811 ὲν
1053 2759 1300 2829 κρυπτῷ,
1333 2763 1378 2812 οἱ
1409 2761 1514 2813 ἀπὸ
1541 2765 1584 2812 τι

1800 2763 1951 2818 cculti
2002 2762 2296 2817 discrimen
2341 2776 2462 2814 cum
2513 2775 2616 2814 non
2667 2759 3033 2828 intelligerent
3081 2758 3230 2828 impii
3277 2765 3331 2811 et

51 2850 386 2902 ἁθεωτὰτων
425 2849 534 2920 (55)
573 2851 665 2902 καὶ
707 2849 1084 2903 ἀσεϐεστὰτων
1114 2852 1375 2920 αἱρέσεων
1397 2891 1411 2914 ,
1445 2851 1582 2904 silibet

1803 2854 1900 2906 mni
1930 2851 2310 2906 exsecratione
2339 2850 2485 2917 digni
2511 2849 2774 2913 haeretici,
2802 2849 2984 2902 statim
3005 2863 3034 2902 a
3055 2845 3334 2903 Judaismo

50 2943 352 3014 διέστησαν
397 2943 500 2995 ἀπὸ
547 2940 637 2995 τοῦ
685 2941 1048 3011 Ἰοεαδαῑσμοῦ,
1076 2944 1170 2994 καὶ
1222 2941 1316 2994 τοῦ
1366 2942 1500 2995 Θεοῦ
1550 2961 1580 2994 τ

1802 2954 1809 2994 ι
1847 2941 2036 2994 barum
2070 2938 2480 3008 Scripturarum
2514 2947 2786 3008 totiusque
2809 2938 2943 3008 legis
2977 2947 3201 2994 auctore
3222 2938 3333 2995 Deo

48 3033 227 3096 δόντος
261 3035 477 3097 ταύτας
529 3034 626 3096 τὰς
656 3033 896 3105 Γραφὰς,
934 3034 1026 3085 καὶ
1069 3033 1186 3086 ὅλον
1220 3034 1312 3088 τὸν
1336 3036 1518 3104 νόμον,
1554 3052 1579 3086 κ

1802 3029 2089 3095 efecerunt,
2118 3037 2172 3084 et
2204 3029 2370 3083 alium
2400 3031 2566 3084 Deum
2609 3031 2676 3084 ab
2705 3044 2772 3084 eo
2794 3032 2886 3100 qui
2910 3030 3083 3101 legem
3117 3038 3169 3083 et
3205 3045 3333 3097 pro-

49 3127 372 3180 ἅνὲπλασαν
402 3128 586 3197 ἕτερον
609 3126 740 3178 Θεὸν
773 3125 923 3196 παρὰ
948 3125 1038 3177 τὸν
1067 3125 1337 3180 δεδωκότα
1367 3128 1454 3179 τὸν
1484 3127 1580 3197 νόμ

1795 3125 1947 3179 betas
1981 3125 2230 3188 dederat,
2286 3124 2489 3193 quique
2537 3124 2733 3179 coelum
2769 3133 2825 3178 et
2865 3132 3066 3179 terram
3105 3124 3326 3184 fecerat,

48 3220 137 3272 καὶ
163 3221 304 3282 τοὺς
331 3221 633 3289 προφήτας,
663 3217 814 3288 παρὰ
840 3217 930 3268 τὸν
957 3218 1256 3287 ποιήσαντα
1289 3219 1515 3288 οὐρανὸν
1551 3236 1579 3271 κ

1798 3216 2148 3271 mﬁnxerunt.
2173 3215 2326 3282 Quod
2349 3225 2499 3270 certe
2531 3215 2924 3270 alienissimum
2946 3223 3044 3271 est.
3071 3215 3170 3281 Qui
3188 3221 3329 3269 enim

47 3309 167 3380 γῆν.
204 3310 285 3362 Τὸ
332 3309 388 3362 δὲ
425 3311 520 3379 οὐχ
553 3307 723 3370 οὕτως
769 3307 902 3377 ἔχει,
945 3307 1059 3359 ἀλλ’
1087 3307 1384 3372 casamo;
1425 3309 1515 3361 τὸν
1553 3327 1578 3361 ν

1801 3307 1894 3361 :dit
1941 3307 2112 3377 legem
2142 3307 2304 3374 Deus,
2340 3306 2488 3362 dedit
2537 3315 2593 3361 et
2628 3306 3020 3378 Evangelium;
3062 3306 3153 3375 qui
3203 3305 3332 3361 fecit

50 3421 162 3472 μον,
202 3402 420 3456 δέδωκε
449 3402 540 3454 καὶ
566 3402 624 3454 τὸ
659 3400 992 3469 Εὑαγγὲλιον
1013 3417 1026 3430 ο
1059 3401 1086 3453 ό
1128 3401 1360 3471 ποιήσας
1410 3400 1479 3452 τὰ
1523 3401 1581 3470 βλ

1799 3413 1810 3450 l
1845 3412 1964 3465 quae
2010 3397 2284 3463 videntur,
2321 3397 2469 3452 dedit
2503 3405 2556 3451 et
2581 3411 2646 3452 ea
2681 3411 2801 3467 qua:
2851 3397 3026 3453 oculis
3059 3411 3166 3452 non
3208 3412 3330 3452 cer—-

47 3498 278 3565 πὸμενα,
332 3495 529 3548 δέδωκε
564 3495 655 3547 καὶ
687 3493 754 3546 τὰ
786 3493 860 3563 μὴ
894 3491 1220 3562 βλεπόμενα.
1260 3491 1416 3544 Οὕτω
1445 3491 1500 3544 δὲ
1531 3492 1578 3563 ἕ)

1795 3495 1986 3553 untur;
2034 3495 2089 3542 et
2143 3487 2528 3558 cognationem
2566 3488 2768 3544 habent
2818 3489 2963 3546 inter
2990 3503 3050 3543 se
3095 3503 3216 3558 quae
3247 3487 3326 3544 vi-

45 3587 399 3656 συγγένειαν,
441 3584 581 3638 ὥστε
614 3585 683 3638 τὰ
717 3584 925 3655 ἀόρατα
955 3583 1048 3637 τοῦ
1090 3582 1224 3634 Θεοῦ
1268 3582 1376 3634 ἀπὸ
1413 3583 1576 3635 κτίσει

1798 3587 1962 3658 mtur,
2001 3586 2059 3632 et
2085 3593 2205 3646 quae
2247 3593 2353 3632 non
2388 3577 2670 3634 videntur.
2711 3578 2839 3632 Eam
2891 3591 3072 3634 autem
3123 3595 3329 3649 cogna-

47 3681 248 3749 κόσμου
279 3680 403 3741 τοῖς
430 3679 697 3748 ποιήμασι
737 3674 1003 3745 νοούμενα
1043 3673 1401 3745 καθορᾶσθαι.
1439 3675 1578 3743 Συγγ

1795 3680 1944 3720 unem
1974 3665 2198 3732 habent,
2235 3674 2293 3721 ut
2325 3665 2621 3722 invisibilia
2663 3668 2755 3722 Dei
2801 3684 2829 3722 a
2861 3680 3111 3724 creatura
3141 3670 3326 3725 mundi

45 3789 191 3824 νειαν
251 3771 372 3840 ἔχει
422 3770 516 3823 καὶ
566 3767 634 3820 τὰ
679 3766 988 3838 βλεπόμενα
1034 3765 1124 3819 τοῦ
1185 3766 1354 3836 νόμου
1402 3766 1495 3818 καὶ
1533 3783 1576 3819 τι

1792 3772 1839 3811 ar
1864 3772 1924 3812 ea
1959 3773 2080 3827 qua:
2112 3759 2258 3814 facta
2285 3767 2432 3826 sunt,
2467 3759 2748 3816 intellecta
2783 3761 2940 3832 193
2972 3761 3323 3831 conspician-

46 3864 346 3936 προφητῶν
390 3863 526 3936 πρὸς
570 3860 637 3915 τὰ
685 3861 760 3933 μὴ
806 3860 1134 3931 βλεπόμενα,
1179 3858 1315 3912 ἀλλὰ
1371 3859 1577 3930 νοούμεε

1792 3865 1851 3907 ll‘.
1884 3850 2274 3919 Cognationem
2331 3854 2536 3908 habent
2574 3869 2694 3924 quae
2743 3858 2996 3910 videntur
3034 3856 3086 3910 in
3119 3857 3236 3927 lege
3270 3867 3323 3912 et

45 3957 130 4010 τοῦ
168 3957 340 4027 νόμου
382 3956 480 4009 καὶ
509 3955 618 4007 τῶν
651 3953 966 4025 προφητῶν.
1009 3952 1161 4004 Ἐπεὶ
1186 3947 1277 4005 οὖν
1311 3953 1576 4023 συνέστηκ

1793 3945 2036 4015 ὀριιθιίε,
2086 3961 2210 4000 cum
2247 3947 2310 4000 iis
2339 3961 2461 4015 quae
2502 3963 2608 4002 non
2646 3949 2897 4002 videntur
2921 3990 2935 4013 ,
2983 3951 3085 4005 sed
3123 3949 3324 4004 intelli-

45 4053 74 4119 ἡ
109 4050 303 4122 Γρπφὴ
340 4049 440 4103 καὶ
480 4048 618 4119 αὐτὴ
668 4047 829 4100 οἱονεὶ
861 4048 926 4098 ὲκ
959 4043 1208 4117 σώματος
1250 4046 1349 4116 μὲν
1389 4044 1480 4098 τοῦ
1519 4044 1576 4114 βλ

1793 4048 1939 4093 tntur
1990 4041 2044 4093 in
2095 4039 2214 4109 lege
2259 4051 2314 4096 et
2359 4041 2661 4111 prophetis.
2717 4043 2851 4099 Cum
2897 4045 3059 4111 igitur
3109 4053 3323 4100 constet

43 4141 300 4210 πομὲνου,
333 4139 522 4210 ψυχῆς
541 4139 596 4192 δὲ
617 4139 715 4208 τῆς
748 4128 804 4189 ἒν
843 4134 992 4206 αὐτῷ
1015 4135 1308 4206 νοουμένης
1350 4137 1444 4188 καὶ
1473 4152 1574 4188 κατ

1790 4129 2019 4197 criptura
2069 4144 2284 4198 quoque
2320 4130 2435 4200 ipsa
2481 4131 2629 4186 velut
2677 4146 2743 4187 ex
2780 4147 3009 4202 corpore
3032 4135 3175 4204 quod
3203 4149 3321 4190 cer-

43 4230 503 4302 >,;ιμὸανομένης,
536 4229 630 4282 καὶ
666 4227 974 4298 πνεύματος
1013 4226 1108 4279 τοῦ
1139 4225 1281 4279 κατὰ
1319 4226 1387 4279 τὰ
1428 4225 1574 4280 ὐποδε

1800 4232 1905 4286 tur,
1940 4230 1996 4276 et
2029 4235 2094 4276 ex
2121 4223 2326 4289 anima,
2356 4238 2476 4293 quae
2508 4224 2560 4277 in
2595 4224 2712 4292 ipso
2743 4225 3066 4297 intelligitur
3105 4238 3159 4282 et
3186 4243 3322 4283 con-

43 4339 240 4391 ’ς’ματα,
269 4322 372 4374 καὶ
400 4320 555 4374 σκιὰν
584 4319 691 4373 τῶν
720 4318 1058 4391 ἐπουρανίων
1080 4333 1093 4348 °
1120 4317 1272 4389 φέρε,
1307 4316 1574 4370 ἐπικαλεσι

1791 4315 1958 4382 pitur,
2009 4325 2065 4368 et
2097 4329 2160 4369 ex
2193 4315 2391 4384 spiritu
2431 4317 2735 4371 secundum
2765 4318 3096 4388 exemplaria
3120 4328 3174 4376 et
3201 4335 3318 4374 um-

45 4433 186 4483 μενοι
220 4415 316 4469 τὸν
355 4414 662 4483 ποιήσαντα
694 4413 759 4483 τῇ
791 4411 980 4482 Γραφῇ
1026 4410 1184 4479 σῶμα
1228 4409 1320 4462 καὶ
1342 4409 1519 4479 ψυχὴν
1542 4427 1576 4462 κ

1786 4421 1890 4460 tam
1931 4406 2254 4471 etelestium,
2287 4423 2405 4478 age,
2453 4424 2518 4464 eo
2569 4409 2824 4464 invocato
2875 4413 2966 4480 qui
3020 4411 3317 4482 Scriptura:

43 4508 278 4579 πνεῦμα,
319 4505 486 4576 σῶμα
523 4505 621 4576 μὲν
660 4507 772 4568 τοῖς
819 4505 924 4575 πρὸ
955 4502 1132 4575 ἡμῶν,
1172 4501 1350 4573 ψυχὴν
1386 4502 1442 4555 δὲ
1472 4495 1574 4573 ἦμί

1784 4514 1951 4570 πρυε,
1985 4501 2225 4555 animam
2253 4502 2576 4570 etspiritum
2607 4504 2754 4568 fecit,
2787 4519 2986 4574 corpus
3013 4505 3077 4560 iis
3101 4506 3315 4575 quinos

43 4597 252 4668 πνεῦμα
278 4597 340 4650 δὲ
370 4597 485 4659 τοῖς
509 4596 566 4648 ὲν
595 4593 672 4665 τῷ
708 4594 950 4662 μέλλοντι
983 4592 1138 4647 αἰῶνι
1164 4592 1265 4662 κλη
1277 4593 1571 4663 ρονομήσου

1782 4598 2149 4656 raecesserunt,
2195 4589 2433 4644 animam
2485 4592 2664 4658 nobis,
2709 4595 2957 4661 spiritum
3001 4595 3066 4650 iis
3113 4596 3204 4665 qui
3259 4597 3313 4652 in

41 4683 175 4758 ζωὴν
209 4683 441 4739 αἰώνιον
461 4723 475 4748 ,
527 4683 621 4736 καὶ
675 4683 957 4753 μέλλουσιν
990 4684 1146 4753 ἥκειν
1184 4683 1275 4736 ἐπὶ
1300 4684 1367 4735 τὰ
1395 4685 1572 4756 ὲπουρε

1784 4690 1916 4736 ituro
1942 4680 2140 4735 saeculo
2179 4681 2346 4734 vitam
2397 4691 2658 4736 aeternam
2721 4684 3110 4751 possidebunt,
3147 4696 3203 4741 et
3248 4691 3315 4746 ad

38 4795 149 4840 νια,
194 4778 294 4831 καὶ
347 4774 582 4846 ἀληθινὰ
626 4774 718 4828 τοῦ
759 4775 962 4845 νόμου,
1026 4775 1410 4846 ὲρευνήσωμεν
1455 4774 1514 4826 οὐ

1783 4772 1974 4826 elestia
2006 4812 2022 4836 ,
2067 4771 2460 4839 veritatemque
2532 4771 2666 4840 legis
2710 4775 2924 4826 venturi
2976 4783 3137 4841 sunt;
3195 4779 3314 4832 ani-

39 4867 287 4940 γράμμα,
340 4867 483 4922 ἀλλὰ
518 4868 618 4938 τὴν
659 4866 836 4938 ψυχὴν
887 4867 979 4920 ἐπὶ
1013 4865 1106 4920 τοῦ
1155 4865 1443 4937 παρόντος.
1474 4867 1535 4919 Εἰ
1565 4890 1570 4913 ε

1793 4881 1898 4932 am,
1954 4881 2060 4918 non
2093 4864 2330 4918 litteram
2381 4865 2451 4917 in‘
2485 4868 2743 4933 prmsenti
2797 4867 3236 4940 investigemus:
3277 4875 3324 4928 ει.

36 4955 130 5012 οἷοί
149 4961 209 5013 τέ
233 4963 436 5032 ἐσμεν,
467 4956 859 5030 ἀναϐησόμεθα
888 4957 998 5028 (56)
1030 4959 1123 5010 καὶ
1158 4957 1253 5011 ἐπὶ
1280 4959 1340 5011 τὸ
1383 4959 1567 5030 πνεῦμ

1780 4975 1857 5014 :ro
1911 4943 2121 5012 tantum
2164 4955 2379 5012 etﬁcere
2436 4972 2768 5028 possumus,
2829 4961 2985 5032 juxta
3038 4963 3214 5018 ration
3233 4979 3311 5020 en:

38 5052 170 5106 κατὰ
210 5053 308 5106 τὸν
357 5050 518 5120 λόγον
567 5050 656 5103 τὸν
698 5049 826 5120 περὶ
873 5047 979 5101 τῶν
1028 5047 1142 5119 (57)
1175 5047 1569 5116 ἀναγνωσθεισὸ

1782 5050 2120 5107 ιοτὶίίοἰοτυηι
2147 5087 2162 5115 ,
2198 5062 2318 5118 qua:
2350 5050 2509 5105 modo
2544 5051 2684 5109 lecta
2737 5063 2886 5122 sunt,
2936 5054 3002 5110 ad
3051 5054 3313 5129 spiritum

37 5144 253 5200 θυσιῶν.

1731 5141 2109 5198 ascendamus.

93 5263 138 5296 ⁷⁸
165 5261 346 5318 Exod.
379 5275 482 5315 xtl.
556 5260 602 5292 ’θ
630 5258 733 5315 lsa.
765 5260 916 5325 t,ll.
987 5256 1040 5290 ⁸ο
1068 5256 1241 5316 Levit.
1270 5275 1342 5326 tv,
1368 5259 1458 5314 28.
1539 5261 1583 5292 οι
1616 5262 1624 5317 }

900 5296 916 5312 .
987 5256 1040 5290 ⁸ο
1068 5256 1241 5316 Levit.
1270 5275 1342 5326 tv,
1368 5259 1458 5314 28.
1539 5261 1583 5292 οι
1616 5261 1762 5317 Psal.
1798 5277 1851 5327 ι,
1884 5259 1972 5314 l9.
2050 5260 2094 5290 δ’
2117 5257 2258 5315 Osee
2278 5275 2354 5326 v1,
2382 5261 2429 5319 6.

99 5377 212 5447 (51)
265 5374 461 5431 Codex
503 5373 816 5447 Sangerrn.,
856 5393 876 5426 ι
906 5375 1284 5447 designaret”
1338 5386 1392 5430 et
1447 5379 1606 5446 paulo

527 5374 816 5444 iangerrn.,
856 5375 1284 5447 «designaretg
1338 5386 1392 5430 et
1447 5379 1606 5446 paulo
1715 5376 2058 5447 νομίσαντες.

33 5441 147 5513 post
172 5441 203 5507 ,’
239 5465 270 5519 γι
302 5448 398 5515 qui
443 5446 581 5500 tollit
620 5441 908 5519 peccatum
949 5441 1155 5499 mu'ndi.
1185 5464 1203 5496 ι
1242 5445 1399 5501 Libb.
1448 5441 1602 5513 editi,
1780 5441 1899 5519 (55)
1942 5451 2003 5500 Οἱ
2031 5447 2150 5500 ἀπὸ
2193 5445 2311 5519 τῶν
2351 5449 2715 5514 ἀθεωτάτων,
2767 5461 2870 5507 etc.
2920 5441 3290 5518 Marcidnitas,

39 5535 54 5566 ι
84 5518 450 5588 signiﬁcaret.
578 5555 592 5568 .
617 5517 709 5586 qui
747 5516 958 5588 tolleret
987 5525 1212 5588 peccata
1237 5519 1446 5572 mundi.
1478 5537 1498 5570 ι
1715 5516 2014 5588 eorumque
2039 5520 2274 5573 asseclas
2302 5518 2540 5573 lacessit.
2571 5521 2830 5577 Hunnus.

99 5585 210 5666 (52)
242 5589 393 5667 Idem
420 5585 743 5668 eode-suns"
787 5604 806 5638 ι
835 5587 1024 5668 quis”
1053 5595 1103 5640 et
1132 5586 1270 5640 infra
1291 5629 1305 5651 ,
1341 5606 1359 5637 ι
1393 5589 1505 5668 haec
1527 5595 1609 5640 est
1787 5585 1897 5711 (’56)
1927 5585 2408 5657 Ἃναϐησόμεθιι.
2456 5590 2681 5646 Huetius
2729 5593 2963 5649 malebat
3002 5593 3293 5664 dva6natb~

102 5673 228 5711 una.
256 5677 277 5710 ›
307 5656 462 5711 Ltbrt
489 5657 640 5711 edttt.
673 5676 691 5708 ι
715 5672 854 5711 ultae.
883 5676 900 5707 ι
923 5667 976 5711 et
997 5655 1157 5711 Infra.
1188 5676 1206 5708 ι
1229 5659 1343 5711 haec
1365 5673 1600 5710 anima.»
1718 5675 1784 5711 με
1824 5676 1876 5711 α.
2278 5688 2282 5692 ·

36 5655 228 5729 anima.
256 5677 277 5710 ›
307 5656 462 5711 Libri
489 5657 640 5719 editi,
661 5676 691 5729 _¢
715 5672 854 5724 quae,
883 5676 900 5707 ι
923 5667 976 5711 et
997 5655 1157 5729 infra,
1188 5676 1206 5708 ι
1229 5659 1343 5729 ᾖπτο
1365 5659 1600 5715 anima.)
1717 5655 1887 5729 μεθα.’
2147 5655 2154 5657 ’
2237 5655 2249 5657 ⁷
2278 5688 2282 5692 ·

99 5699 640 5802 ἰξᾲᾖίᾇιεῖινὲὁόεἶξ
1717 5699 1898 5802 θηξέίί)
1934 5730 2042 5784 Τὸν
2069 5731 2369 5799 περὶτῶν,
2399 5741 2504 5788 etc.
2539 5730 2629 5788 Sic
2663 5730 2872 5787 Pliiloc.
2911 5749 3012 5789 ms.
3047 5732 3103 5787 In
3139 5733 3296 5790 libris

99 5797 208 5869 (54)
237 5797 618 5866 Νοήσαντες.
670 5797 829 5854 liuet.
865 5798 1032 5854 editio
1063 5798 1114 5851 in
1157 5798 1398 5869 margine
1444 5800 1607 5854 habet

1369 5813 1398 5853 e
1444 5800 1607 5854 habet
1717 5797 2066 5857 antea'cditis
2107 5797 2280 5871 deest,
2310 5803 2420 5858 τόν.
2869 5837 2872 5840 ~
