  <div class='ocr_page' id='page_1' title='image "/cluster/home/n/w/nwhite01/storage/ocr_20150623/12/hvd.32044019207638/217.png"; bbox 0 0 3876 6508; ppageno 0'>
   <div class='ocr_carea' id='block_1_1' title="bbox 454 350 556 408">
    <p class='ocr_par' dir='ltr' id='par_1_1' title="bbox 454 350 556 408">
     <span class='ocr_line' id='line_1_1' title="bbox 454 350 556 408; baseline -0.069 0"><span class='ocrx_word' id='word_1_1' title='bbox 454 350 556 408; x_wconf 73' lang='grc' dir='ltr'>ιΞἹ</span> 
     </span>
    </p>
   </div>
   <div class='ocr_carea' id='block_1_2' title="bbox 1933 301 3673 392">
    <p class='ocr_par' dir='ltr' id='par_1_2' title="bbox 1933 301 3673 392">
     <span class='ocr_line' id='line_1_2' title="bbox 1933 301 3673 392; baseline -0.001 0"><span class='ocrx_word' id='word_1_2' title='bbox 1933 334 2255 392; x_wconf 73' lang='lat' dir='ltr'><strong>ORlGENlS</strong></span> <span class='ocrx_word' id='word_1_3' title='bbox 2805 301 2808 306; x_wconf 66' lang='grc'><em>’</em></span> <span class='ocrx_word' id='word_1_4' title='bbox 3593 339 3673 391; x_wconf 58' lang='lat' dir='ltr'><strong>res</strong></span> 
     </span>
    </p>
   </div>
   <div class='ocr_carea' id='block_1_3' title="bbox 455 453 3677 536">
    <p class='ocr_par' dir='ltr' id='par_1_3' title="bbox 455 453 3677 536">
     <span class='ocr_line' id='line_1_3' title="bbox 455 453 3677 536; baseline -0.003 -17"><span class='ocrx_word' id='word_1_5' title='bbox 455 478 510 523; x_wconf 86' lang='lat' dir='ltr'><strong>et</strong></span> <span class='ocrx_word' id='word_1_6' title='bbox 548 461 936 536; x_wconf 70' lang='lat' dir='ltr'><strong>quinquaginta</strong></span> <span class='ocrx_word' id='word_1_7' title='bbox 995 468 1138 514; x_wconf 92' lang='lat' dir='ltr'><strong>tuos.</strong></span> <span class='ocrx_word' id='word_1_8' title='bbox 1180 477 1198 512; x_wconf 78' lang='grc' dir='ltr'><strong>ι</strong></span> <span class='ocrx_word' id='word_1_9' title='bbox 1240 457 1332 513; x_wconf 85' lang='lat' dir='ltr'><strong>Vis</strong></span> <span class='ocrx_word' id='word_1_10' title='bbox 1387 464 1569 511; x_wconf 89' lang='lat' dir='ltr'><strong>autem</strong></span> <span class='ocrx_word' id='word_1_11' title='bbox 1601 455 1712 528; x_wconf 87' lang='lat'><strong>(7|)</strong></span> <span class='ocrx_word' id='word_1_12' title='bbox 1745 454 1933 510; x_wconf 87' lang='lat' dir='ltr'><strong>audire</strong></span> <span class='ocrx_word' id='word_1_13' title='bbox 1968 459 2034 509; x_wconf 89' lang='lat' dir='ltr'><strong>de</strong></span> <span class='ocrx_word' id='word_1_14' title='bbox 2065 458 2108 514; x_wconf 79' lang='grc' dir='ltr'><strong>Α</strong></span> <span class='ocrx_word' id='word_1_15' title='bbox 2140 453 2341 522; x_wconf 90' lang='lat' dir='ltr'><strong>aliquid</strong></span> <span class='ocrx_word' id='word_1_16' title='bbox 2371 453 2436 508; x_wconf 91' lang='lat' dir='ltr'><strong>de</strong></span> <span class='ocrx_word' id='word_1_17' title='bbox 2473 453 2610 518; x_wconf 92' lang='lat' dir='ltr'><strong>istis,</strong></span> <span class='ocrx_word' id='word_1_18' title='bbox 2649 453 2966 524; x_wconf 92' lang='lat' dir='ltr'><strong>pronuntiet</strong></span> <span class='ocrx_word' id='word_1_19' title='bbox 3012 463 3292 524; x_wconf 89' lang='lat' dir='ltr'><strong>peccatum</strong></span> <span class='ocrx_word' id='word_1_20' title='bbox 3326 455 3468 523; x_wconf 87' lang='lat' dir='ltr'><strong>quod</strong></span> <span class='ocrx_word' id='word_1_21' title='bbox 3519 470 3677 523; x_wconf 81' lang='lat' dir='ltr'><strong>pecca-</strong></span> 
     </span>
    </p>
   </div>
   <div class='ocr_carea' id='block_1_4' title="bbox 457 545 2032 617">
    <p class='ocr_par' dir='ltr' id='par_1_4' title="bbox 457 545 2032 617">
     <span class='ocr_line' id='line_1_4' title="bbox 457 545 2032 617; baseline -0.009 -4"><span class='ocrx_word' id='word_1_22' title='bbox 457 556 650 613; x_wconf 89' lang='lat' dir='ltr'><strong>ovibus</strong></span> <span class='ocrx_word' id='word_1_23' title='bbox 681 551 815 607; x_wconf 82' lang='lat' dir='ltr'><strong>Dei?</strong></span> <span class='ocrx_word' id='word_1_24' title='bbox 847 550 1055 606; x_wconf 81' lang='lat' dir='ltr'><strong>Dicitur</strong></span> <span class='ocrx_word' id='word_1_25' title='bbox 1077 564 1172 617; x_wconf 90' lang='lat' dir='ltr'><strong>per</strong></span> <span class='ocrx_word' id='word_1_26' title='bbox 1204 549 1524 616; x_wconf 89' lang='lat' dir='ltr'><strong>prophetam</strong></span> <span class='ocrx_word' id='word_1_27' title='bbox 1546 547 1621 599; x_wconf 71' lang='lat'><strong>97:</strong></span> <span class='ocrx_word' id='word_1_28' title='bbox 1661 565 1678 596; x_wconf 87' lang='grc' dir='ltr'><strong>ι</strong></span> <span class='ocrx_word' id='word_1_29' title='bbox 1709 545 1849 601; x_wconf 86' lang='lat' dir='ltr'><strong>Oves</strong></span> <span class='ocrx_word' id='word_1_30' title='bbox 1881 561 2032 608; x_wconf 68' lang='lat' dir='ltr'><strong>mere,</strong></span> 
     </span>
    </p>
   </div>
   <div class='ocr_carea' id='block_1_5' title="bbox 457 635 2037 702">
    <p class='ocr_par' dir='ltr' id='par_1_5' title="bbox 457 635 2037 702">
     <span class='ocr_line' id='line_1_5' title="bbox 457 635 2037 702; baseline -0.008 -2"><span class='ocrx_word' id='word_1_31' title='bbox 457 659 589 700; x_wconf 87' lang='lat' dir='ltr'><strong>oves</strong></span> <span class='ocrx_word' id='word_1_32' title='bbox 623 651 820 696; x_wconf 67' lang='lat' dir='ltr'><strong>sancta:</strong></span> <span class='ocrx_word' id='word_1_33' title='bbox 849 650 992 702; x_wconf 91' lang='lat' dir='ltr'><strong>sunt,</strong></span> <span class='ocrx_word' id='word_1_34' title='bbox 1023 639 1156 692; x_wconf 93' lang='lat' dir='ltr'><strong>dicit</strong></span> <span class='ocrx_word' id='word_1_35' title='bbox 1196 639 1476 692; x_wconf 84' lang='lat' dir='ltr'><strong>Dominus.</strong></span> <span class='ocrx_word' id='word_1_36' title='bbox 1521 656 1538 687; x_wconf 72' lang='grc' dir='ltr'><strong>ι</strong></span> <span class='ocrx_word' id='word_1_37' title='bbox 1583 637 1648 690; x_wconf 87' lang='grc' dir='ltr'>Ει</span> <span class='ocrx_word' id='word_1_38' title='bbox 1694 638 1889 691; x_wconf 90' lang='lat' dir='ltr'><strong>iterum</strong></span> <span class='ocrx_word' id='word_1_39' title='bbox 1917 635 2037 690; x_wconf 88' lang='lat' dir='ltr'><strong>Sal-</strong></span> 
     </span>
    </p>
   </div>
   <div class='ocr_carea' id='block_1_6' title="bbox 456 730 2036 800">
    <p class='ocr_par' dir='ltr' id='par_1_6' title="bbox 456 730 2036 800">
     <span class='ocr_line' id='line_1_6' title="bbox 456 730 2036 800; baseline -0.006 -10"><span class='ocrx_word' id='word_1_40' title='bbox 456 747 612 790; x_wconf 88' lang='lat' dir='ltr'><strong>vator</strong></span> <span class='ocrx_word' id='word_1_41' title='bbox 655 733 786 786; x_wconf 81' lang='lat' dir='ltr'><strong>dicit</strong></span> <span class='ocrx_word' id='word_1_42' title='bbox 836 732 889 784; x_wconf 94' lang='lat' dir='ltr'><strong>in</strong></span> <span class='ocrx_word' id='word_1_43' title='bbox 941 730 1234 800; x_wconf 82' lang='lat' dir='ltr'><strong>Evangelio</strong></span> <span class='ocrx_word' id='word_1_44' title='bbox 1273 731 1363 784; x_wconf 72' lang='lat'><strong>9&#39;:</strong></span> <span class='ocrx_word' id='word_1_45' title='bbox 1411 748 1428 780; x_wconf 80' lang='grc' dir='ltr'><strong>ι</strong></span> <span class='ocrx_word' id='word_1_46' title='bbox 1474 730 1614 784; x_wconf 89' lang='lat' dir='ltr'><strong>Oves</strong></span> <span class='ocrx_word' id='word_1_47' title='bbox 1664 744 1794 783; x_wconf 70' lang='lat' dir='ltr'><strong>mea:</strong></span> <span class='ocrx_word' id='word_1_48' title='bbox 1851 744 2036 783; x_wconf 87' lang='lat' dir='ltr'><strong>vocem</strong></span> 
     </span>
    </p>
   </div>
   <div class='ocr_carea' id='block_1_7' title="bbox 457 821 2035 891">
    <p class='ocr_par' dir='ltr' id='par_1_7' title="bbox 457 821 2035 891">
     <span class='ocr_line' id='line_1_7' title="bbox 457 821 2035 891; baseline -0.006 -8"><span class='ocrx_word' id='word_1_49' title='bbox 457 842 630 883; x_wconf 88' lang='lat' dir='ltr'><strong>meam</strong></span> <span class='ocrx_word' id='word_1_50' title='bbox 663 825 906 879; x_wconf 89' lang='lat' dir='ltr'><strong>audiunt.</strong></span> <span class='ocrx_word' id='word_1_51' title='bbox 948 841 966 874; x_wconf 76' lang='grc' dir='ltr'><strong>ι</strong></span> <span class='ocrx_word' id='word_1_52' title='bbox 1011 823 1077 876; x_wconf 83' lang='grc' dir='ltr'>Ει</span> <span class='ocrx_word' id='word_1_53' title='bbox 1112 838 1216 876; x_wconf 93' lang='lat' dir='ltr'><strong>non</strong></span> <span class='ocrx_word' id='word_1_54' title='bbox 1268 831 1396 891; x_wconf 83' lang='lat' dir='ltr'><strong>puto</strong></span> <span class='ocrx_word' id='word_1_55' title='bbox 1423 823 1544 890; x_wconf 89' lang='lat' dir='ltr'><strong>quia</strong></span> <span class='ocrx_word' id='word_1_56' title='bbox 1582 822 1809 876; x_wconf 73' lang='lat' dir='ltr'><strong>dixisset</strong></span> <span class='ocrx_word' id='word_1_57' title='bbox 1835 822 1900 876; x_wconf 92' lang='lat' dir='ltr'><strong>de</strong></span> <span class='ocrx_word' id='word_1_58' title='bbox 1935 821 2035 874; x_wconf 85' lang='lat' dir='ltr'><strong>ho-</strong></span> 
     </span>
    </p>
   </div>
   <div class='ocr_carea' id='block_1_8' title="bbox 456 914 2035 985">
    <p class='ocr_par' dir='ltr' id='par_1_8' title="bbox 456 914 2035 985">
     <span class='ocr_line' id='line_1_8' title="bbox 456 914 2035 985; baseline -0.003 -12"><span class='ocrx_word' id='word_1_59' title='bbox 456 917 868 985; x_wconf 87' lang='lat' dir='ltr'><strong>minibus,quia</strong></span> <span class='ocrx_word' id='word_1_60' title='bbox 905 929 1097 970; x_wconf 88' lang='lat' dir='ltr'><strong>vocem</strong></span> <span class='ocrx_word' id='word_1_61' title='bbox 1132 930 1307 969; x_wconf 89' lang='lat' dir='ltr'><strong>meam</strong></span> <span class='ocrx_word' id='word_1_62' title='bbox 1355 914 1579 968; x_wconf 88' lang='lat' dir='ltr'><strong>audiunt</strong></span> <span class='ocrx_word' id='word_1_63' title='bbox 1609 914 1856 968; x_wconf 84' lang='lat' dir='ltr'><strong>homines</strong></span> <span class='ocrx_word' id='word_1_64' title='bbox 1883 953 1898 979; x_wconf 93' lang='lat'><strong>,</strong></span> <span class='ocrx_word' id='word_1_65' title='bbox 1943 915 2035 968; x_wconf 89' lang='lat' dir='ltr'><strong>sed</strong></span> 
     </span>
    </p>
   </div>
   <div class='ocr_carea' id='block_1_9' title="bbox 454 1006 2033 1078">
    <p class='ocr_par' dir='ltr' id='par_1_9' title="bbox 454 1006 2033 1078">
     <span class='ocr_line' id='line_1_9' title="bbox 454 1006 2033 1078; baseline -0.006 -10"><span class='ocrx_word' id='word_1_66' title='bbox 454 1027 606 1068; x_wconf 90' lang='lat' dir='ltr'><strong>oves.</strong></span> <span class='ocrx_word' id='word_1_67' title='bbox 653 1010 760 1065; x_wconf 94' lang='lat' dir='ltr'><strong>Sed</strong></span> <span class='ocrx_word' id='word_1_68' title='bbox 809 1010 922 1063; x_wconf 67' lang='lat' dir='ltr'><strong>haec</strong></span> <span class='ocrx_word' id='word_1_69' title='bbox 974 1010 1069 1078; x_wconf 89' lang='lat' dir='ltr'><strong>qui</strong></span> <span class='ocrx_word' id='word_1_70' title='bbox 1118 1009 1281 1061; x_wconf 84' lang='lat' dir='ltr'><strong>habet</strong></span> <span class='ocrx_word' id='word_1_71' title='bbox 1326 1020 1485 1060; x_wconf 89' lang='lat' dir='ltr'><strong>aures</strong></span> <span class='ocrx_word' id='word_1_72' title='bbox 1531 1006 1780 1060; x_wconf 87' lang='lat' dir='ltr'><strong>audiendi</strong></span> <span class='ocrx_word' id='word_1_73' title='bbox 1833 1007 2033 1070; x_wconf 88' lang='lat' dir='ltr'><strong>audiat,</strong></span> 
     </span>
    </p>
   </div>
   <div class='ocr_carea' id='block_1_10' title="bbox 457 1099 2037 1173">
    <p class='ocr_par' dir='ltr' id='par_1_10' title="bbox 457 1099 2037 1173">
     <span class='ocr_line' id='line_1_10' title="bbox 457 1099 2037 1173; baseline -0.004 -15"><span class='ocrx_word' id='word_1_74' title='bbox 457 1104 728 1173; x_wconf 92' lang='lat' dir='ltr'><strong>quomodo</strong></span> <span class='ocrx_word' id='word_1_75' title='bbox 761 1117 948 1156; x_wconf 90' lang='lat' dir='ltr'><strong>vocem</strong></span> <span class='ocrx_word' id='word_1_76' title='bbox 985 1101 1211 1154; x_wconf 90' lang='lat' dir='ltr'><strong>audiunt</strong></span> <span class='ocrx_word' id='word_1_77' title='bbox 1232 1113 1386 1163; x_wconf 91' lang='lat' dir='ltr'><strong>oves,</strong></span> <span class='ocrx_word' id='word_1_78' title='bbox 1418 1099 1666 1152; x_wconf 86' lang='lat' dir='ltr'><strong>homines</strong></span> <span class='ocrx_word' id='word_1_79' title='bbox 1707 1108 1884 1152; x_wconf 90' lang='lat' dir='ltr'><strong>autem</strong></span> <span class='ocrx_word' id='word_1_80' title='bbox 1912 1114 2037 1152; x_wconf 90' lang='lat' dir='ltr'><strong>ver-</strong></span> 
     </span>
    </p>
   </div>
   <div class='ocr_carea' id='block_1_11' title="bbox 456 1192 2044 1268">
    <p class='ocr_par' dir='ltr' id='par_1_11' title="bbox 456 1192 2044 1268">
     <span class='ocr_line' id='line_1_11' title="bbox 456 1192 2044 1268; baseline -0.007 -14"><span class='ocrx_word' id='word_1_81' title='bbox 456 1197 583 1254; x_wconf 87' lang='lat' dir='ltr'><strong>bum</strong></span> <span class='ocrx_word' id='word_1_82' title='bbox 610 1196 721 1268; x_wconf 71' lang='lat'>(72)</span> <span class='ocrx_word' id='word_1_83' title='bbox 753 1196 871 1266; x_wconf 87' lang='lat' dir='ltr'><strong>eius</strong></span> <span class='ocrx_word' id='word_1_84' title='bbox 899 1195 1140 1249; x_wconf 87' lang='lat' dir='ltr'><strong>audiunt.</strong></span> <span class='ocrx_word' id='word_1_85' title='bbox 1165 1194 1271 1248; x_wconf 91' lang='lat' dir='ltr'><strong>Ista</strong></span> <span class='ocrx_word' id='word_1_86' title='bbox 1308 1208 1438 1263; x_wconf 87' lang='lat' dir='ltr'><strong>ergo</strong></span> <span class='ocrx_word' id='word_1_87' title='bbox 1459 1202 1588 1248; x_wconf 91' lang='lat' dir='ltr'><strong>sunt</strong></span> <span class='ocrx_word' id='word_1_88' title='bbox 1611 1192 1862 1246; x_wconf 88' lang='lat' dir='ltr'><strong>animalia</strong></span> <span class='ocrx_word' id='word_1_89' title='bbox 1887 1208 2044 1244; x_wconf 91' lang='lat' dir='ltr'><strong>mun-</strong></span> 
     </span>
    </p>
   </div>
   <div class='ocr_carea' id='block_1_12' title="bbox 457 1283 2038 1357">
    <p class='ocr_par' dir='ltr' id='par_1_12' title="bbox 457 1283 2038 1357">
     <span class='ocr_line' id='line_1_12' title="bbox 457 1283 2038 1357; baseline -0.004 -14"><span class='ocrx_word' id='word_1_90' title='bbox 457 1288 526 1343; x_wconf 88' lang='lat' dir='ltr'><strong>da</strong></span> <span class='ocrx_word' id='word_1_91' title='bbox 563 1289 782 1357; x_wconf 90' lang='lat' dir='ltr'><strong>quidem</strong></span> <span class='ocrx_word' id='word_1_92' title='bbox 819 1296 1036 1356; x_wconf 87' lang='lat' dir='ltr'><strong>propter</strong></span> <span class='ocrx_word' id='word_1_93' title='bbox 1065 1283 1363 1349; x_wconf 88' lang='lat' dir='ltr'><strong>Christum,</strong></span> <span class='ocrx_word' id='word_1_94' title='bbox 1393 1283 1680 1337; x_wconf 87' lang='lat' dir='ltr'><strong>morticina</strong></span> <span class='ocrx_word' id='word_1_95' title='bbox 1707 1293 1887 1336; x_wconf 88' lang='lat' dir='ltr'><strong>autem</strong></span> <span class='ocrx_word' id='word_1_96' title='bbox 1916 1299 2038 1352; x_wconf 80' lang='lat' dir='ltr'><strong>pro-</strong></span> 
     </span>
    </p>
   </div>
   <div class='ocr_carea' id='block_1_13' title="bbox 456 1374 2038 1450">
    <p class='ocr_par' dir='ltr' id='par_1_13' title="bbox 456 1374 2038 1450">
     <span class='ocr_line' id='line_1_13' title="bbox 456 1374 2038 1450; baseline -0.004 -16"><span class='ocrx_word' id='word_1_97' title='bbox 456 1389 577 1449; x_wconf 86' lang='lat' dir='ltr'><strong>pter</strong></span> <span class='ocrx_word' id='word_1_98' title='bbox 625 1388 932 1450; x_wconf 90' lang='lat' dir='ltr'><strong>peccatum.</strong></span> <span class='ocrx_word' id='word_1_99' title='bbox 965 1377 1094 1444; x_wconf 67' lang='lat' dir='ltr'><strong>Quae</strong></span> <span class='ocrx_word' id='word_1_100' title='bbox 1144 1377 1187 1431; x_wconf 92' lang='lat' dir='ltr'><strong>si</strong></span> <span class='ocrx_word' id='word_1_101' title='bbox 1239 1377 1361 1445; x_wconf 91' lang='lat' dir='ltr'><strong>quis</strong></span> <span class='ocrx_word' id='word_1_102' title='bbox 1400 1375 1662 1446; x_wconf 91' lang='lat' dir='ltr'><strong>tetigerit,</strong></span> <span class='ocrx_word' id='word_1_103' title='bbox 1700 1374 1801 1428; x_wconf 91' lang='lat' dir='ltr'><strong>hoc</strong></span> <span class='ocrx_word' id='word_1_104' title='bbox 1847 1384 1961 1440; x_wconf 90' lang='lat' dir='ltr'><strong>est,</strong></span> <span class='ocrx_word' id='word_1_105' title='bbox 1995 1374 2038 1428; x_wconf 88' lang='lat' dir='ltr'><strong>si</strong></span> 
     </span>
    </p>
   </div>
   <div class='ocr_carea' id='block_1_14' title="bbox 457 1466 2038 1539">
    <p class='ocr_par' dir='ltr' id='par_1_14' title="bbox 457 1466 2038 1539">
     <span class='ocr_line' id='line_1_14' title="bbox 457 1466 2038 1539; baseline -0.005 -12"><span class='ocrx_word' id='word_1_106' title='bbox 457 1482 678 1527; x_wconf 88' lang='lat' dir='ltr'><strong>secutus</strong></span> <span class='ocrx_word' id='word_1_107' title='bbox 708 1471 1016 1539; x_wconf 90' lang='lat' dir='ltr'><strong>fueritquis</strong></span> <span class='ocrx_word' id='word_1_108' title='bbox 1043 1471 1096 1523; x_wconf 92' lang='lat' dir='ltr'><strong>in</strong></span> <span class='ocrx_word' id='word_1_109' title='bbox 1131 1481 1373 1539; x_wconf 89' lang='lat' dir='ltr'><strong>peccato,</strong></span> <span class='ocrx_word' id='word_1_110' title='bbox 1412 1466 1724 1524; x_wconf 91' lang='lat' dir='ltr'><strong>immundus</strong></span> <span class='ocrx_word' id='word_1_111' title='bbox 1745 1466 1868 1520; x_wconf 93' lang='lat' dir='ltr'><strong>erit.</strong></span> <span class='ocrx_word' id='word_1_112' title='bbox 1905 1467 1968 1519; x_wconf 88' lang='lat' dir='ltr'><strong>Et</strong></span> <span class='ocrx_word' id='word_1_113' title='bbox 1995 1466 2038 1520; x_wconf 91' lang='lat' dir='ltr'><strong>si</strong></span> 
     </span>
    </p>
   </div>
   <div class='ocr_carea' id='block_1_15' title="bbox 458 1559 2039 1634">
    <p class='ocr_par' dir='ltr' id='par_1_15' title="bbox 458 1559 2039 1634">
     <span class='ocr_line' id='line_1_15' title="bbox 458 1559 2039 1634; baseline -0.004 -17"><span class='ocrx_word' id='word_1_114' title='bbox 458 1566 582 1634; x_wconf 89' lang='lat' dir='ltr'><strong>quis</strong></span> <span class='ocrx_word' id='word_1_115' title='bbox 627 1564 934 1634; x_wconf 88' lang='lat' dir='ltr'><strong>huiusmodi</strong></span> <span class='ocrx_word' id='word_1_116' title='bbox 981 1563 1217 1618; x_wconf 89' lang='lat' dir='ltr'><strong>hominis</strong></span> <span class='ocrx_word' id='word_1_117' title='bbox 1266 1563 1611 1617; x_wconf 90' lang='lat' dir='ltr'><strong>morticinum</strong></span> <span class='ocrx_word' id='word_1_118' title='bbox 1641 1561 1956 1630; x_wconf 80' lang='lat' dir='ltr'><strong>contigerit,</strong></span> <span class='ocrx_word' id='word_1_119' title='bbox 1989 1559 2039 1612; x_wconf 91' lang='lat' dir='ltr'><strong>id</strong></span> 
     </span>
    </p>
   </div>
   <div class='ocr_carea' id='block_1_16' title="bbox 457 1651 2042 1727">
    <p class='ocr_par' dir='ltr' id='par_1_16' title="bbox 457 1651 2042 1727">
     <span class='ocr_line' id='line_1_16' title="bbox 457 1651 2042 1727; baseline -0.006 -15"><span class='ocrx_word' id='word_1_120' title='bbox 457 1667 542 1712; x_wconf 91' lang='lat' dir='ltr'><strong>est</strong></span> <span class='ocrx_word' id='word_1_121' title='bbox 587 1657 706 1727; x_wconf 87' lang='lat' dir='ltr'><strong>ejus</strong></span> <span class='ocrx_word' id='word_1_122' title='bbox 738 1656 828 1725; x_wconf 91' lang='lat' dir='ltr'><strong>qui</strong></span> <span class='ocrx_word' id='word_1_123' title='bbox 864 1655 1160 1709; x_wconf 88' lang='lat' dir='ltr'><strong>secundum</strong></span> <span class='ocrx_word' id='word_1_124' title='bbox 1209 1654 1469 1707; x_wconf 83' lang='lat' dir='ltr'><strong>rationem</strong></span> <span class='ocrx_word' id='word_1_125' title='bbox 1503 1654 1715 1718; x_wconf 85' lang='lat' dir='ltr'><strong>vivens,</strong></span> <span class='ocrx_word' id='word_1_126' title='bbox 1760 1651 1958 1718; x_wconf 90' lang='lat' dir='ltr'><strong>primo,</strong></span> <span class='ocrx_word' id='word_1_127' title='bbox 1991 1660 2042 1704; x_wconf 90' lang='lat' dir='ltr'><strong>et</strong></span> 
     </span>
    </p>
   </div>
   <div class='ocr_carea' id='block_1_17' title="bbox 457 1741 2040 1815">
    <p class='ocr_par' dir='ltr' id='par_1_17' title="bbox 457 1741 2040 1815">
     <span class='ocr_line' id='line_1_17' title="bbox 457 1741 2040 1815; baseline -0.006 -12"><span class='ocrx_word' id='word_1_128' title='bbox 457 1748 513 1804; x_wconf 86' lang='lat' dir='ltr'><strong>in</strong></span> <span class='ocrx_word' id='word_1_129' title='bbox 539 1750 703 1804; x_wconf 87' lang='lat' dir='ltr'><strong>verbo</strong></span> <span class='ocrx_word' id='word_1_130' title='bbox 737 1749 828 1803; x_wconf 92' lang='lat' dir='ltr'><strong>Dei</strong></span> <span class='ocrx_word' id='word_1_131' title='bbox 861 1747 1209 1815; x_wconf 82' lang='lat' dir='ltr'><strong>semetipsum</strong></span> <span class='ocrx_word' id='word_1_132' title='bbox 1251 1760 1537 1810; x_wconf 80' lang='lat' dir='ltr'><strong>exercens,</strong></span> <span class='ocrx_word' id='word_1_133' title='bbox 1559 1744 1902 1814; x_wconf 86' lang='lat' dir='ltr'><strong>postmodum</strong></span> <span class='ocrx_word' id='word_1_134' title='bbox 1945 1741 2040 1796; x_wconf 90' lang='lat' dir='ltr'><strong>de-</strong></span> 
     </span>
    </p>
   </div>
   <div class='ocr_carea' id='block_1_18' title="bbox 2139 545 3680 617">
    <p class='ocr_par' dir='ltr' id='par_1_18' title="bbox 2139 545 3680 617">
     <span class='ocr_line' id='line_1_18' title="bbox 2139 545 3680 617; baseline 0.002 -19"><span class='ocrx_word' id='word_1_135' title='bbox 2139 547 2235 610; x_wconf 87' lang='lat' dir='ltr'><strong>vit,</strong></span> <span class='ocrx_word' id='word_1_136' title='bbox 2262 555 2314 601; x_wconf 90' lang='lat' dir='ltr'><strong>et</strong></span> <span class='ocrx_word' id='word_1_137' title='bbox 2338 545 2532 600; x_wconf 80' lang='lat' dir='ltr'><strong>offeret</strong></span> <span class='ocrx_word' id='word_1_138' title='bbox 2555 561 2652 616; x_wconf 90' lang='lat' dir='ltr'><strong>pro</strong></span> <span class='ocrx_word' id='word_1_139' title='bbox 2687 546 2773 601; x_wconf 86' lang='lat' dir='ltr'><strong>his</strong></span> <span class='ocrx_word' id='word_1_140' title='bbox 2806 563 2927 617; x_wconf 69' lang='lat' dir='ltr'><strong>qua:</strong></span> <span class='ocrx_word' id='word_1_141' title='bbox 2951 546 3178 616; x_wconf 90' lang='lat' dir='ltr'><strong>deliquit</strong></span> <span class='ocrx_word' id='word_1_142' title='bbox 3214 548 3444 601; x_wconf 93' lang='lat' dir='ltr'><strong>Domino</strong></span> <span class='ocrx_word' id='word_1_143' title='bbox 3473 562 3563 616; x_wconf 91' lang='lat' dir='ltr'><strong>pro</strong></span> <span class='ocrx_word' id='word_1_144' title='bbox 3584 563 3680 615; x_wconf 79' lang='lat' dir='ltr'><strong>pec-</strong></span> 
     </span>
    </p>
   </div>
   <div class='ocr_carea' id='block_1_19' title="bbox 2138 639 3684 708">
    <p class='ocr_par' dir='ltr' id='par_1_19' title="bbox 2138 639 3684 708">
     <span class='ocr_line' id='line_1_19' title="bbox 2138 639 3684 708; baseline 0 -16"><span class='ocrx_word' id='word_1_145' title='bbox 2138 647 2260 692; x_wconf 89' lang='lat' dir='ltr'><strong>cato</strong></span> <span class='ocrx_word' id='word_1_146' title='bbox 2293 640 2432 708; x_wconf 93' lang='lat' dir='ltr'><strong>quod</strong></span> <span class='ocrx_word' id='word_1_147' title='bbox 2466 639 2731 708; x_wconf 77' lang='lat' dir='ltr'><strong>peccavit,</strong></span> <span class='ocrx_word' id='word_1_148' title='bbox 2765 639 3021 694; x_wconf 90' lang='lat' dir='ltr'><strong>feminam</strong></span> <span class='ocrx_word' id='word_1_149' title='bbox 3049 641 3115 694; x_wconf 90' lang='lat' dir='ltr'><strong>de</strong></span> <span class='ocrx_word' id='word_1_150' title='bbox 3146 639 3360 700; x_wconf 88' lang='lat' dir='ltr'><strong>ovibus,</strong></span> <span class='ocrx_word' id='word_1_151' title='bbox 3390 659 3408 690; x_wconf 82' lang='grc' dir='ltr'><strong>ι</strong></span> <span class='ocrx_word' id='word_1_152' title='bbox 3438 651 3537 692; x_wconf 85' lang='lat' dir='ltr'><strong>etc.</strong></span> <span class='ocrx_word' id='word_1_153' title='bbox 3565 639 3684 706; x_wconf 86' lang='lat' dir='ltr'><strong>Quo-</strong></span> 
     </span>
    </p>
   </div>
   <div class='ocr_carea' id='block_1_20' title="bbox 2142 731 3686 803">
    <p class='ocr_par' dir='ltr' id='par_1_20' title="bbox 2142 731 3686 803">
     <span class='ocr_line' id='line_1_20' title="bbox 2142 731 3686 803; baseline -0.001 -17"><span class='ocrx_word' id='word_1_154' title='bbox 2142 733 2302 787; x_wconf 90' lang='lat' dir='ltr'><strong>modo</strong></span> <span class='ocrx_word' id='word_1_155' title='bbox 2353 733 2567 803; x_wconf 89' lang='lat' dir='ltr'><strong>quidem</strong></span> <span class='ocrx_word' id='word_1_156' title='bbox 2627 734 2669 785; x_wconf 91' lang='lat' dir='ltr'><strong>si</strong></span> <span class='ocrx_word' id='word_1_157' title='bbox 2733 731 3157 800; x_wconf 89' lang='lat' dir='ltr'><strong>pronuntiavero</strong></span> <span class='ocrx_word' id='word_1_158' title='bbox 3208 732 3366 786; x_wconf 84' lang='lat' dir='ltr'><strong>labiis</strong></span> <span class='ocrx_word' id='word_1_159' title='bbox 3424 731 3582 797; x_wconf 89' lang='lat' dir='ltr'><strong>meis,</strong></span> <span class='ocrx_word' id='word_1_160' title='bbox 3620 733 3686 787; x_wconf 79' lang='lat' dir='ltr'><strong>vel</strong></span> 
     </span>
    </p>
   </div>
   <div class='ocr_carea' id='block_1_21' title="bbox 2133 822 3688 895">
    <p class='ocr_par' dir='ltr' id='par_1_21' title="bbox 2133 822 3688 895">
     <span class='ocr_line' id='line_1_21' title="bbox 2133 822 3688 895; baseline -0.001 -17"><span class='ocrx_word' id='word_1_161' title='bbox 2133 826 2392 895; x_wconf 86' lang='lat' dir='ltr'><strong>juravero</strong></span> <span class='ocrx_word' id='word_1_162' title='bbox 2429 825 2772 888; x_wconf 85' lang='lat' dir='ltr'><strong>benefacere,</strong></span> <span class='ocrx_word' id='word_1_163' title='bbox 2815 834 2871 877; x_wconf 93' lang='lat' dir='ltr'><strong>et</strong></span> <span class='ocrx_word' id='word_1_164' title='bbox 2903 837 3009 876; x_wconf 92' lang='lat' dir='ltr'><strong>non</strong></span> <span class='ocrx_word' id='word_1_165' title='bbox 3065 822 3262 876; x_wconf 93' lang='lat' dir='ltr'><strong>faciam</strong></span> <span class='ocrx_word' id='word_1_166' title='bbox 3288 864 3302 887; x_wconf 92' lang='lat'><strong>,</strong></span> <span class='ocrx_word' id='word_1_167' title='bbox 3337 825 3541 891; x_wconf 85' lang='lat' dir='ltr'><strong>peccati</strong></span> <span class='ocrx_word' id='word_1_168' title='bbox 3588 839 3688 878; x_wconf 83' lang='lat' dir='ltr'><strong>reus</strong></span> 
     </span>
    </p>
   </div>
   <div class='ocr_carea' id='block_1_22' title="bbox 2139 916 3692 987">
    <p class='ocr_par' dir='ltr' id='par_1_22' title="bbox 2139 916 3692 987">
     <span class='ocr_line' id='line_1_22' title="bbox 2139 916 3692 987; baseline -0.003 -14"><span class='ocrx_word' id='word_1_169' title='bbox 2139 919 2264 982; x_wconf 91' lang='lat' dir='ltr'><strong>sim,</strong></span> <span class='ocrx_word' id='word_1_170' title='bbox 2292 916 2576 973; x_wconf 70' lang='lat' dir='ltr'><strong>difﬁcultas</strong></span> <span class='ocrx_word' id='word_1_171' title='bbox 2625 933 2729 971; x_wconf 90' lang='lat' dir='ltr'><strong>non</strong></span> <span class='ocrx_word' id='word_1_172' title='bbox 2771 925 2854 972; x_wconf 84' lang='lat' dir='ltr'><strong>est</strong></span> <span class='ocrx_word' id='word_1_173' title='bbox 2885 917 3178 971; x_wconf 79' lang='lat' dir='ltr'><strong>ostendere</strong></span> <span class='ocrx_word' id='word_1_174' title='bbox 3215 935 3227 969; x_wconf 87' lang='lat'><strong>:</strong></span> <span class='ocrx_word' id='word_1_175' title='bbox 3262 917 3420 987; x_wconf 78' lang='lat'><strong>196</strong></span> <span class='ocrx_word' id='word_1_176' title='bbox 3449 919 3692 986; x_wconf 87' lang='lat' dir='ltr'><strong>quomodo</strong></span> 
     </span>
    </p>
   </div>
   <div class='ocr_carea' id='block_1_23' title="bbox 2141 1009 3691 1080">
    <p class='ocr_par' dir='ltr' id='par_1_23' title="bbox 2141 1009 3691 1080">
     <span class='ocr_line' id='line_1_23' title="bbox 2141 1009 3691 1080; baseline 0 -16"><span class='ocrx_word' id='word_1_177' title='bbox 2141 1020 2320 1064; x_wconf 91' lang='lat' dir='ltr'><strong>autem</strong></span> <span class='ocrx_word' id='word_1_178' title='bbox 2357 1011 2400 1064; x_wconf 91' lang='lat' dir='ltr'><strong>si</strong></span> <span class='ocrx_word' id='word_1_179' title='bbox 2441 1009 2618 1080; x_wconf 89' lang='lat' dir='ltr'><strong>iurem</strong></span> <span class='ocrx_word' id='word_1_180' title='bbox 2646 1010 2728 1064; x_wconf 91' lang='lat' dir='ltr'><strong>vel</strong></span> <span class='ocrx_word' id='word_1_181' title='bbox 2770 1013 3117 1080; x_wconf 92' lang='lat' dir='ltr'><strong>pronuntiem</strong></span> <span class='ocrx_word' id='word_1_182' title='bbox 3160 1011 3500 1073; x_wconf 89' lang='lat' dir='ltr'><strong>malefacere,</strong></span> <span class='ocrx_word' id='word_1_183' title='bbox 3525 1020 3575 1064; x_wconf 86' lang='lat' dir='ltr'><strong>et</strong></span> <span class='ocrx_word' id='word_1_184' title='bbox 3605 1026 3691 1064; x_wconf 91' lang='lat' dir='ltr'><strong>non</strong></span> 
     </span>
    </p>
   </div>
   <div class='ocr_carea' id='block_1_24' title="bbox 2143 1103 3694 1174">
    <p class='ocr_par' dir='ltr' id='par_1_24' title="bbox 2143 1103 3694 1174">
     <span class='ocr_line' id='line_1_24' title="bbox 2143 1103 3694 1174; baseline -0.001 -18"><span class='ocrx_word' id='word_1_185' title='bbox 2143 1103 2343 1168; x_wconf 83' lang='lat' dir='ltr'><strong>fecero,</strong></span> <span class='ocrx_word' id='word_1_186' title='bbox 2387 1104 2754 1171; x_wconf 89' lang='lat' dir='ltr'><strong>peccaverim,</strong></span> <span class='ocrx_word' id='word_1_187' title='bbox 2805 1105 2971 1158; x_wconf 89' lang='lat' dir='ltr'><strong>verbo</strong></span> <span class='ocrx_word' id='word_1_188' title='bbox 3026 1104 3312 1174; x_wconf 89' lang='lat' dir='ltr'><strong>assignare</strong></span> <span class='ocrx_word' id='word_1_189' title='bbox 3355 1103 3569 1158; x_wconf 83' lang='lat' dir='ltr'><strong>difficile</strong></span> <span class='ocrx_word' id='word_1_190' title='bbox 3607 1114 3694 1157; x_wconf 85' lang='lat' dir='ltr'><strong>est.</strong></span> 
     </span>
    </p>
   </div>
   <div class='ocr_carea' id='block_1_25' title="bbox 2139 1195 3697 1267">
    <p class='ocr_par' dir='ltr' id='par_1_25' title="bbox 2139 1195 3697 1267">
     <span class='ocr_line' id='line_1_25' title="bbox 2139 1195 3697 1267; baseline -0.002 -17"><span class='ocrx_word' id='word_1_191' title='bbox 2139 1195 2444 1250; x_wconf 82' lang='lat' dir='ltr'><strong>Absurdum</strong></span> <span class='ocrx_word' id='word_1_192' title='bbox 2477 1196 2620 1250; x_wconf 91' lang='lat' dir='ltr'><strong>enim</strong></span> <span class='ocrx_word' id='word_1_193' title='bbox 2645 1197 2880 1263; x_wconf 89' lang='lat' dir='ltr'><strong>videtur,</strong></span> <span class='ocrx_word' id='word_1_194' title='bbox 2921 1197 3068 1252; x_wconf 84' lang='lat' dir='ltr'><strong>verbi</strong></span> <span class='ocrx_word' id='word_1_195' title='bbox 3100 1200 3300 1267; x_wconf 84' lang='lat' dir='ltr'><strong>gratia,</strong></span> <span class='ocrx_word' id='word_1_196' title='bbox 3332 1205 3390 1250; x_wconf 90' lang='lat' dir='ltr'><strong>ut</strong></span> <span class='ocrx_word' id='word_1_197' title='bbox 3415 1197 3460 1249; x_wconf 92' lang='lat' dir='ltr'><strong>si</strong></span> <span class='ocrx_word' id='word_1_198' title='bbox 3499 1211 3588 1264; x_wconf 89' lang='lat' dir='ltr'><strong>per</strong></span> <span class='ocrx_word' id='word_1_199' title='bbox 3609 1196 3697 1248; x_wconf 81' lang='lat' dir='ltr'><strong>ira-</strong></span> 
     </span>
    </p>
   </div>
   <div class='ocr_carea' id='block_1_26' title="bbox 2142 1281 3700 1346">
    <p class='ocr_par' dir='ltr' id='par_1_26' title="bbox 2142 1281 3700 1346">
     <span class='ocr_line' id='line_1_26' title="bbox 2142 1281 3700 1346; baseline -0.005 -6"><span class='ocrx_word' id='word_1_200' title='bbox 2142 1285 2391 1340; x_wconf 86' lang='lat' dir='ltr'><strong>cundiam</strong></span> <span class='ocrx_word' id='word_1_201' title='bbox 2425 1285 2613 1338; x_wconf 73' lang='lat' dir='ltr'><strong>dixero</strong></span> <span class='ocrx_word' id='word_1_202' title='bbox 2641 1300 2727 1338; x_wconf 94' lang='lat' dir='ltr'><strong>me</strong></span> <span class='ocrx_word' id='word_1_203' title='bbox 2760 1285 3034 1338; x_wconf 89' lang='lat' dir='ltr'><strong>hominem</strong></span> <span class='ocrx_word' id='word_1_204' title='bbox 3067 1284 3396 1346; x_wconf 90' lang='lat' dir='ltr'><strong>occisurum,</strong></span> <span class='ocrx_word' id='word_1_205' title='bbox 3427 1292 3483 1336; x_wconf 92' lang='lat' dir='ltr'><strong>et</strong></span> <span class='ocrx_word' id='word_1_206' title='bbox 3520 1297 3616 1334; x_wconf 93' lang='lat' dir='ltr'><strong>non</strong></span> <span class='ocrx_word' id='word_1_207' title='bbox 3641 1281 3700 1332; x_wconf 86' lang='lat' dir='ltr'><strong>fc-</strong></span> 
     </span>
    </p>
   </div>
   <div class='ocr_carea' id='block_1_27' title="bbox 2142 1372 3700 1445">
    <p class='ocr_par' dir='ltr' id='par_1_27' title="bbox 2142 1372 3700 1445">
     <span class='ocr_line' id='line_1_27' title="bbox 2142 1372 3700 1445; baseline -0.004 -16"><span class='ocrx_word' id='word_1_208' title='bbox 2142 1390 2288 1440; x_wconf 91' lang='lat' dir='ltr'><strong>cero,</strong></span> <span class='ocrx_word' id='word_1_209' title='bbox 2314 1391 2379 1429; x_wconf 92' lang='lat' dir='ltr'><strong>ne</strong></span> <span class='ocrx_word' id='word_1_210' title='bbox 2418 1375 2663 1445; x_wconf 69' lang='lat' dir='ltr'><strong>peierare</strong></span> <span class='ocrx_word' id='word_1_211' title='bbox 2698 1374 2810 1445; x_wconf 87' lang='lat'>(76)</span> <span class='ocrx_word' id='word_1_212' title='bbox 2844 1386 2934 1429; x_wconf 92' lang='lat' dir='ltr'><strong>aut</strong></span> <span class='ocrx_word' id='word_1_213' title='bbox 2985 1374 3177 1429; x_wconf 88' lang='lat' dir='ltr'><strong>fallere</strong></span> <span class='ocrx_word' id='word_1_214' title='bbox 3227 1374 3434 1436; x_wconf 89' lang='lat' dir='ltr'><strong>videar,</strong></span> <span class='ocrx_word' id='word_1_215' title='bbox 3470 1387 3625 1441; x_wconf 87' lang='lat' dir='ltr'><strong>cogar</strong></span> <span class='ocrx_word' id='word_1_216' title='bbox 3648 1372 3700 1422; x_wconf 88' lang='lat' dir='ltr'><strong>ad</strong></span> 
     </span>
    </p>
   </div>
   <div class='ocr_carea' id='block_1_28' title="bbox 2143 1464 3699 1537">
    <p class='ocr_par' dir='ltr' id='par_1_28' title="bbox 2143 1464 3699 1537">
     <span class='ocr_line' id='line_1_28' title="bbox 2143 1464 3699 1537; baseline -0.003 -16"><span class='ocrx_word' id='word_1_217' title='bbox 2143 1467 2464 1536; x_wconf 82' lang='lat' dir='ltr'><strong>explendum</strong></span> <span class='ocrx_word' id='word_1_218' title='bbox 2505 1483 2662 1537; x_wconf 91' lang='lat' dir='ltr'><strong>opus,</strong></span> <span class='ocrx_word' id='word_1_219' title='bbox 2696 1469 2839 1536; x_wconf 91' lang='lat' dir='ltr'><strong>quod</strong></span> <span class='ocrx_word' id='word_1_220' title='bbox 2889 1478 3090 1522; x_wconf 86' lang='lat' dir='ltr'><strong>temere</strong></span> <span class='ocrx_word' id='word_1_221' title='bbox 3145 1475 3198 1521; x_wconf 90' lang='lat' dir='ltr'><strong>et</strong></span> <span class='ocrx_word' id='word_1_222' title='bbox 3242 1466 3430 1520; x_wconf 92' lang='lat' dir='ltr'><strong>illicite</strong></span> <span class='ocrx_word' id='word_1_223' title='bbox 3482 1464 3699 1533; x_wconf 84' lang='lat' dir='ltr'><strong>promisi.</strong></span> 
     </span>
    </p>
   </div>
   <div class='ocr_carea' id='block_1_29' title="bbox 2143 1556 3701 1629">
    <p class='ocr_par' dir='ltr' id='par_1_29' title="bbox 2143 1556 3701 1629">
     <span class='ocr_line' id='line_1_29' title="bbox 2143 1556 3701 1629; baseline -0.003 -19"><span class='ocrx_word' id='word_1_224' title='bbox 2143 1560 2458 1625; x_wconf 63' lang='lat' dir='ltr'><strong>Quaeramus</strong></span> <span class='ocrx_word' id='word_1_225' title='bbox 2479 1575 2608 1627; x_wconf 80' lang='lat' dir='ltr'><strong>ergo</strong></span> <span class='ocrx_word' id='word_1_226' title='bbox 2638 1575 2757 1629; x_wconf 66' lang='lat' dir='ltr'><strong>quas</strong></span> <span class='ocrx_word' id='word_1_227' title='bbox 2791 1561 2861 1613; x_wconf 88' lang='lat' dir='ltr'><strong>sit</strong></span> <span class='ocrx_word' id='word_1_228' title='bbox 2894 1575 3012 1625; x_wconf 92' lang='lat' dir='ltr'><strong>res,</strong></span> <span class='ocrx_word' id='word_1_229' title='bbox 3048 1560 3098 1613; x_wconf 94' lang='lat' dir='ltr'><strong>in</strong></span> <span class='ocrx_word' id='word_1_230' title='bbox 3129 1574 3259 1627; x_wconf 88' lang='lat' dir='ltr'><strong>qua,</strong></span> <span class='ocrx_word' id='word_1_231' title='bbox 3285 1559 3327 1612; x_wconf 90' lang='lat' dir='ltr'><strong>si</strong></span> <span class='ocrx_word' id='word_1_232' title='bbox 3363 1556 3701 1626; x_wconf 84' lang='lat' dir='ltr'><strong>promittimus</strong></span> 
     </span>
    </p>
   </div>
   <div class='ocr_carea' id='block_1_30' title="bbox 2145 1647 3701 1719">
    <p class='ocr_par' dir='ltr' id='par_1_30' title="bbox 2145 1647 3701 1719">
     <span class='ocr_line' id='line_1_30' title="bbox 2145 1647 3701 1719; baseline -0.004 -13"><span class='ocrx_word' id='word_1_233' title='bbox 2145 1669 2244 1707; x_wconf 91' lang='lat' dir='ltr'><strong>nos</strong></span> <span class='ocrx_word' id='word_1_234' title='bbox 2288 1653 2613 1707; x_wconf 89' lang='lat' dir='ltr'><strong>malefacere</strong></span> <span class='ocrx_word' id='word_1_235' title='bbox 2636 1694 2649 1717; x_wconf 95' lang='lat'><strong>,</strong></span> <span class='ocrx_word' id='word_1_236' title='bbox 2683 1662 2736 1707; x_wconf 94' lang='lat' dir='ltr'><strong>et</strong></span> <span class='ocrx_word' id='word_1_237' title='bbox 2772 1669 2875 1708; x_wconf 92' lang='lat' dir='ltr'><strong>non</strong></span> <span class='ocrx_word' id='word_1_238' title='bbox 2933 1653 3223 1706; x_wconf 79' lang='lat' dir='ltr'><strong>fecerimus</strong></span> <span class='ocrx_word' id='word_1_239' title='bbox 3247 1691 3261 1715; x_wconf 95' lang='lat'><strong>,</strong></span> <span class='ocrx_word' id='word_1_240' title='bbox 3301 1664 3625 1719; x_wconf 89' lang='lat' dir='ltr'><strong>peccamus;</strong></span> <span class='ocrx_word' id='word_1_241' title='bbox 3663 1647 3701 1700; x_wconf 88' lang='lat' dir='ltr'><strong>si</strong></span> 
     </span>
    </p>
   </div>
   <div class='ocr_carea' id='block_1_31' title="bbox 2149 1741 3680 1813">
    <p class='ocr_par' dir='ltr' id='par_1_31' title="bbox 2149 1741 3680 1813">
     <span class='ocr_line' id='line_1_31' title="bbox 2149 1741 3680 1813; baseline -0.003 -16"><span class='ocrx_word' id='word_1_242' title='bbox 2149 1761 2284 1800; x_wconf 88' lang='lat' dir='ltr'><strong>vero</strong></span> <span class='ocrx_word' id='word_1_243' title='bbox 2332 1745 2639 1810; x_wconf 82' lang='lat' dir='ltr'><strong>fecerimus,</strong></span> <span class='ocrx_word' id='word_1_244' title='bbox 2677 1761 3008 1800; x_wconf 82' lang='lat' dir='ltr'><strong>excusemur</strong></span> <span class='ocrx_word' id='word_1_245' title='bbox 3039 1760 3066 1796; x_wconf 91' lang='lat' dir='ltr'><strong>a</strong></span> <span class='ocrx_word' id='word_1_246' title='bbox 3103 1754 3359 1813; x_wconf 88' lang='lat' dir='ltr'><strong>peccato,</strong></span> <span class='ocrx_word' id='word_1_247' title='bbox 3398 1750 3456 1794; x_wconf 92' lang='lat' dir='ltr'><strong>ut</strong></span> <span class='ocrx_word' id='word_1_248' title='bbox 3490 1741 3680 1794; x_wconf 72' lang='lat' dir='ltr'><strong>ration:</strong></span> 
     </span>
    </p>
   </div>
   <div class='ocr_carea' id='block_1_32' title="bbox 457 1807 3698 1908">
    <p class='ocr_par' dir='ltr' id='par_1_32' title="bbox 457 1807 3698 1908">
     <span class='ocr_line' id='line_1_32' title="bbox 457 1807 3698 1908; baseline -0.003 -13"><span class='ocrx_word' id='word_1_249' title='bbox 457 1841 594 1896; x_wconf 89' lang='lat' dir='ltr'><strong>cidit</strong></span> <span class='ocrx_word' id='word_1_250' title='bbox 621 1841 674 1894; x_wconf 92' lang='lat' dir='ltr'><strong>in</strong></span> <span class='ocrx_word' id='word_1_251' title='bbox 715 1849 1031 1908; x_wconf 85' lang='lat' dir='ltr'><strong>peccatum;</strong></span> <span class='ocrx_word' id='word_1_252' title='bbox 1073 1837 1116 1891; x_wconf 93' lang='lat' dir='ltr'><strong>si</strong></span> <span class='ocrx_word' id='word_1_253' title='bbox 1169 1837 1290 1906; x_wconf 90' lang='lat' dir='ltr'><strong>quis</strong></span> <span class='ocrx_word' id='word_1_254' title='bbox 1339 1851 1460 1890; x_wconf 89' lang='lat' dir='ltr'><strong>eum</strong></span> <span class='ocrx_word' id='word_1_255' title='bbox 1491 1844 1752 1904; x_wconf 85' lang='lat' dir='ltr'><strong>sequatur</strong></span> <span class='ocrx_word' id='word_1_256' title='bbox 1789 1843 1883 1887; x_wconf 91' lang='lat' dir='ltr'><strong>aut</strong></span> <span class='ocrx_word' id='word_1_257' title='bbox 1919 1833 2045 1886; x_wconf 91' lang='lat' dir='ltr'><strong>imi-</strong></span> <span class='ocrx_word' id='word_1_258' title='bbox 2079 1807 2121 1862; x_wconf 73' lang='grc' dir='ltr'>Β</span> <span class='ocrx_word' id='word_1_259' title='bbox 2153 1835 2332 1889; x_wconf 83' lang='lat' dir='ltr'><strong>bilitor</strong></span> <span class='ocrx_word' id='word_1_260' title='bbox 2378 1843 2522 1890; x_wconf 84' lang='lat' dir='ltr'><strong>stare</strong></span> <span class='ocrx_word' id='word_1_261' title='bbox 2568 1837 2818 1904; x_wconf 68' lang='lat' dir='ltr'><strong>prmeepti</strong></span> <span class='ocrx_word' id='word_1_262' title='bbox 2868 1836 3069 1888; x_wconf 89' lang='lat' dir='ltr'><strong>veritas</strong></span> <span class='ocrx_word' id='word_1_263' title='bbox 3119 1835 3312 1904; x_wconf 89' lang='lat' dir='ltr'><strong>possit.</strong></span> <span class='ocrx_word' id='word_1_264' title='bbox 3361 1834 3624 1899; x_wconf 88' lang='lat' dir='ltr'><strong>Quantum</strong></span> <span class='ocrx_word' id='word_1_265' title='bbox 3658 1831 3698 1884; x_wconf 84' lang='lat' dir='ltr'><strong>in</strong></span> 
     </span>
    </p>
   </div>
   <div class='ocr_carea' id='block_1_33' title="bbox 460 1924 2044 1996">
    <p class='ocr_par' dir='ltr' id='par_1_33' title="bbox 460 1924 2044 1996">
     <span class='ocr_line' id='line_1_33' title="bbox 460 1924 2044 1996; baseline -0.006 -11"><span class='ocrx_word' id='word_1_266' title='bbox 460 1940 625 1995; x_wconf 89' lang='lat' dir='ltr'><strong>tetur,</strong></span> <span class='ocrx_word' id='word_1_267' title='bbox 677 1929 915 1984; x_wconf 91' lang='lat' dir='ltr'><strong>hominis</strong></span> <span class='ocrx_word' id='word_1_268' title='bbox 967 1927 1230 1996; x_wconf 89' lang='lat' dir='ltr'><strong>contingit</strong></span> <span class='ocrx_word' id='word_1_269' title='bbox 1265 1927 1641 1989; x_wconf 91' lang='lat' dir='ltr'><strong>morticinum,</strong></span> <span class='ocrx_word' id='word_1_270' title='bbox 1687 1934 1742 1980; x_wconf 91' lang='lat' dir='ltr'><strong>et</strong></span> <span class='ocrx_word' id='word_1_271' title='bbox 1798 1925 1906 1979; x_wconf 85' lang='lat' dir='ltr'><strong>erit</strong></span> <span class='ocrx_word' id='word_1_272' title='bbox 1941 1924 2044 1976; x_wconf 91' lang='lat' dir='ltr'><strong>im-</strong></span> 
     </span>
    </p>
   </div>
   <div class='ocr_carea' id='block_1_34' title="bbox 458 2013 2042 2086">
    <p class='ocr_par' dir='ltr' id='par_1_34' title="bbox 458 2013 2042 2086">
     <span class='ocr_line' id='line_1_34' title="bbox 458 2013 2042 2086; baseline -0.005 -12"><span class='ocrx_word' id='word_1_273' title='bbox 458 2021 714 2074; x_wconf 90' lang='lat' dir='ltr'><strong>mundus.</strong></span> <span class='ocrx_word' id='word_1_274' title='bbox 747 2018 850 2074; x_wconf 90' lang='lat' dir='ltr'><strong>Sed</strong></span> <span class='ocrx_word' id='word_1_275' title='bbox 903 2028 958 2072; x_wconf 90' lang='lat' dir='ltr'><strong>et</strong></span> <span class='ocrx_word' id='word_1_276' title='bbox 1003 2033 1031 2070; x_wconf 90' lang='lat' dir='ltr'><strong>a</strong></span> <span class='ocrx_word' id='word_1_277' title='bbox 1067 2018 1179 2071; x_wconf 85' lang='lat' dir='ltr'><strong>fera</strong></span> <span class='ocrx_word' id='word_1_278' title='bbox 1217 2026 1436 2086; x_wconf 90' lang='lat' dir='ltr'><strong>captum</strong></span> <span class='ocrx_word' id='word_1_279' title='bbox 1493 2015 1537 2070; x_wconf 89' lang='lat' dir='ltr'><strong>si</strong></span> <span class='ocrx_word' id='word_1_280' title='bbox 1595 2015 1913 2083; x_wconf 80' lang='lat' dir='ltr'><strong>contigeris,</strong></span> <span class='ocrx_word' id='word_1_281' title='bbox 1949 2013 2042 2066; x_wconf 87' lang='lat' dir='ltr'><strong>im-</strong></span> 
     </span>
    </p>
   </div>
   <div class='ocr_carea' id='block_1_35' title="bbox 459 2107 2046 2176">
    <p class='ocr_par' dir='ltr' id='par_1_35' title="bbox 459 2107 2046 2176">
     <span class='ocr_line' id='line_1_35' title="bbox 459 2107 2046 2176; baseline -0.004 -10"><span class='ocrx_word' id='word_1_282' title='bbox 459 2112 696 2166; x_wconf 90' lang='lat' dir='ltr'><strong>mundus</strong></span> <span class='ocrx_word' id='word_1_283' title='bbox 728 2112 858 2166; x_wconf 92' lang='lat' dir='ltr'><strong>eris.</strong></span> <span class='ocrx_word' id='word_1_284' title='bbox 890 2111 1021 2176; x_wconf 75' lang='lat' dir='ltr'><strong>Quae</strong></span> <span class='ocrx_word' id='word_1_285' title='bbox 1053 2119 1133 2163; x_wconf 93' lang='lat' dir='ltr'><strong>est</strong></span> <span class='ocrx_word' id='word_1_286' title='bbox 1171 2108 1331 2162; x_wconf 88' lang='lat' dir='ltr'><strong>fera?</strong></span> <span class='ocrx_word' id='word_1_287' title='bbox 1367 2107 1451 2161; x_wconf 93' lang='lat' dir='ltr'><strong>leo</strong></span> <span class='ocrx_word' id='word_1_288' title='bbox 1487 2115 1590 2172; x_wconf 90' lang='lat' dir='ltr'><strong>est,</strong></span> <span class='ocrx_word' id='word_1_289' title='bbox 1624 2122 1689 2160; x_wconf 90' lang='lat' dir='ltr'><strong>an</strong></span> <span class='ocrx_word' id='word_1_290' title='bbox 1722 2107 1895 2175; x_wconf 91' lang='lat' dir='ltr'><strong>lupus,</strong></span> <span class='ocrx_word' id='word_1_291' title='bbox 1927 2120 2046 2175; x_wconf 68' lang='lat' dir='ltr'><strong>qua:</strong></span> 
     </span>
    </p>
   </div>
   <div class='ocr_carea' id='block_1_36' title="bbox 458 2198 2043 2274">
    <p class='ocr_par' dir='ltr' id='par_1_36' title="bbox 458 2198 2043 2274">
     <span class='ocr_line' id='line_1_36' title="bbox 458 2198 2043 2274; baseline -0.005 -16"><span class='ocrx_word' id='word_1_292' title='bbox 458 2204 600 2274; x_wconf 83' lang='lat' dir='ltr'><strong>rapit</strong></span> <span class='ocrx_word' id='word_1_293' title='bbox 648 2203 922 2267; x_wconf 89' lang='lat' dir='ltr'><strong>homines,</strong></span> <span class='ocrx_word' id='word_1_294' title='bbox 953 2201 1038 2254; x_wconf 86' lang='lat' dir='ltr'><strong>vel</strong></span> <span class='ocrx_word' id='word_1_295' title='bbox 1081 2201 1327 2270; x_wconf 87' lang='lat' dir='ltr'><strong>iumenta</strong></span> <span class='ocrx_word' id='word_1_296' title='bbox 1371 2200 1394 2252; x_wconf 88' lang='lat'><strong>?</strong></span> <span class='ocrx_word' id='word_1_297' title='bbox 1428 2199 1546 2263; x_wconf 89' lang='lat' dir='ltr'><strong>illa,</strong></span> <span class='ocrx_word' id='word_1_298' title='bbox 1577 2199 1763 2262; x_wconf 88' lang='lat' dir='ltr'><strong>credo,</strong></span> <span class='ocrx_word' id='word_1_299' title='bbox 1798 2198 1912 2251; x_wconf 85' lang='lat' dir='ltr'><strong>fera</strong></span> <span class='ocrx_word' id='word_1_300' title='bbox 1939 2207 2043 2263; x_wconf 90' lang='lat' dir='ltr'><strong>est,</strong></span> 
     </span>
    </p>
   </div>
   <div class='ocr_carea' id='block_1_37' title="bbox 459 2291 2044 2364">
    <p class='ocr_par' dir='ltr' id='par_1_37' title="bbox 459 2291 2044 2364">
     <span class='ocr_line' id='line_1_37' title="bbox 459 2291 2044 2364; baseline -0.003 -14"><span class='ocrx_word' id='word_1_301' title='bbox 459 2294 525 2350; x_wconf 88' lang='lat' dir='ltr'><strong>de</strong></span> <span class='ocrx_word' id='word_1_302' title='bbox 554 2310 658 2364; x_wconf 89' lang='lat' dir='ltr'><strong>qua</strong></span> <span class='ocrx_word' id='word_1_303' title='bbox 691 2294 821 2348; x_wconf 86' lang='lat' dir='ltr'><strong>dicit</strong></span> <span class='ocrx_word' id='word_1_304' title='bbox 848 2293 1042 2348; x_wconf 88' lang='lat' dir='ltr'><strong>Petrus</strong></span> <span class='ocrx_word' id='word_1_305' title='bbox 1077 2293 1351 2361; x_wconf 81' lang='lat' dir='ltr'><strong>apostolus</strong></span> <span class='ocrx_word' id='word_1_306' title='bbox 1376 2294 1445 2356; x_wconf 71' lang='lat'><strong>99,</strong></span> <span class='ocrx_word' id='word_1_307' title='bbox 1488 2310 1504 2343; x_wconf 87' lang='grc' dir='ltr'><strong>ι</strong></span> <span class='ocrx_word' id='word_1_308' title='bbox 1539 2292 1666 2362; x_wconf 86' lang='lat' dir='ltr'><strong>quia</strong></span> <span class='ocrx_word' id='word_1_309' title='bbox 1699 2291 2044 2347; x_wconf 86' lang='lat' dir='ltr'><strong>adversarius</strong></span> 
     </span>
    </p>
   </div>
   <div class='ocr_carea' id='block_1_38' title="bbox 457 2385 2046 2455">
    <p class='ocr_par' dir='ltr' id='par_1_38' title="bbox 457 2385 2046 2455">
     <span class='ocr_line' id='line_1_38' title="bbox 457 2385 2046 2455; baseline -0.001 -14"><span class='ocrx_word' id='word_1_310' title='bbox 457 2398 644 2443; x_wconf 78' lang='lat' dir='ltr'><strong>vester</strong></span> <span class='ocrx_word' id='word_1_311' title='bbox 675 2387 949 2450; x_wconf 85' lang='lat' dir='ltr'><strong>diabolus,</strong></span> <span class='ocrx_word' id='word_1_312' title='bbox 983 2387 1122 2440; x_wconf 88' lang='lat' dir='ltr'><strong>sicut</strong></span> <span class='ocrx_word' id='word_1_313' title='bbox 1154 2386 1236 2440; x_wconf 90' lang='lat' dir='ltr'><strong>leo</strong></span> <span class='ocrx_word' id='word_1_314' title='bbox 1273 2386 1496 2455; x_wconf 83' lang='lat' dir='ltr'><strong>rugiens</strong></span> <span class='ocrx_word' id='word_1_315' title='bbox 1540 2385 1756 2448; x_wconf 90' lang='lat' dir='ltr'><strong>circuit,</strong></span> <span class='ocrx_word' id='word_1_316' title='bbox 1791 2401 2046 2453; x_wconf 68' lang='lat' dir='ltr'><strong>qurerens</strong></span> 
     </span>
    </p>
   </div>
   <div class='ocr_carea' id='block_1_39' title="bbox 460 2475 2040 2550">
    <p class='ocr_par' dir='ltr' id='par_1_39' title="bbox 460 2475 2040 2550">
     <span class='ocr_line' id='line_1_39' title="bbox 460 2475 2040 2550; baseline -0.004 -17"><span class='ocrx_word' id='word_1_317' title='bbox 460 2495 618 2548; x_wconf 89' lang='lat' dir='ltr'><strong>quem</strong></span> <span class='ocrx_word' id='word_1_318' title='bbox 655 2489 960 2533; x_wconf 89' lang='lat' dir='ltr'><strong>transvoret</strong></span> <span class='ocrx_word' id='word_1_319' title='bbox 987 2475 1120 2550; x_wconf 79' lang='lat'>(7&#39;5).</span> <span class='ocrx_word' id='word_1_320' title='bbox 1151 2479 1245 2532; x_wconf 90' lang='lat' dir='ltr'><strong>Cui</strong></span> <span class='ocrx_word' id='word_1_321' title='bbox 1277 2479 1510 2532; x_wconf 84' lang='lat' dir='ltr'><strong>resistite</strong></span> <span class='ocrx_word' id='word_1_322' title='bbox 1554 2475 1722 2529; x_wconf 87' lang='lat' dir='ltr'><strong>fortes</strong></span> <span class='ocrx_word' id='word_1_323' title='bbox 1757 2476 1811 2529; x_wconf 93' lang='lat' dir='ltr'><strong>in</strong></span> <span class='ocrx_word' id='word_1_324' title='bbox 1857 2477 1980 2531; x_wconf 81' lang='lat' dir='ltr'><strong>fide.</strong></span> <span class='ocrx_word' id='word_1_325' title='bbox 2023 2495 2040 2527; x_wconf 76' lang='grc' dir='ltr'><strong>ι</strong></span> 
     </span>
    </p>
   </div>
   <div class='ocr_carea' id='block_1_40' title="bbox 461 2566 2046 2638">
    <p class='ocr_par' dir='ltr' id='par_1_40' title="bbox 461 2566 2046 2638">
     <span class='ocr_line' id='line_1_40' title="bbox 461 2566 2046 2638; baseline -0.004 -12"><span class='ocrx_word' id='word_1_326' title='bbox 461 2571 531 2626; x_wconf 87' lang='grc' dir='ltr'>Ει</span> <span class='ocrx_word' id='word_1_327' title='bbox 563 2586 776 2625; x_wconf 86' lang='lat' dir='ltr'><strong>rursum</strong></span> <span class='ocrx_word' id='word_1_328' title='bbox 803 2572 867 2623; x_wconf 90' lang='lat' dir='ltr'><strong>de</strong></span> <span class='ocrx_word' id='word_1_329' title='bbox 895 2571 1091 2638; x_wconf 90' lang='lat' dir='ltr'><strong>quibus</strong></span> <span class='ocrx_word' id='word_1_330' title='bbox 1119 2569 1252 2624; x_wconf 90' lang='lat' dir='ltr'><strong>dicit</strong></span> <span class='ocrx_word' id='word_1_331' title='bbox 1277 2568 1556 2638; x_wconf 88' lang='lat' dir='ltr'><strong>apostolus</strong></span> <span class='ocrx_word' id='word_1_332' title='bbox 1585 2566 1784 2620; x_wconf 85' lang='lat' dir='ltr'><strong>Paulus</strong></span> <span class='ocrx_word' id='word_1_333' title='bbox 1811 2569 1826 2598; x_wconf 83' lang='grc'>¹</span> <span class='ocrx_word' id='word_1_334' title='bbox 1861 2587 1874 2622; x_wconf 90' lang='lat'><strong>:</strong></span> <span class='ocrx_word' id='word_1_335' title='bbox 1905 2587 1922 2618; x_wconf 81' lang='grc' dir='ltr'><strong>ι</strong></span> <span class='ocrx_word' id='word_1_336' title='bbox 1962 2566 2046 2620; x_wconf 86' lang='lat' dir='ltr'><strong>ln-</strong></span> 
     </span>
    </p>
   </div>
   <div class='ocr_carea' id='block_1_41' title="bbox 465 2659 2042 2729">
    <p class='ocr_par' dir='ltr' id='par_1_41' title="bbox 465 2659 2042 2729">
     <span class='ocr_line' id='line_1_41' title="bbox 465 2659 2042 2729; baseline -0.003 -13"><span class='ocrx_word' id='word_1_337' title='bbox 465 2663 690 2716; x_wconf 88' lang='lat' dir='ltr'><strong>trahunt</strong></span> <span class='ocrx_word' id='word_1_338' title='bbox 719 2660 864 2716; x_wconf 91' lang='lat' dir='ltr'><strong>enim</strong></span> <span class='ocrx_word' id='word_1_339' title='bbox 898 2669 1018 2729; x_wconf 91' lang='lat' dir='ltr'><strong>post</strong></span> <span class='ocrx_word' id='word_1_340' title='bbox 1057 2660 1357 2714; x_wconf 89' lang='lat' dir='ltr'><strong>discessum</strong></span> <span class='ocrx_word' id='word_1_341' title='bbox 1411 2674 1588 2712; x_wconf 90' lang='lat' dir='ltr'><strong>meum</strong></span> <span class='ocrx_word' id='word_1_342' title='bbox 1629 2659 1739 2726; x_wconf 86' lang='lat' dir='ltr'><strong>lupi</strong></span> <span class='ocrx_word' id='word_1_343' title='bbox 1798 2673 2042 2728; x_wconf 87' lang='lat' dir='ltr'><strong>rapaces,</strong></span> 
     </span>
    </p>
   </div>
   <div class='ocr_carea' id='block_1_42' title="bbox 466 2749 2042 2823">
    <p class='ocr_par' dir='ltr' id='par_1_42' title="bbox 466 2749 2042 2823">
     <span class='ocr_line' id='line_1_42' title="bbox 466 2749 2042 2823; baseline -0.004 -15"><span class='ocrx_word' id='word_1_344' title='bbox 466 2769 573 2808; x_wconf 91' lang='lat' dir='ltr'><strong>non</strong></span> <span class='ocrx_word' id='word_1_345' title='bbox 610 2762 896 2823; x_wconf 88' lang='lat' dir='ltr'><strong>parcentes</strong></span> <span class='ocrx_word' id='word_1_346' title='bbox 928 2750 1099 2821; x_wconf 81' lang='lat' dir='ltr'><strong>gregi.</strong></span> <span class='ocrx_word' id='word_1_347' title='bbox 1121 2767 1139 2802; x_wconf 80' lang='grc' dir='ltr'><strong>ι</strong></span> <span class='ocrx_word' id='word_1_348' title='bbox 1162 2750 1243 2804; x_wconf 80' lang='lat' dir='ltr'><strong>Ab</strong></span> <span class='ocrx_word' id='word_1_349' title='bbox 1273 2750 1392 2804; x_wconf 87' lang='lat' dir='ltr'><strong>istis</strong></span> <span class='ocrx_word' id='word_1_350' title='bbox 1421 2763 1554 2818; x_wconf 88' lang='lat' dir='ltr'><strong>ergo</strong></span> <span class='ocrx_word' id='word_1_351' title='bbox 1586 2749 1714 2802; x_wconf 85' lang='lat' dir='ltr'><strong>feris</strong></span> <span class='ocrx_word' id='word_1_352' title='bbox 1751 2749 1794 2802; x_wconf 91' lang='lat' dir='ltr'><strong>si</strong></span> <span class='ocrx_word' id='word_1_353' title='bbox 1827 2760 2042 2818; x_wconf 88' lang='lat' dir='ltr'><strong>captum</strong></span> 
     </span>
    </p>
   </div>
   <div class='ocr_carea' id='block_1_43' title="bbox 463 2833 2044 2911">
    <p class='ocr_par' dir='ltr' id='par_1_43' title="bbox 463 2833 2044 2911">
     <span class='ocr_line' id='line_1_43' title="bbox 463 2833 2044 2911; baseline -0.003 -13"><span class='ocrx_word' id='word_1_354' title='bbox 463 2845 690 2911; x_wconf 88' lang='lat' dir='ltr'><strong>videris,</strong></span> <span class='ocrx_word' id='word_1_355' title='bbox 743 2843 855 2897; x_wconf 90' lang='lat' dir='ltr'><strong>noli</strong></span> <span class='ocrx_word' id='word_1_356' title='bbox 885 2857 1006 2896; x_wconf 91' lang='lat' dir='ltr'><strong>eum</strong></span> <span class='ocrx_word' id='word_1_357' title='bbox 1038 2842 1214 2910; x_wconf 92' lang='lat' dir='ltr'><strong>sequi,</strong></span> <span class='ocrx_word' id='word_1_358' title='bbox 1264 2840 1371 2894; x_wconf 91' lang='lat' dir='ltr'><strong>noli</strong></span> <span class='ocrx_word' id='word_1_359' title='bbox 1415 2833 1754 2908; x_wconf 84' lang='lat' dir='ltr'><strong>contingere,</strong></span> <span class='ocrx_word' id='word_1_360' title='bbox 1793 2855 1860 2894; x_wconf 91' lang='lat' dir='ltr'><strong>ne</strong></span> <span class='ocrx_word' id='word_1_361' title='bbox 1896 2851 1950 2893; x_wconf 77' lang='lat' dir='ltr'><strong>et</strong></span> <span class='ocrx_word' id='word_1_362' title='bbox 1991 2850 2044 2894; x_wconf 91' lang='lat' dir='ltr'><strong>tu</strong></span> 
     </span>
    </p>
   </div>
   <div class='ocr_carea' id='block_1_44' title="bbox 465 2931 2043 2999">
    <p class='ocr_par' dir='ltr' id='par_1_44' title="bbox 465 2931 2043 2999">
     <span class='ocr_line' id='line_1_44' title="bbox 465 2931 2043 2999; baseline -0.004 -8"><span class='ocrx_word' id='word_1_363' title='bbox 465 2935 721 2991; x_wconf 80' lang='lat' dir='ltr'><strong>eiiiciaris</strong></span> <span class='ocrx_word' id='word_1_364' title='bbox 751 2935 1084 2989; x_wconf 89' lang='lat' dir='ltr'><strong>immundus.</strong></span> <span class='ocrx_word' id='word_1_365' title='bbox 1117 2933 1256 2988; x_wconf 90' lang='lat' dir='ltr'><strong>Sunt</strong></span> <span class='ocrx_word' id='word_1_366' title='bbox 1293 2941 1556 2999; x_wconf 66' lang='lat' dir='ltr'><strong>praetcrea</strong></span> <span class='ocrx_word' id='word_1_367' title='bbox 1588 2941 1640 2984; x_wconf 90' lang='lat' dir='ltr'><strong>et</strong></span> <span class='ocrx_word' id='word_1_368' title='bbox 1669 2931 1774 2986; x_wconf 88' lang='lat' dir='ltr'><strong>alia</strong></span> <span class='ocrx_word' id='word_1_369' title='bbox 1809 2932 2043 2986; x_wconf 90' lang='lat' dir='ltr'><strong>immun-</strong></span> 
     </span>
    </p>
   </div>
   <div class='ocr_carea' id='block_1_45' title="bbox 467 3024 2043 3096">
    <p class='ocr_par' dir='ltr' id='par_1_45' title="bbox 467 3024 2043 3096">
     <span class='ocr_line' id='line_1_45' title="bbox 467 3024 2043 3096; baseline -0.004 -13"><span class='ocrx_word' id='word_1_370' title='bbox 467 3031 536 3084; x_wconf 84' lang='lat' dir='ltr'><strong>da</strong></span> <span class='ocrx_word' id='word_1_371' title='bbox 577 3027 853 3090; x_wconf 87' lang='lat' dir='ltr'><strong>animalia,</strong></span> <span class='ocrx_word' id='word_1_372' title='bbox 907 3041 1138 3096; x_wconf 91' lang='lat' dir='ltr'><strong>quorum</strong></span> <span class='ocrx_word' id='word_1_373' title='bbox 1185 3025 1531 3079; x_wconf 86' lang='lat' dir='ltr'><strong>morticinum</strong></span> <span class='ocrx_word' id='word_1_374' title='bbox 1581 3033 1729 3079; x_wconf 81' lang='lat' dir='ltr'><strong>vetat</strong></span> <span class='ocrx_word' id='word_1_375' title='bbox 1779 3024 2043 3092; x_wconf 84' lang='lat' dir='ltr'><strong>contingi.</strong></span> 
     </span>
    </p>
   </div>
   <div class='ocr_carea' id='block_1_46' title="bbox 2148 1925 3689 1996">
    <p class='ocr_par' dir='ltr' id='par_1_46' title="bbox 2148 1925 3689 1996">
     <span class='ocr_line' id='line_1_46' title="bbox 2148 1925 3689 1996; baseline -0.001 -18"><span class='ocrx_word' id='word_1_376' title='bbox 2148 1925 2252 1979; x_wconf 92' lang='lat' dir='ltr'><strong>hoc</strong></span> <span class='ocrx_word' id='word_1_377' title='bbox 2298 1925 2415 1979; x_wconf 91' lang='lat' dir='ltr'><strong>loco</strong></span> <span class='ocrx_word' id='word_1_378' title='bbox 2444 1927 2850 1996; x_wconf 87' lang='lat' dir='ltr'><strong>intelligendum</strong></span> <span class='ocrx_word' id='word_1_379' title='bbox 2888 1927 3134 1989; x_wconf 88' lang='lat' dir='ltr'><strong>videtur,</strong></span> <span class='ocrx_word' id='word_1_380' title='bbox 3171 1925 3498 1980; x_wconf 71' lang='lat' dir='ltr'><strong>madefacere</strong></span> <span class='ocrx_word' id='word_1_381' title='bbox 3528 1925 3689 1978; x_wconf 88' lang='lat' dir='ltr'><strong>adver-</strong></span> 
     </span>
    </p>
   </div>
   <div class='ocr_carea' id='block_1_47' title="bbox 2148 2017 3701 2088">
    <p class='ocr_par' dir='ltr' id='par_1_47' title="bbox 2148 2017 3701 2088">
     <span class='ocr_line' id='line_1_47' title="bbox 2148 2017 3701 2088; baseline -0.002 -16"><span class='ocrx_word' id='word_1_382' title='bbox 2148 2017 2256 2072; x_wconf 90' lang='lat' dir='ltr'><strong>sari</strong></span> <span class='ocrx_word' id='word_1_383' title='bbox 2287 2019 2448 2072; x_wconf 90' lang='lat' dir='ltr'><strong>alicui</strong></span> <span class='ocrx_word' id='word_1_384' title='bbox 2480 2028 2581 2081; x_wconf 90' lang='lat' dir='ltr'><strong>est,</strong></span> <span class='ocrx_word' id='word_1_385' title='bbox 2625 2029 2680 2072; x_wconf 94' lang='lat' dir='ltr'><strong>et</strong></span> <span class='ocrx_word' id='word_1_386' title='bbox 2727 2034 2834 2072; x_wconf 91' lang='lat' dir='ltr'><strong>non</strong></span> <span class='ocrx_word' id='word_1_387' title='bbox 2882 2018 3162 2088; x_wconf 85' lang='lat' dir='ltr'><strong>indulgere</strong></span> <span class='ocrx_word' id='word_1_388' title='bbox 3197 2019 3244 2071; x_wconf 92' lang='lat' dir='ltr'><strong>ei</strong></span> <span class='ocrx_word' id='word_1_389' title='bbox 3282 2028 3338 2072; x_wconf 90' lang='lat' dir='ltr'><strong>ut</strong></span> <span class='ocrx_word' id='word_1_390' title='bbox 3386 2017 3544 2072; x_wconf 86' lang='lat' dir='ltr'><strong>faciat</strong></span> <span class='ocrx_word' id='word_1_391' title='bbox 3585 2018 3701 2085; x_wconf 91' lang='lat' dir='ltr'><strong>quod</strong></span> 
     </span>
    </p>
   </div>
   <div class='ocr_carea' id='block_1_48' title="bbox 2147 2108 3701 2179">
    <p class='ocr_par' dir='ltr' id='par_1_48' title="bbox 2147 2108 3701 2179">
     <span class='ocr_line' id='line_1_48' title="bbox 2147 2108 3701 2179; baseline -0.001 -18"><span class='ocrx_word' id='word_1_392' title='bbox 2147 2108 2281 2162; x_wconf 86' lang='lat' dir='ltr'><strong>vult.</strong></span> <span class='ocrx_word' id='word_1_393' title='bbox 2314 2109 2380 2162; x_wconf 88' lang='lat' dir='ltr'><strong>Et</strong></span> <span class='ocrx_word' id='word_1_394' title='bbox 2413 2125 2512 2163; x_wconf 90' lang='lat' dir='ltr'><strong>nos</strong></span> <span class='ocrx_word' id='word_1_395' title='bbox 2538 2125 2669 2179; x_wconf 87' lang='lat' dir='ltr'><strong>ergo</strong></span> <span class='ocrx_word' id='word_1_396' title='bbox 2701 2125 2823 2164; x_wconf 90' lang='lat' dir='ltr'><strong>cum</strong></span> <span class='ocrx_word' id='word_1_397' title='bbox 2865 2111 3111 2164; x_wconf 82' lang='lat' dir='ltr'><strong>venimus</strong></span> <span class='ocrx_word' id='word_1_398' title='bbox 3148 2111 3211 2162; x_wconf 90' lang='lat' dir='ltr'><strong>ad</strong></span> <span class='ocrx_word' id='word_1_399' title='bbox 3250 2109 3441 2174; x_wconf 86' lang='lat' dir='ltr'><strong>Deum,</strong></span> <span class='ocrx_word' id='word_1_400' title='bbox 3474 2119 3526 2162; x_wconf 92' lang='lat' dir='ltr'><strong>et</strong></span> <span class='ocrx_word' id='word_1_401' title='bbox 3565 2123 3701 2162; x_wconf 84' lang='lat' dir='ltr'><strong>vove-</strong></span> 
     </span>
    </p>
   </div>
   <div class='ocr_carea' id='block_1_49' title="bbox 2148 2202 3699 2271">
    <p class='ocr_par' dir='ltr' id='par_1_49' title="bbox 2148 2202 3699 2271">
     <span class='ocr_line' id='line_1_49' title="bbox 2148 2202 3699 2271; baseline -0.001 -15"><span class='ocrx_word' id='word_1_402' title='bbox 2148 2217 2268 2257; x_wconf 88' lang='lat' dir='ltr'><strong>mus</strong></span> <span class='ocrx_word' id='word_1_403' title='bbox 2299 2202 2348 2256; x_wconf 90' lang='lat' dir='ltr'><strong>ei</strong></span> <span class='ocrx_word' id='word_1_404' title='bbox 2385 2219 2483 2258; x_wconf 90' lang='lat' dir='ltr'><strong>nos</strong></span> <span class='ocrx_word' id='word_1_405' title='bbox 2519 2204 2570 2256; x_wconf 92' lang='lat' dir='ltr'><strong>in</strong></span> <span class='ocrx_word' id='word_1_406' title='bbox 2616 2204 2873 2258; x_wconf 87' lang='lat' dir='ltr'><strong>castitate</strong></span> <span class='ocrx_word' id='word_1_407' title='bbox 2917 2204 3145 2267; x_wconf 85' lang='lat' dir='ltr'><strong>servire,</strong></span> <span class='ocrx_word' id='word_1_408' title='bbox 3188 2204 3602 2271; x_wconf 82' lang='lat' dir='ltr'><strong>pronuntiamus</strong></span> <span class='ocrx_word' id='word_1_409' title='bbox 3637 2203 3699 2255; x_wconf 68' lang='grc' dir='ltr'>ιι.</span> 
     </span>
    </p>
   </div>
   <div class='ocr_carea' id='block_1_50' title="bbox 2148 2295 3700 2366">
    <p class='ocr_par' dir='ltr' id='par_1_50' title="bbox 2148 2295 3700 2366">
     <span class='ocr_line' id='line_1_50' title="bbox 2148 2295 3700 2366; baseline -0.003 -14"><span class='ocrx_word' id='word_1_410' title='bbox 2148 2296 2250 2352; x_wconf 91' lang='lat' dir='ltr'><strong>biis</strong></span> <span class='ocrx_word' id='word_1_411' title='bbox 2288 2296 2492 2350; x_wconf 87' lang='lat' dir='ltr'><strong>nostris</strong></span> <span class='ocrx_word' id='word_1_412' title='bbox 2541 2305 2594 2350; x_wconf 94' lang='lat' dir='ltr'><strong>et</strong></span> <span class='ocrx_word' id='word_1_413' title='bbox 2639 2295 2888 2364; x_wconf 85' lang='lat' dir='ltr'><strong>iuramus</strong></span> <span class='ocrx_word' id='word_1_414' title='bbox 2917 2311 3016 2350; x_wconf 93' lang='lat' dir='ltr'><strong>nos</strong></span> <span class='ocrx_word' id='word_1_415' title='bbox 3068 2297 3341 2366; x_wconf 89' lang='lat' dir='ltr'><strong>castigare</strong></span> <span class='ocrx_word' id='word_1_416' title='bbox 3381 2311 3594 2350; x_wconf 89' lang='lat' dir='ltr'><strong>carnem</strong></span> <span class='ocrx_word' id='word_1_417' title='bbox 3623 2311 3700 2348; x_wconf 88' lang='lat' dir='ltr'><strong>no-</strong></span> 
     </span>
    </p>
   </div>
   <div class='ocr_carea' id='block_1_51' title="bbox 2147 2387 3698 2458">
    <p class='ocr_par' dir='ltr' id='par_1_51' title="bbox 2147 2387 3698 2458">
     <span class='ocr_line' id='line_1_51' title="bbox 2147 2387 3698 2458; baseline -0.001 -16"><span class='ocrx_word' id='word_1_418' title='bbox 2147 2389 2436 2453; x_wconf 87' lang='lat' dir='ltr'><strong>stram,vel</strong></span> <span class='ocrx_word' id='word_1_419' title='bbox 2475 2387 2614 2442; x_wconf 90' lang='lat' dir='ltr'><strong>male</strong></span> <span class='ocrx_word' id='word_1_420' title='bbox 2645 2389 2696 2441; x_wconf 93' lang='lat' dir='ltr'><strong>ei</strong></span> <span class='ocrx_word' id='word_1_421' title='bbox 2743 2388 2941 2454; x_wconf 88' lang='lat' dir='ltr'><strong>facere,</strong></span> <span class='ocrx_word' id='word_1_422' title='bbox 2977 2398 3139 2458; x_wconf 90' lang='lat' dir='ltr'><strong>atque</strong></span> <span class='ocrx_word' id='word_1_423' title='bbox 3171 2390 3222 2442; x_wconf 95' lang='lat' dir='ltr'><strong>in</strong></span> <span class='ocrx_word' id='word_1_424' title='bbox 3249 2389 3565 2443; x_wconf 80' lang='lat' dir='ltr'><strong>servitutem</strong></span> <span class='ocrx_word' id='word_1_425' title='bbox 3603 2404 3698 2442; x_wconf 84' lang='lat' dir='ltr'><strong>eam</strong></span> 
     </span>
    </p>
   </div>
   <div class='ocr_carea' id='block_1_52' title="bbox 2149 2479 3699 2549">
    <p class='ocr_par' dir='ltr' id='par_1_52' title="bbox 2149 2479 3699 2549">
     <span class='ocr_line' id='line_1_52' title="bbox 2149 2479 3699 2549; baseline 0 -17"><span class='ocrx_word' id='word_1_426' title='bbox 2149 2481 2418 2549; x_wconf 82' lang='lat' dir='ltr'><strong>redigere,</strong></span> <span class='ocrx_word' id='word_1_427' title='bbox 2451 2489 2508 2533; x_wconf 89' lang='lat' dir='ltr'><strong>ut</strong></span> <span class='ocrx_word' id='word_1_428' title='bbox 2557 2479 2805 2549; x_wconf 89' lang='lat' dir='ltr'><strong>spiritum</strong></span> <span class='ocrx_word' id='word_1_429' title='bbox 2856 2480 3065 2534; x_wconf 90' lang='lat' dir='ltr'><strong>salvum</strong></span> <span class='ocrx_word' id='word_1_430' title='bbox 3104 2482 3288 2535; x_wconf 87' lang='lat' dir='ltr'><strong>facere</strong></span> <span class='ocrx_word' id='word_1_431' title='bbox 3322 2481 3606 2547; x_wconf 89' lang='lat' dir='ltr'><strong>possimus.</strong></span> <span class='ocrx_word' id='word_1_432' title='bbox 3632 2479 3699 2533; x_wconf 87' lang='lat' dir='ltr'><strong>Sic</strong></span> 
     </span>
    </p>
   </div>
   <div class='ocr_carea' id='block_1_53' title="bbox 2147 2569 3700 2641">
    <p class='ocr_par' dir='ltr' id='par_1_53' title="bbox 2147 2569 3700 2641">
     <span class='ocr_line' id='line_1_53' title="bbox 2147 2569 3700 2641; baseline -0.003 -18"><span class='ocrx_word' id='word_1_433' title='bbox 2147 2570 2290 2623; x_wconf 88' lang='lat' dir='ltr'><strong>enim</strong></span> <span class='ocrx_word' id='word_1_434' title='bbox 2330 2580 2384 2623; x_wconf 93' lang='lat' dir='ltr'><strong>et</strong></span> <span class='ocrx_word' id='word_1_435' title='bbox 2425 2569 2512 2624; x_wconf 92' lang='lat' dir='ltr'><strong>ille</strong></span> <span class='ocrx_word' id='word_1_436' title='bbox 2541 2571 2758 2638; x_wconf 86' lang='lat' dir='ltr'><strong>iurasse</strong></span> <span class='ocrx_word' id='word_1_437' title='bbox 2802 2586 2860 2625; x_wconf 88' lang='lat' dir='ltr'><strong>se</strong></span> <span class='ocrx_word' id='word_1_438' title='bbox 2907 2573 3079 2634; x_wconf 83' lang='lat' dir='ltr'><strong>dixit,</strong></span> <span class='ocrx_word' id='word_1_439' title='bbox 3129 2574 3217 2641; x_wconf 92' lang='lat' dir='ltr'><strong>qui</strong></span> <span class='ocrx_word' id='word_1_440' title='bbox 3243 2570 3700 2633; x_wconf 70' lang='lat' dir='ltr'><strong>ait&#39;uJuravi,et</strong></span> 
     </span>
    </p>
   </div>
   <div class='ocr_carea' id='block_1_54' title="bbox 2147 2661 3701 2732">
    <p class='ocr_par' dir='ltr' id='par_1_54' title="bbox 2147 2661 3701 2732">
     <span class='ocr_line' id='line_1_54' title="bbox 2147 2661 3701 2732; baseline 0 -18"><span class='ocrx_word' id='word_1_441' title='bbox 2147 2661 2308 2714; x_wconf 78' lang='lat' dir='ltr'><strong>statui</strong></span> <span class='ocrx_word' id='word_1_442' title='bbox 2369 2676 2588 2716; x_wconf 88' lang='lat' dir='ltr'><strong>servare</strong></span> <span class='ocrx_word' id='word_1_443' title='bbox 2641 2661 2821 2715; x_wconf 86' lang='lat' dir='ltr'><strong>onmia</strong></span> <span class='ocrx_word' id='word_1_444' title='bbox 2865 2672 3135 2732; x_wconf 67' lang='lat' dir='ltr'><strong>praecepta</strong></span> <span class='ocrx_word' id='word_1_445' title='bbox 3191 2672 3306 2716; x_wconf 90' lang='lat' dir='ltr'><strong>tua.</strong></span> <span class='ocrx_word' id='word_1_446' title='bbox 3359 2681 3378 2714; x_wconf 77' lang='grc' dir='ltr'><strong>ι</strong></span> <span class='ocrx_word' id='word_1_447' title='bbox 3429 2663 3563 2727; x_wconf 85' lang='lat' dir='ltr'><strong>Quia</strong></span> <span class='ocrx_word' id='word_1_448' title='bbox 3599 2677 3701 2725; x_wconf 78' lang='lat' dir='ltr'><strong>ergo</strong></span> 
     </span>
    </p>
   </div>
   <div class='ocr_carea' id='block_1_55' title="bbox 2147 2753 3702 2824">
    <p class='ocr_par' dir='ltr' id='par_1_55' title="bbox 2147 2753 3702 2824">
     <span class='ocr_line' id='line_1_55' title="bbox 2147 2753 3702 2824; baseline 0.001 -19"><span class='ocrx_word' id='word_1_449' title='bbox 2147 2753 2328 2808; x_wconf 88' lang='lat' dir='ltr'><strong>carnis</strong></span> <span class='ocrx_word' id='word_1_450' title='bbox 2359 2769 2460 2808; x_wconf 85' lang='lat' dir='ltr'><strong>vox</strong></span> <span class='ocrx_word' id='word_1_451' title='bbox 2492 2764 2591 2818; x_wconf 85' lang='lat' dir='ltr'><strong>est,</strong></span> <span class='ocrx_word' id='word_1_452' title='bbox 2629 2769 2749 2823; x_wconf 71' lang='lat' dir='ltr'><strong>qua:</strong></span> <span class='ocrx_word' id='word_1_453' title='bbox 2778 2755 2909 2808; x_wconf 89' lang='lat' dir='ltr'><strong>dicit</strong></span> <span class='ocrx_word' id='word_1_454' title='bbox 2932 2755 2952 2785; x_wconf 73' lang='grc'><strong>⁸</strong></span> <span class='ocrx_word' id='word_1_455' title='bbox 2985 2778 2995 2809; x_wconf 86' lang='grc'>;</span> <span class='ocrx_word' id='word_1_456' title='bbox 3045 2773 3063 2806; x_wconf 76' lang='grc' dir='ltr'><strong>ι</strong></span> <span class='ocrx_word' id='word_1_457' title='bbox 3105 2754 3221 2808; x_wconf 81' lang='lat' dir='ltr'><strong>Non</strong></span> <span class='ocrx_word' id='word_1_458' title='bbox 3263 2755 3409 2808; x_wconf 92' lang='lat' dir='ltr'><strong>enim</strong></span> <span class='ocrx_word' id='word_1_459' title='bbox 3443 2758 3580 2824; x_wconf 89' lang='lat' dir='ltr'><strong>quod</strong></span> <span class='ocrx_word' id='word_1_460' title='bbox 3605 2754 3702 2808; x_wconf 89' lang='lat' dir='ltr'><strong>volo</strong></span> 
     </span>
    </p>
   </div>
   <div class='ocr_carea' id='block_1_56' title="bbox 2149 2845 3702 2915">
    <p class='ocr_par' dir='ltr' id='par_1_56' title="bbox 2149 2845 3702 2915">
     <span class='ocr_line' id='line_1_56' title="bbox 2149 2845 3702 2915; baseline 0.003 -18"><span class='ocrx_word' id='word_1_461' title='bbox 2149 2861 2270 2915; x_wconf 85' lang='lat' dir='ltr'><strong>ago,</strong></span> <span class='ocrx_word' id='word_1_462' title='bbox 2305 2847 2399 2899; x_wconf 91' lang='lat' dir='ltr'><strong>sed</strong></span> <span class='ocrx_word' id='word_1_463' title='bbox 2433 2847 2574 2915; x_wconf 88' lang='lat' dir='ltr'><strong>quod</strong></span> <span class='ocrx_word' id='word_1_464' title='bbox 2625 2847 2711 2900; x_wconf 90' lang='lat' dir='ltr'><strong>odi</strong></span> <span class='ocrx_word' id='word_1_465' title='bbox 2759 2845 2886 2898; x_wconf 93' lang='lat' dir='ltr'><strong>illud</strong></span> <span class='ocrx_word' id='word_1_466' title='bbox 2934 2846 3097 2910; x_wconf 84' lang='lat' dir='ltr'><strong>facio,</strong></span> <span class='ocrx_word' id='word_1_467' title='bbox 3131 2865 3148 2897; x_wconf 78' lang='grc' dir='ltr'><strong>ι</strong></span> <span class='ocrx_word' id='word_1_468' title='bbox 3189 2845 3392 2900; x_wconf 83' lang='lat' dir='ltr'><strong>afllicta</strong></span> <span class='ocrx_word' id='word_1_469' title='bbox 3423 2847 3542 2901; x_wconf 89' lang='lat' dir='ltr'><strong>sine</strong></span> <span class='ocrx_word' id='word_1_470' title='bbox 3569 2848 3702 2901; x_wconf 89' lang='lat' dir='ltr'><strong>dubio</strong></span> 
     </span>
    </p>
   </div>
   <div class='ocr_carea' id='block_1_57' title="bbox 2147 2936 3703 3008">
    <p class='ocr_par' dir='ltr' id='par_1_57' title="bbox 2147 2936 3703 3008">
     <span class='ocr_line' id='line_1_57' title="bbox 2147 2936 3703 3008; baseline 0.001 -18"><span class='ocrx_word' id='word_1_471' title='bbox 2147 2939 2214 2992; x_wconf 86' lang='lat' dir='ltr'><strong>ab</strong></span> <span class='ocrx_word' id='word_1_472' title='bbox 2241 2938 2529 3008; x_wconf 89' lang='lat' dir='ltr'><strong>spiritu,et</strong></span> <span class='ocrx_word' id='word_1_473' title='bbox 2559 2945 2832 3004; x_wconf 76' lang='lat' dir='ltr'><strong>coarctata</strong></span> <span class='ocrx_word' id='word_1_474' title='bbox 2854 2936 2968 3006; x_wconf 86' lang='lat'>(77)</span> <span class='ocrx_word' id='word_1_475' title='bbox 2987 2947 3070 2992; x_wconf 89' lang='lat' dir='ltr'><strong>est</strong></span> <span class='ocrx_word' id='word_1_476' title='bbox 3099 2955 3112 3001; x_wconf 90' lang='lat'><strong>;</strong></span> <span class='ocrx_word' id='word_1_477' title='bbox 3154 2939 3365 2992; x_wconf 86' lang='lat' dir='ltr'><strong>resistit</strong></span> <span class='ocrx_word' id='word_1_478' title='bbox 3391 2938 3533 2992; x_wconf 90' lang='lat' dir='ltr'><strong>enim</strong></span> <span class='ocrx_word' id='word_1_479' title='bbox 3560 2949 3608 2992; x_wconf 90' lang='lat' dir='ltr'><strong>et</strong></span> <span class='ocrx_word' id='word_1_480' title='bbox 3638 2955 3703 2992; x_wconf 83' lang='lat' dir='ltr'><strong>re-</strong></span> 
     </span>
    </p>
   </div>
   <div class='ocr_carea' id='block_1_58' title="bbox 2148 3029 3705 3099">
    <p class='ocr_par' dir='ltr' id='par_1_58' title="bbox 2148 3029 3705 3099">
     <span class='ocr_line' id='line_1_58' title="bbox 2148 3029 3705 3099; baseline 0.003 -20"><span class='ocrx_word' id='word_1_481' title='bbox 2148 3039 2352 3097; x_wconf 83' lang='lat' dir='ltr'><strong>pugnat</strong></span> <span class='ocrx_word' id='word_1_482' title='bbox 2385 3031 2669 3083; x_wconf 86' lang='lat' dir='ltr'><strong>adversum</strong></span> <span class='ocrx_word' id='word_1_483' title='bbox 2702 3029 2984 3099; x_wconf 87' lang='lat' dir='ltr'><strong>spiritum,</strong></span> <span class='ocrx_word' id='word_1_484' title='bbox 3030 3040 3083 3083; x_wconf 92' lang='lat' dir='ltr'><strong>et</strong></span> <span class='ocrx_word' id='word_1_485' title='bbox 3121 3029 3222 3083; x_wconf 91' lang='lat' dir='ltr'><strong>nisi</strong></span> <span class='ocrx_word' id='word_1_486' title='bbox 3255 3029 3398 3084; x_wconf 85' lang='lat' dir='ltr'><strong>male</strong></span> <span class='ocrx_word' id='word_1_487' title='bbox 3431 3032 3481 3083; x_wconf 89' lang='lat' dir='ltr'><strong>ei</strong></span> <span class='ocrx_word' id='word_1_488' title='bbox 3525 3029 3636 3093; x_wconf 84' lang='lat' dir='ltr'><strong>fiat,</strong></span> <span class='ocrx_word' id='word_1_489' title='bbox 3661 3040 3705 3084; x_wconf 82' lang='lat' dir='ltr'><strong>ut</strong></span> 
     </span>
    </p>
   </div>
   <div class='ocr_carea' id='block_1_59' title="bbox 466 3116 3703 3205">
    <p class='ocr_par' dir='ltr' id='par_1_59' title="bbox 466 3116 3703 3205">
     <span class='ocr_line' id='line_1_59' title="bbox 466 3116 3703 3205; baseline 0 -29"><span class='ocrx_word' id='word_1_490' title='bbox 466 3122 745 3177; x_wconf 86' lang='lat' dir='ltr'><strong>Immunda</strong></span> <span class='ocrx_word' id='word_1_491' title='bbox 791 3121 1047 3176; x_wconf 90' lang='lat' dir='ltr'><strong>animalia</strong></span> <span class='ocrx_word' id='word_1_492' title='bbox 1081 3128 1208 3174; x_wconf 92' lang='lat' dir='ltr'><strong>sunt</strong></span> <span class='ocrx_word' id='word_1_493' title='bbox 1240 3118 1510 3185; x_wconf 89' lang='lat' dir='ltr'><strong>homines,</strong></span> <span class='ocrx_word' id='word_1_494' title='bbox 1537 3119 1631 3187; x_wconf 89' lang='lat' dir='ltr'><strong>qui</strong></span> <span class='ocrx_word' id='word_1_495' title='bbox 1682 3126 1836 3170; x_wconf 92' lang='lat' dir='ltr'><strong>extra</strong></span> <span class='ocrx_word' id='word_1_496' title='bbox 1888 3116 2044 3171; x_wconf 88' lang='lat' dir='ltr'><strong>Chri-</strong></span> <span class='ocrx_word' id='word_1_497' title='bbox 2071 3149 2114 3205; x_wconf 60' lang='grc' dir='ltr'>ο</span> <span class='ocrx_word' id='word_1_498' title='bbox 2150 3121 2416 3191; x_wconf 78' lang='lat' dir='ltr'><strong>aflligatnr</strong></span> <span class='ocrx_word' id='word_1_499' title='bbox 2438 3132 2492 3176; x_wconf 90' lang='lat' dir='ltr'><strong>et</strong></span> <span class='ocrx_word' id='word_1_500' title='bbox 2521 3123 2846 3182; x_wconf 85' lang='lat' dir='ltr'><strong>infirmetur,</strong></span> <span class='ocrx_word' id='word_1_501' title='bbox 2871 3137 2976 3176; x_wconf 94' lang='lat' dir='ltr'><strong>non</strong></span> <span class='ocrx_word' id='word_1_502' title='bbox 3008 3131 3185 3190; x_wconf 87' lang='lat' dir='ltr'><strong>potest</strong></span> <span class='ocrx_word' id='word_1_503' title='bbox 3217 3123 3400 3175; x_wconf 88' lang='lat' dir='ltr'><strong>dicere</strong></span> <span class='ocrx_word' id='word_1_504' title='bbox 3443 3123 3703 3192; x_wconf 82' lang='lat' dir='ltr'><strong>spiritus&#39;:</strong></span> 
     </span>
    </p>
   </div>
   <div class='ocr_carea' id='block_1_60' title="bbox 465 3208 2044 3282">
    <p class='ocr_par' dir='ltr' id='par_1_60' title="bbox 465 3208 2044 3282">
     <span class='ocr_line' id='line_1_60' title="bbox 465 3208 2044 3282; baseline -0.008 -10"><span class='ocrx_word' id='word_1_505' title='bbox 465 3227 610 3272; x_wconf 91' lang='lat' dir='ltr'><strong>stum</strong></span> <span class='ocrx_word' id='word_1_506' title='bbox 628 3224 772 3278; x_wconf 90' lang='lat' dir='ltr'><strong>sunt,</strong></span> <span class='ocrx_word' id='word_1_507' title='bbox 799 3215 851 3267; x_wconf 92' lang='lat' dir='ltr'><strong>in</strong></span> <span class='ocrx_word' id='word_1_508' title='bbox 877 3213 1074 3282; x_wconf 91' lang='lat' dir='ltr'><strong>quibus</strong></span> <span class='ocrx_word' id='word_1_509' title='bbox 1105 3228 1281 3280; x_wconf 86' lang='lat' dir='ltr'><strong>neque</strong></span> <span class='ocrx_word' id='word_1_510' title='bbox 1317 3213 1481 3276; x_wconf 91' lang='lat' dir='ltr'><strong>ratio,</strong></span> <span class='ocrx_word' id='word_1_511' title='bbox 1517 3224 1694 3280; x_wconf 89' lang='lat' dir='ltr'><strong>neque</strong></span> <span class='ocrx_word' id='word_1_512' title='bbox 1723 3209 1913 3278; x_wconf 83' lang='lat' dir='ltr'><strong>religio</strong></span> <span class='ocrx_word' id='word_1_513' title='bbox 1939 3208 2044 3261; x_wconf 88' lang='lat' dir='ltr'><strong>ulla</strong></span> 
     </span>
    </p>
   </div>
   <div class='ocr_carea' id='block_1_61' title="bbox 465 3301 2045 3373">
    <p class='ocr_par' dir='ltr' id='par_1_61' title="bbox 465 3301 2045 3373">
     <span class='ocr_line' id='line_1_61' title="bbox 465 3301 2045 3373; baseline -0.009 -10"><span class='ocrx_word' id='word_1_514' title='bbox 465 3317 569 3363; x_wconf 88' lang='lat' dir='ltr'><strong>est.</strong></span> <span class='ocrx_word' id='word_1_515' title='bbox 590 3307 792 3362; x_wconf 88' lang='lat' dir='ltr'><strong>llorum</strong></span> <span class='ocrx_word' id='word_1_516' title='bbox 822 3319 950 3373; x_wconf 87' lang='lat' dir='ltr'><strong>ergo</strong></span> <span class='ocrx_word' id='word_1_517' title='bbox 979 3304 1222 3358; x_wconf 89' lang='lat' dir='ltr'><strong>omnium</strong></span> <span class='ocrx_word' id='word_1_518' title='bbox 1257 3302 1567 3367; x_wconf 91' lang='lat' dir='ltr'><strong>morticina,</strong></span> <span class='ocrx_word' id='word_1_519' title='bbox 1609 3301 1661 3355; x_wconf 91' lang='lat' dir='ltr'><strong>id</strong></span> <span class='ocrx_word' id='word_1_520' title='bbox 1690 3310 1768 3355; x_wconf 91' lang='lat' dir='ltr'><strong>est</strong></span> <span class='ocrx_word' id='word_1_521' title='bbox 1801 3307 2045 3370; x_wconf 87' lang='lat' dir='ltr'><strong>peccata,</strong></span> 
     </span>
    </p>
   </div>
   <div class='ocr_carea' id='block_1_62' title="bbox 467 3391 2046 3465">
    <p class='ocr_par' dir='ltr' id='par_1_62' title="bbox 467 3391 2046 3465">
     <span class='ocr_line' id='line_1_62' title="bbox 467 3391 2046 3465; baseline -0.01 -11"><span class='ocrx_word' id='word_1_522' title='bbox 467 3402 511 3454; x_wconf 91' lang='lat' dir='ltr'><strong>si</strong></span> <span class='ocrx_word' id='word_1_523' title='bbox 542 3401 747 3463; x_wconf 85' lang='lat' dir='ltr'><strong>videas,</strong></span> <span class='ocrx_word' id='word_1_524' title='bbox 787 3397 917 3452; x_wconf 88' lang='lat' dir='ltr'><strong>dicit</strong></span> <span class='ocrx_word' id='word_1_525' title='bbox 941 3395 1034 3450; x_wconf 90' lang='lat' dir='ltr'><strong>tibi</strong></span> <span class='ocrx_word' id='word_1_526' title='bbox 1065 3394 1364 3465; x_wconf 89' lang='lat' dir='ltr'><strong>legislator,</strong></span> <span class='ocrx_word' id='word_1_527' title='bbox 1399 3406 1467 3446; x_wconf 91' lang='lat' dir='ltr'><strong>ne</strong></span> <span class='ocrx_word' id='word_1_528' title='bbox 1499 3392 1816 3461; x_wconf 84' lang='lat' dir='ltr'><strong>contigeris,</strong></span> <span class='ocrx_word' id='word_1_529' title='bbox 1853 3407 1920 3443; x_wconf 91' lang='lat' dir='ltr'><strong>ne</strong></span> <span class='ocrx_word' id='word_1_530' title='bbox 1948 3391 2046 3440; x_wconf 86' lang='lat' dir='ltr'><strong>ad-</strong></span> 
     </span>
    </p>
   </div>
   <div class='ocr_carea' id='block_1_63' title="bbox 467 3483 2050 3559">
    <p class='ocr_par' dir='ltr' id='par_1_63' title="bbox 467 3483 2050 3559">
     <span class='ocr_line' id='line_1_63' title="bbox 467 3483 2050 3559; baseline -0.008 -13"><span class='ocrx_word' id='word_1_531' title='bbox 467 3493 750 3548; x_wconf 91' lang='lat' dir='ltr'><strong>tamineris</strong></span> <span class='ocrx_word' id='word_1_532' title='bbox 769 3489 900 3559; x_wconf 65' lang='grc'>(74),</span> <span class='ocrx_word' id='word_1_533' title='bbox 924 3503 991 3543; x_wconf 90' lang='lat' dir='ltr'><strong>ne</strong></span> <span class='ocrx_word' id='word_1_534' title='bbox 1021 3485 1418 3541; x_wconf 86' lang='lat' dir='ltr'><strong>atlrectaveris.</strong></span> <span class='ocrx_word' id='word_1_535' title='bbox 1438 3485 1500 3538; x_wconf 80' lang='lat' dir='ltr'><strong>Et</strong></span> <span class='ocrx_word' id='word_1_536' title='bbox 1519 3485 1636 3539; x_wconf 75' lang='lat' dir='ltr'><strong>ista:</strong></span> <span class='ocrx_word' id='word_1_537' title='bbox 1660 3492 1786 3537; x_wconf 91' lang='lat' dir='ltr'><strong>sunt</strong></span> <span class='ocrx_word' id='word_1_538' title='bbox 1814 3483 2050 3536; x_wconf 89' lang='lat' dir='ltr'><strong>immun-</strong></span> 
     </span>
    </p>
   </div>
   <div class='ocr_carea' id='block_1_64' title="bbox 467 3575 2047 3653">
    <p class='ocr_par' dir='ltr' id='par_1_64' title="bbox 467 3575 2047 3653">
     <span class='ocr_line' id='line_1_64' title="bbox 467 3575 2047 3653; baseline -0.011 -13"><span class='ocrx_word' id='word_1_539' title='bbox 467 3587 631 3651; x_wconf 67' lang='lat' dir='ltr'><strong>dititc,</strong></span> <span class='ocrx_word' id='word_1_540' title='bbox 656 3599 776 3653; x_wconf 68' lang='lat' dir='ltr'><strong>qua:</strong></span> <span class='ocrx_word' id='word_1_541' title='bbox 808 3581 1002 3637; x_wconf 90' lang='lat' dir='ltr'><strong>merito</strong></span> <span class='ocrx_word' id='word_1_542' title='bbox 1031 3579 1301 3644; x_wconf 73' lang='lat' dir='ltr'><strong>fugienda:</strong></span> <span class='ocrx_word' id='word_1_543' title='bbox 1326 3587 1470 3630; x_wconf 81' lang='lat' dir='ltr'><strong>sunt.</strong></span> <span class='ocrx_word' id='word_1_544' title='bbox 1490 3575 1738 3630; x_wconf 87' lang='lat' dir='ltr'><strong>llominis</strong></span> <span class='ocrx_word' id='word_1_545' title='bbox 1757 3582 1936 3627; x_wconf 86' lang='lat' dir='ltr'><strong>autem</strong></span> <span class='ocrx_word' id='word_1_546' title='bbox 1967 3584 2047 3623; x_wconf 89' lang='lat' dir='ltr'><strong>ta-</strong></span> 
     </span>
    </p>
   </div>
   <div class='ocr_carea' id='block_1_65' title="bbox 465 3665 2051 3744">
    <p class='ocr_par' dir='ltr' id='par_1_65' title="bbox 465 3665 2051 3744">
     <span class='ocr_line' id='line_1_65' title="bbox 465 3665 2051 3744; baseline -0.009 -11"><span class='ocrx_word' id='word_1_547' title='bbox 465 3688 614 3733; x_wconf 92' lang='lat' dir='ltr'><strong>ctum</strong></span> <span class='ocrx_word' id='word_1_548' title='bbox 653 3677 763 3730; x_wconf 88' lang='lat' dir='ltr'><strong>noli</strong></span> <span class='ocrx_word' id='word_1_549' title='bbox 798 3673 1050 3744; x_wconf 78' lang='lat' dir='ltr'><strong>refugere</strong></span> <span class='ocrx_word' id='word_1_550' title='bbox 1078 3674 1162 3726; x_wconf 90' lang='lat' dir='ltr'><strong>vel</strong></span> <span class='ocrx_word' id='word_1_551' title='bbox 1201 3670 1396 3724; x_wconf 87' lang='lat' dir='ltr'><strong>mortui</strong></span> <span class='ocrx_word' id='word_1_552' title='bbox 1446 3669 1714 3737; x_wconf 89' lang='lat' dir='ltr'><strong>corporis,</strong></span> <span class='ocrx_word' id='word_1_553' title='bbox 1743 3666 1829 3720; x_wconf 92' lang='lat' dir='ltr'><strong>cui</strong></span> <span class='ocrx_word' id='word_1_554' title='bbox 1879 3665 2051 3733; x_wconf 86' lang='lat' dir='ltr'><strong>magis</strong></span> 
     </span>
    </p>
   </div>
   <div class='ocr_carea' id='block_1_66' title="bbox 463 3761 2052 3840">
    <p class='ocr_par' dir='ltr' id='par_1_66' title="bbox 463 3761 2052 3840">
     <span class='ocr_line' id='line_1_66' title="bbox 463 3761 2052 3840; baseline -0.008 -16"><span class='ocrx_word' id='word_1_555' title='bbox 463 3769 747 3840; x_wconf 90' lang='lat' dir='ltr'><strong>sepultura</strong></span> <span class='ocrx_word' id='word_1_556' title='bbox 783 3767 1033 3837; x_wconf 89' lang='lat' dir='ltr'><strong>religiose</strong></span> <span class='ocrx_word' id='word_1_557' title='bbox 1053 3763 1343 3819; x_wconf 90' lang='lat' dir='ltr'><strong>deferenda</strong></span> <span class='ocrx_word' id='word_1_558' title='bbox 1369 3771 1469 3815; x_wconf 89' lang='lat' dir='ltr'><strong>est.</strong></span> <span class='ocrx_word' id='word_1_559' title='bbox 1499 3761 1737 3815; x_wconf 76' lang='lat' dir='ltr'><strong>Judaicze</strong></span> <span class='ocrx_word' id='word_1_560' title='bbox 1783 3762 1897 3812; x_wconf 74' lang='lat' dir='ltr'><strong>ista:</strong></span> <span class='ocrx_word' id='word_1_561' title='bbox 1925 3768 2052 3812; x_wconf 91' lang='lat' dir='ltr'><strong>sunt</strong></span> 
     </span>
    </p>
   </div>
   <div class='ocr_carea' id='block_1_67' title="bbox 467 3851 2052 3925">
    <p class='ocr_par' dir='ltr' id='par_1_67' title="bbox 467 3851 2052 3925">
     <span class='ocr_line' id='line_1_67' title="bbox 467 3851 2052 3925; baseline -0.009 -9"><span class='ocrx_word' id='word_1_562' title='bbox 467 3873 522 3916; x_wconf 89' lang='lat' dir='ltr'><strong>et</strong></span> <span class='ocrx_word' id='word_1_563' title='bbox 564 3860 782 3916; x_wconf 89' lang='lat' dir='ltr'><strong>inutiles</strong></span> <span class='ocrx_word' id='word_1_564' title='bbox 816 3857 1032 3920; x_wconf 82' lang='lat' dir='ltr'><strong>fabulae,</strong></span> <span class='ocrx_word' id='word_1_565' title='bbox 1063 3855 1298 3925; x_wconf 89' lang='lat' dir='ltr'><strong>speciem</strong></span> <span class='ocrx_word' id='word_1_566' title='bbox 1348 3853 1565 3921; x_wconf 85' lang='lat' dir='ltr'><strong>quidem</strong></span> <span class='ocrx_word' id='word_1_567' title='bbox 1599 3851 1818 3920; x_wconf 87' lang='lat' dir='ltr'><strong>pietatis</strong></span> <span class='ocrx_word' id='word_1_568' title='bbox 1849 3851 2052 3903; x_wconf 86' lang='lat' dir='ltr'><strong>haben-</strong></span> 
     </span>
    </p>
   </div>
   <div class='ocr_carea' id='block_1_68' title="bbox 467 3945 2051 4018">
    <p class='ocr_par' dir='ltr' id='par_1_68' title="bbox 467 3945 2051 4018">
     <span class='ocr_line' id='line_1_68' title="bbox 467 3945 2051 4018; baseline -0.006 -12"><span class='ocrx_word' id='word_1_569' title='bbox 467 3963 573 4018; x_wconf 89' lang='lat' dir='ltr'><strong>tcs,</strong></span> <span class='ocrx_word' id='word_1_570' title='bbox 605 3954 862 4006; x_wconf 90' lang='lat' dir='ltr'><strong>virtutem</strong></span> <span class='ocrx_word' id='word_1_571' title='bbox 896 3965 1024 4003; x_wconf 87' lang='lat' dir='ltr'><strong>vero</strong></span> <span class='ocrx_word' id='word_1_572' title='bbox 1076 3949 1244 4017; x_wconf 89' lang='lat' dir='ltr'><strong>ipsius</strong></span> <span class='ocrx_word' id='word_1_573' title='bbox 1299 3947 1650 4016; x_wconf 86' lang='lat' dir='ltr'><strong>denegantcs.</strong></span> <span class='ocrx_word' id='word_1_574' title='bbox 1686 3945 1868 3997; x_wconf 89' lang='lat' dir='ltr'><strong>Prima</strong></span> <span class='ocrx_word' id='word_1_575' title='bbox 1923 3958 2051 4012; x_wconf 89' lang='lat' dir='ltr'><strong>ergo</strong></span> 
     </span>
    </p>
   </div>
   <div class='ocr_carea' id='block_1_69' title="bbox 467 4035 2053 4105">
    <p class='ocr_par' dir='ltr' id='par_1_69' title="bbox 467 4035 2053 4105">
     <span class='ocr_line' id='line_1_69' title="bbox 467 4035 2053 4105; baseline -0.008 -7"><span class='ocrx_word' id='word_1_576' title='bbox 467 4045 553 4098; x_wconf 83' lang='lat' dir='ltr'><strong>lex</strong></span> <span class='ocrx_word' id='word_1_577' title='bbox 585 4047 650 4098; x_wconf 90' lang='lat' dir='ltr'><strong>de</strong></span> <span class='ocrx_word' id='word_1_578' title='bbox 685 4041 1044 4096; x_wconf 90' lang='lat' dir='ltr'><strong>immunditiis</strong></span> <span class='ocrx_word' id='word_1_579' title='bbox 1084 4041 1209 4093; x_wconf 89' lang='lat' dir='ltr'><strong>data</strong></span> <span class='ocrx_word' id='word_1_580' title='bbox 1244 4048 1350 4092; x_wconf 90' lang='lat' dir='ltr'><strong>est.</strong></span> <span class='ocrx_word' id='word_1_581' title='bbox 1383 4036 1439 4090; x_wconf 91' lang='lat' dir='ltr'><strong>Si</strong></span> <span class='ocrx_word' id='word_1_582' title='bbox 1471 4037 1593 4105; x_wconf 88' lang='lat' dir='ltr'><strong>quis</strong></span> <span class='ocrx_word' id='word_1_583' title='bbox 1623 4035 1920 4104; x_wconf 90' lang='lat' dir='ltr'><strong>juramenti</strong></span> <span class='ocrx_word' id='word_1_584' title='bbox 1954 4035 2053 4087; x_wconf 91' lang='lat' dir='ltr'><strong>ali-</strong></span> 
     </span>
    </p>
   </div>
   <div class='ocr_carea' id='block_1_70' title="bbox 466 4127 2049 4205">
    <p class='ocr_par' dir='ltr' id='par_1_70' title="bbox 466 4127 2049 4205">
     <span class='ocr_line' id='line_1_70' title="bbox 466 4127 2049 4205; baseline -0.008 -13"><span class='ocrx_word' id='word_1_585' title='bbox 466 4136 623 4205; x_wconf 82' lang='lat' dir='ltr'><strong>cujus</strong></span> <span class='ocrx_word' id='word_1_586' title='bbox 654 4135 738 4189; x_wconf 84' lang='lat' dir='ltr'><strong>vcl</strong></span> <span class='ocrx_word' id='word_1_587' title='bbox 784 4134 968 4189; x_wconf 90' lang='lat' dir='ltr'><strong>delicti</strong></span> <span class='ocrx_word' id='word_1_588' title='bbox 1020 4132 1176 4186; x_wconf 86' lang='lat' dir='ltr'><strong>testis</strong></span> <span class='ocrx_word' id='word_1_589' title='bbox 1223 4130 1344 4195; x_wconf 89' lang='lat' dir='ltr'><strong>fuit,</strong></span> <span class='ocrx_word' id='word_1_590' title='bbox 1378 4138 1432 4184; x_wconf 89' lang='lat' dir='ltr'><strong>et</strong></span> <span class='ocrx_word' id='word_1_591' title='bbox 1471 4143 1576 4182; x_wconf 85' lang='lat' dir='ltr'><strong>non</strong></span> <span class='ocrx_word' id='word_1_592' title='bbox 1617 4128 1872 4181; x_wconf 83' lang='lat' dir='ltr'><strong>indicavit</strong></span> <span class='ocrx_word' id='word_1_593' title='bbox 1913 4127 2049 4197; x_wconf 80' lang='grc'>(75),</span> 
     </span>
    </p>
   </div>
   <div class='ocr_carea' id='block_1_71' title="bbox 467 4219 2056 4298">
    <p class='ocr_par' dir='ltr' id='par_1_71' title="bbox 467 4219 2056 4298">
     <span class='ocr_line' id='line_1_71' title="bbox 467 4219 2056 4298; baseline -0.007 -14"><span class='ocrx_word' id='word_1_594' title='bbox 467 4238 527 4284; x_wconf 86' lang='lat' dir='ltr'><strong>et</strong></span> <span class='ocrx_word' id='word_1_595' title='bbox 564 4244 660 4298; x_wconf 90' lang='lat' dir='ltr'><strong>per</strong></span> <span class='ocrx_word' id='word_1_596' title='bbox 716 4229 819 4282; x_wconf 89' lang='lat' dir='ltr'><strong>hoc</strong></span> <span class='ocrx_word' id='word_1_597' title='bbox 874 4225 1183 4280; x_wconf 76' lang='lat' dir='ltr'><strong>immundus</strong></span> <span class='ocrx_word' id='word_1_598' title='bbox 1240 4219 1636 4292; x_wconf 86' lang='lat' dir='ltr'><strong>quodammodo</strong></span> <span class='ocrx_word' id='word_1_599' title='bbox 1687 4219 1913 4272; x_wconf 79' lang='lat' dir='ltr'><strong>effectus</strong></span> <span class='ocrx_word' id='word_1_600' title='bbox 1973 4228 2056 4273; x_wconf 91' lang='lat' dir='ltr'><strong>est</strong></span> 
     </span>
    </p>
   </div>
   <div class='ocr_carea' id='block_1_72' title="bbox 467 4313 2052 4389">
    <p class='ocr_par' dir='ltr' id='par_1_72' title="bbox 467 4313 2052 4389">
     <span class='ocr_line' id='line_1_72' title="bbox 467 4313 2052 4389; baseline -0.005 -12"><span class='ocrx_word' id='word_1_601' title='bbox 467 4325 630 4377; x_wconf 89' lang='lat' dir='ltr'><strong>etiam</strong></span> <span class='ocrx_word' id='word_1_602' title='bbox 687 4323 802 4389; x_wconf 91' lang='lat' dir='ltr'><strong>ipse</strong></span> <span class='ocrx_word' id='word_1_603' title='bbox 861 4320 1127 4374; x_wconf 91' lang='lat' dir='ltr'><strong>societate</strong></span> <span class='ocrx_word' id='word_1_604' title='bbox 1185 4317 1417 4387; x_wconf 88' lang='lat' dir='ltr'><strong>peccati.</strong></span> <span class='ocrx_word' id='word_1_605' title='bbox 1478 4315 1726 4370; x_wconf 90' lang='lat' dir='ltr'><strong>Secunda</strong></span> <span class='ocrx_word' id='word_1_606' title='bbox 1782 4313 1889 4382; x_wconf 74' lang='lat' dir='ltr'><strong>lex,</strong></span> <span class='ocrx_word' id='word_1_607' title='bbox 1947 4331 2052 4385; x_wconf 84' lang='lat' dir='ltr'><strong>qua</strong></span> 
     </span>
    </p>
   </div>
   <div class='ocr_carea' id='block_1_73' title="bbox 465 4409 2054 4488">
    <p class='ocr_par' dir='ltr' id='par_1_73' title="bbox 465 4409 2054 4488">
     <span class='ocr_line' id='line_1_73' title="bbox 465 4409 2054 4488; baseline -0.008 -13"><span class='ocrx_word' id='word_1_608' title='bbox 465 4419 783 4488; x_wconf 80' lang='lat' dir='ltr'><strong>contingere</strong></span> <span class='ocrx_word' id='word_1_609' title='bbox 828 4415 1166 4470; x_wconf 90' lang='lat' dir='ltr'><strong>immundum</strong></span> <span class='ocrx_word' id='word_1_610' title='bbox 1213 4411 1419 4483; x_wconf 88' lang='lat' dir='ltr'><strong>aliquid</strong></span> <span class='ocrx_word' id='word_1_611' title='bbox 1449 4425 1512 4464; x_wconf 90' lang='lat' dir='ltr'><strong>ac</strong></span> <span class='ocrx_word' id='word_1_612' title='bbox 1555 4409 1900 4464; x_wconf 89' lang='lat' dir='ltr'><strong>morticinum</strong></span> <span class='ocrx_word' id='word_1_613' title='bbox 1956 4424 2054 4464; x_wconf 89' lang='lat' dir='ltr'><strong>ve-</strong></span> 
     </span>
    </p>
   </div>
   <div class='ocr_carea' id='block_1_74' title="bbox 470 4521 635 4568">
    <p class='ocr_par' dir='ltr' id='par_1_74' title="bbox 470 4521 635 4568">
     <span class='ocr_line' id='line_1_74' title="bbox 470 4521 635 4568; baseline -0.006 -2"><span class='ocrx_word' id='word_1_614' title='bbox 470 4521 635 4568; x_wconf 90' lang='lat' dir='ltr'><strong>tatur.</strong></span> 
     </span>
    </p>
   </div>
   <div class='ocr_carea' id='block_1_75' title="bbox 539 4594 2056 4670">
    <p class='ocr_par' dir='ltr' id='par_1_75' title="bbox 539 4594 2056 4670">
     <span class='ocr_line' id='line_1_75' title="bbox 539 4594 2056 4670; baseline -0.008 -8"><span class='ocrx_word' id='word_1_615' title='bbox 539 4607 594 4662; x_wconf 75' lang='grc'><strong>4.</strong></span> <span class='ocrx_word' id='word_1_616' title='bbox 635 4603 818 4660; x_wconf 87' lang='lat' dir='ltr'><strong>Tertia</strong></span> <span class='ocrx_word' id='word_1_617' title='bbox 853 4617 997 4658; x_wconf 90' lang='lat' dir='ltr'><strong>nunc</strong></span> <span class='ocrx_word' id='word_1_618' title='bbox 1038 4601 1121 4655; x_wconf 85' lang='lat' dir='ltr'><strong>lex</strong></span> <span class='ocrx_word' id='word_1_619' title='bbox 1157 4599 1532 4670; x_wconf 77' lang='lat' dir='ltr'><strong>promulgatur</strong></span> <span class='ocrx_word' id='word_1_620' title='bbox 1575 4595 1913 4668; x_wconf 86' lang='lat' dir='ltr'><strong>huiusmodi:</strong></span> <span class='ocrx_word' id='word_1_621' title='bbox 1937 4612 1958 4647; x_wconf 80' lang='grc' dir='ltr'><strong>ι</strong></span> <span class='ocrx_word' id='word_1_622' title='bbox 1986 4594 2056 4650; x_wconf 82' lang='grc' dir='ltr'>Ει</span> 
     </span>
    </p>
   </div>
   <div class='ocr_carea' id='block_1_76' title="bbox 469 4685 2054 4764">
    <p class='ocr_par' dir='ltr' id='par_1_76' title="bbox 469 4685 2054 4764">
     <span class='ocr_line' id='line_1_76' title="bbox 469 4685 2054 4764; baseline -0.006 -12"><span class='ocrx_word' id='word_1_623' title='bbox 469 4700 651 4752; x_wconf 89' lang='lat' dir='ltr'><strong>anima</strong></span> <span class='ocrx_word' id='word_1_624' title='bbox 677 4737 690 4763; x_wconf 93' lang='lat'><strong>,</strong></span> <span class='ocrx_word' id='word_1_625' title='bbox 721 4696 956 4764; x_wconf 63' lang='lat' dir='ltr'><strong>inquit”,</strong></span> <span class='ocrx_word' id='word_1_626' title='bbox 992 4711 1112 4764; x_wconf 71' lang='lat' dir='ltr'><strong>qua:</strong></span> <span class='ocrx_word' id='word_1_627' title='bbox 1157 4693 1454 4762; x_wconf 87' lang='lat' dir='ltr'><strong>iuraverit,</strong></span> <span class='ocrx_word' id='word_1_628' title='bbox 1485 4689 1846 4760; x_wconf 89' lang='lat' dir='ltr'><strong>pronuntians</strong></span> <span class='ocrx_word' id='word_1_629' title='bbox 1896 4685 2054 4742; x_wconf 83' lang='lat' dir='ltr'><strong>labiis</strong></span> 
     </span>
    </p>
   </div>
   <div class='ocr_carea' id='block_1_77' title="bbox 469 4781 2054 4853">
    <p class='ocr_par' dir='ltr' id='par_1_77' title="bbox 469 4781 2054 4853">
     <span class='ocr_line' id='line_1_77' title="bbox 469 4781 2054 4853; baseline -0.008 -7"><span class='ocrx_word' id='word_1_630' title='bbox 469 4791 584 4846; x_wconf 89' lang='lat' dir='ltr'><strong>suis</strong></span> <span class='ocrx_word' id='word_1_631' title='bbox 621 4788 970 4853; x_wconf 87' lang='lat' dir='ltr'><strong>malefacere,</strong></span> <span class='ocrx_word' id='word_1_632' title='bbox 1013 4796 1104 4840; x_wconf 90' lang='lat' dir='ltr'><strong>aut</strong></span> <span class='ocrx_word' id='word_1_633' title='bbox 1145 4785 1469 4841; x_wconf 89' lang='lat' dir='ltr'><strong>benefacere</strong></span> <span class='ocrx_word' id='word_1_634' title='bbox 1522 4783 1820 4838; x_wconf 86' lang='lat' dir='ltr'><strong>secundum</strong></span> <span class='ocrx_word' id='word_1_635' title='bbox 1868 4781 2054 4834; x_wconf 87' lang='lat' dir='ltr'><strong>omnia</strong></span> 
     </span>
    </p>
   </div>
   <div class='ocr_carea' id='block_1_78' title="bbox 470 4873 2053 4954">
    <p class='ocr_par' dir='ltr' id='par_1_78' title="bbox 470 4873 2053 4954">
     <span class='ocr_line' id='line_1_78' title="bbox 470 4873 2053 4954; baseline -0.008 -15"><span class='ocrx_word' id='word_1_636' title='bbox 470 4895 808 4954; x_wconf 76' lang='lat' dir='ltr'><strong>quzecunque</strong></span> <span class='ocrx_word' id='word_1_637' title='bbox 855 4882 1055 4936; x_wconf 84' lang='lat' dir='ltr'><strong>dixerit</strong></span> <span class='ocrx_word' id='word_1_638' title='bbox 1104 4879 1309 4934; x_wconf 87' lang='lat' dir='ltr'><strong>homini</strong></span> <span class='ocrx_word' id='word_1_639' title='bbox 1349 4894 1470 4932; x_wconf 86' lang='lat' dir='ltr'><strong>cum</strong></span> <span class='ocrx_word' id='word_1_640' title='bbox 1512 4878 1847 4946; x_wconf 86' lang='lat' dir='ltr'><strong>iuramento,</strong></span> <span class='ocrx_word' id='word_1_641' title='bbox 1885 4883 1940 4928; x_wconf 88' lang='lat' dir='ltr'><strong>et</strong></span> <span class='ocrx_word' id='word_1_642' title='bbox 1972 4873 2053 4927; x_wconf 86' lang='lat' dir='ltr'><strong>la-</strong></span> 
     </span>
    </p>
   </div>
   <div class='ocr_carea' id='block_1_79' title="bbox 471 4970 2052 5043">
    <p class='ocr_par' dir='ltr' id='par_1_79' title="bbox 471 4970 2052 5043">
     <span class='ocr_line' id='line_1_79' title="bbox 471 4970 2052 5043; baseline -0.008 -11"><span class='ocrx_word' id='word_1_643' title='bbox 471 4979 634 5032; x_wconf 90' lang='lat' dir='ltr'><strong>tuerit</strong></span> <span class='ocrx_word' id='word_1_644' title='bbox 661 4991 808 5042; x_wconf 90' lang='lat' dir='ltr'><strong>eum,</strong></span> <span class='ocrx_word' id='word_1_645' title='bbox 840 4985 894 5031; x_wconf 87' lang='lat' dir='ltr'><strong>et</strong></span> <span class='ocrx_word' id='word_1_646' title='bbox 923 4975 1011 5029; x_wconf 89' lang='lat' dir='ltr'><strong>hic</strong></span> <span class='ocrx_word' id='word_1_647' title='bbox 1039 4973 1383 5043; x_wconf 85' lang='lat' dir='ltr'><strong>cognoverit,</strong></span> <span class='ocrx_word' id='word_1_648' title='bbox 1417 4979 1472 5027; x_wconf 90' lang='lat' dir='ltr'><strong>et</strong></span> <span class='ocrx_word' id='word_1_649' title='bbox 1522 4970 1834 5039; x_wconf 87' lang='lat' dir='ltr'><strong>peccaverit</strong></span> <span class='ocrx_word' id='word_1_650' title='bbox 1888 4983 2052 5022; x_wconf 91' lang='lat' dir='ltr'><strong>unum</strong></span> 
     </span>
    </p>
   </div>
   <div class='ocr_carea' id='block_1_80' title="bbox 2156 3213 3704 3285">
    <p class='ocr_par' dir='ltr' id='par_1_80' title="bbox 2156 3213 3704 3285">
     <span class='ocr_line' id='line_1_80' title="bbox 2156 3213 3704 3285; baseline 0 -19"><span class='ocrx_word' id='word_1_651' title='bbox 2156 3233 2174 3266; x_wconf 84' lang='grc' dir='ltr'><strong>ι</strong></span> <span class='ocrx_word' id='word_1_652' title='bbox 2215 3215 2348 3270; x_wconf 90' lang='lat' dir='ltr'><strong>Cum</strong></span> <span class='ocrx_word' id='word_1_653' title='bbox 2380 3215 2647 3280; x_wconf 87' lang='lat' dir='ltr'><strong>infirmor,</strong></span> <span class='ocrx_word' id='word_1_654' title='bbox 2670 3225 2796 3270; x_wconf 88' lang='lat' dir='ltr'><strong>tunc</strong></span> <span class='ocrx_word' id='word_1_655' title='bbox 2828 3226 3020 3285; x_wconf 89' lang='lat' dir='ltr'><strong>potens</strong></span> <span class='ocrx_word' id='word_1_656' title='bbox 3043 3231 3174 3270; x_wconf 92' lang='lat' dir='ltr'><strong>sum.</strong></span> <span class='ocrx_word' id='word_1_657' title='bbox 3213 3233 3230 3265; x_wconf 75' lang='grc' dir='ltr'><strong>ι</strong></span> <span class='ocrx_word' id='word_1_658' title='bbox 3260 3213 3399 3268; x_wconf 83' lang='grc' dir='ltr'>11ιιῖε</span> <span class='ocrx_word' id='word_1_659' title='bbox 3426 3230 3555 3284; x_wconf 80' lang='lat' dir='ltr'><strong>ergo</strong></span> <span class='ocrx_word' id='word_1_660' title='bbox 3584 3216 3704 3268; x_wconf 81' lang='lat' dir='ltr'><strong>carni</strong></span> 
     </span>
    </p>
   </div>
   <div class='ocr_carea' id='block_1_81' title="bbox 2155 3307 3710 3376">
    <p class='ocr_par' dir='ltr' id='par_1_81' title="bbox 2155 3307 3710 3376">
     <span class='ocr_line' id='line_1_81' title="bbox 2155 3307 3710 3376; baseline 0 -16"><span class='ocrx_word' id='word_1_661' title='bbox 2155 3307 2422 3361; x_wconf 86' lang='lat' dir='ltr'><strong>resistenti</strong></span> <span class='ocrx_word' id='word_1_662' title='bbox 2448 3315 2502 3360; x_wconf 92' lang='lat' dir='ltr'><strong>et</strong></span> <span class='ocrx_word' id='word_1_663' title='bbox 2539 3307 2860 3376; x_wconf 90' lang='lat' dir='ltr'><strong>repugnanti</strong></span> <span class='ocrx_word' id='word_1_664' title='bbox 2912 3308 3198 3361; x_wconf 88' lang='lat' dir='ltr'><strong>adversum</strong></span> <span class='ocrx_word' id='word_1_665' title='bbox 3232 3309 3512 3375; x_wconf 74' lang='lat' dir='ltr'><strong>Spiritum,</strong></span> <span class='ocrx_word' id='word_1_666' title='bbox 3543 3309 3584 3360; x_wconf 84' lang='lat' dir='ltr'><strong>si</strong></span> <span class='ocrx_word' id='word_1_667' title='bbox 3612 3312 3710 3375; x_wconf 86' lang='lat' dir='ltr'><strong>quis</strong></span> 
     </span>
    </p>
   </div>
   <div class='ocr_carea' id='block_1_82' title="bbox 2145 3397 3714 3468">
    <p class='ocr_par' dir='ltr' id='par_1_82' title="bbox 2145 3397 3714 3468">
     <span class='ocr_line' id='line_1_82' title="bbox 2145 3397 3714 3468; baseline 0.001 -17"><span class='ocrx_word' id='word_1_668' title='bbox 2145 3397 2413 3466; x_wconf 80' lang='lat' dir='ltr'><strong>iuraverit</strong></span> <span class='ocrx_word' id='word_1_669' title='bbox 2460 3409 2516 3452; x_wconf 93' lang='lat' dir='ltr'><strong>et</strong></span> <span class='ocrx_word' id='word_1_670' title='bbox 2563 3402 2994 3468; x_wconf 86' lang='lat' dir='ltr'><strong>pronuntiaverit</strong></span> <span class='ocrx_word' id='word_1_671' title='bbox 3036 3399 3381 3464; x_wconf 85' lang='lat' dir='ltr'><strong>malefacere,</strong></span> <span class='ocrx_word' id='word_1_672' title='bbox 3419 3413 3476 3455; x_wconf 93' lang='lat' dir='ltr'><strong>et</strong></span> <span class='ocrx_word' id='word_1_673' title='bbox 3505 3399 3714 3468; x_wconf 79' lang='lat' dir='ltr'><strong>afﬂigere</strong></span> 
     </span>
    </p>
   </div>
   <div class='ocr_carea' id='block_1_83' title="bbox 2155 3494 3713 3562">
    <p class='ocr_par' dir='ltr' id='par_1_83' title="bbox 2155 3494 3713 3562">
     <span class='ocr_line' id='line_1_83' title="bbox 2155 3494 3713 3562; baseline 0.003 -20"><span class='ocrx_word' id='word_1_674' title='bbox 2155 3507 2220 3544; x_wconf 91' lang='lat' dir='ltr'><strong>ac</strong></span> <span class='ocrx_word' id='word_1_675' title='bbox 2249 3507 2528 3544; x_wconf 86' lang='lat' dir='ltr'><strong>macerare</strong></span> <span class='ocrx_word' id='word_1_676' title='bbox 2563 3507 2704 3556; x_wconf 90' lang='lat' dir='ltr'><strong>eam,</strong></span> <span class='ocrx_word' id='word_1_677' title='bbox 2742 3501 2796 3546; x_wconf 92' lang='lat' dir='ltr'><strong>et</strong></span> <span class='ocrx_word' id='word_1_678' title='bbox 2834 3509 2938 3547; x_wconf 93' lang='lat' dir='ltr'><strong>non</strong></span> <span class='ocrx_word' id='word_1_679' title='bbox 2986 3494 3202 3557; x_wconf 88' lang='lat' dir='ltr'><strong>fecerit,</strong></span> <span class='ocrx_word' id='word_1_680' title='bbox 3238 3495 3448 3562; x_wconf 87' lang='lat' dir='ltr'><strong>peccati</strong></span> <span class='ocrx_word' id='word_1_681' title='bbox 3484 3510 3603 3548; x_wconf 90' lang='lat' dir='ltr'><strong>reus</strong></span> <span class='ocrx_word' id='word_1_682' title='bbox 3627 3504 3713 3555; x_wconf 86' lang='lat' dir='ltr'><strong>est,</strong></span> 
     </span>
    </p>
   </div>
   <div class='ocr_carea' id='block_1_84' title="bbox 2155 3583 3716 3653">
    <p class='ocr_par' dir='ltr' id='par_1_84' title="bbox 2155 3583 3716 3653">
     <span class='ocr_line' id='line_1_84' title="bbox 2155 3583 3716 3653; baseline 0.003 -18"><span class='ocrx_word' id='word_1_683' title='bbox 2155 3583 2207 3636; x_wconf 92' lang='lat' dir='ltr'><strong>in</strong></span> <span class='ocrx_word' id='word_1_684' title='bbox 2239 3599 2345 3653; x_wconf 90' lang='lat' dir='ltr'><strong>quo</strong></span> <span class='ocrx_word' id='word_1_685' title='bbox 2370 3583 2574 3650; x_wconf 88' lang='lat' dir='ltr'><strong>iuravit</strong></span> <span class='ocrx_word' id='word_1_686' title='bbox 2625 3587 2867 3638; x_wconf 89' lang='lat' dir='ltr'><strong>cruciare</strong></span> <span class='ocrx_word' id='word_1_687' title='bbox 2897 3599 2956 3639; x_wconf 92' lang='lat' dir='ltr'><strong>se</strong></span> <span class='ocrx_word' id='word_1_688' title='bbox 2985 3599 3205 3639; x_wconf 90' lang='lat' dir='ltr'><strong>carnem</strong></span> <span class='ocrx_word' id='word_1_689' title='bbox 3257 3601 3412 3640; x_wconf 86' lang='lat' dir='ltr'><strong>suam</strong></span> <span class='ocrx_word' id='word_1_690' title='bbox 3435 3626 3452 3650; x_wconf 94' lang='lat'><strong>,</strong></span> <span class='ocrx_word' id='word_1_691' title='bbox 3484 3598 3539 3641; x_wconf 88' lang='lat' dir='ltr'><strong>et</strong></span> <span class='ocrx_word' id='word_1_692' title='bbox 3568 3587 3716 3642; x_wconf 84' lang='lat' dir='ltr'><strong>servi-</strong></span> 
     </span>
    </p>
   </div>
   <div class='ocr_carea' id='block_1_85' title="bbox 2158 3674 3717 3744">
    <p class='ocr_par' dir='ltr' id='par_1_85' title="bbox 2158 3674 3717 3744">
     <span class='ocr_line' id='line_1_85' title="bbox 2158 3674 3717 3744; baseline 0.002 -18"><span class='ocrx_word' id='word_1_693' title='bbox 2158 3675 2254 3728; x_wconf 89' lang='lat' dir='ltr'><strong>tuti</strong></span> <span class='ocrx_word' id='word_1_694' title='bbox 2307 3675 2595 3741; x_wconf 83' lang='lat' dir='ltr'><strong>subiicere,</strong></span> <span class='ocrx_word' id='word_1_695' title='bbox 2640 3686 2836 3728; x_wconf 83' lang='lat' dir='ltr'><strong>etnon</strong></span> <span class='ocrx_word' id='word_1_696' title='bbox 2903 3674 3050 3730; x_wconf 87' lang='lat' dir='ltr'><strong>fecit.</strong></span> <span class='ocrx_word' id='word_1_697' title='bbox 3103 3675 3305 3728; x_wconf 87' lang='lat' dir='ltr'><strong>Eodem</strong></span> <span class='ocrx_word' id='word_1_698' title='bbox 3357 3688 3540 3731; x_wconf 87' lang='lat' dir='ltr'><strong>autem</strong></span> <span class='ocrx_word' id='word_1_699' title='bbox 3583 3676 3717 3744; x_wconf 82' lang='lat' dir='ltr'><strong>iura—</strong></span> 
     </span>
    </p>
   </div>
   <div class='ocr_carea' id='block_1_86' title="bbox 2157 3768 3718 3841">
    <p class='ocr_par' dir='ltr' id='par_1_86' title="bbox 2157 3768 3718 3841">
     <span class='ocr_line' id='line_1_86' title="bbox 2157 3768 3718 3841; baseline 0.001 -20"><span class='ocrx_word' id='word_1_700' title='bbox 2157 3777 2340 3821; x_wconf 87' lang='lat' dir='ltr'><strong>mento</strong></span> <span class='ocrx_word' id='word_1_701' title='bbox 2375 3778 2428 3820; x_wconf 93' lang='lat' dir='ltr'><strong>et</strong></span> <span class='ocrx_word' id='word_1_702' title='bbox 2451 3768 2662 3836; x_wconf 90' lang='lat' dir='ltr'><strong>spiritui</strong></span> <span class='ocrx_word' id='word_1_703' title='bbox 2694 3769 2942 3822; x_wconf 91' lang='lat' dir='ltr'><strong>decernit</strong></span> <span class='ocrx_word' id='word_1_704' title='bbox 2990 3768 3336 3824; x_wconf 85' lang='lat' dir='ltr'><strong>benefacere.</strong></span> <span class='ocrx_word' id='word_1_705' title='bbox 3370 3769 3427 3824; x_wconf 89' lang='lat' dir='ltr'><strong>lu</strong></span> <span class='ocrx_word' id='word_1_706' title='bbox 3461 3787 3566 3841; x_wconf 92' lang='lat' dir='ltr'><strong>quo</strong></span> <span class='ocrx_word' id='word_1_707' title='bbox 3592 3773 3718 3826; x_wconf 85' lang='lat' dir='ltr'><strong>enim</strong></span> 
     </span>
    </p>
   </div>
   <div class='ocr_carea' id='block_1_87' title="bbox 2156 3861 3719 3934">
    <p class='ocr_par' dir='ltr' id='par_1_87' title="bbox 2156 3861 3719 3934">
     <span class='ocr_line' id='line_1_87' title="bbox 2156 3861 3719 3934; baseline 0.003 -20"><span class='ocrx_word' id='word_1_708' title='bbox 2156 3861 2304 3914; x_wconf 87' lang='lat' dir='ltr'><strong>carni</strong></span> <span class='ocrx_word' id='word_1_709' title='bbox 2343 3861 2639 3925; x_wconf 87' lang='lat' dir='ltr'><strong>Inalefacil,</strong></span> <span class='ocrx_word' id='word_1_710' title='bbox 2664 3862 2878 3930; x_wconf 87' lang='lat' dir='ltr'><strong>spiritui</strong></span> <span class='ocrx_word' id='word_1_711' title='bbox 2913 3862 3206 3915; x_wconf 85' lang='lat' dir='ltr'><strong>benefacit.</strong></span> <span class='ocrx_word' id='word_1_712' title='bbox 3242 3863 3296 3917; x_wconf 90' lang='lat' dir='ltr'><strong>Si</strong></span> <span class='ocrx_word' id='word_1_713' title='bbox 3329 3867 3456 3932; x_wconf 86' lang='lat' dir='ltr'><strong>quis</strong></span> <span class='ocrx_word' id='word_1_714' title='bbox 3482 3882 3607 3934; x_wconf 80' lang='lat' dir='ltr'><strong>ergo</strong></span> <span class='ocrx_word' id='word_1_715' title='bbox 3633 3866 3719 3918; x_wconf 87' lang='lat' dir='ltr'><strong>hoc</strong></span> 
     </span>
    </p>
   </div>
   <div class='ocr_carea' id='block_1_88' title="bbox 2152 3950 3720 4022">
    <p class='ocr_par' dir='ltr' id='par_1_88' title="bbox 2152 3950 3720 4022">
     <span class='ocr_line' id='line_1_88' title="bbox 2152 3950 3720 4022; baseline 0.002 -17"><span class='ocrx_word' id='word_1_716' title='bbox 2152 3951 2438 4020; x_wconf 82' lang='lat' dir='ltr'><strong>iuraverit,</strong></span> <span class='ocrx_word' id='word_1_717' title='bbox 2465 3962 2518 4006; x_wconf 91' lang='lat' dir='ltr'><strong>et</strong></span> <span class='ocrx_word' id='word_1_718' title='bbox 2566 3967 2671 4006; x_wconf 90' lang='lat' dir='ltr'><strong>non</strong></span> <span class='ocrx_word' id='word_1_719' title='bbox 2707 3950 2919 4018; x_wconf 89' lang='lat' dir='ltr'><strong>fecerit,</strong></span> <span class='ocrx_word' id='word_1_720' title='bbox 2963 3954 3170 4022; x_wconf 88' lang='lat' dir='ltr'><strong>peccati</strong></span> <span class='ocrx_word' id='word_1_721' title='bbox 3200 3953 3434 4008; x_wconf 83' lang='lat' dir='ltr'><strong>efficitur</strong></span> <span class='ocrx_word' id='word_1_722' title='bbox 3482 3957 3720 4010; x_wconf 76' lang='lat' dir='ltr'><strong>reus.\’is</strong></span> 
     </span>
    </p>
   </div>
   <div class='ocr_carea' id='block_1_89' title="bbox 2157 4043 3719 4113">
    <p class='ocr_par' dir='ltr' id='par_1_89' title="bbox 2157 4043 3719 4113">
     <span class='ocr_line' id='line_1_89' title="bbox 2157 4043 3719 4113; baseline 0.004 -18"><span class='ocrx_word' id='word_1_723' title='bbox 2157 4053 2337 4096; x_wconf 91' lang='lat' dir='ltr'><strong>autem</strong></span> <span class='ocrx_word' id='word_1_724' title='bbox 2369 4043 2510 4098; x_wconf 90' lang='lat' dir='ltr'><strong>scire</strong></span> <span class='ocrx_word' id='word_1_725' title='bbox 2555 4045 2683 4113; x_wconf 90' lang='lat' dir='ltr'><strong>quia</strong></span> <span class='ocrx_word' id='word_1_726' title='bbox 2724 4060 2824 4099; x_wconf 92' lang='lat' dir='ltr'><strong>nec</strong></span> <span class='ocrx_word' id='word_1_727' title='bbox 2865 4054 3044 4112; x_wconf 91' lang='lat' dir='ltr'><strong>potest</strong></span> <span class='ocrx_word' id='word_1_728' title='bbox 3092 4047 3184 4099; x_wconf 91' lang='lat' dir='ltr'><strong>uni</strong></span> <span class='ocrx_word' id='word_1_729' title='bbox 3235 4063 3424 4100; x_wconf 91' lang='lat' dir='ltr'><strong>eorum</strong></span> <span class='ocrx_word' id='word_1_730' title='bbox 3458 4048 3719 4113; x_wconf 75' lang='lat' dir='ltr'><strong>benefieri,</strong></span> 
     </span>
    </p>
   </div>
   <div class='ocr_carea' id='block_1_90' title="bbox 2155 4131 3720 4208">
    <p class='ocr_par' dir='ltr' id='par_1_90' title="bbox 2155 4131 3720 4208">
     <span class='ocr_line' id='line_1_90' title="bbox 2155 4131 3720 4208; baseline 0.004 -25"><span class='ocrx_word' id='word_1_731' title='bbox 2155 4131 2257 4184; x_wconf 88' lang='lat' dir='ltr'><strong>nisi</strong></span> <span class='ocrx_word' id='word_1_732' title='bbox 2290 4132 2375 4185; x_wconf 86' lang='lat' dir='ltr'><strong>alii</strong></span> <span class='ocrx_word' id='word_1_733' title='bbox 2405 4132 2756 4197; x_wconf 80' lang='lat' dir='ltr'><strong>malefeceris,</strong></span> <span class='ocrx_word' id='word_1_734' title='bbox 2786 4135 2909 4188; x_wconf 86' lang='lat' dir='ltr'><strong>audi</strong></span> <span class='ocrx_word' id='word_1_735' title='bbox 2933 4135 3094 4189; x_wconf 89' lang='lat' dir='ltr'><strong>etiam</strong></span> <span class='ocrx_word' id='word_1_736' title='bbox 3121 4137 3412 4192; x_wconf 89' lang='lat' dir='ltr'><strong>Dominum</strong></span> <span class='ocrx_word' id='word_1_737' title='bbox 3451 4139 3625 4208; x_wconf 89' lang='lat' dir='ltr'><strong>ipsum</strong></span> <span class='ocrx_word' id='word_1_738' title='bbox 3657 4140 3720 4191; x_wconf 88' lang='lat' dir='ltr'><strong>di-</strong></span> 
     </span>
    </p>
   </div>
   <div class='ocr_carea' id='block_1_91' title="bbox 2157 4224 3719 4296">
    <p class='ocr_par' dir='ltr' id='par_1_91' title="bbox 2157 4224 3719 4296">
     <span class='ocr_line' id='line_1_91' title="bbox 2157 4224 3719 4296; baseline 0.004 -21"><span class='ocrx_word' id='word_1_739' title='bbox 2157 4233 2372 4276; x_wconf 89' lang='lat' dir='ltr'><strong>centem</strong></span> <span class='ocrx_word' id='word_1_740' title='bbox 2398 4224 2418 4249; x_wconf 78' lang='lat'><strong>“</strong></span> <span class='ocrx_word' id='word_1_741' title='bbox 2446 4240 2457 4274; x_wconf 94' lang='lat'><strong>:</strong></span> <span class='ocrx_word' id='word_1_742' title='bbox 2491 4244 2507 4273; x_wconf 79' lang='grc' dir='ltr'><strong>ι</strong></span> <span class='ocrx_word' id='word_1_743' title='bbox 2541 4224 2650 4294; x_wconf 83' lang='lat' dir='ltr'><strong>Ego</strong></span> <span class='ocrx_word' id='word_1_744' title='bbox 2685 4225 2955 4290; x_wconf 88' lang='lat' dir='ltr'><strong>occidam,</strong></span> <span class='ocrx_word' id='word_1_745' title='bbox 2996 4235 3050 4280; x_wconf 91' lang='lat' dir='ltr'><strong>et</strong></span> <span class='ocrx_word' id='word_1_746' title='bbox 3085 4227 3265 4281; x_wconf 80' lang='lat' dir='ltr'><strong>vivere</strong></span> <span class='ocrx_word' id='word_1_747' title='bbox 3304 4230 3520 4283; x_wconf 87' lang='lat' dir='ltr'><strong>faciam.</strong></span> <span class='ocrx_word' id='word_1_748' title='bbox 3557 4249 3573 4280; x_wconf 81' lang='grc' dir='ltr'><strong>ι</strong></span> <span class='ocrx_word' id='word_1_749' title='bbox 3599 4229 3719 4296; x_wconf 84' lang='lat' dir='ltr'><strong>Quid</strong></span> 
     </span>
    </p>
   </div>
   <div class='ocr_carea' id='block_1_92' title="bbox 2155 4315 3719 4388">
    <p class='ocr_par' dir='ltr' id='par_1_92' title="bbox 2155 4315 3719 4388">
     <span class='ocr_line' id='line_1_92' title="bbox 2155 4315 3719 4388; baseline 0.003 -20"><span class='ocrx_word' id='word_1_750' title='bbox 2155 4315 2352 4368; x_wconf 89' lang='lat' dir='ltr'><strong>occidit</strong></span> <span class='ocrx_word' id='word_1_751' title='bbox 2379 4315 2558 4368; x_wconf 79' lang='lat' dir='ltr'><strong>Deus?</strong></span> <span class='ocrx_word' id='word_1_752' title='bbox 2585 4316 2814 4370; x_wconf 89' lang='lat' dir='ltr'><strong>Carnem</strong></span> <span class='ocrx_word' id='word_1_753' title='bbox 2861 4318 3066 4387; x_wconf 89' lang='lat' dir='ltr'><strong>utique.</strong></span> <span class='ocrx_word' id='word_1_754' title='bbox 3094 4319 3159 4372; x_wconf 87' lang='lat' dir='ltr'><strong>Et</strong></span> <span class='ocrx_word' id='word_1_755' title='bbox 3183 4321 3312 4388; x_wconf 91' lang='lat' dir='ltr'><strong>quid</strong></span> <span class='ocrx_word' id='word_1_756' title='bbox 3353 4321 3537 4375; x_wconf 86' lang='lat' dir='ltr'><strong>vivere</strong></span> <span class='ocrx_word' id='word_1_757' title='bbox 3578 4320 3719 4374; x_wconf 81' lang='lat' dir='ltr'><strong>facit?</strong></span> 
     </span>
    </p>
   </div>
   <div class='ocr_carea' id='block_1_93' title="bbox 2155 4405 3721 4481">
    <p class='ocr_par' dir='ltr' id='par_1_93' title="bbox 2155 4405 3721 4481">
     <span class='ocr_line' id='line_1_93' title="bbox 2155 4405 3721 4481; baseline 0.003 -21"><span class='ocrx_word' id='word_1_758' title='bbox 2155 4405 2413 4478; x_wconf 90' lang='lat' dir='ltr'><strong>Spiritum</strong></span> <span class='ocrx_word' id='word_1_759' title='bbox 2453 4409 2569 4463; x_wconf 92' lang='lat' dir='ltr'><strong>sine</strong></span> <span class='ocrx_word' id='word_1_760' title='bbox 2611 4409 2795 4463; x_wconf 91' lang='lat' dir='ltr'><strong>dubio.</strong></span> <span class='ocrx_word' id='word_1_761' title='bbox 2833 4410 2899 4462; x_wconf 87' lang='lat' dir='ltr'><strong>Et</strong></span> <span class='ocrx_word' id='word_1_762' title='bbox 2943 4426 3155 4463; x_wconf 87' lang='lat' dir='ltr'><strong>rursum</strong></span> <span class='ocrx_word' id='word_1_763' title='bbox 3187 4411 3239 4464; x_wconf 92' lang='lat' dir='ltr'><strong>in</strong></span> <span class='ocrx_word' id='word_1_764' title='bbox 3264 4414 3626 4481; x_wconf 86' lang='lat' dir='ltr'><strong>sequentibus</strong></span> <span class='ocrx_word' id='word_1_765' title='bbox 3651 4413 3721 4467; x_wconf 86' lang='lat' dir='ltr'><strong>di-</strong></span> 
     </span>
    </p>
   </div>
   <div class='ocr_carea' id='block_1_94' title="bbox 2083 4489 3720 4574">
    <p class='ocr_par' dir='ltr' id='par_1_94' title="bbox 2083 4489 3720 4574">
     <span class='ocr_line' id='line_1_94' title="bbox 2083 4489 3720 4574; baseline 0.004 -25"><span class='ocrx_word' id='word_1_766' title='bbox 2083 4489 2258 4552; x_wconf 84' lang='lat' dir='ltr'><strong>Dcit&quot;</strong></span> <span class='ocrx_word' id='word_1_767' title='bbox 2290 4516 2302 4550; x_wconf 93' lang='lat'>:</span> <span class='ocrx_word' id='word_1_768' title='bbox 2337 4519 2354 4550; x_wconf 79' lang='grc' dir='ltr'><strong>ι</strong></span> <span class='ocrx_word' id='word_1_769' title='bbox 2389 4500 2710 4561; x_wconf 87' lang='lat' dir='ltr'><strong>Pcrcutiam,</strong></span> <span class='ocrx_word' id='word_1_770' title='bbox 2739 4510 2792 4554; x_wconf 87' lang='lat' dir='ltr'><strong>et</strong></span> <span class='ocrx_word' id='word_1_771' title='bbox 2832 4516 2930 4571; x_wconf 88' lang='lat' dir='ltr'><strong>ego</strong></span> <span class='ocrx_word' id='word_1_772' title='bbox 2973 4502 3192 4555; x_wconf 72' lang='lat' dir='ltr'><strong>satiabo.</strong></span> <span class='ocrx_word' id='word_1_773' title='bbox 3233 4521 3251 4552; x_wconf 73' lang='grc' dir='ltr'><strong>ι</strong></span> <span class='ocrx_word' id='word_1_774' title='bbox 3284 4505 3426 4568; x_wconf 88' lang='lat' dir='ltr'><strong>Quid</strong></span> <span class='ocrx_word' id='word_1_775' title='bbox 3469 4503 3720 4574; x_wconf 76' lang='lat' dir='ltr'><strong>percutit?</strong></span> 
     </span>
    </p>
   </div>
   <div class='ocr_carea' id='block_1_95' title="bbox 2154 4589 3718 4661">
    <p class='ocr_par' dir='ltr' id='par_1_95' title="bbox 2154 4589 3718 4661">
     <span class='ocr_line' id='line_1_95' title="bbox 2154 4589 3718 4661; baseline 0.003 -16"><span class='ocrx_word' id='word_1_776' title='bbox 2154 4589 2403 4645; x_wconf 89' lang='lat' dir='ltr'><strong>Carnem.</strong></span> <span class='ocrx_word' id='word_1_777' title='bbox 2427 4590 2565 4656; x_wconf 89' lang='lat' dir='ltr'><strong>Quid</strong></span> <span class='ocrx_word' id='word_1_778' title='bbox 2589 4594 2774 4645; x_wconf 86' lang='lat' dir='ltr'><strong>sanat?</strong></span> <span class='ocrx_word' id='word_1_779' title='bbox 2796 4591 3075 4661; x_wconf 88' lang='lat' dir='ltr'><strong>Spiritum.</strong></span> <span class='ocrx_word' id='word_1_780' title='bbox 3118 4592 3350 4648; x_wconf 85' lang='lat' dir='ltr'><strong>Prorsus</strong></span> <span class='ocrx_word' id='word_1_781' title='bbox 3387 4605 3447 4648; x_wconf 93' lang='lat' dir='ltr'><strong>ut</strong></span> <span class='ocrx_word' id='word_1_782' title='bbox 3483 4597 3571 4649; x_wconf 85' lang='lat' dir='ltr'><strong>illa</strong></span> <span class='ocrx_word' id='word_1_783' title='bbox 3605 4595 3718 4649; x_wconf 81' lang='lat' dir='ltr'><strong>defi-</strong></span> 
     </span>
    </p>
   </div>
   <div class='ocr_carea' id='block_1_96' title="bbox 2153 4683 3717 4753">
    <p class='ocr_par' dir='ltr' id='par_1_96' title="bbox 2153 4683 3717 4753">
     <span class='ocr_line' id='line_1_96' title="bbox 2153 4683 3717 4753; baseline 0.004 -17"><span class='ocrx_word' id='word_1_784' title='bbox 2153 4683 2278 4745; x_wconf 85' lang='lat' dir='ltr'><strong>ciat,</strong></span> <span class='ocrx_word' id='word_1_785' title='bbox 2319 4683 2420 4736; x_wconf 91' lang='lat' dir='ltr'><strong>iste</strong></span> <span class='ocrx_word' id='word_1_786' title='bbox 2462 4683 2734 4753; x_wconf 89' lang='lat' dir='ltr'><strong>proficiat;</strong></span> <span class='ocrx_word' id='word_1_787' title='bbox 2769 4692 2826 4736; x_wconf 92' lang='lat' dir='ltr'><strong>ut</strong></span> <span class='ocrx_word' id='word_1_788' title='bbox 2865 4683 3024 4736; x_wconf 89' lang='lat' dir='ltr'><strong>faciat</strong></span> <span class='ocrx_word' id='word_1_789' title='bbox 3050 4693 3099 4737; x_wconf 91' lang='lat' dir='ltr'><strong>te</strong></span> <span class='ocrx_word' id='word_1_790' title='bbox 3135 4687 3517 4742; x_wconf 91' lang='lat' dir='ltr'><strong>mortificatum</strong></span> <span class='ocrx_word' id='word_1_791' title='bbox 3552 4703 3717 4742; x_wconf 83' lang='lat' dir='ltr'><strong>carne.</strong></span> 
     </span>
    </p>
   </div>
   <div class='ocr_carea' id='block_1_97' title="bbox 2152 4772 3716 4845">
    <p class='ocr_par' dir='ltr' id='par_1_97' title="bbox 2152 4772 3716 4845">
     <span class='ocr_line' id='line_1_97' title="bbox 2152 4772 3716 4845; baseline 0.003 -19"><span class='ocrx_word' id='word_1_792' title='bbox 2152 4773 2481 4828; x_wconf 89' lang='lat' dir='ltr'><strong>vivificatum</strong></span> <span class='ocrx_word' id='word_1_793' title='bbox 2508 4773 2728 4842; x_wconf 90' lang='lat' dir='ltr'><strong>spiritu;</strong></span> <span class='ocrx_word' id='word_1_794' title='bbox 2757 4789 2825 4826; x_wconf 92' lang='lat' dir='ltr'><strong>ne</strong></span> <span class='ocrx_word' id='word_1_795' title='bbox 2851 4772 2987 4826; x_wconf 90' lang='lat' dir='ltr'><strong>forte</strong></span> <span class='ocrx_word' id='word_1_796' title='bbox 3013 4783 3067 4827; x_wconf 89' lang='lat' dir='ltr'><strong>et</strong></span> <span class='ocrx_word' id='word_1_797' title='bbox 3093 4785 3148 4828; x_wconf 89' lang='lat' dir='ltr'><strong>tn</strong></span> <span class='ocrx_word' id='word_1_798' title='bbox 3177 4790 3360 4830; x_wconf 86' lang='lat' dir='ltr'><strong>mente</strong></span> <span class='ocrx_word' id='word_1_799' title='bbox 3401 4779 3607 4832; x_wconf 83' lang='lat' dir='ltr'><strong>servias</strong></span> <span class='ocrx_word' id='word_1_800' title='bbox 3636 4775 3716 4845; x_wconf 72' lang='lat' dir='ltr'><strong>legi</strong></span> 
     </span>
    </p>
   </div>
   <div class='ocr_carea' id='block_1_98' title="bbox 2153 4871 3714 4939">
    <p class='ocr_par' dir='ltr' id='par_1_98' title="bbox 2153 4871 3714 4939">
     <span class='ocr_line' id='line_1_98' title="bbox 2153 4871 3714 4939; baseline 0 -13"><span class='ocrx_word' id='word_1_801' title='bbox 2153 4871 2267 4937; x_wconf 85' lang='lat' dir='ltr'><strong>Dei,</strong></span> <span class='ocrx_word' id='word_1_802' title='bbox 2298 4888 2460 4926; x_wconf 91' lang='lat' dir='ltr'><strong>carne</strong></span> <span class='ocrx_word' id='word_1_803' title='bbox 2487 4882 2690 4937; x_wconf 89' lang='lat' dir='ltr'><strong>autem,</strong></span> <span class='ocrx_word' id='word_1_804' title='bbox 2719 4872 2762 4925; x_wconf 90' lang='lat' dir='ltr'><strong>si</strong></span> <span class='ocrx_word' id='word_1_805' title='bbox 2790 4871 3112 4926; x_wconf 87' lang='lat' dir='ltr'><strong>mortificata</strong></span> <span class='ocrx_word' id='word_1_806' title='bbox 3139 4889 3249 4927; x_wconf 86' lang='lat' dir='ltr'><strong>non</strong></span> <span class='ocrx_word' id='word_1_807' title='bbox 3273 4874 3458 4939; x_wconf 90' lang='lat' dir='ltr'><strong>fuerit,</strong></span> <span class='ocrx_word' id='word_1_808' title='bbox 3489 4877 3714 4929; x_wconf 89' lang='lat' dir='ltr'><strong>obstrin-</strong></span> 
     </span>
    </p>
   </div>
   <div class='ocr_carea' id='block_1_99' title="bbox 2152 4961 3714 5044">
    <p class='ocr_par' dir='ltr' id='par_1_99' title="bbox 2152 4961 3714 5044">
     <span class='ocr_line' id='line_1_99' title="bbox 2152 4961 3714 5044; baseline 0 -28"><span class='ocrx_word' id='word_1_809' title='bbox 2152 4963 2294 5032; x_wconf 80' lang='lat' dir='ltr'><strong>garis</strong></span> <span class='ocrx_word' id='word_1_810' title='bbox 2326 4963 2435 5035; x_wconf 72' lang='lat'>(78)</span> <span class='ocrx_word' id='word_1_811' title='bbox 2473 4963 2574 5034; x_wconf 87' lang='lat' dir='ltr'><strong>legi</strong></span> <span class='ocrx_word' id='word_1_812' title='bbox 2619 4962 2845 5032; x_wconf 88' lang='lat' dir='ltr'><strong>peccati.</strong></span> <span class='ocrx_word' id='word_1_813' title='bbox 2880 4961 2934 5016; x_wconf 89' lang='lat' dir='ltr'><strong>Si</strong></span> <span class='ocrx_word' id='word_1_814' title='bbox 2965 4978 3109 5044; x_wconf 50' lang='lat' dir='ltr'><strong>ergo’</strong></span> <span class='ocrx_word' id='word_1_815' title='bbox 3128 4963 3288 5018; x_wconf 90' lang='lat' dir='ltr'><strong>istum</strong></span> <span class='ocrx_word' id='word_1_816' title='bbox 3327 4968 3571 5021; x_wconf 88' lang='lat' dir='ltr'><strong>ordinem</strong></span> <span class='ocrx_word' id='word_1_817' title='bbox 3605 4981 3714 5031; x_wconf 90' lang='lat' dir='ltr'><strong>pro-</strong></span> 
     </span>
    </p>
   </div>
   <div class='ocr_carea' id='block_1_100' title="bbox 536 5037 2044 5164">
    <p class='ocr_par' dir='ltr' id='par_1_100' title="bbox 536 5090 2044 5164">
     <span class='ocr_line' id='line_1_100' title="bbox 536 5090 2044 5164; baseline -0.005 -12"><span class='ocrx_word' id='word_1_818' title='bbox 536 5099 581 5131; x_wconf 80' lang='lat'><strong>&quot;</strong></span> <span class='ocrx_word' id='word_1_819' title='bbox 609 5098 808 5152; x_wconf 82' lang='lat' dir='ltr'><strong>Ezech.</strong></span> <span class='ocrx_word' id='word_1_820' title='bbox 853 5111 1038 5149; x_wconf 80' lang='lat' dir='ltr'><strong>xxxrv.</strong></span> <span class='ocrx_word' id='word_1_821' title='bbox 1117 5094 1164 5125; x_wconf 75' lang='grc'><strong>⁸⁸</strong></span> <span class='ocrx_word' id='word_1_822' title='bbox 1187 5091 1343 5147; x_wconf 85' lang='lat' dir='ltr'><strong>Joan.</strong></span> <span class='ocrx_word' id='word_1_823' title='bbox 1389 5109 1444 5153; x_wconf 88' lang='lat' dir='ltr'><strong>x,</strong></span> <span class='ocrx_word' id='word_1_824' title='bbox 1481 5092 1582 5164; x_wconf 68' lang='grc'><strong>27.</strong></span> <span class='ocrx_word' id='word_1_825' title='bbox 1685 5092 1730 5122; x_wconf 79' lang='grc'><strong>⁹⁹</strong></span> <span class='ocrx_word' id='word_1_826' title='bbox 1762 5090 1779 5143; x_wconf 96' lang='lat' dir='ltr'><strong>l</strong></span> <span class='ocrx_word' id='word_1_827' title='bbox 1814 5091 2044 5164; x_wconf 57' lang='lat' dir='ltr'><strong>Petunt,</strong></span> 
     </span>
    </p>
   </div>
   <div class='ocr_carea' id='block_1_101' title="bbox 2153 5037 3718 5164">
    <p class='ocr_par' dir='ltr' id='par_1_101' title="bbox 2243 5037 3718 5164">
     <span class='ocr_line' id='line_1_101' title="bbox 2243 5037 3718 5164; baseline -0.004 -25"><span class='ocrx_word' id='word_1_828' title='bbox 2243 5087 2260 5150; x_wconf 52' lang='grc' dir='ltr'><strong><em>ἕ</em></strong></span> <span class='ocrx_word' id='word_1_829' title='bbox 2301 5082 2652 5164; x_wconf 47' lang='lat' dir='ltr'><strong>Acthxﬂﬁ,</strong></span> <span class='ocrx_word' id='word_1_830' title='bbox 2679 5153 2690 5163; x_wconf 41' lang='lat'><strong>.</strong></span> <span class='ocrx_word' id='word_1_831' title='bbox 2718 5152 2729 5164; x_wconf 85' lang='lat'>_</span> <span class='ocrx_word' id='word_1_832' title='bbox 2754 5085 2774 5114; x_wconf 82' lang='grc'>²</span> <span class='ocrx_word' id='word_1_833' title='bbox 2809 5037 3104 5146; x_wconf 52' lang='grc' dir='ltr'>ιενίιδά,</span> <span class='ocrx_word' id='word_1_834' title='bbox 3135 5082 3169 5136; x_wconf 72' lang='grc'>4</span> <span class='ocrx_word' id='word_1_835' title='bbox 3199 5091 3251 5137; x_wconf 85' lang='grc' dir='ltr'><strong>ει</strong></span> <span class='ocrx_word' id='word_1_836' title='bbox 3288 5097 3440 5153; x_wconf 88' lang='lat' dir='ltr'><strong>seqq.</strong></span> <span class='ocrx_word' id='word_1_837' title='bbox 3540 5081 3564 5113; x_wconf 86' lang='grc'><em>³</em></span> <span class='ocrx_word' id='word_1_838' title='bbox 3589 5080 3718 5136; x_wconf 80' lang='lat' dir='ltr'><strong>Psal.</strong></span> 
     </span>
    </p>
   </div>
   <div class='ocr_carea' id='block_1_102' title="bbox 467 5152 2044 5233">
    <p class='ocr_par' dir='ltr' id='par_1_102' title="bbox 467 5153 2044 5233">
     <span class='ocr_line' id='line_1_102' title="bbox 467 5153 2044 5233; baseline -0.008 -7"><span class='ocrx_word' id='word_1_839' title='bbox 467 5185 658 5233; x_wconf 79' lang='lat' dir='ltr'><strong>cxvnt,</strong></span> <span class='ocrx_word' id='word_1_840' title='bbox 687 5169 808 5222; x_wconf 79' lang='grc'><strong>106.</strong></span> <span class='ocrx_word' id='word_1_841' title='bbox 884 5165 904 5197; x_wconf 71' lang='grc'><strong>⁴</strong></span> <span class='ocrx_word' id='word_1_842' title='bbox 927 5166 1084 5220; x_wconf 81' lang='lat' dir='ltr'><strong>Rom.</strong></span> <span class='ocrx_word' id='word_1_843' title='bbox 1119 5181 1212 5230; x_wconf 83' lang='lat' dir='ltr'><strong>vn,</strong></span> <span class='ocrx_word' id='word_1_844' title='bbox 1245 5164 1332 5218; x_wconf 78' lang='lat' dir='ltr'><strong>l5.</strong></span> <span class='ocrx_word' id='word_1_845' title='bbox 1399 5164 1419 5193; x_wconf 83' lang='grc'><strong><em>⁸</em></strong></span> <span class='ocrx_word' id='word_1_846' title='bbox 1455 5163 1495 5217; x_wconf 89' lang='grc' dir='ltr'><strong>ιι</strong></span> <span class='ocrx_word' id='word_1_847' title='bbox 1534 5164 1658 5216; x_wconf 79' lang='lat' dir='ltr'><strong>Cor.</strong></span> <span class='ocrx_word' id='word_1_848' title='bbox 1686 5178 1780 5228; x_wconf 83' lang='lat' dir='ltr'><strong>xu,</strong></span> <span class='ocrx_word' id='word_1_849' title='bbox 1808 5153 1914 5215; x_wconf 70' lang='grc' dir='ltr'><strong>1οί</strong></span> <span class='ocrx_word' id='word_1_850' title='bbox 1972 5161 1992 5190; x_wconf 75' lang='grc'>⁸</span> <span class='ocrx_word' id='word_1_851' title='bbox 2019 5163 2044 5215; x_wconf 84' lang='lat' dir='ltr'><strong>l</strong></span> 
     </span>
    </p>
   </div>
   <div class='ocr_carea' id='block_1_103' title="bbox 2153 5152 2754 5233">
    <p class='ocr_par' dir='ltr' id='par_1_103' title="bbox 2162 5152 2754 5220">
     <span class='ocr_line' id='line_1_103' title="bbox 2162 5152 2754 5220; baseline -0.014 -6"><span class='ocrx_word' id='word_1_852' title='bbox 2162 5172 2372 5220; x_wconf 78' lang='lat' dir='ltr'><strong>.xxxu,</strong></span> <span class='ocrx_word' id='word_1_853' title='bbox 2410 5155 2499 5209; x_wconf 79' lang='lat'><strong>59.</strong></span> <span class='ocrx_word' id='word_1_854' title='bbox 2575 5154 2593 5183; x_wconf 85' lang='grc'>⁷</span> <span class='ocrx_word' id='word_1_855' title='bbox 2619 5152 2754 5208; x_wconf 88' lang='lat' dir='ltr'><strong>ibid.</strong></span> 
     </span>
    </p>
   </div>
   <div class='ocr_carea' id='block_1_104' title="bbox 537 5308 2040 5384">
    <p class='ocr_par' dir='ltr' id='par_1_104' title="bbox 537 5308 2040 5384">
     <span class='ocr_line' id='line_1_104' title="bbox 537 5308 2040 5384; baseline -0.005 -20"><span class='ocrx_word' id='word_1_856' title='bbox 537 5311 648 5384; x_wconf 85' lang='lat'>(7|)</span> <span class='ocrx_word' id='word_1_857' title='bbox 693 5311 1027 5384; x_wconf 85' lang='lat' dir='ltr'><strong>Libb.editi,</strong></span> <span class='ocrx_word' id='word_1_858' title='bbox 1053 5329 1071 5361; x_wconf 78' lang='grc' dir='ltr'><strong>ι</strong></span> <span class='ocrx_word' id='word_1_859' title='bbox 1123 5309 1288 5367; x_wconf 89' lang='lat' dir='ltr'><strong>enim.</strong></span> <span class='ocrx_word' id='word_1_860' title='bbox 1337 5326 1354 5357; x_wconf 76' lang='grc' dir='ltr'><strong>ι</strong></span> <span class='ocrx_word' id='word_1_861' title='bbox 1392 5308 1488 5362; x_wconf 89' lang='lat' dir='ltr'><strong>sed</strong></span> <span class='ocrx_word' id='word_1_862' title='bbox 1523 5322 1680 5368; x_wconf 89' lang='lat' dir='ltr'><strong>mss.,</strong></span> <span class='ocrx_word' id='word_1_863' title='bbox 1716 5325 1733 5356; x_wconf 81' lang='grc' dir='ltr'><strong>ι</strong></span> <span class='ocrx_word' id='word_1_864' title='bbox 1776 5314 1980 5384; x_wconf 75' lang='lat' dir='ltr'><strong>autem.</strong></span> <span class='ocrx_word' id='word_1_865' title='bbox 2022 5324 2040 5356; x_wconf 82' lang='grc' dir='ltr'><strong>ι</strong></span> 
     </span>
    </p>
   </div>
   <div class='ocr_carea' id='block_1_105' title="bbox 467 5376 2041 5448">
    <p class='ocr_par' dir='ltr' id='par_1_105' title="bbox 467 5376 2041 5448">
     <span class='ocr_line' id='line_1_105' title="bbox 467 5376 2041 5448; baseline -0.008 -11"><span class='ocrx_word' id='word_1_866' title='bbox 467 5376 610 5437; x_wconf 76' lang='lat' dir='ltr'><strong>infra</strong></span> <span class='ocrx_word' id='word_1_867' title='bbox 632 5376 813 5435; x_wconf 60' lang='lat' dir='ltr'><strong>&#39;codex</strong></span> <span class='ocrx_word' id='word_1_868' title='bbox 849 5383 1162 5448; x_wconf 84' lang='lat' dir='ltr'><strong>Sangerm.,</strong></span> <span class='ocrx_word' id='word_1_869' title='bbox 1187 5397 1205 5430; x_wconf 79' lang='grc' dir='ltr'><strong>ι</strong></span> <span class='ocrx_word' id='word_1_870' title='bbox 1233 5389 1409 5432; x_wconf 90' lang='lat' dir='ltr'><strong>etnon</strong></span> <span class='ocrx_word' id='word_1_871' title='bbox 1452 5387 1578 5443; x_wconf 92' lang='lat' dir='ltr'><strong>puto</strong></span> <span class='ocrx_word' id='word_1_872' title='bbox 1611 5392 1735 5444; x_wconf 81' lang='lat' dir='ltr'><strong>quia</strong></span> <span class='ocrx_word' id='word_1_873' title='bbox 1765 5376 2041 5429; x_wconf 69' lang='lat' dir='ltr'><strong>dixisset.»</strong></span> 
     </span>
    </p>
   </div>
   <div class='ocr_carea' id='block_1_106' title="bbox 467 5448 1702 5519">
    <p class='ocr_par' dir='ltr' id='par_1_106' title="bbox 467 5448 1702 5519">
     <span class='ocr_line' id='line_1_106' title="bbox 467 5448 1702 5519; baseline -0.008 -10"><span class='ocrx_word' id='word_1_874' title='bbox 467 5455 624 5510; x_wconf 76' lang='lat' dir='ltr'><strong>Libb.</strong></span> <span class='ocrx_word' id='word_1_875' title='bbox 657 5454 808 5510; x_wconf 86' lang='lat' dir='ltr'><strong>editi.</strong></span> <span class='ocrx_word' id='word_1_876' title='bbox 845 5470 862 5501; x_wconf 83' lang='grc' dir='ltr'><strong>ι</strong></span> <span class='ocrx_word' id='word_1_877' title='bbox 896 5462 947 5505; x_wconf 86' lang='grc' dir='ltr'><strong>ει</strong></span> <span class='ocrx_word' id='word_1_878' title='bbox 973 5466 1076 5504; x_wconf 89' lang='lat' dir='ltr'><strong>non</strong></span> <span class='ocrx_word' id='word_1_879' title='bbox 1115 5459 1244 5519; x_wconf 88' lang='lat' dir='ltr'><strong>puto</strong></span> <span class='ocrx_word' id='word_1_880' title='bbox 1270 5464 1392 5502; x_wconf 90' lang='lat' dir='ltr'><strong>eum</strong></span> <span class='ocrx_word' id='word_1_881' title='bbox 1418 5448 1640 5500; x_wconf 76' lang='lat' dir='ltr'><strong>dixisse.</strong></span> <span class='ocrx_word' id='word_1_882' title='bbox 1677 5465 1702 5519; x_wconf 58' lang='grc' dir='ltr'><em>ρ</em></span> 
     </span>
    </p>
   </div>
   <div class='ocr_carea' id='block_1_107' title="bbox 540 5514 2045 5593">
    <p class='ocr_par' dir='ltr' id='par_1_107' title="bbox 540 5514 2045 5593">
     <span class='ocr_line' id='line_1_107' title="bbox 540 5514 2045 5593; baseline -0.007 -15"><span class='ocrx_word' id='word_1_883' title='bbox 540 5519 649 5593; x_wconf 67' lang='grc'>(72)</span> <span class='ocrx_word' id='word_1_884' title='bbox 693 5524 872 5576; x_wconf 89' lang='lat' dir='ltr'><strong>Codex</strong></span> <span class='ocrx_word' id='word_1_885' title='bbox 928 5514 1211 5590; x_wconf 78' lang='lat' dir='ltr'><strong>Sangerm.</strong></span> <span class='ocrx_word' id='word_1_886' title='bbox 1269 5538 1286 5569; x_wconf 80' lang='grc' dir='ltr'><strong>ι</strong></span> <span class='ocrx_word' id='word_1_887' title='bbox 1339 5520 1581 5571; x_wconf 90' lang='lat' dir='ltr'><strong>verbum.</strong></span> <span class='ocrx_word' id='word_1_888' title='bbox 1616 5535 1634 5568; x_wconf 85' lang='grc'><strong>›</strong></span> <span class='ocrx_word' id='word_1_889' title='bbox 1675 5515 1829 5570; x_wconf 89' lang='lat' dir='ltr'><strong>Libb.</strong></span> <span class='ocrx_word' id='word_1_890' title='bbox 1882 5514 2045 5579; x_wconf 90' lang='lat' dir='ltr'><strong>editi,</strong></span> 
     </span>
    </p>
   </div>
   <div class='ocr_carea' id='block_1_108' title="bbox 476 5601 2049 5736">
    <p class='ocr_par' dir='ltr' id='par_1_108' title="bbox 476 5601 2049 5736">
     <span class='ocr_line' id='line_1_108' title="bbox 476 5601 2049 5736; baseline -0.01 -14"><span class='ocrx_word' id='word_1_891' title='bbox 476 5613 495 5646; x_wconf 45' lang='grc' dir='ltr'>ι</span> <span class='ocrx_word' id='word_1_892' title='bbox 885 5678 1015 5728; x_wconf 92' lang='lat' dir='ltr'><strong>ms.,</strong></span> <span class='ocrx_word' id='word_1_893' title='bbox 1060 5679 1079 5714; x_wconf 81' lang='grc' dir='ltr'><strong>ι</strong></span> <span class='ocrx_word' id='word_1_894' title='bbox 1123 5667 1454 5736; x_wconf 88' lang='lat' dir='ltr'><strong>transvoret.</strong></span> <span class='ocrx_word' id='word_1_895' title='bbox 1484 5675 1502 5708; x_wconf 76' lang='grc' dir='ltr'><strong>ι</strong></span> <span class='ocrx_word' id='word_1_896' title='bbox 1543 5655 1702 5711; x_wconf 89' lang='lat' dir='ltr'><strong>Libb.</strong></span> <span class='ocrx_word' id='word_1_897' title='bbox 1727 5655 1880 5717; x_wconf 89' lang='lat' dir='ltr'><strong>editi,</strong></span> <span class='ocrx_word' id='word_1_898' title='bbox 1913 5673 1931 5707; x_wconf 82' lang='grc' dir='ltr'><strong>ι</strong></span> <span class='ocrx_word' id='word_1_899' title='bbox 1957 5654 2049 5708; x_wconf 88' lang='lat' dir='ltr'><strong>de-</strong></span> 
     </span>
    </p>
   </div>
   <div class='ocr_carea' id='block_1_109' title="bbox 471 5747 2048 5876">
    <p class='ocr_par' dir='ltr' id='par_1_109' title="bbox 471 5747 2048 5876">
     <span class='ocr_line' id='line_1_109' title="bbox 471 5747 2048 5876; baseline -0.007 -16"><span class='ocrx_word' id='word_1_900' title='bbox 471 5747 655 5876; x_wconf 38' lang='lat' dir='ltr'><strong>me?)</strong></span> <span class='ocrx_word' id='word_1_901' title='bbox 680 5755 860 5860; x_wconf 55' lang='lat' dir='ltr'><strong>’ldem</strong></span> <span class='ocrx_word' id='word_1_902' title='bbox 915 5820 1044 5869; x_wconf 83' lang='lat' dir='ltr'><strong>ms.,</strong></span> <span class='ocrx_word' id='word_1_903' title='bbox 1080 5823 1098 5859; x_wconf 87' lang='grc' dir='ltr'><strong>ι</strong></span> <span class='ocrx_word' id='word_1_904' title='bbox 1137 5799 1576 5858; x_wconf 88' lang='lat' dir='ltr'><strong>adtaminavcris.</strong></span> <span class='ocrx_word' id='word_1_905' title='bbox 1616 5818 1633 5852; x_wconf 82' lang='grc' dir='ltr'><strong>ι</strong></span> <span class='ocrx_word' id='word_1_906' title='bbox 1673 5796 1827 5854; x_wconf 85' lang='lat' dir='ltr'><strong>Libb.</strong></span> <span class='ocrx_word' id='word_1_907' title='bbox 1873 5795 2048 5862; x_wconf 92' lang='lat' dir='ltr'><strong>editi,</strong></span> 
     </span>
    </p>
   </div>
   <div class='ocr_carea' id='block_1_110' title="bbox 2168 5299 2664 5356">
    <p class='ocr_par' dir='ltr' id='par_1_110' title="bbox 2168 5299 2664 5356">
     <span class='ocr_line' id='line_1_110' title="bbox 2168 5299 2664 5356; baseline -0.008 -2"><span class='ocrx_word' id='word_1_908' title='bbox 2168 5321 2183 5354; x_wconf 85' lang='grc' dir='ltr'><strong>ι</strong></span> <span class='ocrx_word' id='word_1_909' title='bbox 2227 5299 2602 5356; x_wconf 85' lang='lat' dir='ltr'><strong>adtamineris.</strong></span> <span class='ocrx_word' id='word_1_910' title='bbox 2647 5318 2664 5350; x_wconf 76' lang='grc' dir='ltr'><strong>ι</strong></span> 
     </span>
    </p>
   </div>
   <div class='ocr_carea' id='block_1_111' title="bbox 2228 5363 3717 5441">
    <p class='ocr_par' dir='ltr' id='par_1_111' title="bbox 2228 5363 3717 5441">
     <span class='ocr_line' id='line_1_111' title="bbox 2228 5363 3717 5441; baseline -0.007 -16"><span class='ocrx_word' id='word_1_911' title='bbox 2228 5371 2340 5441; x_wconf 83' lang='grc'>(75)</span> <span class='ocrx_word' id='word_1_912' title='bbox 2378 5370 2548 5424; x_wconf 89' lang='lat' dir='ltr'><strong>Codd.</strong></span> <span class='ocrx_word' id='word_1_913' title='bbox 2583 5368 2865 5441; x_wconf 82' lang='lat' dir='ltr'><strong>Sangcrm.</strong></span> <span class='ocrx_word' id='word_1_914' title='bbox 2892 5375 2946 5421; x_wconf 92' lang='lat' dir='ltr'><strong>et</strong></span> <span class='ocrx_word' id='word_1_915' title='bbox 2984 5365 3280 5432; x_wconf 86' lang='lat' dir='ltr'><strong>Gemetic.,</strong></span> <span class='ocrx_word' id='word_1_916' title='bbox 3329 5386 3348 5419; x_wconf 80' lang='grc' dir='ltr'><strong>ι</strong></span> <span class='ocrx_word' id='word_1_917' title='bbox 3387 5363 3658 5420; x_wconf 79' lang='lat' dir='ltr'><strong>indicavit.</strong></span> <span class='ocrx_word' id='word_1_918' title='bbox 3699 5379 3717 5410; x_wconf 76' lang='grc' dir='ltr'><strong>ι</strong></span> 
     </span>
    </p>
   </div>
   <div class='ocr_carea' id='block_1_112' title="bbox 2155 5439 3681 5506">
    <p class='ocr_par' dir='ltr' id='par_1_112' title="bbox 2155 5439 3681 5506">
     <span class='ocr_line' id='line_1_112' title="bbox 2155 5439 3681 5506; baseline -0.009 -10"><span class='ocrx_word' id='word_1_919' title='bbox 2155 5439 2329 5496; x_wconf 56' lang='grc' dir='ltr'>ιλίιιιιζ</span> <span class='ocrx_word' id='word_1_920' title='bbox 2367 5441 2524 5504; x_wconf 87' lang='lat' dir='ltr'><strong>editi,</strong></span> <span class='ocrx_word' id='word_1_921' title='bbox 2566 5457 2584 5489; x_wconf 87' lang='grc' dir='ltr'><strong>ι</strong></span> <span class='ocrx_word' id='word_1_922' title='bbox 2631 5439 2911 5505; x_wconf 82' lang='lat' dir='ltr'><strong>indicabit.</strong></span> <span class='ocrx_word' id='word_1_923' title='bbox 2953 5457 2970 5489; x_wconf 77' lang='grc' dir='ltr'><strong>ι</strong></span> <span class='ocrx_word' id='word_1_924' title='bbox 3367 5505 3374 5506; x_wconf 14' lang='lat'><em>7</em></span> <span class='ocrx_word' id='word_1_925' title='bbox 3427 5505 3430 5506; x_wconf 14' lang='grc' dir='ltr'><em>ν</em></span> <span class='ocrx_word' id='word_1_926' title='bbox 3605 5499 3636 5506; x_wconf 87' lang='lat'><em>__</em></span> <span class='ocrx_word' id='word_1_927' title='bbox 3673 5499 3681 5506; x_wconf 88' lang='lat'><em>_</em></span> 
     </span>
    </p>
   </div>
   <div class='ocr_carea' id='block_1_113' title="bbox 2226 5499 3718 5592">
    <p class='ocr_par' dir='ltr' id='par_1_113' title="bbox 2226 5499 3718 5592">
     <span class='ocr_line' id='line_1_113' title="bbox 2226 5499 3718 5592; baseline -0.008 -30"><span class='ocrx_word' id='word_1_928' title='bbox 2226 5511 2337 5592; x_wconf 82' lang='lat'>(76)</span> <span class='ocrx_word' id='word_1_929' title='bbox 2378 5499 2520 5565; x_wconf 58' lang='lat' dir='ltr'><strong>Cod.</strong></span> <span class='ocrx_word' id='word_1_930' title='bbox 2570 5499 2936 5577; x_wconf 66' lang='lat' dir='ltr'><strong>Saingcrm.,&#39;v</strong></span> <span class='ocrx_word' id='word_1_931' title='bbox 2982 5507 3248 5578; x_wconf 87' lang='lat' dir='ltr'><strong>peierare.</strong></span> <span class='ocrx_word' id='word_1_932' title='bbox 3289 5527 3307 5558; x_wconf 78' lang='grc' dir='ltr'><strong>ι</strong></span> <span class='ocrx_word' id='word_1_933' title='bbox 3360 5505 3505 5559; x_wconf 88' lang='lat' dir='ltr'><strong>Libb.</strong></span> <span class='ocrx_word' id='word_1_934' title='bbox 3554 5499 3718 5560; x_wconf 85' lang='lat' dir='ltr'><strong>editi,</strong></span> 
     </span>
    </p>
   </div>
   <div class='ocr_carea' id='block_1_114' title="bbox 2161 5595 2581 5652">
    <p class='ocr_par' dir='ltr' id='par_1_114' title="bbox 2161 5595 2581 5652">
     <span class='ocr_line' id='line_1_114' title="bbox 2161 5595 2581 5652; baseline -0.005 -18"><span class='ocrx_word' id='word_1_935' title='bbox 2161 5602 2178 5634; x_wconf 79' lang='grc' dir='ltr'><strong>ι</strong></span> <span class='ocrx_word' id='word_1_936' title='bbox 2217 5595 2521 5652; x_wconf 70' lang='lat' dir='ltr'><strong>periurare.</strong></span> <span class='ocrx_word' id='word_1_937' title='bbox 2560 5598 2581 5632; x_wconf 69' lang='grc' dir='ltr'><strong>ι</strong></span> 
     </span>
    </p>
   </div>
   <div class='ocr_carea' id='block_1_115' title="bbox 2228 5647 3716 5723">
    <p class='ocr_par' dir='ltr' id='par_1_115' title="bbox 2228 5647 3716 5723">
     <span class='ocr_line' id='line_1_115' title="bbox 2228 5647 3716 5723; baseline -0.011 -17"><span class='ocrx_word' id='word_1_938' title='bbox 2228 5647 2342 5723; x_wconf 76' lang='grc'>(77)</span> <span class='ocrx_word' id='word_1_939' title='bbox 2381 5651 2523 5705; x_wconf 89' lang='lat' dir='ltr'><strong>Idem</strong></span> <span class='ocrx_word' id='word_1_940' title='bbox 2566 5665 2690 5714; x_wconf 92' lang='lat' dir='ltr'><strong>ms.,</strong></span> <span class='ocrx_word' id='word_1_941' title='bbox 2723 5668 2742 5701; x_wconf 75' lang='grc' dir='ltr'><strong>ι</strong></span> <span class='ocrx_word' id='word_1_942' title='bbox 2767 5657 3067 5704; x_wconf 85' lang='lat' dir='ltr'><strong>coarctata.</strong></span> <span class='ocrx_word' id='word_1_943' title='bbox 3107 5647 3302 5701; x_wconf 71' lang='lat' dir='ltr'><strong>DLllJl).</strong></span> <span class='ocrx_word' id='word_1_944' title='bbox 3333 5647 3476 5708; x_wconf 82' lang='lat' dir='ltr'><strong>editi,</strong></span> <span class='ocrx_word' id='word_1_945' title='bbox 3510 5663 3528 5694; x_wconf 77' lang='grc' dir='ltr'><strong>ι</strong></span> <span class='ocrx_word' id='word_1_946' title='bbox 3565 5653 3716 5694; x_wconf 86' lang='lat' dir='ltr'><strong>coer-</strong></span> 
     </span>
    </p>
   </div>
   <div class='ocr_carea' id='block_1_116' title="bbox 2161 5737 2353 5778">
    <p class='ocr_par' dir='ltr' id='par_1_116' title="bbox 2161 5737 2353 5778">
     <span class='ocr_line' id='line_1_116' title="bbox 2161 5737 2353 5778; baseline -0.031 0"><span class='ocrx_word' id='word_1_947' title='bbox 2161 5737 2290 5778; x_wconf 75' lang='lat' dir='ltr'><strong>Clla.</strong></span> <span class='ocrx_word' id='word_1_948' title='bbox 2335 5743 2353 5773; x_wconf 76' lang='grc' dir='ltr'><strong>ι</strong></span> 
     </span>
    </p>
   </div>
   <div class='ocr_carea' id='block_1_117' title="bbox 2231 5785 3607 5867">
    <p class='ocr_par' dir='ltr' id='par_1_117' title="bbox 2231 5785 3607 5867">
     <span class='ocr_line' id='line_1_117' title="bbox 2231 5785 3607 5867; baseline -0.008 -21"><span class='ocrx_word' id='word_1_949' title='bbox 2231 5794 2344 5867; x_wconf 79' lang='lat'>(78)</span> <span class='ocrx_word' id='word_1_950' title='bbox 2387 5792 2443 5848; x_wconf 88' lang='lat' dir='ltr'><strong>ln</strong></span> <span class='ocrx_word' id='word_1_951' title='bbox 2471 5791 2590 5846; x_wconf 85' lang='lat' dir='ltr'><strong>cod.</strong></span> <span class='ocrx_word' id='word_1_952' title='bbox 2623 5789 2910 5860; x_wconf 84' lang='lat' dir='ltr'><strong>Sangcrm.</strong></span> <span class='ocrx_word' id='word_1_953' title='bbox 2950 5790 3100 5846; x_wconf 86' lang='lat' dir='ltr'><strong>deest</strong></span> <span class='ocrx_word' id='word_1_954' title='bbox 3128 5807 3146 5841; x_wconf 85' lang='grc' dir='ltr'><strong>ι</strong></span> <span class='ocrx_word' id='word_1_955' title='bbox 3180 5785 3548 5858; x_wconf 80' lang='lat' dir='ltr'><strong>obstringaris.</strong></span> <span class='ocrx_word' id='word_1_956' title='bbox 3588 5797 3607 5830; x_wconf 73' lang='grc' dir='ltr'><strong>ι</strong></span> 
     </span>
    </p>
   </div>
  </div>
