3876 6500
225 403 318 458 ιειι

1364 398 1431 452 IN
1467 396 1840 454 LEVITICUM
1883 399 2170 459 IIOMlLlA
2205 403 2294 460 111.

3350 416 3453 469 450

225 515 436 579 miseris,
463 522 514 566 et
569 527 792 570 servare
843 530 949 571 non
1007 517 1272 584 quiveris,
1308 519 1431 572 audi
1486 519 1611 587 quid
1643 519 1774 589 legis
1803 521 1850 578 Α
1877 519 2020 586 dem,
2045 522 2094 576 id
2126 522 2529 577 estdivinitatis
2566 522 2680 590 ejus
2703 535 2912 580 secreta
2961 525 3199 593 velabat;
3225 532 3446 585 renibus

219 607 342 666 ordo
397 605 708 676 praecipiat:
742 628 759 659 ι
813 608 870 663 Si
920 610 1264 676 peccaverit,
1316 610 1491 680 inquit
1524 613 1565 674 ⁸,
1609 627 1771 665 unum

219 702 406 772 aliquid
434 702 497 754 de
546 701 687 764 istis,
726 703 1044 770 pronuntiet
1076 713 1356 772 peccatum
1407 707 1548 772 quod
1582 721 1774 774 pecca-

219 798 285 850 vit
311 793 434 867 (79).
461 813 479 845 ι
505 793 595 845 Est
615 793 828 862 aliquod
862 794 912 846 in
935 795 1036 848 hoc
1060 797 1306 850 mirabile
1321 808 1613 862 secretum,
1633 799 1773 867 quod

211 892 349 959 jubet
404 887 754 954 pronuntiare
795 895 1097 954 peccatum.
1132 887 1345 942 Etenim
1396 891 1540 943 omni
1575 907 1774 960 genere

215 978 595 1051 pronuntianda
625 988 770 1043 sunt,
802 987 857 1031 et
883 979 935 1033 in
966 980 1241 1048 publicum
1273 983 1598 1049 proferenda
1634 1000 1771 1038 cun-

213 1082 290 1124 cta
322 1085 434 1132 ιιιιλι
463 1070 701 1138 gerimus
736 1070 869 1139 (80).
901 1069 957 1122 Si
1001 1073 1128 1139 quid
1163 1073 1216 1126 in
1267 1075 1481 1128 occulto
1509 1078 1768 1144 gerimus,

212 1163 252 1216 si
289 1162 405 1229 quid
433 1161 482 1212 in
517 1176 770 1215 sermone
796 1163 934 1228 solo,
983 1163 1066 1217 vel
1110 1165 1275 1219 etiam
1309 1166 1450 1220 intra
1483 1168 1772 1238 cogitatio-

210 1271 325 1310 num
355 1263 564 1309 secrela
613 1257 1007 1322 commisimus,
1047 1269 1241 1313 cuncta
1276 1277 1500 1317 necesse
1551 1274 1633 1316 est
1669 1280 1768 1332 pu-

211 1346 406 1411 blicari,
437 1355 632 1399 cuncta
665 1347 894 1413 proferri
925 1366 937 1400 :
963 1347 1194 1416 proferri
1229 1358 1410 1402 autem
1450 1350 1518 1403 ab
1551 1350 1641 1404 illo
1676 1351 1768 1420 qui

206 1446 256 1490 et
284 1447 566 1492 accusator
619 1441 826 1506 peccati
881 1450 962 1494 est
1015 1450 1069 1493 et
1130 1441 1399 1495 incentor.
1453 1441 1573 1510 Ipse
1623 1442 1767 1494 enim

208 1546 336 1584 nunc
371 1545 466 1584 nos
522 1539 579 1584 ut
632 1544 920 1600 peccemus
972 1532 1217 1602 instigat,
1264 1532 1379 1597 ipse
1425 1534 1587 1587 etiam
1646 1551 1768 1589 cum

205 1623 596 1692 peccaverimus
631 1633 871 1676 accusat.
905 1621 960 1676 Si
997 1639 1124 1693 ergo
1150 1626 1201 1678 in
1233 1625 1337 1678 vita
1373 1629 1770 1694 prmveniamus

203 1728 335 1777 cum,
374 1720 426 1766 et
475 1714 572 1780 ipsi
610 1715 777 1768 nostri
832 1724 1186 1770 accusatores
1233 1719 1428 1782 simus,
1467 1720 1765 1787 nequitiam

203 1805 384 1860 diaboli
423 1805 630 1858 inimici
664 1806 836 1859 nostri
887 1815 940 1860 et
970 1808 1306 1862 accusatoris
1333 1809 1641 1878 effugimus.
1677 1809 1766 1866 Sic

201 1900 330 1951 enim
355 1897 552 1952 etalibi
585 1899 848 1967 propheta
887 1899 1020 1952 dicit
1049 1917 1062 1952 :
1095 1919 1112 1950 ι
1158 1901 1252 1954 Dic
1284 1913 1359 1964 tu,
1391 1903 1635 1970 inquit’,
1664 1904 1768 1958 ini-
1799 1883 1842 1936 Β

198 1989 419 2056 quitates
473 1998 592 2043 luas
637 1991 824 2058 prior,
863 2000 919 2044 ut
971 1989 1314 2057 justificeris.
1351 2013 1369 2046 ι
1409 1993 1595 2050 Nonne
1651 1997 1766 2050 evi-

198 2082 372 2135 denter
423 2083 747 2151 mysterium
780 2084 846 2135 de
879 2097 986 2150 quo
1025 2061 1323 2136 tractainus
1347 2087 1610 2150 ostendit,
1639 2103 1762 2140 eum

197 2173 354 2227 dicit:
397 2173 490 2226 Dic
545 2185 599 2227 ιιι
653 2173 847 2242 prior?
877 2183 933 2226 ut
967 2175 1217 2227 ostendat
1255 2175 1348 2228 tibi
1399 2177 1524 2244 quia
1562 2194 1765 2244 praeve-

195 2265 304 2317 nire
339 2263 488 2318 illum
533 2265 755 2328 debeas,
789 2264 878 2334 qui
915 2271 1134 2332 paratus
1165 2276 1247 2318 est
1276 2267 1342 2319 ad
1372 2270 1760 2324 accusandum.

195 2357 265 2410 Tu
298 2372 445 2425 ergo,
478 2357 680 2426 inquit,
731 2358 818 2411 dic
867 2361 1033 2427 prior,
1073 2371 1140 2409 nc
1201 2366 1252 2410 te
1292 2358 1380 2412 ille
1415 2363 1758 2428 praeveniat:

190 2455 306 2521 quia
339 2455 380 2507 si
406 2454 564 2522 prior
599 2455 823 2519 dixeris,
847 2467 901 2510 et
935 2459 1264 2513 sacrificium
1295 2460 1630 2526 paenitentia:
1666 2461 1764 2514 ob-

191 2543 383 2612 tuleris,
413 2548 714 2601 secundum
747 2563 810 2601 ea
844 2563 963 2617 qua:
995 2550 1048 2603 in
1095 2552 1470 2618 superioribus
1521 2552 1760 2608 diximus

189 2633 474 2700 offerenda,
511 2649 566 2690 et
601 2639 893 2694 tradideris
943 2657 1165 2696 carnem
1194 2653 1337 2696 tuam
1374 2645 1425 2697 in
1458 2645 1758 2710 interitum,

189 2739 242 2782 ut
274 2731 492 2800 spiritus
525 2731 710 2786 salvus
739 2732 832 2786 fiat
859 2735 910 2786 in
941 2735 1026 2787 die
1054 2735 1288 2800 Domini,
1315 2737 1528 2791 dicetur
1557 2747 1609 2791 et
1641 2739 1758 2804 tibi,

187 2823 300 2891 quia
336 2825 628 2894 percepisti
677 2834 731 2880 et
787 2839 842 2880 tu
877 2829 928 2880 in
970 2829 1078 2881 vita
1112 2839 1204 2883 tua
1256 2830 1418 2892 mala,
1454 2847 1595 2886 nunc
1629 2848 1760 2886 vero

188 2916 267 2970 hic
297 2918 604 2985 requiesce.
641 2917 747 2973 Sed
781 2930 834 2975 et
865 2920 1032 2974 David
1068 2925 1256 2978 eodem
1293 2925 1484 2995 spiritu
1520 2927 1761 2998 loquitur

185 3009 233 3062 in
265 3009 516 3077 Psalmis,
552 3021 606 3066 et
630 3013 758 3067 dicit
789 3013 832 3043 ¹⁰
862 3029 874 3064 :
917 3031 935 3064 ι
964 3015 1310 3084 lniquitatem
1350 3035 1521 3072 meam
1573 3030 1756 3074 notam

186 3102 302 3169 feci,
350 3113 403 3158 et
432 3115 718 3173 peccatum
774 3122 950 3161 meum
987 3123 1092 3162 non
1125 3113 1402 3178 coeperui.
1455 3113 1595 3178 Dixi,
1628 3119 1757 3172 Pro-

1874 621 2080 676 autem,
2103 614 2206 668 hoc
2227 623 2308 668 est
2325 614 2594 682 corporali
2627 618 2886 683 materiae,
2904 634 3023 687 qua:
3037 634 3101 674 ex
3121 621 3274 677 nobis
3297 634 3446 680 caste

1873 714 2087 773 sumpta
2124 705 2319 770 fuerat,
2345 709 2694 775 cohaerebat;
2721 719 2776 764 et
2806 713 2982 767 media
3033 715 3180 770 inter
3223 731 3444 772 carnem

1874 796 2153 868 Deumque
2183 799 2378 868 posita,
2422 800 2783 854 deificandam
2827 803 2960 874 (82),
2995 808 3447 864 sanctificandam

1879 889 2035 958 197
2063 891 2233 944 sacris
2267 891 2552 957 altaribus,
2573 901 2626 946 et
2655 893 2853 948 divinis
2904 897 3116 966 ignibus
3168 900 3446 956 illustran-

1872 979 1996 1033 dam
2031 989 2086 1033 et
2137 982 2564 1036 conservandam
2598 997 2783 1037 secum
2843 987 2908 1040 ad
2959 989 3148 1050 cados.
3195 1002 3446 1046 naturam

1873 1071 2055 1126 carnis
2092 1072 2342 1141 imponit.
2394 1073 2702 1129 Renunculi
2757 1085 2940 1130 autem
2979 1079 3191 1147 ignibus
3239 1084 3446 1150 traditi,

1873 1161 1996 1230 quis
2018 1163 2225 1217 dubitet
2249 1163 2392 1231 quod
2442 1163 2621 1220 nullos
2653 1166 2705 1220 in
2730 1166 2947 1223 Christo
2997 1170 3168 1226 fuisse
3204 1175 3449 1230 indicent

1874 1249 2190 1317 genitalium
2217 1254 2452 1321 partium
2480 1255 2695 1308 motus?
2722 1255 2873 1322 Quod
2925 1272 3052 1310 vero
3087 1261 3152 1314 de
3189 1265 3450 1332 sanguine

1873 1341 2066 1396 hostia:
2094 1345 2293 1411 septies
2320 1354 2444 1400 ante
2484 1346 2772 1400 Dominum
2805 1349 3062 1404 sacerdos
3131 1367 3448 1424 respergere

1874 1444 2230 1496 memoratur,
2264 1436 2552 1492 evidenter
2590 1439 2770 1494 sancti
2831 1439 3071 1510 Spiritus
3101 1443 3273 1498 virtus
3325 1463 3448 1516 sep-

1876 1525 2146 1593 templicis
2198 1529 2386 1596 gratiae
2449 1529 2563 1598 (85)
2618 1532 2718 1585 sub
2789 1535 3051 1604 mysterio
3105 1536 3442 1603 designatur.

1873 1619 2114 1685 Quatuor
2139 1636 2346 1677 cornua
2403 1624 2612 1690 altaris,
2671 1641 2790 1695 quae
2843 1629 3105 1697 sanguine
3160 1631 3444 1696 liniuntur,

1871 1711 2071 1766 Christi
2107 1715 2416 1782 passionem
2451 1717 2644 1771 referri
2676 1728 2912 1787 quatuor
2944 1722 3254 1793 Evangeliis
3303 1727 3450 1780 indi-

1871 1813 2017 1866 cant,
2050 1807 2140 1874 qui
2181 1821 2354 1875 penna
2379 1807 2584 1875 jecoris
2610 1809 2854 1866 offertur.
2885 1813 2940 1866 ln
2997 1813 3181 1882 jecore
3220 1817 3300 1871 ira
3355 1819 3446 1886 ju-

1871 1897 2107 1965 gulatur.
2146 1898 2200 1952 In
2229 1915 2407 1968 penna
2441 1901 2600 1956 velox
2647 1912 2700 1957 et
2727 1907 2940 1960 concita
2968 1908 3052 1962 vis
3103 1908 3304 1965 furoris
3358 1926 3448 1964 os-

1871 1990 2141 2044 tenditur.
2173 1993 2434 2061 Reliquus
2470 2005 2651 2049 autem
2682 1999 2926 2065 sanguis,
2959 2001 3050 2069 qui
3086 2003 3150 2055 ad
3181 2003 3348 2058 basim
3373 2003 3447 2056 al-

1871 2083 2003 2135 taris
2027 2081 2342 2149 effunditur,
2377 2095 2506 2154 puto
2533 2090 2674 2156 quod
2703 2075 2848 2144 illius
2871 2092 3059 2159 gratiae
3089 2092 3318 2148 formam
3348 2096 3448 2148 dc-

1869 2174 2065 2241 signet,
2103 2191 2207 2244 qua
2258 2179 2310 2231 in
2343 2179 2650 2234 novissimis
2673 2183 2862 2238 diebus
2891 2195 3238 2256 posteaquam
3271 2189 3415 2256 pleni
3442 2219 3446 2223 -

1870 2268 2003 2321 tudo
2033 2269 2272 2338 gentium
2299 2273 2702 2338 subintroierit,
2729 2278 2906 2330 omnis
2935 2279 3025 2340 qui
3056 2279 3296 2348 reliquus
3324 2279 3444 2333 fue-

1869 2359 1941 2412 rit
1980 2358 2165 2426 Israel,
2197 2361 2260 2413 ad
2295 2363 2546 2416 ultinmm
2580 2365 2810 2419 velutad
2851 2369 3024 2422 basim
3073 2370 3262 2424 altaris
3295 2376 3444 2442 [ιοξί-

1869 2459 1978 2513 tus,
2011 2449 2324 2507 chusionem
2359 2455 2560 2510 Christi
2588 2459 2870 2525 sanguinis
2910 2463 3073 2514 etiam
3102 2463 3216 2532 ipse
3265 2466 3442 2518 susci-

1864 2540 1994 2608 piet.
2027 2541 2100 2596 De
2128 2544 2280 2612 agnis
2314 2559 2442 2599 vero
2473 2557 2527 2599 et
2571 2547 2766 2611 haedis,
2805 2548 3106 2604 turturibus
3134 2559 3188 2605 et
3237 2553 3445 2608 colurn-

1866 2635 1974 2697 bis,
2006 2636 2099 2690 sed
2135 2646 2190 2690 et
2213 2636 2388 2690 simila
2423 2652 2717 2707 conspersa
2751 2641 2800 2693 in
2829 2640 3081 2704 oleo,aut
3115 2643 3166 2696 in
3207 2648 3444 2713 panibus

1865 2728 2076 2797 azymis
2120 2738 2296 2793 cocta,
2331 2737 2590 2798 quantum
2623 2745 2708 2784 res
2754 2731 2865 2801 pati
2914 2734 3113 2800 potuit,
3143 2751 3305 2805 supra
3363 2739 3444 2792 di-

1867 2829 2012 2872 ctum
2042 2829 2143 2875 est.

1937 2914 1990 2968 6.
2017 2912 2307 2967 Videamus
2328 2931 2472 2970 nunc
2509 2933 2629 2987 quae
2660 2919 2746 2974 lex
2784 2923 3104 2990 proponitur
3125 2925 3176 2978 in
3209 2924 3444 2981 offeren-

1865 3006 1950 3060 dis
1983 3006 2178 3060 hostiis
2209 3022 2307 3074 pro
2332 3019 2580 3076 peccato.
2617 3031 2635 3064 ι
2667 3012 2733 3066 Ει
2768 3013 2983 3070 locutus
3007 3027 3091 3069 est
3115 3058 3129 3081 ,
3167 3017 3342 3082 inquit
3370 3021 3437 3080 η,

1867 3100 2128 3155 Dominus
2153 3099 2218 3151 ad
2252 3098 2469 3170 Moysen
2502 3104 2692 3160 dicens
2723 3127 2734 3161 :
2768 3107 2962 3160 Anima
2993 3107 3036 3160 si
3065 3123 3165 3175 qua
3199 3109 3444 3177 latuerit.

183 3199 431 3252 nuntiabo
463 3199 755 3254 adversum
791 3216 874 3254 me
913 3199 1227 3267 injustitiam
1259 3219 1458 3270 meam,
1491 3215 1544 3258 et
1578 3216 1630 3260 tu
1668 3222 1754 3260 re-
1785 3221 1828 3279 α
1863 3213 1917 3254 et
1941 3205 2249 3272 peccaverit
2290 3217 2396 3256 non
2423 3201 2612 3254 volens
2637 3216 2664 3253 a
2703 3204 2906 3256 sanctis
2948 3203 3186 3270 Domini,
3246 3206 3436 3260 ofTerat

185 3289 370 3344 misisti
429 3291 768 3360 impietatem
823 3293 1004 3347 cordis
1042 3294 1166 3346 mei.
1222 3314 1239 3346 ι
1289 3294 1423 3348 Vide
1472 3312 1600 3364 ergo
1631 3299 1755 3367 quia

176 3388 528 3449 pronuntiare
553 3393 833 3451 peccatum
859 3425 874 3451 ,
908 3388 1290 3441 remissionem
1335 3391 1540 3458 peccati
1575 3407 1753 3446 mere-

180 3481 276 3525 tur.
305 3472 626 3528 Przeventus
653 3479 795 3530 cnim
843 3478 1087 3532 diabolus
1124 3480 1175 3532 in
1213 3482 1578 3545 accusatione,
1614 3483 1752 3536 ultra

175 3581 265 3620 nos
301 3583 569 3623 accusare
598 3585 701 3623 non
734 3572 974 3639 poterit;
1021 3582 1072 3625 et
1125 3573 1168 3626 si
1211 3574 1309 3642 ipsi
1365 3575 1534 3628 nostri
1584 3578 1754 3631 simus

174 3676 544 3730 accusatores,
578 3667 795 3735 prolicit
837 3669 993 3722 nobis
1025 3669 1091 3721 ad
1122 3667 1385 3730 salutem;
1419 3669 1464 3724 si
1499 3685 1625 3722 vero
1659 3685 1755 3724 ex-

171 3766 470 3824 spectemus
513 3768 575 3812 ut
623 3775 651 3812 a
688 3761 903 3815 diabolo
937 3775 1286 3826 accusemur,
1333 3762 1612 3815 accusatio
1663 3762 1749 3816 illa

171 3852 305 3904 cedit
333 3854 492 3908 nobis
526 3855 594 3908 ad
624 3869 843 3924 pmnam
875 3873 890 3922 ;
927 3857 1150 3911 habebit
1181 3857 1327 3911 enim
1357 3857 1536 3912 socios
1571 3858 1621 3911 in
1657 3874 1750 3928 ge-

171 3941 358 4007 henna,
395 3961 541 4014 quos
573 3946 870 4001 convicerit
901 3947 1192 4000 criminum
1239 3948 1438 4002 socios.

234 4036 284 4089 5.
326 4036 562 4091 Multum
613 4039 720 4092 erit
764 4054 907 4093 nunc
964 4040 1263 4093 hostiarum
1299 4041 1666 4104 diversitates,
1698 4049 1750 4094 et

167 4124 561 4182 sacrificiorum
591 4128 750 4189 ritus,
790 4142 852 4181 ac
879 4129 1180 4183 varietates
1229 4132 1475 4200 exsequi,
1513 4142 1567 4186 et
1593 4131 1749 4202 longe

168 4215 378 4271 alterius
406 4220 624 4288 operis,
654 4236 814 4289 quam
860 4220 978 4290 ejus
1007 4221 1180 4285 verbi,
1209 4223 1351 4290 quod
1389 4223 1441 4275 in
1472 4226 1746 4277 communi

166 4308 424 4366 auditorio
462 4311 664 4381 vulgus
696 4312 952 4381 excipiat.
973 4312 1169 4366 Verum
1203 4321 1260 4366 ut
1292 4314 1471 4383 aliqua
1501 4315 1550 4367 in
1578 4324 1750 4370 trans-

165 4417 316 4458 cursu
366 4408 747 4476 perstringere
789 4409 1104 4476 videamur,
1143 4409 1323 4463 omnis
1360 4410 1574 4477 quidem
1609 4425 1748 4479 pene

165 4496 328 4552 hostia
369 4515 494 4568 qua:
527 4499 777 4565 offertur,
814 4501 978 4554 habet
1027 4499 1231 4570 aliquid
1282 4500 1474 4556 forma:
1519 4512 1572 4556 et
1605 4503 1745 4556 ima-

163 4587 294 4653 ginis
316 4588 552 4643 Christi.
589 4589 645 4642 ln
673 4589 846 4657 ipsum
880 4603 1118 4658 namque
1165 4590 1344 4644 omnis
1389 4591 1562 4645 hostia
1593 4607 1746 4646 reca-

163 4679 438 4746 pitulatur,
470 4681 525 4733 in
563 4689 772 4735 tantum
811 4689 868 4734 ut
897 4691 1184 4750 postquam
1235 4683 1349 4750 ipse
1398 4683 1614 4738 oblatus
1639 4694 1743 4751 est,

161 4787 343 4826 omnes
372 4774 572 4828 hostiae
599 4775 957 4838 cessaverint,
988 4791 1108 4845 quae
1133 4791 1259 4830 eum
1287 4776 1341 4829 in
1377 4785 1504 4846 typo
1538 4789 1593 4830 et
1627 4795 1744 4831 um-

162 4866 246 4917 bra
273 4878 674 4935 prmcesserant
702 4868 802 4933 ;de
826 4869 1044 4937 quibus,
1070 4879 1229 4938 prout
1251 4870 1555 4939 potuimus,
1579 4871 1629 4924 in
1655 4886 1746 4926 su-

161 4959 462 5023 perioribus
489 4961 761 5028 quomodo
779 4961 976 5014 vitulus
997 4961 1110 5030 (8|)
1137 4976 1165 5014 a
1195 4962 1453 5031 pontifice
1489 4963 1704 5016 oblatus
1725 5002 1740 5027 ,

159 5049 266 5103 sive
291 5051 342 5104 in
378 5066 636 5119 munere,
653 5052 765 5106 sive
795 5067 890 5120 pro
916 5062 1161 5120 peccato,
1183 5052 1410 5107 formam
1434 5053 1548 5122 eius
1572 5055 1737 5108 habe-

159 5151 258 5206 ret,
277 5144 645 5199 ostendimus.
665 5145 862 5213 Adipes
876 5159 1002 5198 vero
1023 5145 1113 5214 qui
1133 5145 1438 5200 offeruntur
1467 5149 1517 5200 in
1545 5163 1737 5200 mune-

160 5248 234 5296 re,
254 5235 572 5303 operientes
587 5236 845 5290 interiora
875 5245 929 5290 et
945 5237 1165 5290 renibus
1185 5238 1542 5302 cohaerentes,
1561 5247 1740 5307 potest

156 5337 335 5380 sancta
368 5327 464 5380 illa
504 5327 622 5396 ejus
648 5327 824 5381 anima
854 5329 1079 5399 intelligi
1107 5371 1123 5397 ,
1166 5346 1286 5398 quae
1324 5331 1582 5385 interiora
1617 5331 1738 5398 qui-

220 5464 242 5495 ⁸
265 5465 440 5522 Levit.
484 5481 538 5528 ν,
575 5465 629 5519 5.
704 5468 724 5498 ⁹
758 5467 1132 5531 lsa.ant,26.
1212 5469 1254 5499 ¹⁰
1281 5467 1421 5522 Psal.
1451 5483 1625 5529 xxxii,
1651 5467 1698 5519 1.

222 5586 332 5649 {'79)
368 5586 430 5641 Si
481 5589 801 5651 peccaverit,
837 5599 943 5640 etc.
993 5588 1137 5641 Cilat
1185 5588 1325 5640 hunc
1360 5585 1533 5639 locum
1563 5585 1728 5639 .louas

155 5657 434 5711 Aurelian.
476 5657 574 5710 lib.
607 5674 622 5710 1
661 5657 735 5710 De
763 5659 931 5710 instil.
970 5658 1117 5720 laic.,
1151 5673 1268 5723 cap.
1309 5657 1390 5708 16.

223 5728 335 5797 (80)
379 5727 547 5781 Libb.
580 5730 730 5790 editi,
757 5747 774 5779 ι
814 5744 932 5795 qum
961 5730 1254 5794 egerimus,
1296 5726 1339 5776 si
1369 5727 1526 5797 quod
1560 5726 1608 5777 in
1639 5741 1731 5778 oc-

158 5796 299 5851 culto
321 5796 605 5864 gerimus.
643 5801 686 5853 si
719 5801 882 5869 quod,
918 5818 935 5849 ι
979 5808 1108 5860 etc.,
1143 5799 1236 5850 sed
1280 5796 1400 5850 cod.
1447 5796 1728 5864 Sangcrm.

160 5880 215 5923 nt
253 5871 306 5924 in
351 5880 552 5926 nostro
580 5880 748 5925 textu.

1862 3310 1959 3363 pro
1992 3296 2193 3350 delicto
2233 3312 2331 3349 suo
2366 3295 2593 3348 arietem
2647 3295 3062 3349 immaCulatum
3104 3299 3170 3350 de
3223 3300 3440 3360 ovibus,

1861 3399 2100 3457 emptum
2137 3390 2313 3458 pretio
2343 3387 2553 3456 argenti
2578 3387 2712 3441 sielo
2746 3397 2958 3451 sancto,
2994 3390 3045 3442 in
3073 3406 3138 3444 eo
3168 3392 3310 3460 quod
3346 3393 3440 3443 den
3497 3443 3504 3450 ,

1863 3480 2038 3548 liquit,
2071 3481 2288 3548 etquod
2321 3481 2566 3548 peccavit
2601 3496 2628 3532 a
2664 3481 2893 3543 sanctis,
2925 3483 3134 3548 reddet,
3191 3495 3245 3538 et
3283 3486 3441 3553 quin-

1862 3585 1943 3629 tas
1985 3575 2203 3644 adjiciet
2228 3577 2290 3628 ad
2322 3576 2472 3637 illud,
2504 3583 2555 3627 et
2589 3574 2738 3628 dabit
2763 3575 2910 3627 illum
2944 3578 3236 3641 sacerdoti,
3267 3573 3438 3631 et'sa-

1859 3666 2052 3718 cerdos
2077 3667 2323 3718 exorabit
2347 3681 2444 3732 pro
2478 3680 2542 3718 eo
2573 3666 2623 3717 in
2659 3665 2833 3719 ariete
2862 3665 3065 3728 delicti,
3100 3676 3155 3719 et
3188 3669 3438 3720 remitte-

1860 3768 1947 3810 tur
1971 3758 2042 3810 ei.
2086 3777 2104 3809 ι
2143 3759 2194 3810 1η
2222 3758 2590 3825 superioribus
2621 3758 2852 3827 legibus,
2879 3774 3000 3827 quae
3031 3760 3098 3812 de
3146 3760 3436 3814 immundi-

1858 3849 1944 3902 tia:
1977 3849 2261 3904 sacrificiis
2305 3849 2701 3914 referebantur,
2741 3849 2912 3903 sicubi
2963 3849 3160 3904 dixerit
3192 3849 3432 3904 offeren-

1857 3943 2008 4005 dum,
2060 3942 2206 3996 verbi
2259 3957 2445 4002 causa,
2500 3956 2679 4004 ovem,
2729 3950 2823 3994 aut
2876 3942 3118 4007 haedum,
3173 3944 3374 3998 addidit
3416 3961 3430 3995 :

1855 4033 2007 4100 Quod
2037 4034 2079 4086 si
2130 4050 2235 4086 non
2265 4033 2462 4087 suflicit
2513 4049 2706 4086 manus
2727 4032 2844 4101 ejus
2878 4034 2943 4086 ad
2974 4036 3215 4100 hmdum,
3248 4047 3336 4090 aut
3365 4041 3431 4092 ad

1855 4142 2074 4196 agnum,
2100 4126 2290 4181 offerat
2332 4143 2428 4195 par
2461 4136 2732 4180 turturum
2761 4168 2776 4191 ,
2808 4136 2900 4180 aut
2949 4129 3084 4182 duos
3109 4131 3286 4198 pullos
3334 4146 3432 4185 co-

1856 4219 2147 4273 lumbinos.
2176 4220 2236 4273 Et
2269 4221 2667 4284 iterum:Quod
2701 4222 2744 4275 si
2779 4237 2876 4276 nec
2913 4223 2978 4276 ad
3027 4226 3128 4276 hoc
3181 4225 3430 4287 sufliciet,

1851 4311 2045 4366 offerat
2072 4299 2456 4382 similaginein.
2486 4313 2540 4366 In
2579 4315 2682 4368 hac
2714 4331 2846 4370 vero
2881 4316 2996 4385 lege
3022 4356 3037 4380 ,
3068 4317 3156 4370 ubi
3194 4318 3260 4371 de
3307 4333 3434 4386 pec-

1852 4413 1978 4458 cato
2010 4405 2155 4473 quod
2192 4405 2244 4457 in
2282 4406 2488 4458 sanctis
2523 4407 2907 4469 committitur,
2938 4408 3182 4472 disserit,
3225 4409 3430 4462 nullam

1852 4498 2290 4552 substitutionem
2319 4499 2594 4552 inferioris
2620 4501 2811 4554 hostia:
2835 4500 3109 4565 secunda;
3143 4502 3224 4556 vel
3257 4504 3429 4556 tertia:

1853 4591 2189 4659 subrogavit,
2222 4590 2316 4643 sed
2353 4591 2543 4642 statuit
2574 4589 2746 4643 solum
2791 4592 3014 4645 arietem
3043 4591 3377 4646 offerendum
3413 4611 3428 4657 ;

1853 4695 1954 4734 nec
1982 4681 2142 4734 aliter
2174 4680 2412 4734 ostendit
2446 4678 2577 4734 solvi
2617 4695 2780 4748 posse
2839 4694 3122 4750 peccaturo
3175 4684 3316 4751 quod
3376 4685 3429 4738 in

1851 4781 2039 4826 sancta
2093 4772 2477 4834 committitur,
2541 4773 2641 4824 nisi
2697 4773 2926 4825 arietem
2966 4773 3342 4842 jngulaverit:
3376 4786 3430 4830 et

1851 4881 1959 4920 non
1991 4865 2314 4934 simpliciter
2334 4865 2581 4928 arietem,
2602 4864 2696 4918 sed
2716 4865 2936 4919 arietem
2963 4869 3138 4935 pretio
3160 4877 3424 4936 emptum,

1849 4967 1904 5011 et
1939 4966 2089 5011 certo
2121 4956 2317 5024 pretio,
2353 4975 2368 5006 ι
2405 4955 2562 5018 siclo,
2604 4955 2798 5024 inquit,
2849 4969 3055 5011 sancto.
3092 4977 3111 5009 ι
3139 4957 3275 5024 Quid
3329 4957 3428 5025 igi-

1852 5045 1979 5098 tur?
2020 5045 2064 5097 si
2101 5045 2220 5112 quis
2257 5059 2461 5113 pauper
2488 5044 2678 5108 fuerit,
2710 5054 2761 5098 et
2798 5061 2902 5098 non
2942 5047 3193 5101 habuerit
3228 5047 3422 5101 siclum

1851 5147 2094 5192 sanctum
2147 5137 2288 5190 unde
2341 5137 2571 5190 mercari
2605 5136 2777 5204 possit
2838 5139 3088 5200 arietem,
3135 5147 3422 5205 peccaturo

1851 5231 1970 5298 ejus
1993 5246 2095 5283 non
2130 5229 2370 5284 solvetur
2398 5230 2420 5282 Ἰ
2457 5229 2773 5295 Quazrcndze
2807 5240 2932 5282 sunt
2965 5245 3094 5297 ergo
3129 5229 3422 5295 unicuique

1849 5333 1904 5377 et
1937 5322 2158 5386 divitiae,
2188 5331 2246 5375 ut
2275 5330 2553 5390 peccatum
2581 5319 2697 5388 ejus
2737 5319 2909 5386 possit
2936 5317 3162 5372 absolvi.
3219 5315 3418 5370 Verum

1780 5465 1819 5496 "
1856 5461 2028 5514 Levit.
2057 5475 2110 5524 v,
2143 5456 2228 5520 14,
2267 5453 2460 5519 l3,16.

1910 5578 2022 5648 (81)
2065 5576 2220 5648 Libb.
2247 5573 2459 5648 editi,_r
2507 5571 2559 5622 in
2593 5567 2970 5648 superioribus
3004 5563 3238 5648 diximus
3279 5579 3417 5630 quo-
3460 5599 3463 5602 .

1843 5634 2017 5705 ιῃιὶιιίί
2039 5647 2257 5704 vitulus,
2285 5664 2302 5694 ι
2325 5643 2419 5694 sed
2451 5644 2500 5693 in
2538 5634 2694 5693 ϐοιΙά.
2731 5637 3050 5694 mss.dcest,
3072 5652 3091 5682 ι
3115 5634 3409 5688 diximus.»

1913 5719 2024 5788 (8‘2)
2069 5721 2123 5770 In
2167 5716 2354 5768 codice
2391 5711 2674 5788 Sangerm.
2711 5709 2886 5787 deest,
2923 5724 2939 5754 ι
2977 5705 3359 5788 deificandam.
3391 5725 3408 5755 ι

1917 5775 2028 5861 (85)
2058 5789 2203 5841 Idem
2245 5786 2413 5839 codex
2449 5775 2633 5844 habet,
2677 5798 2694 5829 ι
2727 5778 2950 5842 Spiritus
2990 5775 3258 5843 simplicis
3289 5791 3415 5845 gra-
3453 5843 3458 5852 ί

1847 5874 1948 5916 lim.
1988 5880 2007 5911 ι
