3876 6512
449 413 546 470 451

1923 391 2013 448 0R

2124 388 2242 445 LNIS
3597 388 3684 442 433

449 533 495 589 si
531 530 774 601 dignetur
802 522 1077 586 Dominus,
1095 520 1179 576 vel
1212 520 1369 577 nobis
1402 517 1590 576 oculos
1615 517 1683 573 ad
1708 516 2018 581 videndum,
2051 519 2097 574 Α
2126 514 2230 568 etis
2255 518 2561 581 susceptam
2589 525 2692 565 non
2736 509 2989 564 reddidit.
3019 509 3169 565 Unde
3199 510 3284 565 vel
3312 512 3400 566 his
3432 508 3624 564 auditis
3642 512 3687 564 iu

449 622 532 678 vel
559 619 708 675 vobis
737 617 803 671 ad
831 614 1156 669 audiendum
1191 625 1355 665 aures
1402 611 1586 666 cordis
1622 602 1854 679 aperire,
1893 608 2021 676 quid

452 712 551 767 sibi
578 708 704 763 velit
735 703 1062 776 legislatoris
1088 715 1279 756 sensus
1315 708 1539 768 opertus
1580 697 1860 768 mysteriis
1905 696 2019 768 (ιιι)

448 799 808 868 requiremus.
837 793 906 848 Et
944 793 1119 861 primo
1143 790 1358 860 quidem
1393 787 1674 841 videamus
1704 787 1807 840 hoc
1847 785 2019 856 ipsum

445 891 587 960 quod
632 887 919 942 recitatum
955 892 1038 936 est
1087 883 1383 936 secundum
1434 877 1669 931 litteram
1711 876 1871 946 quale
1925 877 2016 930 sit.

446 983 668 1038 Videtur
699 977 844 1034 enim
900 976 966 1031 de
1011 975 1099 1029 his
1155 973 1342 1028 dicere
1397 971 1451 1026 in
1493 986 1720 1041 quorum
1773 969 2020 1022 manibus

443 1081 629 1130 sancta
661 1069 952 1124 commissa
975 1074 1122 1130 sunt,
1156 1064 1211 1119 id
1240 1071 1323 1119 est
1375 1077 1496 1134 quae
1530 1063 1584 1117 in
1616 1061 1828 1116 Domini
1861 1059 2020 1114 donis

443 1163 626 1219 oblata
650 1169 777 1216 sunt
809 1176 823 1213 :
854 1157 1002 1212 verbi
1039 1157 1236 1225 gratia,
1271 1165 1398 1212 vota
1435 1163 1490 1211 et
1534 1169 1760 1209 munera
1787 1167 1908 1222 quae
1964 1153 2017 1206 in

443 1252 699 1309 Ecclesiis
730 1249 825 1304 Dei
884 1246 950 1301 ad
995 1260 1124 1300 usus
1155 1255 1489 1314 sanctorum,
1555 1255 1612 1300 et
1658 1245 2017 1300 ministerium

442 1342 811 1406 sacerdotum,
852 1337 938 1392 vel
972 1351 1093 1405 quae
1119 1338 1186 1390 ob
1214 1335 1593 1391 necessitatem
1627 1349 1948 1405 pauperum,
1987 1349 2016 1387 a

442 1433 652 1490 devotis
683 1441 738 1486 et
771 1429 1042 1500 religiosis
1073 1429 1343 1483 mentibus
1368 1426 1687 1483 ofieruntur.
1731 1427 1805 1480 De
1839 1425 1924 1479 his
1952 1425 1998 1479 si

442 1527 566 1596 quis
592 1524 836 1595 qualibet
892 1521 1316 1592 praesumptione
1369 1519 1724 1582 subtraxerit,
1773 1516 2016 1572 decernit

442 1621 552 1684 lex,
604 1629 661 1674 ιιι
684 1619 730 1675 si
765 1623 1160 1673 rememoratus
1189 1613 1351 1668 fuerit
1376 1627 1627 1681 peccasse
1649 1620 1798 1677 se,et
1825 1620 2017 1680 sponte

443 1711 915 1782 compunctionem
947 1707 1129 1763 cordis
1166 1705 1464 1774 acceperit;
1485 1705 1550 1758 de
1605 1718 1670 1758 eo
1726 1705 1869 1756 enim
1923 1702 2014 1771 qui

446 1821 554 1860 non
585 1812 775 1874 sponte
803 1799 1204 1870 compungitur,
1236 1798 1327 1852 sed
1351 1797 1458 1852 alio
1484 1805 1747 1867 urguente
1791 1796 2015 1850 convin-

443 1901 605 1965 citur,
634 1898 911 1956 diﬂicilius
935 1893 1230 1949 remedium
1265 1900 1384 1955 est;
1411 1892 1500 1946 hic
1524 1906 1675 1961 ergo,
1705 1891 1795 1959 qui
1823 1897 2015 1958 sponte

447 1993 766 2049 recordatus
806 1989 973 2043 fuerit
1016 1994 1297 2056 peccatum
1326 1999 1510 2048 suum,
1553 1985 1761 2048 reddet,
1819 1982 2013 2050 inquit,

443 2086 572 2140 illud
598 2084 772 2154 ipsum
809 2079 948 2150 quod
980 2079 1362 2143 subtraxerat,
1414 2085 1468 2131 et
1523 2076 1686 2129 addet
1746 2075 1811 2128 ad
1881 2074 2011 2126 illud

443 2175 681 2245 quintus,
716 2183 766 2227 et
815 2171 1010 2227 olli-ret
1066 2169 1291 2223 arietem
1340 2183 1438 2237 pro
1496 2177 1721 2236 peccato
1774 2176 2012 2234 emptum

442 2266 772 2338 pretiosiclo
797 2271 1008 2319 sancto.
1033 2261 1188 2331 Quod
1225 2262 1379 2327 dicit,
1403 2262 1564 2315 addet
1598 2261 1662 2314 ad
1695 2260 1825 2313 illud
1858 2259 2015 2328 quin-

444 2373 546 2426 tas,
574 2359 934 2430 simpliciores
954 2359 1158 2427 quique
1201 2355 1516 2410 existimant
1575 2356 1644 2408 ita
1681 2355 1906 2417 dictum,
1934 2363 2012 2418 ut,

443 2453 592 2508 verbi
624 2467 810 2518 causa,
872 2451 919 2505 si
981 2449 1225 2519 quinque
1276 2451 1480 2502 nummi
1540 2448 1805 2502 subtracti
1863 2457 2011 2512 sunt,

440 2559 582 2599 unus
612 2544 864 2607 addatur,
886 2550 954 2595 ut
972 2555 1070 2610 pro
1098 2540 1338 2608 quinque
1374 2556 1468 2594 sex
1498 2539 1722 2593 reddere
1744 2540 2012 2592 videatur.

441 2639 547 2694 Sed
572 2639 665 2708 qui
694 2639 747 2692 in
779 2634 1070 2704 disciplina
1099 2648 1448 2688 numerorum
1495 2613 1744 2703 peritiam
1797 2640 2011 2702 gerunt,

441 2731 602 2800 longe
638 2730 794 2784 aliter
847 2727 1004 2782 istius
1058 2724 1308 2780 vocabuli
1359 2739 1640 2777 numerum
1695 2732 2012 2792 supputant.

441 2823 573 2876 Nam
601 2831 653 2876 et
684 2823 734 2875 iu
765 2819 956 2876 Graeco
981 2833 1089 2873 non
1113 2817 1277 2874 habet
1301 2817 1569 2888 πέμπτον,
1590 2817 1730 2885 quod
1754 2815 2014 2885 simplici-

444 2927 525 2971 ter
548 2916 763 2984 quintus
813 2912 966 2977 facit,
1015 2909 1109 2965 sed
1156 2911 1315 2966 habet
1348 2910 1711 2979 ὲπίπεμπτον,
1733 2909 1874 2977 quod
1917 2921 2015 2962 nos

441 3008 663 3078 quidem
699 3019 990 3077 possumus
1022 3005 1202 3060 dicere
1227 3017 1389 3072 super
1410 3003 1626 3070 quiutas
1661 3019 1675 3057 :
1718 3001 1820 3055 nisi
1869 2999 2018 3054 dice-

445 3110 595 3156 retur
625 3100 764 3154 istud
800 3097 1059 3166 specialis
1089 3095 1371 3165 cujusdam
1433 3094 1640 3148 numeri
1691 3093 1830 3162 apud
1894 3090 2014 3146 illos

441 3208 563 3247 esse
615 3189 962 3264 vocabulum,
1007 3202 1113 3256 quo
1158 3186 1430 3241 indicetur
1465 3185 1576 3253 (85)
1630 3199 1728 3253 pro
1777 3183 2016 3252 quinque

440 3286 581 3340 alios
619 3285 858 3354 quinque
917 3285 1144 3347 dandos,
1197 3291 1251 3336 et
1295 3293 1458 3332 unum
1505 3292 1699 3345 super;
1750 3285 1809 3328 ut
1865 3274 2015 3329 verbi

440 3378 616 3447 gratia
657 3377 993 3445 intelligatur
1020 3375 1110 3444 qui
1137 3373 1350 3426 furatus
1372 3370 1439 3425 sit
1461 3369 1702 3437 quinque
1743 3379 2016 3432 nummos,

443 3469 588 3537 ipsos
619 3469 835 3538 quidem
877 3468 1114 3537 quinque
1157 3466 1466 3522 restituere,
1503 3471 1558 3514 et
1596 3460 1733 3514 alios
1765 3459 2020 3528 quinque

443 3575 550 3613 uno
580 3559 954 3629 superaddito.
983 3555 1093 3610 Nec
1127 3565 1305 3608 tamen
1334 3556 1450 3608 haec
1481 3552 1738 3606 continuo
1771 3567 1869 3621 pro
1905 3551 2017 3605 fur-

442 3647 510 3702 tis
538 3657 633 3702 aut
674 3646 958 3702 fraudibus
995 3643 1342 3714 intelligenda
1373 3651 1523 3707 sunt,
1556 3643 1649 3696 sed
1674 3643 1815 3711 quod
1851 3641 2016 3696 etiam

439 3741 484 3794 si
525 3741 647 3808 quis
683 3755 781 3810 pro
829 3738 1018 3793 usibus
1078 3735 1408 3791 necessariis
1440 3733 1542 3790 sibi
1582 3735 1647 3789 de
1686 3734 1894 3787 sanctis
1922 3748 2018 3803 pe-

439 3833 660 3888 cuniam
701 3832 956 3899 sumpsit,
990 3837 1044 3883 et
1074 3843 1256 3882 moras
1295 3826 1478 3880 attulit
1508 3825 1868 3891 restituendo,
1914 3825 2017 3878 hu-

434 3921 674 3990 jusmodi
710 3919 823 3987 lege
853 3918 1270 3986 constringitur.
1308 3917 1437 3984 Quae
1480 3915 1560 3970 lex
1606 3917 1775 3969 etiam
1821 3929 2018 3969 secun-

438 4013 567 4066 dum
595 4013 832 4066 litteram
861 4011 1135 4066 aedificare
1153 4011 1314 4065 debet
1345 4009 1646 4063 audientes.
1677 4007 1844 4062 Valde
1871 4007 2014 4062 enim

439 4108 592 4162 utilis
647 4117 702 4162 et
759 4106 1065 4162 necessaria
1111 4115 1193 4160 est
1243 4101 1574 4165 observatio,
1620 4102 1703 4155 his
1749 4102 2018 4170 praecipue

441 4203 534 4271 qui
559 4196 1463 4267 ecclesiasticisdispensationibus
1485 4205 1748 4264 praesunt,
1769 4202 1825 4248 ut
1843 4194 2018 4248 sciant

441 4293 542 4348 sibi
580 4293 648 4348 ab
693 4294 777 4347 his
817 4306 941 4361 qua:
993 4291 1047 4343 in
1089 4305 1245 4344 usuin
1283 4288 1598 4342 sanctorum
1640 4287 1818 4340 oblata
1857 4295 2004 4351 sunt,

443 4387 654 4440 cautius
691 4395 746 4440 et
779 4384 1093 4454 diligentius
1119 4381 1542 4439 observandum.

513 4478 565 4532 7.
587 4477 692 4532 Sed
723 4485 776 4531 et
807 4491 906 4531 nos
933 4476 1131 4545 quibus
1163 4475 1267 4530 ista
1312 4471 1450 4526 forte
1481 4485 1582 4524 non
1609 4467 1899 4533 .accidunt,
1940 4468 2017 4520 vi-

2132 605 2447 660 memorium
2484 611 2724 669 revocet,
2753 602 2899 673 quod
2933 617 2993 656 ea
3043 617 3161 670 quae
3189 605 3391 658 dudum
3443 603 3545 658 sibi
3583 603 3687 656 fue-

2125 708 2245 752 rant
2271 699 2324 751 in
2357 695 2525 751 verbo
2549 695 2644 749 Dei
2685 696 2998 757 commissa,
3027 695 3285 763 neglexit.
3337 692 3549 750 Reddat
3572 710 3690 764 ergo

2121 801 2176 845 et
2218 791 2318 844 hoc
2358 789 2499 858 quod
2532 788 2760 857 accepit,
2791 797 2846 841 et
2897 789 3058 842 addat
3088 793 3154 842 ad
3196 789 3246 843 id
3288 790 3512 858 quiutas
3548 787 3695 858 198

2123 898 2188 938 eo
2230 885 2388 936 modo
2428 897 2535 950 quo
2570 891 2695 935 ante
2727 879 2838 948 jam
2873 883 3115 938 diximus
3159 899 3172 935 :
3237 883 3290 936 id
3330 891 3439 946 est,
3500 891 3561 932 ut
3621 881 3695 936 bis

2121 975 2310 1044 quinta
2365 973 2495 1034 sint.
2533 983 2590 1027 et
2633 987 2772 1026 unus
2801 973 3219 1041 superuddatur.
3254 971 3554 1026 Videamus
3579 984 3694 1039 ergo

2121 1067 2390 1135 quomodo
2428 1065 2666 1134 quinque
2709 1063 2796 1118 isti
2840 1065 3166 1118 reddantur.
3219 1063 3474 1131 Quinque
3517 1075 3694 1114 nume-

2124 1175 2214 1212 rus
2265 1158 2598 1226 frequenter,
2660 1155 2770 1210 imo
2828 1172 2965 1227 pene
3009 1172 3247 1226 semper,
3303 1171 3405 1226 pro
3467 1155 3696 1224 quinque

2119 1250 2368 1306 sensibus
2416 1250 2702 1318 accipitur.
2733 1247 2888 1302 Scire
2927 1264 3057 1318 ergo
3097 1250 3357 1304 debemus
3398 1247 3505 1301 hoc
3547 1246 3696 1301 modo

2119 1343 2254 1397 istos
2291 1342 2530 1411 quinque
2567 1356 2758 1397 sensus
2786 1342 2841 1395 in
2885 1343 3096 1396 sanctis
3123 1341 3333 1396 actibus
3359 1354 3526 1408 posse
3550 1339 3697 1393 resti-

2117 1436 2219 1501 tui,
2257 1443 2316 1487 ut
2345 1434 2389 1488 si
2433 1433 2574 1487 forte
2597 1433 3047 1502 praesumpsimus
3076 1432 3222 1486 abuti
3253 1433 3332 1487 eis
3377 1433 3430 1485 in
3481 1429 3697 1486 saecula-

2120 1526 2270 1580 ribus
2302 1523 2533 1587 actibus,
2575 1531 2627 1576 et
2665 1523 3027 1591 impendimus
3068 1539 3223 1577 usum
3266 1537 3460 1577 eorum
3498 1522 3552 1575 in
3590 1522 3692 1586 his,

2118 1633 2238 1688 quae
2274 1633 2380 1671 non
2427 1616 2726 1670 secundum
2775 1614 2940 1668 Deum
2988 1617 3294 1685 gessimus,
3346 1615 3694 1670 restituamus

2119 1725 2260 1764 nunc
2290 1718 2342 1762 et
2383 1709 2528 1777 ipsos
2558 1707 2800 1776 quinque
2843 1709 3050 1761 sanctis
3076 1707 3292 1761 actibus
3325 1707 3697 1778 religiosisque

2118 1798 2464 1864 ministeriis,
2504 1807 2557 1850 et
2619 1795 2758 1849 alios
2823 1795 2905 1850 his
2962 1797 3204 1866 quinque
3255 1797 3543 1858 addamus,
3603 1795 3693 1864 qui

2121 1899 2247 1943 sunt
2276 1889 2550 1943 interioris
2589 1887 2828 1941 hominis
2863 1903 3055 1942 sensus
3089 1906 3103 1942 :
3139 1905 3234 1957 per
3265 1903 3404 1958 quos
3433 1887 3518 1940 vel
3547 1901 3695 1939 mun-

2123 1980 2176 2033 di
2202 1981 2364 2033 corde
2388 1978 2562 2033 effecti
2607 1979 2772 2032 Deum
2806 1981 3051 2034 videmus
3076 2021 3091 2044 ,
3123 1980 3206 2033 Vel
3250 1993 3410 2033 aures
3445 1979 3695 2031 habemus

2124 2073 2188 2125 ad
2219 2073 2483 2126 audienda
2512 2086 2574 2126 ea
2617 2052 2736 2142 qtiae
2765 2075 2922 2127 docet
2947 2073 3128 2135 Jesus,
3162 2073 3241 2126 vel
3279 2073 3501 2124 odorem
3555 2069 3692 2138 capi-

2125 2180 2244 2219 mus
2273 2165 2420 2218 illum
2459 2181 2620 2234 quem
2661 2166 2795 2220 dicit
2834 2165 3120 2235 Apostolus
3149 2166 3212 2229 ¹³,
3260 2181 3278 2215 ι
3317 2163 3454 2230 Quia
3502 2162 3690 2217 Christi

2123 2258 2300 2312 bonus
2324 2257 2458 2311 odor
2487 2271 2674 2310 sumus
2707 2255 2851 2318 Deo;
2892 2275 2909 2305 ι
2947 2256 3030 2308 vel
3057 2257 3222 2308 etiam
3256 2265 3474 2324 gustum
3539 2252 3691 2305 sumi-

2124 2363 2243 2402 mus
2282 2348 2454 2412 illum,
2487 2349 2553 2402 de
2584 2363 2692 2416 quo
2726 2347 2855 2401 dicit
2888 2345 3157 2414 Pt-Opheta
3191 2345 3236 2375 ’³
3301 2359 3316 2399 :
3377 2364 3397 2397 ι
3461 2343 3688 2405 Gustate,

2122 2448 2177 2492 et
2209 2437 2687 2506 videt-e,quoniam
2742 2436 2927 2489 suavis
2957 2443 3039 2488 est
3093 2433 3380 2498 Dominus;
3421 2450 3441 2482 ι
3486 2432 3566 2484 vel
3618 2438 3688 2484 II-

2124 2540 2268 2585 ctmn
2316 2529 2463 2582 illum
2514 2542 2674 2596 quem
2727 2527 2858 2581 dicit
2905 2525 3138 2580 Joannes
3171 2527 3233 2588 “’,
3298 2524 3424 2592 quia
3471 2541 3492 2575 ι
3531 2522 3689 2577 oculis

2126 2619 2326 2674 nostris
2365 2619 2721 2690 inspeximus,
2753 2628 2810 2673 et
2864 2633 3056 2671 mamus
3089 2627 3290 2671 nostrae
3350 2613 3688 2684 palpaverunt

2124 2709 2236 2782 (86)
2270 2711 2336 2765 de
2377 2709 2541 2765 verbo
2578 2710 2724 2764 vitae.
2769 2727 2790 2762 ι
2843 2707 2936 2762 His
2985 2720 3163 2762 autem
3221 2707 3480 2761 omnibus
3533 2720 3683 2758 unum

2123 2803 2594 2872 superaddamus,
2645 2811 2704 2856 ut
2752 2803 2818 2855 ad
2877 2815 3043 2854 unum
3104 2798 3274 2853 Deum
3332 2798 3450 2852 haec
3505 2807 3682 2852 cuncta

2124 2896 2446 2953 referamus.
2481 2894 2550 2950 Et
2599 2895 2716 2948 hare
2779 2893 2996 2963 quidem
3055 2893 3122 2948 de
3179 2890 3534 2946 restituendis
3589 2889 3683 2955 his,

2125 3004 2245 3059 quae
2275 2987 2519 3058 qualibet
2542 2985 2696 3056 culpa
2729 3000 2794 3041 ex
2832 2984 3042 3041 sanctis
3061 2983 3244 3039 ablata
3286 2981 3526 3048 fuerant,
3552 2980 3681 3035 dicta

2124 3082 2252 3137 sint.

2193 3170 2248 3224 8.
2283 3169 2422 3235 Quid
2458 3181 2589 3223 vero
2622 3167 2866 3222 dicemus
2891 3167 2956 3221 de
2988 3164 3262 3220 sacrificio
3290 3163 3480 3218 arietis
3522 3164 3682 3233 pretio

2126 3263 2321 3331 empti,
2355 3271 2411 3316 et
2437 3259 2612 3329 pretio
2654 3258 2771 3313 sicli
2806 3259 3004 3322 sancti,
3036 3258 3128 3327 qui
3157 3273 3255 3327 pro
3281 3256 3486 3326 peccati
3512 3256 3681 3324 expia-

2124 3356 2268 3412 tione
2289 3355 2513 3424 jubetur
2541 3351 2766 3406 ollerri?
2801 3353 2960 3406 Dives
2990 3349 3206 3406 futurus
3232 3361 3339 3414 est,
3385 3349 3477 3418 qui
3518 3347 3680 3418 pretio

2097 3447 2315 3503 arietis
2346 3447 2518 3516 possit
2551 3444 2746 3498 delicta
2775 3458 3026 3514 purgare.
3063 3441 3193 3508 Quae
3219 3451 3348 3496 sunt
3399 3441 3515 3495 istae
3563 3437 3680 3492 divi-

2121 3542 2229 3604 tiae,
2262 3539 2625 3608 requiramus.
2660 3534 2826 3588 Docet
2851 3547 2949 3589 nos
2977 3532 3409 3602 sapientissimus
3439 3530 3676 3586 Salomon

2121 3634 2310 3688 dicens
2339 3631 2382 3662 ¹⁵
2419 3650 2430 3685 :
2481 3647 2500 3682 ι
2542 3629 2864 3697 Redemptio
2890 3626 3084 3680 animae
3119 3625 3246 3689 viri,
3280 3624 3514 3694 propriae
3549 3621 3676 3675 divi-

2125 3723 2213 3777 tia:
2242 3720 2384 3790 ejus.
2431 3737 2448 3769 ι
2485 3717 2653 3772 Audis
2686 3717 2846 3771 verba
2873 3714 3176 3783 sapientia},
3207 3714 3483 3784 quomodo
3510 3725 3677 3766 neces-

2127 3813 2289 3868 sariis
2320 3827 2441 3866 cum
2472 3808 2917 3883 preprietatibus,
2951 3809 3058 3861 vim
3104 3804 3529 3873 uniuscujusque
3573 3816 3677 3857 ser-

2123 3905 2298 3960 monis
2363 3902 2694 3956 enuutiant?
2763 3899 2987 3954 Divitias
3041 3897 3173 3952 dicit
3238 3905 3396 3966 aptas
3462 3900 3525 3948 ad
3575 3891 3679 3947 ani-

2123 4013 2224 4053 mae
2271 3977 2722 4064 rcdemptiodem,
2780 4001 2834 4047 et
2907 3990 3127 4046 divitias
3166 4004 3271 4043 non
3305 3987 3543 4052 alienas,
3602 3999 3677 4039 ne-

2121 4105 2227 4162 que
2250 4101 2589 4151 communes,
2631 4085 2724 4140 sed
2791 4083 3010 4138 divitias
3063 4082 3331 4152 proprias.
3397 4078 3501 4134 Per
3549 4076 3673 4147 quod

2121 4183 2360 4240 ostendit
2393 4196 2515 4235 esse
2547 4179 2808 4247 quasdam
2843 4176 3062 4232 divitias
3094 4175 3376 4245 proprias,
3428 4174 3670 4241 quasdam

2123 4290 2250 4328 vero
2283 4289 2384 4327 non
2427 4270 2694 4339 proprias.
2729 4267 2834 4321 Sed
2879 4268 2980 4321 hoc
3017 4266 3321 4320 evidentius
3357 4263 3602 4316 Dominus
3624 4259 3671 4311 in

2123 4363 2429 4434 Evangeliis
2462 4359 2779 4422 declaravit,
2817 4373 2940 4411 cum
2974 4357 3110 4410 dixit
3138 4356 3180 4386 ¹⁶
3209 4371 3222 4407 :
3291 4372 3310 4406 ι
3367 4355 3518 4422 Quod
3546 4353 3584 4407 si
3622 4352 3671 4404 in

2123 4458 2303 4511 alieno
2339 4455 2524 4508 fideles
2559 4467 2662 4505 non
2696 4450 2896 4516 fuistis,
2923 4451 3065 4520 quod
3114 4459 3360 4502 vestrum
3408 4456 3514 4510 est,
3566 4443 3672 4512 quis

440 4570 666 4623 deamus
691 4584 796 4637 qua
819 4583 883 4622 ex
911 4523 1066 4638 parte
1093 4581 1275 4622 sermo
1315 4563 1450 4633 legis
1497 4560 1747 4616 aediﬁcet.
1804 4559 1866 4612 Et
1915 4576 2015 4630 ego
2050 4572 2091 4626 ι)
2124 4547 2272 4601 dabit
2307 4544 2462 4598 vobis
2491 4543 2513 4595 ?
2550 4561 2568 4594 ›
2605 4540 2910 4596 Ostendens
2942 4523 3038 4607 per
3061 4539 3161 4592 hoc
3199 4537 3488 4607 praesentis
3513 4533 3670 4589 saeculi

441 4659 622 4723 hodie,
659 4660 781 4714 licet
815 4670 1070 4729 peccator
1104 4659 1250 4725 sim,
1293 4665 1474 4710 tamen
1512 4653 1637 4722 quia
1686 4651 2016 4718 dispensatio

439 4752 570 4807 mihi
610 4753 762 4807 verbi
794 4751 1059 4806 Dominici
1091 4749 1300 4806 credita
1336 4755 1441 4817 est,
1482 4752 1671 4800 sancta
1713 4742 1807 4797 Dei
1832 4743 2017 4797 videor

439 4845 646 4901 habere
683 4846 996 4902 commissa.
1031 4843 1216 4915 Neque
1255 4855 1400 4896 nunc
1426 4837 1683 4908 primum,
1715 4834 1810 4891 sed
1873 4851 2015 4904 saepe

433 4935 546 5005 jam
579 4946 633 4991 et
673 4935 800 4990 olim
831 4936 1237 5004 dispensatione
1268 4934 1368 4986 hac
1399 4944 1527 5000 erga
1563 4944 1659 4983 vos
1688 4928 1911 4981 utimur.
1954 4924 2012 4978 Si

440 5029 562 5100 quis
592 5043 721 5096 ergo
760 5042 825 5082 ex
861 5025 1019 5079 vobis
1056 5025 1319 5094 suscipiat
1348 5038 1378 5077 a
1413 5037 1500 5076 me
1531 5019 1864 5075 Dominicam
1919 5030 2013 5090 pe-

440 5120 680 5180 cuniam,
711 5127 788 5184 et,
825 5125 884 5170 ut
936 5115 1052 5170 fieri
1107 5115 1266 5178 solet,
1305 5126 1556 5182 egressus
1601 5106 1922 5172 Ecclesium,
1962 5115 2017 5160 et

440 5210 672 5264 diversis
698 5205 1151 5278 occupationibus
1176 5203 1360 5260 saeculi
1389 5213 1594 5271 raptus,
1617 5199 1871 5255 oblivioni
1899 5213 2017 5267 quae

397 5329 410 5345 ο
440 5306 687 5359 audierat
727 5302 897 5365 dedit,
943 5315 1044 5354 nec
1077 5315 1211 5368 opus
1273 5295 1492 5365 aliquod
1529 5310 1593 5348 ex
1648 5291 1814 5346 verbo
1875 5289 2017 5359 quod

440 5399 700 5468 suscepit,
740 5395 1004 5467 implevit,
1041 5394 1144 5448 iste
1197 5402 1277 5446 est
1314 5391 1404 5461 qui
1446 5387 1727 5458 pecuniam
1776 5386 1842 5439 de
1887 5398 2016 5437 san-

512 5538 556 5568 "
591 5537 630 5590 11
661 5537 787 5591 Cor.
837 5550 898 5599 ιι,
927 5532 1016 5586 15.
1097 5531 1139 5562 ’³
1163 5528 1308 5583 Psal.
1349 5543 1546 5590 xxxm,
1571 5525 1625 5580 9.

442 5607 486 5640 ⁸³
510 5607 706 5663 Gencs.
734 5622 854 5659 xui.
933 5604 975 5634 ¹⁹
1004 5602 1214 5657 Coloss.
1243 5617 1301 5669 ιι,
1333 5601 1384 5655 5.

513 5720 856 5793 (81)0_mnes
891 5731 1049 5778 mss.,
1087 5720 1372 5793 «opertus
1422 5703 1722 5779 mysteriis.
1769 5722 1786 5755 ι
1850 5699 2008 5755 Lihb.

444 5785 642 5852 eam
681 5785 884 5858 apertis
923 5785 1268 5858 mysteriisa.’
1522 5845 1542 5858 -
1932 5841 1944 5852 ·

518 5843 852 5931 (83)0iimes
889 5843 1046 5925 mss,
1087 5877 1105 5908 ι
1142 5854 1432 5910 indicetur.
1467 5866 1486 5902 ι
1522 5843 1851 5910 Libb.editi,
1884 5862 1902 5896 ι
1932 5843 2014 5896 in-

1705 5523 1788 5576 “!
1819 5522 1973 5576 Joan.
2015 5537 2052 5584 ι,
2095 5519 2139 5570 ι.

2124 4637 2344 4692 divitias
2411 4649 2516 4687 non
2580 4645 2700 4685 esse
2744 4639 2958 4683 nostras
3009 4629 3272 4698 proprias,
3330 4629 3426 4681 scd
3471 4627 3669 4680 alienas.

2122 4732 2431 4786 Transeunt
2460 4725 2626 4787 enim,
2647 4733 2700 4776 et
2747 4722 2888 4775 sicut
2920 4725 3112 4773 umbra
3167 4729 3519 4790 praetereunt.
3554 4715 3672 4769 Pro-

2120 4825 2250 4894 priae
2277 4836 2406 4876 vero
2444 4827 2570 4872 sunt
2613 4816 2716 4870 illae
2779 4814 3005 4878 divitiae,
3055 4815 3121 4868 dc
3187 4813 3386 4882 quibus
3437 4809 3671 4882 propheta

2123 4919 2255 4976 ὀί‹·ἰι
2279 4917 2320 4946 ¹⁷
2355 4931 2368 4968 :
2409 4931 2428 4964 ι
2470 4912 2534 4965 Et
2563 4911 2628 4964 ad
2661 4920 2712 4964 te
2737 4909 3079 4978 congregabo
3113 4908 3334 4961 divitias
3363 4907 3606 4975 gentium.
3648 4919 3667 4951 ι

2123 5008 2310 5064 Exhis
2363 5004 2598 5057 fortasse
2658 5000 2864 5055 divitiis
2896 5011 2950 5053 et
3005 4999 3280 5052 Abraham
3333 4996 3480 5050 dives
3509 4993 3672 5045 factus

2119 5111 2202 5157 est
2232 5098 2387 5151 valde
2425 5097 2478 5148 in
2522 5108 2682 5160 auro,
2714 5101 2768 5146 et
2810 5101 3058 5160 argento,
3095 5097 3148 5143 et
3207 5089 3490 5158 pecoribus
3521 5095 3673 5151 atque

2119 5195 2265 5249 υιιιιιί
2301 5174 2657 5258 suppellectili
2696 5185 2760 5240 ¹⁸.
2812 5183 2904 5238 Vis
2943 5183 3035 5237 tibi
3068 5183 3352 5236 ostendam
3385 5196 3446 5234 ex
3489 5177 3675 5245 quibus

2124 5283 2394 5340 thesauris
2425 5279 2763 5334 descendant
2797 5276 2913 5330 istae
2939 5275 3178 5328 divitiae?
3210 5273 3348 5326 Audi
3383 5268 3672 5340 apostolum

2122 5377 2345 5432 l’aulum
2378 5373 2650 5427 dicentem
2679 5368 2744 5422 de
2779 5365 3004 5420 Domino
3037 5363 3163 5419 Jesu
3194 5366 3409 5419 Christo
3429 5364 3466 5394 ι’
3497 5379 3509 5412 :
3547 5378 3561 5409 I
3615 5357 3673 5411 In

2753 5505 2796 5536 ¹⁶
2831 5503 2961 5559 Luc.
2989 5519 3100 5569 XVI,
3135 5502 3222 5556 12.
3302 5503 3342 5533 "
3370 5499 3518 5554 Zacb.
3554 5510 3672 5550 xlv.

2218 5515 2259 5545 ’³
2297 5512 2452 5567 l’rov.
2473 5524 2593 5572 xui,
2619 5505 2672 5559 8.

2123 5699 2412 5754 diearelur.
2453 5708 2471 5742 ι

2193 5748 2303 5835 ζ8ῠ)
2335 5761 2518 5818 Codex
2569 5757 2854 5823 Sangerm.
2883 5799 2898 5821 ,
2960 5775 2979 5809 ι
3042 5757 3410 5829 pulpaverunt.
3448 5771 3464 5805 ι
3511 5748 3674 5804 Libh.

2125 5837 2276 5902 editi,
2321 5853 2340 5886 ε
2381 5838 2882 5889 contrectaverunt.
2910 5846 2929 5880 ι
