3876 6508
214 334 217 335 ν
260 381 347 438 εὖ
1390 368 1456 423 IN
1496 361 1875 422 LEVITICUM
1916 361 2197 418 IIOMILIA
2228 363 2317 418 IV.

3370 361 3477 419 454

258 512 356 570 quo
409 497 562 553 sunt,
612 488 823 559 inquit,
869 503 1059 545 omnes
1111 489 1348 545 thesauri
1410 490 1689 558 sapientia:
1754 494 1809 539 et
1838 486 1883 539 A
1910 482 2087 537 cuniae
2116 484 2411 538 Dominicae
2450 496 2648 537 nomen
2681 489 2786 548 est,
2824 489 2880 537 et
2916 481 2968 537 in
3010 480 3191 538 multis
3231 480 3477 551 Scriptu-

257 585 475 646 scientiaa
505 580 825 635 absconditi.
878 600 896 633 ι
947 582 1049 636 Sed
1075 590 1127 636 et
1163 582 1216 635 in
1263 580 1565 649 Evangeliis
1626 580 1797 634 Domi-

257 695 346 736 nus
374 674 583 736 dicit”,
620 673 743 742 quia
771 674 947 727 scriba
990 674 1138 729 dives
1182 693 1199 725 ‹
1233 673 1440 743 profert
1475 673 1540 727 de
1590 674 1806 726 thesau-

256 771 325 827 ris
350 766 452 821 suis
480 778 617 816 nova
643 773 698 817 et
725 772 927 816 vetera.
968 781 986 813 ι
1025 763 1097 815 De
1132 762 1214 815 his
1254 771 1308 815 et
1338 760 1617 829 apostolus
1664 758 1803 812 Pau-

256 864 329 915 lus
352 856 475 912 dicit
497 856 562 919 ²¹,
607 873 625 905 ι
663 854 787 922 quia
832 854 884 906 in
916 852 1166 905 omnibus
1197 851 1389 905 divites
1426 849 1551 904 facti
1583 848 1717 902 estis
1751 846 1801 899 in

255 954 354 1018 illo,
386 953 434 1004 iu
466 948 614 1004 omni
658 949 847 1009 verbo,
872 956 923 1001 et
959 947 1179 1000 inomni
1214 947 1466 1000 scientia.
1500 964 1519 997 ι
1583 943 1657 996 Ex
1719 942 1804 996 his

250 1060 368 1114 ergo
390 1041 606 1102 divitiis,
631 1054 750 1108 qua:
778 1040 845 1093 de
880 1040 1154 1092 thesauris
1179 1039 1457 1107 sapientia:
1486 1046 1539 1091 et
1563 1035 1804 1089 scientia:

254 1135 607 1208 proferuntur,
660 1132 985 1185 tnercandus
1027 1132 1179 1184 nobis
1225 1138 1308 1184 est
1346 1129 1448 1183 iste
1484 1129 1659 1191 aries,
1709 1127 1799 1197 qui

250 1224 421 1283 offerri
460 1221 654 1276 debeat
703 1237 798 1290 pro
855 1222 1092 1291 peccatis
1150 1219 1256 1273 illis
1302 1219 1509 1275 scilicet
1564 1234 1682 1286 qua:
1745 1218 1799 1270 in

250 1322 422 1371 sancta
473 1308 762 1365 commissa
799 1318 948 1376 sunt,
990 1319 1041 1363 et
1097 1308 1216 1363 sicli
1255 1308 1426 1362 sancti
1474 1321 1799 1360 annumera-

250 1408 385 1463 tione
439 1402 784 1459 mercandus.
852 1402 971 1457 Jam
1051 1402 1298 1470 superius
1358 1401 1594 1453 diximus
1659 1398 1801 1467 quod

247 1495 407 1551 omnis
462 1494 639 1547 hostia
706 1502 886 1563 typum
940 1502 1093 1560 gerat
1145 1500 1197 1546 ct
1258 1489 1544 1560 imaginem
1579 1488 1799 1553 Christi,

249 1586 402 1641 multo
457 1585 632 1653 magis
683 1585 849 1647 aries,
908 1584 996 1651 qui
1038 1591 1091 1636 et
1135 1599 1229 1652 pro
1280 1581 1430 1635 Isaac
1471 1580 1740 1648 quondam
1773 1594 1802 1633 a

247 1680 346 1734 Deo
372 1676 698 1733 substitutus
757 1684 843 1729 est
896 1675 1258 1729 immolandas
1312 1674 1381 1727 ".
1444 1672 1588 1726 Siclo
1639 1672 1804 1741 igitur

244 1779 420 1825 sancto
448 1769 850 1836 comparandus
890 1768 1048 1821 nobis
1082 1778 1165 1820 est
1197 1766 1472 1831 Christus,
1496 1764 1587 1834 qui
1616 1779 1803 1833 pecca—

246 1870 295 1914 ta
322 1867 498 1914 nostra
562 1857 849 1913 dissolvat.
904 1857 1084 1912 Siclus
1147 1868 1371 1912 sanctus
1428 1858 1550 1911 fidei
1610 1866 1807 1911 nostra:

246 1954 465 2007 formam
502 1959 667 2005 tenet.
708 1950 764 2004 Si
812 1951 955 2004 enim
999 1951 1161 2004 fidem
1226 1951 1491 2006 obtuleris
1550 1959 1803 2019 tanquam

242 2044 490 2113 pretium,
524 2043 742 2099 Christo
776 2043 923 2097 velut
961 2045 1134 2098 ariete
1190 2043 1537 2098 immaculato
1594 2043 1645 2097 in
1708 2044 1808 2097 ho-

242 2137 389 2192 stiam
419 2135 549 2190 dato
578 2135 953 2190 remissionem
992 2134 1231 2205 accipies
1266 2146 1634 2205 peccatorum.
1668 2137 1807 2192 Sen-

246 2228 314 2281 tio
335 2227 471 2295 quod
513 2226 568 2280 in
598 2225 943 2294 explanando
971 2226 1115 2281 vires
1160 2238 1371 2281 nostras
1421 2229 1805 2299 mysteriorum

242 2326 449 2386 superat
513 2318 843 2387 magnitudo.
913 2316 1020 2372 Sed
1076 2318 1323 2387 quamvis
1373 2333 1477 2372 non
1528 2318 1807 2374 valeamus

240 2418 421 2462 cuncta
451 2407 754 2473 disserere,
809 2419 987 2463 tamen
1054 2408 1319 2464 sentimus
1359 2419 1555 2464 cuneta
1606 2410 1805 2479 repleta

240 2515 351 2554 esse
390 2502 685 2570 mysteriis.
722 2500 785 2554 Et
809 2502 928 2555 ideo
961 2502 1221 2557 studiosis
1265 2501 1568 2571 quibusque
1610 2502 1807 2555 indicia

241 2596 474 2663 posuisse
501 2594 751 2660 sufﬁciat,
784 2595 980 2665 quibus
1010 2596 1232 2650 excitati
1279 2596 1344 2649 ad
1385 2595 1577 2650 altiora
1617 2597 1808 2650 horum

240 2696 289 2739 et
326 2687 680 2756 profundiora
716 2689 1055 2755 perveniant,
1087 2701 1140 2744 et
1184 2690 1484 2758 intelligant
1523 2705 1588 2744 ex
1613 2690 1810 2759 quibus

240 2777 312 2832 eis
332 2780 589 2848 gregibus
628 2791 905 2848 quaeratur
937 2783 1136 2835 vitulus
1167 2782 1232 2835 ad
1265 2783 1497 2836 hostium
1522 2822 1537 2846 ,
1586 2798 1651 2837 ex
1694 2782 1813 2855 qui-

241 2866 333 2921 bus
383 2868 581 2923 ovibus
624 2871 767 2923 aries
816 2870 1183 2939 providendus
1211 2873 1301 2926 sit.
1367 2891 1386 2925 ι
1440 2874 1625 2928 llabeo
1666 2874 1809 2927 enim

241 2958 442 3029 (inquit
490 2960 652 3017 Jesus
682 2962 768 3032 ³⁸)
810 2971 864 3015 et
904 2963 1038 3018 alias
1073 2979 1223 3031 oves,
1266 2981 1385 3033 qua:
1430 2982 1537 3020 non
1585 2975 1712 3020 sunt
1749 2966 1814 3020 de

241 3051 333 3106 hoe
373 3053 532 3117 ovili,
566 3062 620 3107 et
682 3053 800 3107 illas
847 3062 1062 3123 oportet
1116 3071 1202 3110 me
1231 3056 1502 3112 adducere
1550 3073 1562 3109 :
1619 3069 1678 3112 ut
1718 3057 1814 3112 fiat

1913 588 2095 628 rarum
2164 575 2335 641 locis,
2390 576 2619 630 diversis
2682 576 3097 645 appellationum
3163 577 3475 631 nominibus

1912 667 2139 736 pecunia
2218 666 2500 721 Dominiea
2613 676 2970 722 memoratur.
3048 667 3152 723 Sed
3226 670 3473 739 quaadam

1910 757 2096 824 proba,
2128 758 2368 825 quzedam
2406 773 2533 812 vero
2589 762 2816 827 reproba
2853 761 3071 815 dicitur.
3117 761 3291 815 Proba
3355 771 3475 817 erat

1911 850 1997 904 illa
2038 849 2262 918 pecunia
2300 851 2364 914 ’⁸,
2407 866 2567 920 quam
2631 851 3022 921 paterfamilias
3069 870 3293 923 peregre
3352 870 3475 925 pro-

1911 943 2176 1007 fecturus,
2218 943 2425 997 vocatis
2458 944 2633 997 Servis
2676 943 2790 996 suis
2847 945 2999 999 dedit
3039 948 3335 1017 unicuique
3388 960 3475 1001 se-

1910 1035 2145 1089 cundum
2204 1034 2458 1088 virtutem
2513 1050 2688 1091 suam.
2741 1037 2915 1092 Proba
2975 1048 3093 1094 erat
3141 1050 3195 1095 et
3257 1040 3341 1093 illa
3383 1055 3478 1109 pe-

1908 1126 2090 1189 cunia,
2146 1140 2264 1193 quae
2312 1126 2565 1183 denarius
2621 1129 2947 1194 nominatur,
3002 1131 3093 1199 qui
3168 1131 3476 1201 cum199

1910 1220 2262 1273 mercenariis
2320 1228 2509 1288 pactus
2578 1230 2701 1286 est,
2765 1232 2818 1277 et
2859 1236 2888 1275 a
2941 1223 3250 1278 novissimis
3318 1227 3475 1279 datus

1909 1319 2181 1379 estusque
2208 1312 2271 1364 ad
2294 1312 2519 1381 primos.
2551 1310 2702 1367 Scire
2734 1328 2865 1383 ergo
2896 1323 2946 1369 te
2979 1324 3210 1384 oportet,
3240 1318 3367 1385 quia
3395 1325 3479 1371 est

1910 1409 1963 1456 et
1985 1401 2088 1455 alia
2111 1404 2334 1471 pecunia
2360 1404 2611 1472 reproba.
2630 1405 2765 1459 Audi
2788 1407 3103 1475 prophetam
3125 1407 3391 1462 dicentem
3408 1409 3473 1465 ’τε

1916 1498 2241 1568 «Argentum
2270 1508 2507 1552 vestrum
2538 1499 2879 1567 reprobum.»
2913 1498 3046 1566 Quia
3069 1516 3198 1571 ergo
3223 1510 3304 1557 est
3331 1518 3479 1571 quae-

1912 1590 2032 1643 dam
2094 1589 2295 1657 proba,
2367 1590 2609 1658 qumdam
2668 1608 2798 1647 vero
2854 1593 3123 1662 reproha,
3193 1604 3479 1663 propterea

1910 1680 2235 1750 Apostolus,
2279 1680 2423 1736 velut
2473 1682 2540 1736 ad
2586 1682 2894 1753 probabiles
2937 1684 3255 1753 trapezitas,
3311 1703 3327 1736 ι
3355 1701 3482 1755 pro-

1912 1774 2128 1837 bantes,
2165 1773 2339 1844 inquit
2373 1775 2437 1839 ³⁸,
2472 1776 2670 1838 omnia,
2712 1776 2851 1844 quod
2887 1778 3086 1832 bonum
3123 1788 3206 1832 est
3231 1778 3480 1833 obtinen-

1835 1842 1878 1895 Β
1912 1876 2039 1923 tes.»
2073 1866 2231 1922 Solus
2257 1868 2399 1923 enim
2434 1877 2516 1922 est
2541 1868 2800 1923 Dominus
2826 1880 3009 1926 noster
3033 1871 3189 1927 Jesus
3210 1873 3477 1946 Christus,

1907 1963 1998 2030 qui
2035 1971 2087 2017 te
2123 1961 2431 2030 hujusmodi
2480 1973 2648 2016 artem
2680 1964 2849 2034 possit
2880 1966 3135 2034 edocere,
3178 1984 3274 2037 per
3313 1985 3473 2039 quam

1907 2055 2049 2109 scias
2083 2054 2409 2121 discernere,
2458 2070 2578 2125 qua:
2626 2057 2696 2110 sit
2740 2061 2986 2125 pecunia,
3033 2076 3154 2129 qua:
3183 2061 3292 2115 veri
3336 2065 3480 2130 regis

1908 2143 2200 2213 imaginem
2244 2154 2423 2209 tenet;
2472 2160 2592 2213 qua:
2620 2160 2749 2199 vero
2786 2148 2858 2201 sit
2904 2149 3248 2215 adulterina,
3306 2160 3360 2205 et
3420 2162 3478 2206 ut

1909 2234 2066 2304 vulgo
2097 2236 2317 2299 dicitur,
2353 2245 2506 2291 extra
2540 2247 2810 2291 monetam
2850 2237 3103 2305 formata,
3133 2256 3251 2309 quae
3278 2258 3473 2297 nomen

1910 2326 2124 2395 quidem
2168 2326 2367 2383 habeat
2410 2329 2583 2397 regis,
2618 2329 2910 2383 veritatem
2941 2341 3119 2386 autem
3148 2332 3307 2401 regiae
3339 2333 3475 2402 figu-

1912 2430 1985 2469 ra:
2044 2432 2148 2470 non
2202 2426 2405 2471 teneat.
2448 2417 2598 2472 Multi
2661 2434 2895 2489 namque
2944 2431 3069 2474 sunt
3128 2424 3220 2491 qui
3276 2440 3475 2479 nomen

1910 2506 2111 2562 Christi
2152 2509 2370 2574 habent,
2423 2510 2517 2564 sed
2569 2510 2853 2565 veritatem
2886 2528 2987 2566 non
3021 2513 3216 2568 habent
3252 2513 3474 2571 Christi.

1912 2596 1980 2650 Et
2006 2607 2227 2668 propter
2260 2600 2361 2653 hoc
2387 2600 2517 2656 dicit
2545 2600 2821 2671 apostolus
2852 2602 3049 2659 Paulus
3087 2606 3130 2635 ²⁹
3160 2623 3172 2658 :
3212 2624 3230 2657 ι
3255 2604 3480 2675 Oportet

1912 2689 2058 2743 enim
2109 2698 2163 2742 et
2214 2691 2450 2747 haereses
2489 2707 2645 2760 esse,
2699 2702 2757 2747 ut
2788 2694 2999 2763 probati
3038 2695 3307 2751 manifesti
3348 2697 3483 2752 fiant

1914 2778 2055 2834 inter
2097 2796 2212 2838 vos.
2245 2800 2263 2834 ι
2310 2782 2516 2839 Idcirco
2560 2786 2723 2853 igitur
2755 2795 2809 2840 et
2850 2787 2899 2839 in
2946 2788 3200 2855 praesenti
3249 2788 3482 2844 lectione

1916 2869 2222 2939 legislator,
2261 2881 2405 2927 tctus
2450 2875 2516 2927 ad
2556 2876 2843 2945 mysticum
2882 2885 2939 2929 et
2976 2876 3272 2945 spiritalem
3296 2877 3483 2946 _respi-

1915 2964 2064 3017 ciens
2111 2978 2348 3031 sensum,
2398 2965 2607 3019 addidit
2644 2975 2701 3019 ut
2751 2966 2893 3019 aries
2946 2966 3073 3032 iste,
3128 2967 3220 3035 qui
3269 2967 3339 3021 ob
3380 2966 3484 3022 hoc

1916 3064 2280 3124 comparatur,
2333 3064 2389 3110 ut
2439 3065 2719 3126 peccatum
2771 3058 2940 3127 possit
2992 3058 3315 3123 absolvere,
3373 3073 3480 3113 non

240 3159 367 3197 unus
406 3159 546 3215 grex
586 3154 639 3200 et
672 3162 813 3200 unus
846 3159 1054 3216 pastor.
1090 3167 1106 3199 ι
1156 3147 1344 3203 Sciant
1375 3150 1541 3203 etiam
1566 3150 1656 3204 ubi
1701 3160 1812 3204 tur-
1838 3173 1881 3229 ρ
1918 3149 2281 3217 qnalicunque
2308 3148 2469 3214 siclo,
2503 3149 2605 3204 hoc
2648 3159 2751 3215 est,
2787 3165 2893 3203 non
2929 3150 3288 3219 qualicunque
3320 3164 3483 3219 pecu-

240 3244 395 3301 tures,
435 3238 529 3291 ubi
560 3237 825 3293 columba:
853 3239 1191 3306 requirenda:
1240 3248 1385 3294 sunt.
1447 3258 1464 3291 ι
1499 3239 1674 3309 Oculi,
1726 3244 1810 3295 in-

238 3329 347 3396 quit
379 3330 443 3392 “,
479 3329 558 3383 tui
589 3329 730 3383 sicut
756 3330 1020 3385 columbae
1051 3347 1217 3399 super
1253 3332 1614 3399 pienitudines
1637 3349 1807 3403 aqua.

241 3434 369 3471 rum.
408 3420 543 3475 »Αά
582 3435 842 3488 aquarum
904 3437 1036 3492 ergo
1093 3422 1458 3491 plenitudiues
1518 3438 1813 3492 properan-

240 3510 356 3563 dum
384 3521 490 3575 est,
530 3512 582 3565 in
617 3512 700 3566 his
733 3513 876 3566 enim
918 3528 1132 3582 sponsa:
1186 3514 1515 3567 describitur
1570 3514 1809 3583 pulchri-

241 3603 378 3657 tudo.
412 3622 429 3655 ι
465 3605 536 3658 Ει
576 3604 795 3671 collum,
840 3604 1012 3674 inquit
1039 3607 1105 3673 ³⁵,
1152 3615 1300 3659 tuum
1334 3605 1473 3658 sicut
1498 3606 1747 3660 turturis.
1784 3625 1802 3659 ι

237 3694 287 3746 ln
346 3697 616 3752 columbis
653 3698 792 3752 oculi
838 3696 1219 3764 pra-dicantur.
1263 3699 1416 3765 Quod
1456 3700 1600 3754 enim
1650 3702 1807 3766 dixit,

238 3805 257 3838 σ
295 3790 560 3844 columba:
599 3806 761 3860 super
784 3792 1148 3859 plenitudiues
1199 3809 1483 3860 aquarum,
1533 3812 1552 3845 ο
1626 3794 1811 3848 ferunt

237 3880 331 3935 hoc
360 3897 536 3951 genus
578 3885 719 3950 avis,
761 3900 885 3938 cum
918 3886 984 3939 ad
1027 3900 1203 3955 aquas
1236 3887 1487 3951 venerit,
1544 3886 1669 3956 quia
1735 3887 1809 3947 ibi

236 3973 366 4028 solet
408 3975 691 4045 accipitris
741 3976 969 4031 insidias
1020 3978 1151 4047 pati,
1194 3979 1504 4032 venientem
1578 3978 1812 4045 desuper

237 4064 541 4132 inimicum,
578 4066 861 4121 volitantis
893 4068 1081 4121 umbra
1120 4067 1278 4134 aquis
1312 4066 1553 4133 inspecta
1614 4066 1810 4132 depre-

235 4157 489 4222 hendere,
537 4170 589 4211 et
622 4158 899 4213 oculorum
942 4157 1275 4226 perspicacia
1316 4156 1557 4210 fraudem
1585 4154 1806 4225 periculi

238 4250 577 4304 imminentis
602 4252 853 4305 evadere.
894 4252 1046 4315 Quod
1087 4252 1129 4304 si
1170 4260 1224 4303 et
1262 4260 1316 4303 tu
1380 4250 1452 4302 ita
1494 4249 1810 4317 prospicere

232 4343 471 4409 potueris
507 4342 735 4396 insidias
768 4342 965 4395 diaboli
1001 4352 1053 4395 et
1083 4356 1298 4407 cavere,
1342 4341 1668 4395 sacriﬁcium
1703 4340 1810 4395 Deo

234 4435 513 4488 Columbus
550 4432 834 4488 obtuleris.
865 4432 969 4484 Sed
999 4441 1052 4484 et
1078 4432 1274 4499 quibus
1308 4434 1431 4485 talia
1475 4448 1618 4486 curae
1658 4440 1803 4497 sunt,

232 4522 357 4578 illud
397 4527 567 4580 etiam
608 4528 908 4593 requirant,
952 4537 1016 4575 ex
1071 4525 1266 4591 quibus
1303 4526 1381 4580 eis
1414 4526 1560 4594 agris
1628 4525 1803 4581 simila
1836 4507 1885 4566 Β

234 4617 388 4672 debet
447 4618 656 4674 o'fi‘erri.
700 4617 808 4685 Ego
874 4619 1113 4674 arbitror
1152 4622 1293 4687 quod
1347 4634 1413 4673 ex
1463 4621 1609 4674 illius
1648 4628 1806 4677 terra:

232 4714 526 4782 segetibus,
598 4726 716 4780 qua:
752 4710 885 4764 facit
953 4710 1119 4765 alium
1184 4712 1539 4767 centesimum
1574 4755 1590 4781 ,
1641 4714 1805 4769 alium

235 4803 631 4871 sexagesimum
667 4841 683 4866 ,
726 4800 891 4855 alium
934 4802 1267 4856 tricesimum
1305 4804 1559 4858 fructum.
1604 4804 1807 4874 Requi-

235 4907 354 4949 rant
380 4896 576 4961 etiam,
611 4896 736 4963 nisi,
766 4896 1049 4967 plusquam
1080 4896 1265 4961 debet,
1297 4896 1573 4952 curiosum
1616 4898 1803 4954 videa-

235 4994 345 5051 tur,
384 4988 587 5055 quibus
622 4988 953 5043 moleutibus
1016 4987 1197 5043 simila
1249 4986 1351 5041 ista
1419 4987 1486 5041 ad
1536 4989 1805 5043 sacrificia

234 5087 588 5147 praeparetur.
630 5078 742 5135 Nec
788 5094 883 5134 eos
947 5080 1114 5134 lateat
1166 5081 1301 5134 duas
1367 5093 1486 5134 esse
1524 5094 1649 5149 qua:
1688 5096 1805 5136 mo-

236 5166 369 5233 lunt,
416 5185 649 5238 quarum
711 5187 814 5225 una
868 5180 1196 5236 assumetur,
1260 5182 1316 5225 et
1368 5172 1473 5225 alia
1539 5171 1808 5240 relinque-

236 5268 337 5315 tur.
382 5262 460 5317 Ex
516 5263 656 5317 illius
721 5279 851 5333 ergo
898 5264 1035 5318 mola
1106 5279 1229 5332 quae
1291 5262 1611 5317 assumenda
1687 5272 1805 5330 est,

236 5354 469 5407 similam
511 5357 782 5423 oportebit
821 5354 1041 5411 offerre.
1100 5355 1205 5410 Sed
1247 5366 1301 5409 et
1337 5356 1501 5410 siclus
1557 5366 1806 5424 sanctus,

234 5446 325 5515 qui
364 5447 432 5501 ad
489 5448 673 5501 arietis
738 5448 969 5516 pretium
1024 5447 1365 5501 necessarius
1439 5447 1658 5514 dicitur,
1686 5448 1809 5501 vide

238 5538 378 5593 unde
443 5548 500 5594 et
547 5541 814 5610 quomodo
880 5539 1301 5611 perquirendus'
1343 5540 1435 5594 sit.
1486 5536 1660 5594 Siclus
1711 5555 1808 5609 pe-

304 5725 349 5756 ³⁶
382 5724 577 5780 Matth.
610 5742 729 5791 xm,
759 5726 849 5780 52.

236 5793 279 5824 ³³
307 5794 504 5850 Matth.
532 5810 652 5851 xxv.
728 5798 774 5830 ³⁷
813 5795 923 5853 Jer.
966 5813 1037 5865 Vl,
1079 5798 1167 5852 50.
1246 5796 1517 5857 '“lTbess.
1549 5815 1599 5868 v,
1646 5801 1733 5854 at.

947 5728 990 5758 ¹¹
1032 5726 1202 5783 lCor.
1247 5742 1285 5790 ι,
1319 5728 1370 5781 5.
1439 5730 1483 5759 “
1512 5727 1707 5785 Cenes.
1742 5746 1876 5785 χχιι.
1976 5729 2020 5760 ⁸³
2061 5728 2215 5781 Joan.
2255 5745 2268 5781 ι

966 5813 1037 5856 Vl,
1079 5798 1167 5852 50.
1246 5796 1517 5856 '“lTbess.
1549 5815 1599 5856 v.
1646 5801 1733 5854 ‘21.
1813 5803 1856 5833 ²⁹
1896 5799 2075 5856 lCor.
2118 5798 2268 5856 xr.l9

1994 5817 2075 5856 ΟΓ.
2118 5817 2287 5863 XLIV.

1916 3240 2025 3305 nia,
2082 3240 2174 3294 sed
2213 3239 2345 3294 siclo
2392 3252 2579 3295 sancto
2638 3251 3004 3310 comparetur.
3070 3239 3222 3306 Quod
3274 3241 3319 3296 si
3374 3255 3481 3295 non

1916 3331 2238 3399 respiciebat
2272 3332 2337 3383 ad
2365 3332 2699 3400 mysterium,
2735 3332 2864 3400 quid
2901 3331 3126 3386 rationis
3166 3347 3287 3387 esse
3330 3333 3480 3388 vide-

1913 3424 2093 3485 batur,
2132 3436 2189 3476 ut
2233 3423 2374 3476 aries
2420 3433 2634 3491 emptus
2674 3422 2961 3477 offerretur
3012 3422 3079 3475 ad
3123 3423 3378 3487 hostiam,
3416 3422 3483 3476 'et

1913 3524 2061 3569 certo
2098 3514 2319 3582 pretio?
2367 3521 2421 3568 et
2456 3529 2561 3567 non
2604 3513 2802 3568 sufficit
2831 3528 3026 3567 nomen
3070 3515 3311 3579 pecunia:
3341 3513 3476 3568 siclo

1914 3606 2243 3669 nominasse,
2286 3608 2379 3660 sed
2426 3605 2633 3659 addidit
2678 3614 2734 3659 et
2782 3614 2971 3659 sancto
3024 3604 3198 3659 siclo?
3249 3605 3388 3671 Quid
3435 3606 3483 3660 si

1914 3699 2138 3751 haberet
2167 3696 2364 3764 aliquis
2394 3694 2445 3748 in
2483 3694 2739 3764 gregibus
2767 3696 2881 3748 suis
2914 3694 3111 3748 arietes
3130 3690 3375 3762 'optimos
3426 3703 3482 3747 et

1915 3787 2112 3841 divinis
2156 3787 2438 3841 sacrificiis
2492 3786 2724 3855 dignos?
2770 3786 2878 3839 Aut
2906 3785 3033 3854 quid
3075 3785 3121 3838 si
3164 3785 3357 3853 aliquis
3408 3784 3480 3838 ita

1911 3891 2121 3946 pauper
2145 3884 2305 3938 esset,
2340 3884 2397 3929 ut
2417 3874 2611 3929 siclum
2645 3884 2890 3930 sanctum
2918 3874 3117 3929 habere
3145 3890 3248 3928 non
3274 3872 3483 3944 posset!

1913 3969 2039 4023 llaec
2070 3977 2152 4022 est
2185 3984 2316 4037 ergo
2360 3965 2688 4038 legislatoris
2735 3966 3068 4031 moderatio,
3103 3975 3161 4020 ut
3206 3967 3308 4021 nisi
3355 3967 3482 4036 quis

1911 4060 2109 4115 habeat
2138 4071 2348 4116 certum
2382 4061 2626 4129 pecunia:
2656 4059 2893 4124 modum,
2927 4070 3207 4129 peccatum
3232 4059 3349 4128 ejus
3374 4075 3481 4115 non

1912 4156 2086 4224 possit
2142 4155 2388 4211 absolvi?
2432 4154 2586 4221 Quod
2640 4162 2824 4223 aperte
2876 4154 3176 4209 secundum
3242 4155 3481 4210 litteram

1911 4248 2125 4316 quidem
2181 4248 2392 4301 videtur
2441 4246 2779 4313 absurdum;
2835 4248 3129 4302 secundum
3186 4247 3481 4317 spiritalem

1913 4354 2039 4393 vero
2081 4338 2495 4406 intelligentiam
2540 4347 2747 4392 certum
2781 4346 2862 4393 est
2902 4339 3043 4407 quod
3102 4340 3481 4393 remissionem

1911 4443 2261 4499 peccatorum
2288 4431 2464 4486 nullus
2497 4431 2749 4500 accipiat,
2782 4433 2885 4486 nisi
2916 4432 3166 4487 detulerit
3194 4433 3484 4501 integram,

1917 4526 2139 4595 probam
2181 4533 2233 4579 et
2258 4534 2501 4578 sanctam
2530 4524 2717 4589 fidem,
2746 4538 2843 4592 per
2866 4539 3026 4592 quam
3053 4524 3282 4578 mercari
3314 4526 3483 4594 possit

1916 4616 2179 4679 arietem;
2210 4614 2360 4681 cujus
2392 4625 2587 4669 natura
2628 4615 2743 4669 haec
2771 4624 2876 4680 est,
2908 4624 2964 4669 ut
2993 4625 3221 4684 peccata
3255 4617 3481 4671 creden-

1916 4706 1983 4760 tis
2024 4707 2322 4774 abstergat.
2352 4706 2417 4759 Et
2454 4706 2541 4759 hic
2570 4706 2841 4760 estsiclus
2869 4716 3111 4771 sanctus,
3145 4709 3389 4776 probata,
3423 4716 3484 4763 ut

1915 4798 2169 4861 diximus,
2199 4806 2252 4851 et
2293 4797 2505 4851 sincera
2541 4795 2695 4861 fides,
2735 4799 2787 4850 id
2829 4807 2910 4851 est
2936 4840 2951 4865 ,
2986 4799 3075 4852 ubi
3108 4799 3285 4852 nullus
3319 4798 3483 4867 perfi-

1914 4891 2013 4944 diae
2059 4890 2232 4954 dolus,
2284 4890 2427 4944 nulla
2470 4889 2741 4943 hmretica:
2794 4888 3106 4945 calliditatis
3156 4892 3485 4959 perversitas

1915 4983 2264 5045 admiscetur,
2318 4994 2375 5037 ut
2418 4982 2687 5036 sinceram
2730 4981 2891 5036 fidem
2932 4981 3219 5037 offerentes
3246 4982 3483 5051 pretioso

1913 5077 2116 5132 Christi
2174 5076 2479 5145 sanguine,
2542 5084 2798 5144 tanquam
2864 5075 3221 5129 immaculata:
3290 5074 3482 5131 hostiae

1914 5168 2202 5231 diluamur,
2250 5184 2345 5237 per
2396 5183 2557 5237 quem
2618 5178 2702 5223 est
2748 5168 2857 5222 Deo
2906 5166 3052 5221 Patri
3100 5167 3480 5234 omnipotenti,

1910 5276 2031 5315 cum
2070 5261 2273 5329 Spiritu
2304 5270 2523 5325 sancto,
2574 5261 2745 5332 gloria
2788 5271 2840 5315 et
2874 5260 3158 5329 imperium
3195 5259 3248 5313 in
3283 5256 3481 5312 sarcula

1911 5354 2255 5409 saeculorum.
2286 5355 2479 5408 Amen.

2492 5445 2771 5501 HOMlLlA
2813 5444 2899 5500 IV.

1911 5541 1990 5595 De
2037 5556 2094 5593 eo
2141 5540 2282 5610 quod
2324 5540 2575 5609 scriptum
2605 5550 2679 5594 est
2708 5540 2751 5570 ³ο
2779 5556 2793 5594 :
2825 5557 2843 5591 ι
2868 5537 2927 5593 Si
2951 5536 3238 5608 peccaverit
3278 5535 3483 5603 anima,

1976 5729 2020 5760 ’³
2061 5728 2215 5781 Joan.
2255 5745 2308 5791 κ,
2351 5727 2434 5782 16.
2531 5727 2576 5758 ’⁵
2606 5726 2761 5781 Cant.
2784 5741 2834 5789 v,
2874 5724 2961 5781 l2.

2366 5798 2409 5830 "
2458 5797 2632 5855 Levit.
2678 5812 2751 5859 v1,
2791 5795 2843 5851 2.

3041 5723 3087 5757 ’⁵
3109 5722 3267 5781 Cant.
3304 5742 3405 5792 .vn,
3432 5727 3465 5779 4
