3876 6546
348 383 454 438 455

1843 375 2164 433 ORIGENIS

3510 362 3611 420 tas
3637 322 3648 330 ’

421 514 472 558 et
529 502 832 572 pra'teriem
891 499 1202 569 prwterierit
1260 509 1518 572 prafceptu
1572 499 1828 565 Domini,
1883 512 1928 554 et
1960 506 2006 562 Α
2039 502 2212 566 Absit,
2252 499 2413 564 absit,
2453 498 2703 567 inquam,
2767 503 2828 549 ιιι
2858 495 2976 549 hac
3011 507 3112 562 ego
3154 492 3220 548 de
3259 491 3446 559 aliquo
3492 490 3612 542 lide-

421 570 704 629 mentietur
743 573 982 641 proximo
1015 587 1111 624 suo
1139 586 1295 638 super
1322 570 1559 639 deposito
1581 611 1596 637 ,
1639 581 1729 624 aut
1768 573 1930 626 socie-

425 657 552 706 tate,
583 663 602 695 ι
666 653 712 697 et
760 651 974 696 uetera.

423 759 474 810 l.
519 754 576 808 Si
626 753 923 808 secundum
992 751 1190 806 divina:
1251 751 1387 821 legis
1435 751 1595 807 ﬁdem
1648 752 1764 806 haec
1813 767 1934 820 quae

347 845 603 917 leguntur
669 845 846 910 nobis,
902 844 1170 900 Dominus
1203 845 1419 900 locutus
1456 856 1538 899 est
1585 845 1652 897 ad
1690 843 1930 914 Moysen,

347 950 482 1009 puto
519 938 661 1009 quod
696 948 954 1007 tanquam
985 938 1081 993 Dei
1117 939 1280 993 verba
1327 953 1432 993 non
1470 939 1703 993 debeant
1734 954 1932 993 secun-

350 1033 478 1085 dum
550 1030 977 1100 incapacitatem
1039 1029 1419 1094 audientium,
1475 1028 1569 1083 sed
1637 1028 1932 1082 secundum

354 1122 696 1191 Inajestatetn
723 1121 995 1190 loquentis
1021 1120 1267 1190 intelligi.
1302 1138 1319 1170 ι
1347 1118 1630 1184 Dominus,
1658 1119 1836 1187 inquit
1865 1119 1932 1186 ³¹,

350 1215 564 1268 locutus
611 1223 714 1268 est.
746 1233 765 1263 ι
818 1211 958 1278 Quid
1013 1222 1096 1266 est
1135 1211 1440 1266 Dominus?
1497 1211 1788 1279 Apostolus
1839 1211 1932 1266 tibi

352 1305 701 1374 respondeat,
737 1314 790 1358 et
818 1303 885 1358 ab
907 1304 1023 1374 ipso
1055 1305 1207 1359 disce
1236 1304 1381 1373 quod
1441 1323 1458 1355 ι
1484 1304 1744 1358 Dominus
1776 1305 1937 1372 spiri-

355 1407 440 1451 tus
476 1408 560 1451 est
598 1398 662 1453 3’.
691 1415 708 1447 ι
738 1396 889 1462 Quod
921 1397 964 1451 si
1017 1397 1112 1450 tibi
1143 1396 1387 1466 Apostoli
1425 1412 1604 1451 sermo
1639 1410 1746 1450 non
1783 1394 1934 1449 solli-

350 1489 444 1552 cit,
498 1489 623 1542 audi
679 1490 851 1555 ipsum
901 1490 1187 1542 Dominum
1233 1488 1286 1542 in
1338 1489 1645 1558 Evangeliis
1703 1490 1934 1558 loquen-

355 1594 461 1636 tem
501 1581 568 1646 ³³,
599 1582 724 1650 quia
765 1598 783 1631 ι
813 1580 954 1634 Deus
986 1580 1213 1648 spiritus
1247 1588 1349 1635 est.
1392 1599 1410 1631 ι
1468 1579 1523 1634 Si
1572 1595 1700 1650 ergo
1739 1589 1794 1634 et
1842 1581 1937 1634 Do-

323 1674 562 1738 .minus,
599 1683 653 1728 et
697 1674 835 1728 Dens
873 1673 1099 1742 spiritus
1129 1682 1230 1739 est,
1269 1688 1388 1741 qua:
1428 1674 1651 1742 spiritus
1693 1673 1936 1744 loquitur

351 1765 674 1834 spiritaliter
714 1764 972 1820 debemus
1014 1766 1224 1818 audire.
1265 1763 1376 1836 Ego
1407 1765 1585 1820 adhuc
1618 1777 1672 1821 et
1701 1766 1935 1834 amplius

2035 594 2166 646 lium
2199 591 2458 648 sentiam.
2489 586 2843 643 Conﬁdenter
2873 600 3007 656 ergo
3036 586 3104 639 de
3133 584 3288 637 vobis
3317 583 3464 645 dico,
3492 581 3610 648 quia

2034 702 2131 741 vos
2186 701 2296 739 non
2348 684 2421 738 ita
2459 681 2726 736 didicistis
2759 678 3072 742 Christum,
3111 689 3289 744 neque
3345 675 3417 728 ita
3474 673 3609 725 docti

2035 776 2189 838 estis,
2219 774 2312 840 sed
2372 788 2548 841 neque
2594 771 2678 825 lex
2712 771 2826 839 ipsa
2860 769 2974 821 haec
3015 766 3218 821 sanctis
3262 773 3318 819 et
3369 761 3612 815 ﬁdelibus

2034 865 2302 936 praecipit.
2355 863 2450 918 Vis
2495 864 2636 917 scire
2660 901 2674 926 ,
2705 861 2830 930 quia
2862 875 2969 912 non
3011 858 3078 911 ad
3109 866 3330 911 sanctos
3357 865 3413 908 et
3441 854 3612 922 justus

2037 958 2140 1013 ista
2175 956 2472 1012 dicantur?
2502 955 2642 1008 Audi
2669 951 2988 1022 Apostolnm
3016 953 3117 1002 ista
3151 948 3612 1016 distinguentem:

2043 1067 2062 1099 ‹
2100 1047 2276 1112 Justo,
2313 1046 2492 1115 inquit
2531 1045 2594 1108 ³⁸,
2654 1044 2739 1098 lex
2779 1059 2886 1097 non
2930 1050 3013 1096 est
3053 1041 3251 1110 posita,
3307 1038 3475 1108 200
3525 1039 3614 1091 sed

2037 1140 2277 1210 injustis,
2312 1149 2366 1193 et
2399 1153 2504 1192 nou
2540 1137 2776 1191 subditis
2798 1177 2814 1202 ,
2847 1134 3092 1190 scelestis
3124 1145 3178 1187 et
3213 1131 3615 1193 contaminatis,

2038 1232 2345 1300 patricidis,
2393 1229 2716 1292 matricidis,
2747 1247 2764 1278 ι
2811 1235 2866 1282 et
2901 1227 3096 1280 horum
3131 1224 3430 1278 similibus.
3483 1221 3615 1287 Quia

2037 1338 2167 1392 ergo
2225 1321 2536 1392 hujusmodi
2582 1317 2898 1373 hominibus
2944 1316 3236 1385 Apostolus
3284 1317 3457 1382 legem
3494 1312 3619 1364 dicit

2039 1410 2370 1479 impositam,
2415 1408 2656 1464 Ecclesia
2687 1406 2804 1472 Dei,
2854 1422 3017 1476 quam
3045 1406 3192 1460 absit
3217 1405 3272 1458 in
3307 1401 3613 1470 hnjusmodi

2039 1503 2380 1557 facinoribus
2415 1501 2705 1565 maculari,
2739 1500 2931 1554 relicta
2967 1498 3088 1552 aliis
3116 1496 3297 1551 littera
3326 1534 3342 1561 ,
3373 1494 3619 1550 sanctius

2039 1595 2338 1651 :editicetur
2375 1610 2405 1648 a
2441 1593 2654 1663 Spiritu.

2111 1773 2166 1826 5.
2211 1773 2507 1826 Videamus
2552 1771 2735 1840 itaque
2766 1785 2909 1824 nunc
2971 1770 3116 1838 quod
3167 1779 3250 1823 est
3289 1766 3614 1836 depositum,

351 1856 556 1923 aliquid
588 1857 740 1919 dico,
776 1856 901 1926 quia
930 1872 1049 1925 qua:
1085 1855 1346 1910 Dominus
1374 1856 1638 1925 loquitur,
1682 1873 1790 1911 non
1823 1859 1932 1926 spi-
1965 1861 2006 1914 B
2037 1865 2181 1932 quod
2213 1864 2450 1918 ﬁdelium
2477 1863 2852 1930 unusquisque
2881 1861 3144 1929 suscepit.
3178 1860 3290 1929 Ego
3315 1868 3447 1928 puto
3479 1859 3614 1927 quod

355 1948 533 2002 ritalia
569 1958 776 2003 tantum
802 1989 817 2014 ,
846 1950 938 2003 sed
979 1957 1033 2004 et
1075 1950 1299 2018 spiritus
1327 1965 1447 2004 esse
1479 1951 1750 2004 credenda
1781 1960 1928 2006 sunt.

354 2045 469 2100 Non
501 2061 620 2101 meo
650 2062 812 2103 sensu
847 2049 992 2114 huic,
1029 2049 1121 2102 sed
1153 2048 1216 2102 de
1257 2048 1568 2117 Evangeliis
1599 2049 1930 2118 approbabo.

351 2136 488 2190 Audi
521 2137 807 2193 Dominum
851 2148 904 2192 et
937 2139 1276 2194 Salvatorem
1318 2149 1568 2194 nostrum
1597 2141 1664 2193 ad
1696 2140 1933 2210 discipu-

352 2228 434 2281 los
487 2245 614 2285 suos
667 2232 933 2286 dicentem
985 2231 1072 2284 3":
1112 2251 1130 2282 ‹
1176 2231 1351 2286 Verba
1385 2247 1507 2300 quae
1552 2231 1767 2286 locutus
1810 2247 1930 2286 sunt

352 2324 523 2384 vobis,
563 2325 791 2392 spiritus
817 2334 873 2379 et
902 2324 1013 2378 vita
1050 2334 1200 2380 sunt.
1233 2344 1253 2377 ι
1303 2325 1360 2379 Si
1396 2340 1525 2395 ergo
1551 2327 1718 2395 ipsius
1745 2325 1932 2380 Salva-

354 2416 485 2470 toris
527 2432 659 2472 voce
707 2419 1033 2482 didicimus,
1069 2418 1196 2486 quia
1228 2418 1392 2472 verba
1442 2435 1563 2486 quae
1611 2419 1823 2473 locutus
1850 2429 1933 2474 est

355 2505 633 2574 apostolis,
669 2508 895 2576 spiritus
919 2507 1098 2561 etvita
1119 2515 1269 2568 sunt,
1305 2520 1648 2573 nequaquam
1681 2504 1933 2560 dubitare

350 2596 632 2661 debemus,
661 2599 802 2666 quod
832 2601 994 2652 etiam
1032 2613 1151 2666 quae
1193 2612 1290 2664 per
1320 2596 1438 2668 Moy
1459 2613 1542 2650 seu
1581 2598 1794 2653 locutus
1820 2605 1922 2662 est,

351 2687 575 2754 spiritus
612 2695 668 2741 et
707 2687 813 2742 vita
847 2689 1115 2743 credenda
1149 2687 1277 2742 sint.

422 2800 478 2854 2.
523 2800 626 2855 Sed
652 2802 933 2857 videamus
958 2819 1078 2872 qme
1108 2805 1216 2858 sint
1235 2844 1249 2868 ,
1293 2804 1358 2858 dc
1383 2806 1579 2873 quibus
1607 2820 1747 2859 nunc
1773 2814 1929 2874 prout

355 2907 661 2958 possumus,
697 2894 877 2964 aliqua
905 2895 1088 2950 dicere
1133 2896 1418 2951 debemus.
1455 2915 1472 2948 ι
1499 2897 1567 2951 Ει
1589 2897 1800 2951 locutus
1824 2909 1927 2965 est,

353 2981 531 3051 inquit
560 2982 628 3048 ³⁸,
663 2984 925 3039 Dominus
952 2987 1018 3040 ad
1054 2985 1299 3057 Moysen,
1328 2987 1537 3052 dicens,
1559 2991 1750 3042 Anima
1781 3005 1930 3058 qua:-

354 3093 566 3147 rttnque
591 3082 924 3148 peccaverit,
965 3091 1019 3136 et
1067 3083 1387 3150 prmteriens
1425 3083 1749 3152 przeterierit
1786 3098 1926 3149 pra:-

2036 1965 2090 2009 et
2142 1956 2313 2025 ipsam
2368 1955 2604 2008 animam
2643 1964 2912 2018 nostram,
2955 1962 3009 2006 et
3059 1967 3261 2021 corpus
3312 1951 3612 2020 depositum

2037 2049 2346 2116 accepimus
2380 2062 2409 2099 a
2440 2047 2568 2101 Deo.
2601 2047 2668 2100 Et
2697 2046 2778 2100 vis
2812 2045 3001 2100 videre
3029 2045 3201 2114 majus
3229 2044 3384 2097 aliud
3408 2044 3613 2113 deposi-

2037 2149 2169 2204 tum,
2196 2141 2338 2207 quod
2368 2139 2624 2208 accepisti
2665 2154 2696 2192 a
2735 2139 2843 2194 Deo
2868 2139 2889 2190 ’ἶ
2945 2137 3045 2207 Ipsi
3103 2138 3302 2190 animus
3341 2147 3448 2190 tua:
3482 2140 3612 2192 Deus

2036 2232 2329 2302 imaginem
2399 2247 2552 2284 suam
2612 2241 2666 2285 et
2720 2230 3129 2285 similitudinem
3193 2230 3609 2282 commendavit.

2036 2323 2180 2378 Istud
2210 2339 2340 2392 ergo
2372 2324 2713 2392 depositum,
2746 2333 2852 2376 tam
2891 2322 3159 2391 integrum
3199 2321 3295 2375 tibi
3331 2323 3611 2375 restituens

2035 2417 2160 2471 dum
2182 2426 2265 2472 est
2294 2417 2426 2488 (89),
2461 2433 2624 2486 quam
2664 2435 2692 2469 a
2723 2427 2773 2470 te
2803 2425 3020 2470 constat
3048 2430 3168 2469 esse
3191 2426 3530 2484 susceptum.
3559 2413 3610 2468 Si

2035 2511 2179 2563 enim
2205 2511 2280 2565 sis
2307 2511 2644 2575 misericors,
2677 2512 2817 2566 sicut
2847 2510 3010 2564 Pater
3039 2520 3164 2564 tuus
3193 2509 3244 2560 in
3278 2508 3436 2562 caelis
3463 2509 3612 2563 mise-

2036 2603 2214 2658 ricors
2250 2613 2359 2667 est,
2403 2605 2584 2673 imago
2621 2605 2714 2658 Dei
2751 2605 2806 2658 in
2843 2614 2893 2660 te
2923 2613 3038 2671 est,
3069 2615 3124 2656 et
3155 2603 3428 2670 integrum
3461 2603 3613 2672 depu-

2036 2697 2199 2751 situm
2231 2712 2440 2752 senas.
2493 2696 2548 2750 Si
2599 2698 2872 2766 perfectus
2899 2711 2977 2763 es,
3016 2696 3160 2750 sicut
3196 2693 3361 2747 Pater
3405 2705 3529 2750 tuus
3564 2697 3609 2750 in

2034 2789 2190 2843 ccelis
2222 2789 2498 2858 perfectus
2537 2799 2656 2855 est,
2696 2789 2952 2858 imaginis
3000 2788 3090 2844 Dei
3133 2789 3187 2844 in
3226 2802 3279 2846 te
3316 2780 3610 2860 depositum

2036 2891 2241 2936 manet.
2270 2879 2535 2936 Similiter
2563 2891 2617 2936 et
2649 2892 2846 2936 cratera
2878 2885 3060 2938 omnia
3084 2924 3099 2950 ,
3128 2886 3174 2940 si
3204 2885 3348 2952 pius,
3378 2883 3422 2936 si
3445 2883 3612 2950 justus

2035 2991 2116 3039 es,
2149 2977 2190 3029 si
2233 2985 2478 3042 sanctus,
2513 2977 2555 3030 si
2584 2978 2821 3032 mundus
2861 2979 3065 3044 corde;
3107 2988 3159 3033 et
3206 2977 3390 3031 omnia
3425 2990 3542 3046 quae
3565 2976 3613 3029 in

2040 3071 2150 3125 Deo
2192 3081 2388 3139 praesto
2434 3077 2560 3124 sunt
2604 3085 2700 3138 per
2732 3080 3007 3135 naturam,
3046 3072 3089 3126 si
3138 3073 3233 3127 tibi
3282 3087 3381 3142 per
3442 3068 3610 3123 imita-

353 3176 510 3234 ccpta
543 3167 777 3235 Domini,
805 3181 860 3224 et
887 3173 1175 3226 mentietur
1195 3174 1446 3241 proximo
1470 3190 1634 3243 super
1657 3176 1926 3244 deposito,

2041 3164 2239 3216 tionem
2321 3163 2674 3225 subsistant,
2745 3163 3050 3230 depositum
3117 3165 3255 3231 apud
3322 3175 3376 3218 te
3430 3163 3613 3217 divina:

355 3271 446 3314 aut
483 3263 764 3329 societate,
792 3274 889 3318 aut
913 3266 1098 3332 rapina
1126 3283 1138 3318 :
1170 3277 1268 3320 aut
1298 3268 1482 3321 nocuit
1513 3267 1714 3336 aliquid
1751 3271 1934 3336 proxi-

356 3368 466 3419 mo,
514 3363 609 3408 aut
649 3355 859 3410 invenit
894 3357 1280 3424 perditionem,
1335 3367 1388 3412 et
1418 3360 1712 3412 mentietur
1749 3363 1814 3414 de
1845 3377 1932 3426 ea,

356 3455 450 3497 aut
477 3444 745 3513 juraverit
780 3447 963 3516 inique
1007 3449 1072 3503 de
1122 3466 1230 3502 uno
1277 3449 1344 3503 ab
1381 3449 1632 3503 omnibus
1678 3466 1936 3518 quaecun-

357 3551 461 3602 que
513 3533 708 3591 fecerit
753 3539 937 3604 homo,
988 3548 1045 3592 ut
1083 3549 1277 3608 peccet
1319 3539 1373 3592 in
1427 3541 1509 3594 his
1541 3559 1552 3592 :
1586 3550 1639 3594 et
1678 3542 1783 3594 erit
1811 3556 1930 3594 cum

356 3633 686 3698 peccaverit,
716 3644 770 3687 et
809 3633 1125 3703 deliquerit,
1167 3642 1223 3687 et
1264 3634 1456 3689 reddet
1492 3639 1736 3704 rapinam
1769 3651 1930 3704 quam

355 3723 554 3791 rapuit,
603 3732 699 3777 aut
748 3723 1002 3790 iujuriam
1059 3739 1163 3791 qua
1222 3727 1429 3790 nocuit,
1489 3735 1584 3778 aut
1628 3726 1931 3793 depositura

349 3816 492 3884 quod
532 3814 970 3869 commendatum
1019 3814 1130 3885 (87)
1162 3826 1246 3870 est
1271 3817 1316 3871 ei
1341 3857 1356 3881 ,
1414 3828 1508 3870 aut
1548 3817 1930 3885 perditionem,

352 3926 513 3977 quam
544 3909 834 3963 iuvenitab
861 3909 1007 3962 omni
1039 3925 1114 3972 re,
1146 3924 1243 3978 pro
1266 3925 1370 3978 qua
1410 3909 1682 3977 juraverit
1717 3911 1932 3977 injuste,

353 4011 408 4053 et
444 4000 696 4054 restituet
725 4000 899 4066 ipsum
946 4010 1126 4068 caput,
1167 4012 1220 4054 ct
1260 4001 1480 4069 quintus
1512 4003 1734 4071 insuper
1767 4019 1934 4074 auge-

354 4091 456 4153 bit,
489 4099 543 4144 et
569 4089 722 4156 cujus
741 4100 825 4143 est
850 4091 897 4143 ei
929 4091 1137 4155 reddet,
1163 4106 1266 4159 qua
1290 4093 1376 4144 die
1403 4093 1687 4146 convictus
1711 4093 1928 4148 fuerit.»

357 4181 650 4248 llucusque
683 4181 900 4234 interim
940 4180 1050 4253 (88)
1084 4183 1289 4250 peccati
1325 4183 1532 4250 species
1567 4196 1930 4254 exponuntur,

352 4281 536 4341 postea
588 4288 716 4328 vero
754 4273 1008 4342 purgatio
1057 4273 1174 4342 ejus
1223 4289 1319 4342 per
1370 4273 1574 4328 hostias
1606 4276 1928 4344 imperatur.

355 4366 411 4420 Si
467 4366 561 4436 qui
629 4367 829 4420 inﬁrmi
903 4374 1030 4420 sunt
1082 4377 1137 4420 et
1193 4367 1483 4436 incapaces
1558 4368 1934 4436 profundioris

352 4461 620 4529 mysterii,
662 4460 1002 4514 aediﬁcentur
1034 4474 1100 4513 ex
1133 4459 1343 4523 littera,
1392 4469 1447 4513 et
1480 4461 1660 4514 sciant
1712 4463 1842 4530 quia
1885 4464 1930 4517 si

2039 3255 2292 3324 imaginis
2343 3253 2549 3308 salvum
2607 3263 2712 3308 est.
2753 3251 2810 3307 Si
2859 3270 2987 3308 vero
3014 3255 3324 3309 econtrario
3362 3270 3518 3325 agas,
3565 3265 3612 3308 et

2038 3362 2136 3415 pro
2197 3346 2551 3400 misericorde
2604 3349 2866 3412 crudelis,
2927 3363 3024 3416 pro
3081 3349 3170 3416 pio
3231 3347 3464 3413 impius,
3524 3361 3612 3415 pro

2037 3438 2275 3507 benigno
2331 3437 2627 3502 violentus,
2690 3454 2789 3508 pro
2847 3440 3032 3508 quieto
3081 3438 3464 3503 torbulentus,
3526 3451 3612 3504 pro

2035 3529 2246 3584 liberali
2298 3541 2487 3598 raptor
2519 3532 2778 3594 exsistas,
2814 3531 3028 3600 abjecta
3075 3532 3312 3601 imagine
3349 3530 3475 3593 Dei,
3507 3530 3611 3583 dia-

2037 3623 2144 3675 boli
2180 3623 2234 3676 in
2294 3632 2344 3676 te
2381 3624 2676 3692 imaginem
2723 3625 3046 3693 suscepisti,
3091 3635 3144 3679 et
3174 3624 3376 3678 bonum
3409 3624 3612 3695 deposi-

2041 3723 2153 3768 tum
2207 3714 2300 3768 tibi
2353 3716 2615 3770 divinitus
2666 3721 3108 3772 commendatum
3157 3716 3460 3784 abnegasti.
3516 3717 3610 3768 Aut

2038 3822 2142 3860 non
2173 3808 2276 3861 hoc
2308 3798 2453 3861 erat.
2478 3812 2623 3878 quod
2673 3811 2775 3864 sub
2810 3811 3072 3880 mysterio
3122 3809 3415 3879 Apostolus
3453 3808 3611 3862 electo

2039 3899 2302 3964 discipulo
2331 3902 2627 3955 mandabat
2658 3901 2969 3964 Timotheo,
3005 3903 3195 3957 dicens
3223 3902 3268 3932 ³⁷
3312 3920 3325 3955 :
3375 3901 3419 3957 Ο
3443 3900 3610 3955 Timo-

2045 3989 2189 4054 thee,
2221 4007 2241 4040 ι
2272 3992 2470 4045 bonum
2499 3993 2806 4061 depositum
2835 3993 3073 4048 custodi.
3109 4012 3128 4045 ι
3164 3993 3276 4063 Ego
3298 3993 3466 4047 etiam
3496 3992 3608 4045 illud

2038 4082 2200 4150 addo,
2225 4084 2369 4152 quod
2401 4094 2455 4138 et
2484 4084 2768 4140 Christum
2798 4085 3083 4140 Dominum
3109 4086 3413 4156 depositum
3441 4101 3608 4140 susce-

2039 4176 2240 4243 pimus,
2284 4184 2338 4230 et
2378 4187 2626 4231 sanctum
2675 4178 2939 4247 Spiritum
2991 4178 3296 4248 depositum
3341 4179 3605 4232 habemus.

2039 4268 2341 4323 Videndum
2385 4284 2516 4339 ergo
2550 4270 2706 4325 nobis
2738 4279 2820 4325 est
2847 4311 2860 4337 ,
2904 4285 2970 4324 ne
3008 4273 3109 4325 hoc
3145 4276 3336 4324 sancto
3383 4270 3608 4340 deposito

2037 4377 2142 4415 non
2174 4373 2363 4418 sancte
2399 4374 2622 4417 utamur
2644 4403 2659 4429 ,
2690 4373 2744 4418 et
2779 4380 2902 4418 cum
2945 4381 3043 4420 nos
3086 4365 3137 4419 in
3177 4380 3504 4420 consensum
3537 4365 3607 4418 sui

2036 4465 2257 4523 peccata
2313 4456 2646 4522 sollicitant,
2694 4456 2944 4523 juremus
2998 4471 3096 4511 nos
3151 4473 3256 4511 non
3310 4457 3609 4527 suscepisse

352 4551 476 4619 quis
534 4551 848 4617 praateriens
883 4551 1213 4621 praeterierit
1269 4561 1541 4621 praecepta
1595 4552 1830 4620 Domini,
1880 4565 1933 4610 et
1966 4550 2010 4604 D
2042 4549 2364 4618 depositum.
2433 4549 2586 4614 Quod
2655 4549 2845 4617 utique
2883 4549 2928 4602 si
2993 4549 3290 4603 habeamus
3342 4551 3395 4602 in
3447 4551 3605 4613 nobis,

354 4640 612 4694 mentitus
650 4641 818 4696 fuerit
850 4643 1101 4710 proximo
1132 4657 1294 4712 super
1327 4642 1595 4710 deposito,
1630 4653 1722 4698 aut
1755 4645 1933 4700 socie-

355 4739 487 4793 tate,
539 4737 631 4784 aut
681 4732 892 4799 rapina,
946 4733 1151 4800 peccati
1201 4733 1436 4798 ingentis
1467 4744 1739 4788 statuetur
1782 4751 1927 4790 reus.

353 4821 461 4875 Sed
493 4823 634 4877 absit
659 4823 763 4878 hoc
789 4824 857 4876 ab
883 4823 1124 4878 Ecclesia
1162 4823 1278 4887 Dei,
1320 4833 1377 4877 ut
1414 4840 1513 4894 ego
1546 4825 1767 4879 credam
1811 4841 1932 4880 esse

353 4916 591 4983 aliquem
630 4917 682 4968 in
721 4924 866 4970 ςωιυ
899 4916 1000 4970 isto
1050 4926 1388 4979 sanctorum,
1414 4917 1504 4985 qui
1531 4932 1588 4971 se
1619 4925 1725 4970 tam
1752 4916 1931 4972 infeli-

351 5009 490 5063 citer
526 5018 674 5079 agat,
725 5021 782 5063 ut
836 5009 1140 5078 depositum
1172 5009 1403 5075 proximi
1455 5010 1538 5062 sui
1586 5019 1784 5079 neget,
1836 5018 1931 5064 aut

349 5105 667 5157 societatem
704 5091 894 5156 fraude
925 5102 1295 5166 contaminet,
1335 5110 1429 5154 aut
1462 5100 1541 5155 vel
1585 5102 1698 5169 ipse
1748 5101 1926 5155 aliena

350 5196 598 5266 diripiat,
631 5207 723 5249 aut
750 5196 818 5249 ab
849 5194 972 5249 aliis
1006 5203 1155 5264 rapta
1191 5194 1474 5263 suscipiat,
1527 5203 1581 5248 et
1613 5209 1711 5263 pro
1754 5195 1838 5247 his
1882 5195 1927 5247 si

349 5290 417 5344 ab
475 5304 540 5344 eo
611 5289 980 5356 requirantur,
1036 5296 1226 5342 contra
1289 5287 1684 5341 conscientiam
1755 5287 1924 5355 jurct.

420 5478 463 5510 ³¹
504 5479 635 5534 Ibid.
675 5480 724 5532 1.
803 5477 911 5532 “ll
955 5477 1080 5533 Cor.
1114 5491 1194 5543 tu,
1230 5475 1316 5531 17.

351 5551 393 5588 ⁸1
435 5551 476 5603 ιι
516 5550 656 5604 Tim.
695 5567 734 5615 ι,
773 5551 858 5606 Μ.

1394 5475 1439 5508 ³³
1465 5475 1623 5530 Joau.
1663 5491 1739 5541 1v,
1770 5477 1862 5530 24.

426 5694 536 5765 (8'7)
595 5693 813 5753 Omnes
855 5696 1248 5765 manuscripti,
1324 5714 1342 5745 ‹
1392 5692 1852 5750 commendatum.
1899 5711 1918 5745 ι

352 5763 661 5823 Ιιῑωιζειιίιὶ
689 5808 703 5830 ,
757 5788 774 5817 ι
811 5763 1238 5823 commodatum.
1283 5786 1301 5817 ι

425 5836 534 5908 (88)
567 5836 719 5894 Libb.
769 5841 920 5904 editi,
977 5859 992 5892 t
1025 5839 1192 5903 enim,
1230 5859 1246 5890 r
1288 5848 1336 5892 et
1397 5836 1559 5908 paulo
1595 5844 1736 5906 post,
1788 5854 1804 5887 ι
1833 5835 1926 5911 sed

1939 5476 1982 5506 ³⁸
2011 5474 2166 5529 Joan.
2198 5487 2270 5536 γι,
2317 5470 2408 5524 64.

2042 4650 2267 4710 peccato
2289 4641 2605 4695 consentire
2633 4655 2739 4693 non
2765 4654 2922 4708 possu
2935 4656 3070 4696 mus.
3093 4637 3196 4694 Sed
3220 4651 3272 4694 et
3295 4641 3410 4710 ipse
3435 4656 3608 4695 sensus

2043 4733 2408 4796 rationabilis,
2443 4733 2533 4800 qui
2562 4733 2612 4785 in
2649 4747 2732 4785 me
2772 4742 2887 4796 est,
2918 4732 3329 4786 commendatus
3361 4733 3489 4786 mihi
3517 4742 3606 4793 est,

2044 4841 2101 4883 nt
2131 4846 2198 4884 eo
2234 4839 2358 4882 utar
2398 4829 2462 4882 ad
2499 4826 2906 4895 intelligentiam
2932 4827 3237 4881 divinorum
3270 4843 3284 4890 ;
3324 4827 3603 4894 ingenium,

2042 4924 2324 4986 memoria,
2359 4921 2660 4993 judicium,
2708 4921 2868 4984 ratio,
2911 4930 2966 4973 et
3001 4935 3190 4974 omnes
3227 4920 3319 4988 qui
3359 4921 3499 4973 intra
3532 4934 3604 4972 me

2039 5023 2167 5067 sunt
2199 5023 2400 5079 motus,
2447 5012 2816 5068 commendati
2855 5011 2987 5065 mihi
3035 5012 3285 5065 videntur
3323 5026 3352 5064 a
3381 5011 3518 5075 Deo,
3551 5019 3599 5063 ut

2041 5105 2121 5159 eis
2157 5116 2278 5159 utar
2312 5107 2365 5160 in
2417 5106 2503 5160 his
2551 5119 2672 5175 quae
2716 5105 2974 5174 praecepit
3016 5103 3106 5158 lex
3145 5104 3351 5158 divina.
3393 5105 3446 5158 Si
3490 5116 3597 5156 vero

2040 5198 2106 5251 ad
2149 5198 2318 5253 malas
2351 5208 2501 5253 artes
2537 5197 2712 5252 solers
2749 5205 2805 5250 et
2841 5198 3120 5268 perSpicax
3154 5206 3431 5251 vertamus
3468 5197 3595 5264 inge-

2037 5292 2209 5356 nium,
2248 5302 2303 5346 et
2345 5292 2504 5347 rebus
2547 5291 2644 5348 Dei
2693 5293 2984 5348 abutamur
3013 5292 3064 5346 in
3096 5291 3178 5346 his
3207 5307 3328 5359 qua:
3368 5305 3470 5344 non
3499 5290 3592 5342 vult

2486 5472 2531 5503 ⁸⁸
2558 5470 2818 5538 Levit.v1,
2855 5474 2878 5527 1
2909 5480 2964 5526 et
2991 5485 3143 5539 seqq.
3221 5470 3266 5500 ³⁸
3292 5470 3312 5523 l
3336 5470 3467 5523 Tim.
3488 5482 3524 5533 ι,
3542 5463 3588 5519 9.

2033 5693 2124 5761 qui
2158 5690 2358 5744 inﬁrmi
2401 5697 2547 5746 sunt.
2572 5707 2592 5741 ι
2631 5689 2873 5762 At_mss_.
2909 5697 2968 5762 ut
2998 5685 3048 5738 in
3087 5691 3280 5762 nostro
3304 5689 3464 5762 textu.

2110 5762 2220 5834 (89)
2252 5762 2341 5834 Sic
2377 5760 2768 5834 manuscripti;
2799 5757 2925 5814 libri
2981 5771 3111 5811 vero
3149 5755 3318 5822 editi,
3363 5755 3583 5816 «integre

2039 5831 2132 5888 tibi
2169 5831 2567 5888 restituendum
2603 5841 2704 5884 est.
2747 5849 2763 5880 ι
