3876 6512
277 387 382 445 457

1439 393 1506 448 ΙΝ
1542 392 1918 450 LEVITICUM
1953 391 2236 447 HOMILIA
2271 393 2359 448 IV.

3426 391 3530 446 458

278 504 458 568 Dens;
513 508 613 564 hoc
669 518 752 566 est
805 511 1063 583 abiurare
1110 513 1440 584 depositum,
1493 524 1548 570 et
1595 515 1854 570 beneﬁcia
1885 516 2210 582 Arapaces,
2283 526 2512 583 regnum
2569 509 2665 565 Dei
2706 506 3133 580 possidebunt.»
3193 504 3289 563 Est
3353 515 3531 564 tamen

275 606 492 654 vertere
517 601 566 653 in
591 602 898 671 perfidiam.

348 693 403 744 ι.
450 689 740 748 Videamus
780 710 924 750 nunc
971 696 1101 766 quid
1150 698 1315 754 etiam
1365 699 1600 756 societas
1653 700 1852 757 intelli-

273 781 449 848 genda
479 781 571 835 sit.
615 782 780 839 Putas
803 794 887 839 est
917 787 1134 857 aliquis,
1171 789 1261 859 qui
1293 791 1588 846 secundum
1619 791 1852 846 litteram

275 876 616 928 commoneri
669 877 882 944 debeat,
935 894 1001 934 ne
1045 881 1182 936 forte
1238 884 1289 937 in
1338 884 1552 938 ratione
1589 885 1852 954 pecuniae,

275 964 362 1017 vel
410 965 649 1034 qualibet
704 969 806 1022 alia
842 973 1021 1039 specie
1065 973 1372 1040 societatis,
1416 976 1622 1029 socium
1668 976 1854 1031 fraude

276 1061 556 1130 decipiat?
586 1062 802 1120 Ultimae
842 1067 1234 1122 misericordia
1281 1077 1364 1122 est
1400 1066 1581 1120 anima
1627 1067 1746 1131 illa,
1799 1067 1853 1122 in

274 1166 441 1219 quam
500 1157 696 1211 cadere
744 1158 923 1212 adhuc
983 1158 1190 1212 fraudis
1258 1159 1361 1212 hoc
1423 1174 1595 1227 genus
1653 1167 1850 1227 potest.

281 1241 666 1301 Verumtamen
695 1251 949 1318 quoniam
979 1253 1143 1304 multa
1181 1260 1262 1305 est
1296 1252 1350 1305 in
1402 1252 1620 1306 homine
1650 1252 1855 1322 fragili-

279 1344 384 1399 tas,
421 1337 585 1391 etiam
611 1341 677 1392 de
711 1341 794 1394 his
820 1357 1262 1396 commoneamus
1287 1383 1301 1408 ,
1344 1344 1468 1412 quia
1502 1360 1600 1398 nec
1621 1346 1853 1414 Aposto-

278 1428 390 1482 lum
425 1429 597 1498 piguit
627 1430 727 1484 ista
758 1433 1036 1488 mandare.
1078 1435 1218 1488 Dicit
1249 1436 1393 1488 enim
1431 1436 1475 1467 ⁸⁸
1511 1455 1524 1490 :
1571 1455 1589 1489 ι
1621 1436 1696 1492 Ne
1732 1443 1854 1508 quis

277 1520 697 1577 circumscribat
753 1524 804 1577 in
849 1525 1066 1595 negotio
1098 1526 1325 1580 fratrem
1369 1543 1523 1582 suum
1548 1570 1562 1594 ,
1595 1532 1855 1599 quoniam

277 1612 478 1665 vindex
543 1623 625 1668 est
677 1615 746 1670 de
807 1616 889 1670 his
921 1618 1172 1672 omnibus
1233 1619 1437 1675 Deus.»
1498 1619 1652 1676 Nunc
1725 1637 1854 1678 vero

280 1709 648 1772 requiramus,
685 1723 806 1775 quae
838 1709 908 1761 sit
941 1709 1106 1762 etiam
1138 1712 1374 1769 societas
1418 1715 1663 1784 spiritus.
1717 1716 1854 1769 Audi

276 1795 346 1848 de
402 1795 487 1849 his
539 1796 670 1863 ipsis
720 1798 900 1852 verbis
952 1800 1265 1868 Apostolum
1320 1804 1582 1858 dicentem
1626 1805 1669 1837 ³³
1706 1823 1716 1857 :
1753 1805 1852 1858 (Si

1961 607 2163 676 aliquid
2214 604 2326 676 (90)
2359 614 2414 660 et
2447 604 2745 660 secundum
2780 601 3078 672 spiritalem
3122 600 3532 671 intelligentiam

1961 697 2302 766 culpabiiiter
2333 712 2542 768 rapere,
2605 697 2748 752 sicut
2785 695 2861 750 illi
2913 695 3260 750 laudabiliter
3316 693 3536 760 rapiunt

1963 807 2124 861 regna
2153 791 2436 845 caelorum.
2470 789 2540 846 Ut
2577 789 2728 844 verbi
2768 803 2959 852 causa,
3002 789 3266 852 dicamus,
3297 785 3341 841 si
3373 785 3534 840 homo

1961 885 2197 938 nondum
2248 893 2512 954 purgatus
2557 899 2586 938 a
2619 883 2789 948 vitiis,
2858 884 3094 938 nomium
3144 889 3458 950 segregatus
3502 892 3532 932 a

1962 973 2201 1043 profanis
2241 984 2294 1029 et
2339 975 2574 1030 sordidis
2627 975 2871 1038 actibus,
2909 974 3040 1028 velit
3091 986 3150 1028 se
3188 971 3351 1027 coetui
3410 984 3537 1023 san-

1963 1076 2170 1122 ctorum
2210 1077 2264 1123 et
2288 1068 2652 1138 perfectorum
2688 1070 2918 1123 latenter
2950 1067 3197 1137 ingerere
3229 1073 3284 1118 et
3323 1075 3534 1118 sermo-

1964 1173 2085 1212 nem
2132 1176 2237 1224 quo
2290 1159 2529 1231 perfecta
2585 1170 2638 1216 et
2679 1160 2906 1232 mystica
2968 1167 3268 1212 tractantur
3323 1155 3532 1220 audire,

1962 1254 2266 1324 huiusmodi
2302 1255 2460 1309 homo
2495 1261 2831 1309 secretorum
2871 1260 2925 1305 et
2957 1250 3321 1321 perfecturum
3357 1251 3536 1303 scien-

1967 1349 2093 1402 tiam
2132 1362 2236 1400 non
2280 1347 2415 1400 bene
2446 1345 2608 1416 rapit.
2641 1344 2952 1398 Meminisse
2983 1343 3124 1398 enim
3160 1349 3372 1409 oportet
3400 1355 3535 1409 prae-

1963 1441 2103 1511 cepti
2142 1439 2476 1502 Salvatoris,
2525 1452 2630 1507 quo
2675 1434 2901 1500 dicit“,
2932 1435 3055 1504 quia
3110 1451 3128 1484 ι
3177 1427 3537 1487 ηοητσηιίιιίι

1962 1534 2146 1587 vinum
2186 1546 2383 1587 novum
2431 1529 2486 1582 in
2547 1535 2695 1582 utres
2728 1536 2966 1590 veteres,
3022 1524 3261 1592 alioquin
3303 1532 3357 1576 et
3387 1531 3535 1576 utres

1965 1620 2120 1689 201
2170 1627 2507 1688 rnmpcntur,
2565 1625 2619 1671 et
2663 1615 2848 1669 vinum
2899 1615 3135 1682 peribit:
3173 1632 3191 1666 ι
3242 1611 3536 1667 ostendens

1964 1713 2104 1784 quod
2150 1711 2344 1766 animae
2390 1709 2624 1764 nondum
2671 1716 2976 1773 renovatre,
3020 1706 3116 1761 sed
3166 1706 3218 1760 in
3267 1709 3537 1758 vetustate
3593 1701 3602 1709 ’

1967 1807 2158 1860 litterae
2224 1801 2335 1875 (9|)
2390 1801 2740 1871 perduranti,
2793 1814 2897 1854 non
2958 1805 3208 1866 oporteat
3269 1809 3535 1850 novorum

276 1886 426 1952 quod
459 1885 712 1939 solatium
746 1889 1032 1945 charitatis
1056 1930 1071 1954 ,
1109 1891 1152 1946 si
1197 1907 1300 1960 qua
1337 1894 1570 1948 societas
1608 1895 1853 1963 spiritus,
1891 1873 1932 1930 Β
1964 1873 2369 1968 mysteriorum,
2412 1909 2532 1963 qua:
2565 1909 2662 1964 per
2701 1893 2981 1948 Christum
3021 1890 3253 1944 mundus
3282 1886 3531 1958 agnovit,

277 1977 323 2029 si
384 1993 492 2045 qua
563 1979 773 2033 viscera
846 1982 1267 2050 miserationis,
1334 1986 1551 2055 implete
1604 1989 1856 2056 gaudium

277 2083 483 2124 meum.
519 2089 538 2120 ι
587 2068 748 2126 Vides
802 2075 1083 2130 societatis
1125 2079 1329 2146 legem,
1379 2078 1648 2144 quomodo
1697 2079 1857 2133 intel-

280 2159 412 2214 iexit
446 2163 722 2231 apostolus
747 2163 965 2221 Paulus.
1017 2146 1150 2222 Audi
1179 2179 1230 2222 et
1271 2167 1558 2235 Joannem,
1589 2172 1860 2238 quomodo

283 2267 394 2304 uno
422 2255 721 2324 eodemque
746 2258 935 2326 spiritu
970 2259 1345 2328 proioqualnr.
1399 2261 1495 2315 «Ει
1521 2263 1856 2328 societatem,

280 2342 460 2410 inquit
490 2343 556 2405 ‘°,
600 2347 859 2402 habemus
903 2365 1023 2402 cum
1075 2349 1257 2414 Patre,
1317 2361 1372 2406 et
1424 2368 1546 2406 cum
1582 2351 1718 2407 Filio
1747 2354 1860 2422 eius

271 2427 410 2487 Jesn
451 2436 688 2491 Christo.
722 2457 740 2489 ι
796 2439 861 2492 Ει
897 2439 1093 2494 iterum
1151 2440 1340 2496 Petrus
1377 2443 1554 2499 dicit:
1592 2463 1608 2493 ι
1637 2444 1862 2498 Consor-

280 2535 386 2592 tes,
415 2528 589 2597 inquit
619 2530 686 2594 “,
720 2529 844 2585 facti
871 2533 1002 2586 estis
1031 2533 1226 2586 divinae
1266 2544 1494 2598 naturae,
1522 2554 1538 2586 ι
1594 2537 1736 2604 quod
1780 2545 1861 2590 est

273 2620 435 2674 socii.
476 2622 540 2675 Et
582 2623 774 2676 iterum
822 2624 954 2680 dicit
995 2627 1276 2694 apostolus
1316 2625 1511 2681 Paulus
1551 2629 1639 2681 “z
1681 2647 1698 2679 ι
1726 2628 1856 2695 Quae

275 2712 427 2764 enim
469 2714 702 2769 societas
739 2715 842 2770 luci
876 2718 941 2771 ad
979 2719 1270 2772 tenebras?
1295 2718 1514 2791 r‘Quod
1558 2722 1603 2774 si
1651 2723 1757 2776 luci
1793 2723 1860 2776 ad

276 2803 534 2859 tenebras
574 2807 810 2862 societas
852 2809 995 2862 nulla
1027 2819 1127 2874 est,
1166 2819 1345 2879 potest
1381 2826 1511 2880 ergo
1539 2814 1860 2867 societatem

274 2893 373 2948 lux
407 2896 606 2953 habere
637 2914 758 2953 cum
789 2900 932 2955 luce.
968 2901 1133 2971 Igitur
1170 2903 1212 2956 si
1262 2904 1418 2958 nobis
1447 2921 1570 2960 cum
1603 2905 1784 2972 Patre,
1810 2916 1865 2962 et

277 2985 442 3053 Filio,
481 2999 534 3044 et
574 2990 780 3060 Spiritu
838 3005 1028 3048 sancto
1081 2996 1317 3050 societas
1358 2997 1481 3051 data
1525 3007 1629 3061 est,
1671 3000 1862 3054 viden-

277 3079 412 3132 dum
480 3083 639 3138 nobis
700 3093 821 3151 est,
880 3101 946 3140 ne
990 3096 1238 3140 sanetam
1295 3089 1450 3142 istam
1517 3089 1863 3162 divinamque

1963 1997 2170 2044 secreta
2201 1987 2493 2041 committi.

2036 2081 2088 2134 5.
2120 2079 2282 2133 Addit
2333 2078 2528 2133 dehinc
2560 2077 2838 2148 legislator
2865 2077 2908 2109 ‘9
2943 2096 2956 2132 :
2987 2095 3004 2127 ‹
3038 2077 3145 2130 Aut
3187 2073 3229 2128 si
3269 2072 3396 2142 quid
3427 2085 3530 2126 no-

1963 2173 2072 2226 cuit
2101 2171 2466 2241 proximo,vel
2503 2169 3108 2238 invenitperditioncm.
3145 2187 3162 2219 ι
3195 2166 3309 2220 Lex
3339 2165 3535 2220 litterae

1963 2264 2050 2319 hic
2086 2263 2298 2318 videtur
2359 2263 2640 2328 mandare,
2673 2274 2730 2318 ut
2779 2265 2822 2318 si
2850 2261 3197 2333 qnisinvenit
3221 2259 3362 2330 quod
3395 2258 3536 2310 alius

1963 2356 2217 2424 perdidit,
2248 2364 2301 2409 et
2334 2356 2654 2424 requisitum
2698 2353 2880 2418 fuerit,
2921 2354 3133 2417 reddat,
3159 2366 3256 2406 nec
3296 2348 3536 2418 periuret

1965 2461 2060 2514 pro
2095 2461 2178 2500 eo.
2239 2446 2327 2500 Est
2359 2454 2412 2500 et
2454 2446 2566 2500 haec
2615 2446 2762 2500 utilis
2806 2445 3166 2499 audientibus
3220 2441 3530 2495 aedificatin.

1965 2537 2116 2591 Μιιιιί
2177 2525 2320 2592 enim
2373 2539 2494 2592 sine
2531 2545 2757 2607 peccato
2789 2545 2983 2606 putant
3039 2549 3180 2599 esse,
3218 2533 3262 2587 si
3301 2532 3533 2586 alienum

1964 2632 2108 2700 quod
2147 2629 2472 2694 invenerint,
2503 2637 2721 2682 teneant
2756 2637 2809 2681 et
2839 2627 3025 2681 dicant
3057 2642 3069 2678 :
3100 2625 3242 2678 Deus
3275 2622 3403 2676 mihi
3438 2621 3533 2674 de-

1963 2723 2074 2788 dit;
2105 2722 2190 2776 cui
2219 2721 2390 2775 habeo
2428 2718 2698 2773 reddere?
2725 2717 2946 2771 Discant
2966 2730 3094 2785 ergo
3117 2721 3398 2784 peccatum
3429 2711 3532 2764 hoc

1965 2829 2082 2869 esse
2143 2813 2323 2867 simile
2396 2811 2617 2880 rapinae,
2670 2810 2713 2863 si
2745 2809 2869 2878 quis
2920 2806 3139 2862 inventa
3175 2820 3281 2860 non
3320 2803 3536 2857 reddat.

1969 2903 2351 2956 Verumtamen
2378 2901 2420 2955 si
2441 2902 2543 2954 hoc
2569 2908 2776 2954 tantum
2805 2896 2944 2966 quod
2979 2895 3274 2951 secundum
3298 2896 3534 2947 litteram

1965 3005 2202 3065 putatur,
2258 2994 2536 3064 legislator
2582 2992 2841 3046 voluisset
2877 2988 3128 3058 intelligi,
3169 2995 3424 3056 potuerat
3457 2987 3541 3041 di-

1967 3104 2132 3146 cere:
2169 3089 2228 3144 Si
2276 3086 2486 3141 invenit
2530 3085 2672 3154 quod
2726 3083 2992 3153 perierat,
3034 3080 3117 3135 vel
3158 3081 3300 3149 quod
3344 3077 3541 3148 aliquis

280 3176 608 3228 societatem
658 3177 933 3244 peccando
962 3177 1314 3247 abnegemns.
1352 3179 1424 3232 .Si
1469 3182 1611 3235 enim
1641 3198 1862 3250 agamus
1889 3211 1931 3266 C
1966 3182 2291 3251 perdiderat.
2352 3180 2507 3235 Nunc
2541 3187 2721 3232 autem
2759 3189 2878 3229 cum
2927 3173 3054 3227 dicit
3085 3190 3098 3226 :
3131 3190 3150 3223 r
3185 3172 3389 3227 invenit
3419 3186 3540 3241 per-

278 3281 448 3334 opera
507 3267 884 3332 tenebrarum,
959 3279 1166 3322 certum
1223 3281 1308 3324 est
1356 3272 1478 3340 quia
1541 3275 1859 3330 societatem

279 3357 606 3426 negavimus
639 3356 801 3411 lucis.
836 3358 942 3412 Sed
966 3368 1021 3412 et
1052 3367 1369 3413 sanctorum
1403 3361 1582 3416 socios
1614 3377 1710 3415 nos
1734 3363 1866 3416 dicit

275 3449 598 3517 Apostolus,
643 3463 744 3504 nec
780 3451 999 3508 mirum.
1029 3451 1085 3505 Si
1126 3452 1270 3506 enim
1299 3468 1423 3506 cum
1457 3452 1618 3507 Patre
1651 3463 1705 3508 et
1730 3454 1865 3508 Filio

276 3542 483 3596 dicitur
513 3542 668 3596 nobis
706 3557 825 3597 esse
863 3543 1126 3607 societas,
1193 3544 1468 3614 quomodo
1509 3561 1611 3599 non
1646 3555 1700 3599 et
1731 3561 1854 3600 cum

275 3635 512 3698 sanctis,
545 3649 649 3688 non
688 3635 861 3688 solum
895 3635 985 3703 qui
1015 3634 1068 3688 in
1104 3645 1249 3690 terra
1282 3645 1428 3700 sunt,
1464 3637 1558 3690 sed
1609 3645 1662 3690 et
1695 3638 1864 3706 quiin

276 3725 483 3780 caalis?
509 3726 632 3794 quia
667 3735 720 3779 et
751 3725 1002 3780 Christus
1041 3741 1136 3795 per
1169 3727 1492 3796 sanguinem
1528 3745 1681 3782 suum
1717 3731 1864 3798 paci-

279 3815 470 3869 licavit
504 3815 742 3869 cmiestia
774 3825 828 3869 et
861 3817 1148 3870 terrestria
1174 3857 1186 3878 ,
1223 3826 1279 3870 ut
1307 3817 1619 3872 cmlcstibus
1650 3828 1862 3874 terrena

275 3909 545 3962 sociaret.
581 3906 733 3973 Quod
763 3909 1046 3964 evidenter
1079 3909 1304 3973 indicat,
1338 3910 1427 3963 ubi
1458 3910 1588 3964 dicit
1612 3912 1864 3981 gaudium

275 4014 407 4054 esse
472 4001 527 4053 in
590 3999 746 4053 caelis
827 4014 988 4069 super
1059 4015 1166 4054 uno
1239 4009 1526 4069 peccatore
1591 4002 1864 4071 poeniten-

274 4091 418 4144 tiam
445 4101 638 4160 agente
667 4090 731 4144 “.
768 4090 834 4143 Et
866 4105 1083 4144 rursum
1112 4105 1234 4144 cum
1262 4091 1414 4156 dicit,
1440 4105 1536 4146 eos
1562 4092 1654 4160 qui
1688 4107 1869 4146 resur-

270 4184 419 4253 gnnt
456 4199 484 4236 a
511 4183 774 4248 ,mortuis,
810 4181 1020 4236 futuros
1055 4197 1177 4237 esse
1232 4184 1375 4238 sicut
1425 4185 1645 4254 angelos
1675 4185 1768 4240 Dei
1813 4188 1865 4241 in

270 4275 429 4330 caelo
480 4275 546 4339 “,
606 4284 658 4330 et
711 4290 832 4328 eum
887 4289 951 4328 ex
999 4275 1213 4346 integro
1247 4277 1560 4331 hominibus
1605 4277 1865 4332 caelorum

272 4383 454 4435 regna
484 4367 772 4437 promittit.
811 4364 960 4420 lianc
991 4382 1122 4436 ergo
1155 4369 1470 4422 societatem
1505 4369 1783 4438 dirumpit,
1815 4381 1869 4425 et

270 4457 544 4526 abnegat,
600 4457 907 4527 quicunque
958 4456 1116 4514 malis
1162 4458 1374 4513 actibus
1421 4459 1536 4513 suis
1593 4459 1864 4528 malisque

1967 3279 2250 3341 ditionem,
2292 3293 2310 3326 ι
2346 3273 2580 3341 amplius
2621 3286 2720 3326 nos
2762 3269 2966 3339 aliquid
2999 3266 3170 3323 voluit
3208 3265 3537 3334 intelligere.

1966 3370 2068 3437 Qui
2135 3368 2296 3422 nimis
2357 3373 2605 3436 peccant,
2645 3368 2697 3417 in
2750 3361 3048 3430 Seripturis
3096 3357 3330 3428 perditio
3360 3355 3544 3426 appel-

1968 3460 2166 3523 lantur,
2188 3459 2326 3512 sicut
2349 3457 2398 3509 in
2427 3455 2715 3509 Ezechiele
2743 3454 3002 3522 propinata
3038 3451 3267 3521 legimus
3296 3450 3536 3503 dictum:

1974 3569 1992 3603 r
2027 3550 2283 3615 Perditio,
2321 3548 2500 3616 inquit
2534 3547 2601 3610 ³ο,
2646 3545 2816 3597 factus
2848 3558 2924 3606 es,
2959 3552 3014 3598 et
3062 3558 3164 3597 non
3194 3541 3457 3596 subsistes
3485 3538 3539 3592 in

1970 3652 2232 3699 :eternum
2263 3649 2495 3708 tempus.
2529 3656 2546 3690 ι
2587 3637 2681 3690 Est
2710 3650 2838 3704 ergo
2864 3634 3153 3689 ostendere
3191 3633 3281 3702 qui
3311 3631 3538 3684 multum

1969 3729 2491 3802 quaerendoinvenit
2524 3726 2886 3797 perditionem
2918 3743 2931 3778 :
2961 3733 3019 3777 ut
3059 3724 3204 3778 verbi
3241 3721 3436 3791 gratia,
3469 3719 3544 3782 di-

1970 3839 2158 3879 camus
2207 3840 2220 3874 :
2268 3821 2510 3878 hasretici
2543 3819 2610 3873 ad
2668 3815 3033 3874 construenda
3090 3823 3144 3869 et
3197 3811 3544 3868 defendenda

1971 3915 2222 3984 dogmata
2261 3927 2357 3966 sna
2414 3910 2640 3964 multum
2689 3907 3012 3978 perquirunt
3060 3916 3114 3961 et
3154 3902 3453 3958 discutiunt
3487 3901 3544 3955 in

1971 4004 2266 4075 Seripturis
2296 4003 2512 4069 divinis,
2550 4010 2607 4056 ut
2657 3999 2936 4054 inveniant
2977 3996 3357 4067 perditionem.
3405 3993 3542 4049 Cum

1970 4099 2114 4153 enim
2159 4095 2323 4150 nndta
2387 4093 2500 4166 (92)
2557 4091 2874 4162 quaesierint
2919 4090 3232 4144 testimonia
3262 4128 3277 4154 ,
3341 4087 3540 4156 quibus

1971 4199 2217 4246 astruant
2244 4203 2366 4258 qua:
2406 4201 2571 4260 prave
2615 4186 2880 4251 sentiunt,
2921 4183 3286 4252 perditionem
3329 4180 3430 4235 sibi
3458 4179 3544 4234 in-

1969 4283 2186 4337 venisse
2223 4281 2438 4336 dicendi
2487 4277 2773 4356 sunt.Scd
2827 4277 2872 4331 si
2925 4277 3070 4331 forte
3109 4276 3308 4346 aliquis
3346 4276 3544 4328 horum

1971 4375 2193 4428 audiens
2221 4375 2272 4426 in
2311 4371 2551 4426 Ecclesia
2588 4372 2813 4426 verbum
2867 4370 2958 4424 Dei
2989 4368 3259 4424 catholice
3295 4366 3541 4430 tractari,

1973 4468 2277 4537 resipiscat,
2304 4475 2356 4521 et
2380 4466 2645 4537 intelligat
2676 4467 2800 4535 quia
2831 4465 2972 4533 quod
3003 4463 3284 4516 invenerat
3313 4458 3544 4528 perditio

271 4551 544 4605 sensibus
580 4551 648 4603 ab
697 4565 880 4606 eorum
944 4550 1327 4619 conjunctione
1377 4561 1690 4619 separatur.
1740 4551 1866 4606 Post
1897 4553 1943 4610 D
1970 4569 2075 4624 est,
2123 4560 2335 4623 reddet,
2380 4558 2578 4626 inquit,
2612 4558 2758 4627 quod
2801 4557 3025 4610 invenit.
3069 4552 3132 4606 Et
3170 4551 3218 4604 is
3251 4549 3340 4618 qui
3370 4547 3546 4618 perdi-

271 4649 405 4703 haec
465 4644 531 4698 de
598 4645 784 4713 rapina
850 4644 1095 4698 dicitur:
1147 4657 1395 4712 raptores
1456 4653 1581 4698 sunt
1633 4644 1755 4698 mali
1813 4655 1869 4699 et

272 4738 454 4804 boni;
486 4747 540 4791 et
572 4737 694 4791 boni
721 4737 934 4804 quidem
977 4736 1073 4803 illi,
1109 4737 1174 4790 de
1211 4738 1409 4806 quibus
1437 4737 1566 4790 dicit
1597 4735 1864 4804 Salvator,

268 4829 416 4900 quia
454 4843 678 4897 regnum
713 4828 976 4882 cmiorum
1017 4828 1284 4896 diripiunt
1310 4827 1378 4881 ".
1427 4826 1566 4880 Sunt
1598 4837 1780 4881 autem
1815 4836 1870 4883 et

272 4920 418 4975 mali
455 4930 701 4988 raptores
725 4959 738 4982 ,
798 4921 862 4974 de
905 4921 1101 4988 quibus
1143 4920 1273 4973 dicit
1323 4919 1584 4988 prOpheta
1621 4921 1710 4973 δεῖ
1760 4938 1777 4971 r
1805 4921 1868 4975 Et

272 5017 480 5085 rapina
521 5030 818 5084 pauperum
872 5016 926 5068 in
983 5016 1232 5068 domibus
1266 5014 1464 5069 vestris
1508 5021 1610 5068 est.
1640 5033 1658 5066 ι
1716 5014 1869 5083 Apo-

273 5107 466 5163 stolus
503 5121 630 5160 vero
657 5107 884 5175 abrupte
919 5110 1264 5175 pronuntiat,
1298 5106 1487 5161 (licens
1514 5107 1558 5137 ⁸⁷
1587 5124 1599 5158 :
1645 5125 1661 5157 ι
1695 5107 1870 5162 Nolite

270 5220 504 5268 errare,
546 5203 671 5272 quia
709 5214 884 5269 neque
917 5197 1180 5263 adulteri,
1217 5213 1391 5266 neque
1432 5197 1657 5263 molles,
1696 5212 1869 5265 neque

271 5297 659 5354 masculorum
717 5293 1140 5358 concubitores,
1209 5305 1385 5360 neque
1441 5292 1627 5358 fures,
1693 5304 1869 5358 neque

358 5427 410 5458 ³⁸
437 5426 454 5480 1
481 5425 670 5481 Thess.
699 5441 774 5491 tv,
803 5423 855 5478 6.
935 5425 977 5456 3°
1000 5423 1194 5492 Philip.
1243 5441 1316 5486 Iv,
1349 5425 1398 5478 l.

1477 5421 1567 5475 “’l
1600 5421 1756 5477 Joan.
1794 5440 1831 5488 ι,
1873 5422 1927 5477 5.

1971 4652 2174 4705 tionem
2200 4649 2426 4713 invenit,
2464 4657 2517 4703 et
2568 4648 2657 4702 ille
2686 4647 2777 4716 qni
2813 4645 3080 4714 rapinam,
3117 4641 3211 4698 sed
3245 4651 3299 4695 et
3327 4639 3418 4694 ille
3451 4639 3542 4708 qui

1972 4743 2277 4812 depositum
2312 4741 2620 4813 abnegavit,
2662 4749 2713 4794 et
2739 4739 2916 4794 omnis
2943 4738 3254 4806 quicunque
3278 4735 3460 4803 aliqua
3477 4747 3545 4788 ex

1971 4841 2126 4903 parte
2161 4833 2356 4886 animae
2398 4832 2582 4886 nocuit
2639 4831 2910 4901 proximo,
2937 4837 3030 4884 aut
3059 4828 3266 4898 iuravit
3297 4825 3496 4894 injuste
3525 4840 3539 4877 :

1980 4909 1998 4974 ἱ
2043 4922 2335 4989 Restituet,
2388 4922 2652 4992 inquit“,
2676 4923 2854 4991 ipsum
2895 4931 3076 4992 caput,
3110 4931 3163 4975 et
3199 4919 3419 4989 qnintas
3449 4935 3543 4974 su-

1977 5029 2075 5082 per
2101 5014 2339 5084 augebit,
2366 5022 2419 5068 ct
2445 5015 2490 5068 ei
2521 5013 2675 5082 cuius
2696 5023 2795 5077 est,
2823 5013 3029 5078 reddet,
3058 5031 3074 5063 ι
3096 5011 3391 5066 secundum
3424 5025 3544 5064 eam

1979 5105 2239 5159 duntaxat
2292 5105 2684 5175 expositionem
2740 5121 2901 5174 quam
2953 5105 3017 5158 de
3053 5103 3262 5174 quintis
3288 5100 3547 5158 addendis

1978 5205 2103 5250 ante
2155 5196 2266 5265 iam
2299 5198 2552 5252 diximus.
2586 5215 2604 5248 ε
2652 5197 2717 5251 Ει
2762 5196 2976 5260 olieret,
3009 5195 3184 5264 inquit
3213 5195 3283 5254 ",
3318 5190 3547 5245 Domino

1979 5291 2202 5346 arietem
2241 5293 2305 5345 de
2327 5288 2518 5343 ovibus
2547 5288 2663 5343 sine
2701 5287 2936 5352 macula,
2969 5285 3144 5355 pretio
3194 5282 3248 5338 in
3301 5281 3352 5335 id
3401 5279 3543 5350 quod

2005 5421 2046 5453 δι
2083 5421 2123 5475 ll
2152 5421 2296 5477 Pctr.
2330 5440 2369 5488 ι,
2403 5422 2458 5480 4.
2536 5423 2580 5454 ⁸³
2612 5420 2653 5474 ll
2679 5420 2802 5476 Cor.
2847 5435 2925 5482 vr,
2962 5417 3046 5472 Μ.
3127 5416 3171 5448 ⁸³
3194 5415 3323 5470 Luc.
3358 5429 3458 5488 xv,
3492 5413 3542 5466 7.

272 5497 328 5530 “
384 5496 575 5550 Matth.
627 5483 886 5553 “11:20.
963 5493 1007 5526 ⁸⁵
1058 5483 1249 5549 Maith.
1305 5483 1388 5561 xl,
1432 5494 1520 5546 i2.
1619 5493 1663 5524 “
1718 5483 1828 5546 Isa.

1980 5493 2064 5548 H.
2166 5493 2209 5524 ⁸⁷
2253 5495 2268 5547 l
2310 5483 2436 5551 (lor.
2478 5508 2552 5562 vr,
2596 5493 2682 5548 10.
2758 5493 2803 5524 ⁴⁵⁸
2853 5490 3043 5544 Matth.
3085 5504 3164 5556 Ix,
3196 5489 3280 5541 17.
3357 5483 3402 5516 δ’
3438 5485 3541 5540 [ιε-η

273 5568 360 5624 ἀἰι
379 5604 396 5620 .
417 5583 491 5626 vr.
519 5566 580 5632 2,
604 5567 656 5620 5.
736 5565 781 5597 ⁵ο
805 5565 1005 5620 Ezech.
1039 5579 1206 5631 xxvn,
1231 5565 1322 5620 56.
1397 5565 1440 5596 ⁵¹
1467 5562 1722 5630 Levit.vt,
1757 5564 1808 5618 5.

363 5683 476 5756 (90)
538 5683 630 5737 Es!
687 5693 859 5757 tamen
913 5684 1135 5753 aliquid.
1202 5685 1278 5757 ita
1317 5685 1511 5757 codex
1581 5685 1867 5757 Sangerm.

277 5755 416 5812 libri
463 5770 593 5808 vero
624 5755 774 5818 editi,
811 5773 828 5805 ι
857 5763 910 5809 et
945 5766 1122 5808 tamen
1165 5755 1326 5821 aliqui
1362 5757 1560 5809 sciunt.
1598 5774 1614 5806 ι

376 5825 484 5900 illi)
515 5825 700 5881 Codex
765 5824 1073 5896 Sangerm.,
1116 5842 1136 5877 ι
1199 5825 1411 5883 litteraa.
1453 5845 1470 5878 ι
1511 5825 1666 5884 Libb.
1703 5825 1862 5890 editi,

1886 5562 1932 5593 ⁸²
1962 5563 2092 5618 ibid.
2124 5563 2176 5630 ϐ,
2212 5565 2262 5620 7.

1988 5703 2006 5736 ‹
2043 5685 2282 5740 malitiae.
2314 5705 2332 5738 ι

2037 5758 2146 5829 (9‘2)
2172 5755 2327 5812 Libb.
2372 5755 2522 5825 editi,
2565 5773 2582 5805 ‹
2630 5753 2876 5810 multum.
2913 5770 2930 5804 ι
2974 5749 3123 5819 Mss.,
3153 5766 3172 5801 ι
3211 5745 3400 5805 multa.
3438 5763 3459 5798 ξ
