3876 6502
149 395 226 453 4-H

1278 362 1345 417 IN
1390 359 1761 417 LEVITICUM
1801 356 2083 413 IIOMILIA
2121 354 2209 411 IV.

3252 346 3357 400 ΜΞ

154 490 530 563 Observandum
585 498 761 542 tamen
786 493 868 541 est
911 482 1052 553 quod
1081 480 1205 535 aliis
1236 478 1567 534 indumentis
1599 482 1685 531 sa-
1715 478 1760 537 A
1794 476 1935 529 hanc
1988 473 2107 527 dedi
2156 472 2224 525 ab
2271 468 2463 524 hostiis
2512 467 2745 524 Domini.
2792 464 2993 521 Sancta
3044 473 3355 535 sanctorum

170 594 328 651 cenios
345 584 510 639 utitur
539 580 666 634 dum
690 586 771 633 est
813 578 866 631 in
910 572 1308 628 sacriﬁciorum
1356 568 1681 631 ministerio,

166 696 211 739 et
241 679 349 734 aliis
390 688 503 726 cum
535 670 777 739 procedit
812 667 876 720 ad
927 663 1205 733 populum.
1234 660 1347 715 Hoc
1376 659 1691 713 faciebatet

136 832 142 838 ,
171 754 339 830 Paulus
370 762 753 819 scientissimus
772 759 1175 827 pontiﬁcum,et
1204 753 1572 824 peritissimus
1598 766 1690 805 sa-

163 855 690 923 cerdotum.Qnicnm
737 863 880 905 esset
904 852 956 903 in
996 858 1137 904 ct'etu
1164 846 1694 916 perfectorum,tan-

162 970 299 1027 quam
328 951 457 1003 intra
482 947 680 1000 Sancta
712 955 1021 996 sanctorum
1044 944 1270 1010 positus,
1315 949 1370 993 et
1407 939 1541 993 stula
1567 952 1690 1007 per-

159 1044 381 1105 fectionis
410 1041 620 1093 iudntns
641 1038 853 1091 dicebat
883 1035 927 1065 ⁸⁸
956 1052 969 1085 :
1002 1054 1018 1084 ‹
1057 1033 1385 1101 Sapientiam
1417 1032 1691 1099 loquimur

162 1145 287 1197 inter
311 1132 598 1204 perfectos,
627 1129 946 1197 sapientiam
984 1136 1286 1178 autemnon
1312 1124 1469 1192 hujus
1486 1123 1689 1187 mundi,

153 1243 308 1298 neque
350 1222 655 1292 principum
718 1217 876 1286 hujus
927 1216 1137 1282 mundi,
1169 1216 1260 1283 qui
1319 1216 1693 1280 destruuntur,

154 1323 235 1378 sed
261 1316 520 1384 loquimur
562 1310 656 1365 Dei
690 1309 1010 1377 sapientiam
1040 1308 1092 1360 in
1127 1310 1385 1379 mysterio
1410 1307 1692 1361 abscondi-

155 1426 267 1476 tant,
284 1422 435 1479 quam
458 1419 621 1460 nemo
640 1401 944 1471 principum
968 1400 1124 1469 hujus
1143 1399 1321 1454 szeculi
1344 1399 1618 1469 cognovit.
1638 1399 1695 1451 Si

148 1509 275 1563 enim
304 1501 705 1571 cognovissent,
768 1510 1040 1563 nunquam
1076 1495 1361 1549 Dominum
1394 1492 1695 1561 maiestatis

146 1596 548 1653 cruciﬁxissent.
580 1608 595 1645 ι
639 1588 742 1643 Sed
778 1598 899 1657 post
923 1588 1039 1641 haec.
1062 1595 1315 1655 tanquam
1349 1586 1415 1639 ad
1443 1586 1695 1656 populum

146 1692 313 1744 exiens
366 1692 537 1740 mutat
590 1681 807 1742 stolam,
835 1688 889 1732 et
937 1679 1039 1733 alia
1083 1680 1323 1734 induitur
1367 1678 1529 1748 longe
1562 1678 1696 1733 infe-

142 1782 294 1843 riore,
358 1791 524 1845 quam
570 1774 679 1829 illa.
726 1774 793 1827 Et
834 1773 961 1842 quid
1023 1772 1157 1826 dicit
1189 1771 1267 1824 ‘7?
1304 1790 1321 1821 ι
1357 1769 1691 1835 Nihil’aliud,

142 1870 321 1941 inquit,
346 1868 592 1939 jutiicavi
614 1880 698 1921 me
724 1866 868 1920 scire
896 1866 1033 1917 inter
1062 1878 1174 1928 vos,
1196 1863 1299 1917 nisi
1328 1862 1509 1917 Iesum
1537 1861 1695 1917 Chri-

143 1977 295 2031 stum,
319 1973 369 2017 et
413 1963 567 2017 hunc
605 1960 946 2015 cruciﬁxum.
983 1978 1001 2011 ι
1044 1956 1201 2010 Vides
1234 1970 1363 2027 ergo
1400 1956 1558 2010 istum
1597 1956 1694 2010 do-

143 2056 418 2111 ctissimum
468 2053 831 2115 sacerdotem,
866 2049 1135 2119 quomodo
1177 2049 1393 2101 indutus
1431 2048 1523 2101 sit.
1560 2047 1693 2102 Cum

143 2159 214 2203 est
238 2149 403 2201 iturus
438 2146 586 2200 inter
627 2144 922 2214 perfectos,
954 2141 1099 2195 velut
1142 2140 1195 2194 in
1244 2140 1446 2196 Sancta
1481 2150 1696 2195 sancto-

145 2255 268 2303 rum,
291 2236 391 2289 alia
434 2236 608 2288 utitur
648 2234 783 2288 stola
829 2232 1109 2287 doctrinm.
1136 2233 1269 2287 Cum
1318 2246 1444 2287 vero
1478 2233 1592 2286 exit
1632 2234 1696 2287 ad

143 2344 245 2395 eos,
268 2326 353 2396 qui
379 2326 667 2395 incapaces
694 2334 840 2389 sunt,
861 2332 1032 2376 mutat
1060 2321 1250 2375 stolam
1274 2322 1424 2376 verbi
1472 2332 1527 2377 et
1564 2322 1699 2377 infe-

148 2423 272 2475 riora
304 2419 499 2484 docet;
535 2426 589 2471 et
623 2416 756 2470 alios
791 2416 934 2470 lacte
976 2423 1150 2481 potat,
1167 2422 1223 2466 ut
1251 2412 1533 2482 parvulos;
1567 2414 1700 2468 alios

148 2510 365 2564 oleribus
397 2508 603 2573 nutrit,
652 2516 711 2560 ut
740 2506 1021 2571 inﬁrmos;
1052 2506 1174 2559 aliis
1208 2519 1334 2557 vero
1359 2506 1532 2560 fortes
1558 2522 1698 2575 prae-

148 2610 283 2673 parat
317 2598 497 2663 cibos,
530 2600 613 2653 his
657 2598 864 2652 scilicet
901 2616 919 2647 ‹
972 2598 1063 2665 qui
1089 2612 1188 2666 pro
1214 2596 1569 2665 possibilitate
1611 2612 1701 2650 su-

149 2692 305 2748 mendi
334 2692 671 2743 exercitatos
720 2688 921 2743 habent
971 2703 1162 2741 sensus
1205 2688 1271 2740 ad
1311 2687 1696 2742 discretionem

154 2784 282 2847 boni,
309 2782 386 2834 vel
419 2780 550 2836 mali
573 2781 635 2833 ⁶⁸.
668 2799 686 2830 ι
727 2780 816 2833 Sic
856 2779 1063 2832 sciebat
1108 2776 1303 2830 Paulus
1332 2788 1544 2831 mutare
1585 2789 1698 2832 sto—

150 2877 238 2937 las.
270 2886 319 2930 et
345 2875 445 2930 alia
469 2875 549 2928 ιιιὶ
589 2874 654 2926 ad
683 2873 959 2943 populum,
992 2872 1096 2925 alia
1144 2873 1195 2924 in
1234 2870 1537 2927 ministerio
1578 2885 1701 2923 san-

151 2980 362 3022 ctorum.
397 2966 525 3034 Ipse
570 2974 746 3019 autem
790 2963 1107 3032 pontiﬁcum
1150 2961 1412 3029 pontifex,
1439 2970 1493 3015 et
1519 2977 1701 3015 sacer-

152 3064 317 3113 dolum
369 3057 630 3111 sacerdos
675 3055 935 3109 Dominus
974 3064 1030 3108 et
1069 3052 1319 3106 Salvator
1369 3061 1574 3116 noster,
1635 3054 1702 3106 de

1796 576 1942 631 sunt,
1971 565 2109 619 sicut
2142 574 2223 616 est
2265 576 2361 631 pro
2406 570 2625 629 peccato
2660 568 2713 614 et
2764 574 2862 625 pro
2892 558 3112 612 delicto.
3157 556 3357 612 Omnes

1791 658 2018 712 masculi
2057 657 2400 711 sacerdotum
2444 654 2604 706 edent
2643 649 2787 706 eam.
2822 649 3144 720 Legitimum
3203 660 3361 702 auer-

1794 767 1918 804 uum
1953 750 2007 803 in
2035 748 2320 818 progenies
2372 754 2584 798 vestras
2636 743 2703 795 ab
2740 743 2929 795 hostiis
2972 741 3203 796 Domini.
3227 740 3359 797 0m-

1798 842 1880 895 nis
1925 840 2016 908 qui
2068 837 2305 906 tetigerit
2357 850 2443 899 ea,
2488 832 2940 886 sanctiﬁcabitur.
2979 850 2996 882 ι
3036 831 3090 884 ln
3130 832 3213 885 bis
3243 848 3362 900 qua:

1794 935 2067 1005 proposita
2100 940 2253 994 sunt,
2293 944 2410 983 mos
2444 929 2661 997 quidem
2694 926 3035 980 sacrificandi
3063 928 3363 981 sacerdoti-

1794 1030 1892 1082 bus
1917 1029 2094 1087 datur,
2125 1032 2179 1077 et
2202 1022 2560 1076 observantize
2594 1020 2792 1087 quibus
2818 1019 2918 1072 coli
2958 1020 3118 1083 Deus,
3149 1019 3232 1072 vel
3269 1036 3362 1088 pu-

1799 1119 1997 1173 riﬁcari
2029 1114 2255 1185 populus
2297 1115 2592 1175 videretur,
2635 1112 2716 1165 vel
2750 1110 2913 1164 etiam
2945 1111 2997 1163 in
3037 1113 3364 1169 necessariis

1796 1212 1970 1264 vietus
1993 1222 2157 1263 causa
2191 1204 2570 1260 consuleretur
2596 1204 2971 1258 sacerdotibus
2993 1212 3048 1256 et
3078 1204 3361 1257 ministris.

1797 1299 2093 1356 Oil'erenda:
2121 1298 2264 1351 enim
2306 1294 2501 1349 simila:
2536 1295 2587 1348 in
2614 1293 2881 1348 sacriﬁcio
2913 1308 3164 1348 mensura
3192 1297 3365 1362 posita

1797 1401 1901 1457 est,
1926 1403 2046 1460 quae
2094 1386 2304 1449 decima
2342 1400 2467 1455 pars
2498 1385 2623 1454 cphi
2655 1384 2981 1453 appellatur,
3032 1383 3159 1436 huic
3186 1385 3364 1438 oleum

1799 1480 2227 1551 superfunditur,
2269 1489 2324 1533 et
2380 1479 2505 1533 thus
2552 1480 2956 1546 superponitur.
3006 1478 3112 1534 Sed
3151 1493 3271 1530 cum
3300 1479 3365 1530 ad

1801 1574 1971 1627 altare
2004 1569 2335 1640 pervenerit,
2366 1568 2638 1634 sacerdos,
2677 1568 2870 1636 inquit,
2899 1569 3113 1637 plenam
3148 1584 3367 1621 manum

1800 1686 1868 1725 ex
1892 1687 1956 1726 eo
1995 1677 2192 1732 sumet,
2215 1667 2287 1720 ita
2321 1674 2379 1717 ut
2412 1664 2553 1718 intra
2588 1663 2977 1733 plenitudinem
3013 1678 3204 1718 manus
3240 1678 3369 1717 con-

1800 1763 1979 1819 cludat
2024 1762 2182 1832 203
2218 1770 2273 1815 et
2319 1759 2496 1814 oleum
2546 1756 2687 1825 quod
2737 1754 2970 1809 infusum
3009 1765 3112 1818 est,
3159 1764 3213 1809 et
3246 1756 3373 1808 tlnts

1796 1855 1934 1924 quod
1973 1854 2367 1922 superpositum
2394 1859 2495 1912 est,
2529 1857 2588 1901 ut
2612 1847 2681 1901 sit
2711 1847 2813 1901 hoc
2843 1840 3075 1902 libamen
3108 1856 3162 1901 et
3188 1846 3377 1902 sacri-‘

1798 1948 1979 2002 ﬁcium
2029 1945 2137 1999 Deo
2187 1945 2239 1998 in
2291 1945 2517 1999 odorem.
2549 1942 2855 1996 suavitatis.
2895 1938 3127 2003 Castera,
3174 1937 3369 2006 inquit,

1799 2048 2054 2095 maneant
2084 2039 2457 2094 sacerdotibus
2491 2038 2557 2091 ad
2590 2039 2880 2101 edendum,
2933 2036 3024 2090 sud
3065 2034 3271 2088 edenda
3309 2046 3371 2085 ea

1798 2132 2013 2186 tradidit
2041 2132 2123 2185 lex
2156 2132 2209 2185 in
2240 2130 2359 2186 loco
2394 2140 2603 2195 sancto,
2643 2131 2695 2184 in
2725 2131 2866 2183 atrio
2906 2124 3265 2189 tabernaculi,
3298 2122 3372 2175 ita

1799 2233 1858 2277 ut
1883 2223 2014 2278 nihil
2063 2223 2417 2278 fermentetur
2468 2240 2534 2279 ex
2597 2223 2697 2277 eis.
2755 2219 2905 2274 Hanc
2948 2220 3116 2281 enim,
3173 2215 3371 2283 inquit,

1800 2314 1918 2370 dedi
1956 2313 2163 2384 partem
2191 2316 2585 2377 sacerdotibus,
2619 2324 2672 2367 ct
2707 2316 2817 2366 haec
2864 2320 2988 2364 sunt
3015 2308 3214 2363 Sancta
3251 2320 3376 2360 san-

1802 2417 2029 2461 ctorum.
2079 2406 2184 2461 Sed
2232 2417 2285 2461 et
2336 2407 2463 2461 illud
2498 2402 2778 2460 observari
2814 2400 3002 2463 voluit,
3034 2409 3088 2452 ut
3123 2397 3219 2451 soli
3259 2412 3377 2449 tua-

1801 2500 1933 2554 sculi
1965 2499 2128 2553 edant
2163 2515 2226 2552 ex
2258 2512 2344 2561 eo,
2376 2496 2569 2550 femina
2607 2494 2748 2547 nulla
2794 2492 3091 2557 contingat.
3125 2487 3290 2541 Addit
3320 2494 3378 2541 et

1810 2593 1931 2656 hoc,
1959 2592 2098 2661 quod
2131 2592 2222 2660 qui
2258 2590 2489 2659 tetigerit
2535 2603 2596 2643 ea
2638 2585 3026 2641 sanctiﬁcetur.
3057 2580 3162 2634 Sed
3194 2579 3238 2633 si
3282 2592 3373 2631 ve-

1803 2687 1962 2740 limus
1995 2699 2137 2738 nunc
2165 2683 2231 2736 ab
2264 2683 2328 2736 iis
2367 2682 2456 2750 qui
2491 2682 2541 2735 in
2576 2677 2865 2734 manifesto
2909 2672 3074 2729 ,ἰυόωί
3108 2679 3257 2737 sunt,
3284 2682 3374 2722 re-

1802 2778 2021 2846 quirere
2052 2777 2118 2830 de
2152 2774 2379 2845 singulis
2410 2789 2512 2844 qna
2549 2771 2756 2825 ratione
2808 2766 2933 2821 illud
2964 2767 3064 2819 hoc
3099 2763 3257 2818 modo
3288 2759 3378 2813 di-

1804 2879 1948 2924 ctum
1983 2869 2075 2934 sit,
2109 2877 2200 2921 aut
2234 2866 2361 2921 illud
2402 2865 2508 2918 alio
2556 2862 2734 2923 modo,
2788 2859 3030 2913 absoluta
3081 2854 3236 2910 nobis
3289 2867 3376 2906 re-

1805 2962 2094 3032 sponsione
2139 2959 2510 3021 satisfacient,
2555 2955 2791 3009 dicentes
2823 2969 2835 3005 :
2866 2950 2941 3005 Ita
2980 2951 3152 3005 visum
3188 2958 3267 3002 est
3303 2945 3380 2999 lc-

1805 3070 1924 3123 gem
1954 3052 2124 3115 danti,
2166 3067 2323 3107 nemo
2364 3048 2584 3103 discutit
2629 3032 2914 3099 Dominam
2942 3057 3118 3097 suum.
3154 3041 3219 3094 Et
3259 3039 3379 3093 ideo

154 3165 245 3219 quo
278 3149 403 3203 dicit
431 3144 808 3215 Apostolus“,
831 3144 959 3212 quia
981 3160 1003 3195 α
1036 3141 1274 3212 pontifex
1294 3143 1365 3195 sit
1394 3143 1696 3195 futurorum
1730 3170 1775 3230 ρ
1807 3147 2058 3201 cedentes
2085 3145 2164 3198 eis
2201 3146 2252 3197 in
2292 3142 2523 3207 cmteris,
2553 3142 2618 3195 de
2659 3142 2761 3193 hoc
2808 3135 3101 3190 novissimo
3130 3148 3381 3189 sermone

153 3243 417 3305 bonorum,
458 3257 481 3289 ι
531 3236 653 3290 audi
679 3235 950 3303 quomodo
1014 3233 1218 3302 primus
1261 3234 1373 3286 lucc
1409 3233 1618 3298 fecerit,
1648 3244 1701 3287 et

151 3334 214 3386 ita
244 3330 522 3399 discipulis
551 3329 661 3383 suis
686 3329 802 3382 hate
844 3325 1101 3381 imitanda
1135 3323 1432 3391 reliquerit.
1462 3325 1703 3393 Evange-

151 3426 265 3478 lium
295 3421 461 3479 refert
493 3423 563 3476 de
585 3437 667 3485 eo,
718 3430 773 3476 et
804 3420 936 3474 dicit
977 3420 1050 3485 ⁷ο,
1099 3418 1223 3487 quia
1266 3437 1284 3469 ι
1331 3418 1383 3470 in
1431 3417 1704 3487 parabolis

150 3516 450 3586 loquebatur
486 3516 558 3569 ad
584 3513 792 3579 turbas,
836 3521 890 3565 et
916 3512 1035 3565 sine
1067 3510 1339 3579 parabolis
1384 3525 1491 3564 non
1520 3509 1705 3577 loque-

154 3607 294 3657 batur
338 3605 438 3661 eis.
481 3622 503 3655 ›
542 3603 807 3657 Seorsum
838 3610 1015 3653 autem
1056 3599 1301 3653 solvebat
1338 3614 1398 3651 ea
1427 3599 1705 3667 discipulis

152 3695 269 3747 suis.
305 3694 463 3748 Vides
488 3692 763 3763 quomodo
811 3691 924 3758 ipse
985 3689 1165 3744 docuit
1212 3688 1333 3741 aliis
1372 3688 1707 3742 indumentis

151 3790 215 3843 nti
258 3791 451 3845 debere
508 3788 860 3859 pontificem,
917 3800 1037 3839 cum
1092 3784 1334 3853 procedit
1381 3782 1447 3834 ad
1486 3781 1705 3845 turbas;

151 3882 279 3948 aliis,
314 3896 435 3935 cum
474 3878 709 3935 eruditis
736 3887 791 3932 et
821 3875 1079 3945 perfectis
1108 3874 1377 3928 ministrat
1404 3873 1454 3925 in
1481 3873 1701 3926 sanctis.

151 3973 286 4027 llnde
314 3974 616 4042 Optaudum
650 3970 803 4024 nobis
828 3980 911 4023 est
949 3978 1004 4021 et
1032 3966 1321 4038 agendum,
1359 3982 1424 4019 ne
1450 3964 1583 4019 tales
1606 3980 1705 4019 nos

151 4066 374 4120 inveniat
415 4064 602 4127 Jesus,
642 4066 711 4117 ita
755 4062 1053 4131 imparatos
1090 4069 1144 4113 et
1184 4060 1257 4112 ita
1293 4058 1473 4113 saeculi
1502 4057 1706 4111 sollici-

148 4159 407 4213 tudinibus
462 4156 741 4226 alligatos,
769 4163 825 4207 ut
875 4169 999 4208 cum
1040 4151 1218 4206 turbis
1260 4151 1512 4219 loquatur
1546 4149 1702 4203 nobis

150 4252 196 4303 in
221 4249 510 4316 parabolis,
550 4257 608 4301 ut
651 4246 894 4300 videntes
926 4260 1030 4299 non
1058 4245 1359 4308 videamus,
1396 4252 1449 4299 et
1481 4244 1701 4296 audien-

150 4352 220 4393 tes
264 4355 365 4393 non
416 4338 743 4403 audiamus;
792 4337 885 4390 sed
931 4336 1110 4404 potius
1157 4334 1296 4388 inter
1341 4350 1432 4388 eos
1473 4335 1702 4388 inveniri

150 4447 464 4495 mereamur,
522 4430 587 4482 ad
645 4443 783 4495 quos
820 4428 953 4482 dicit
995 4428 1036 4458 ⁷³
1073 4446 1088 4482 :
1128 4446 1146 4479 ι
1200 4426 1363 4481 Vobis
1414 4427 1594 4481 datum
1624 4436 1701 4481 est

148 4541 295 4580 nosse
323 4523 587 4595 mysteria
622 4519 772 4589 regni
798 4521 912 4575 Dei.
951 4537 970 4571 ›

209 4617 259 4671 7.
288 4617 417 4670 Post
454 4616 562 4669 hoc
594 4629 608 4666 :
645 4632 663 4663 ‹
693 4611 815 4666 Hth
843 4621 945 4676 est,
989 4611 1164 4680 inquit
1216 4612 1285 4675 7’,
1327 4610 1414 4664 lex
1452 4609 1706 4664 sacrificii

144 4716 274 4784 quod
299 4714 545 4769 offerent
576 4714 669 4767 lilii
702 4715 877 4767 Aaron
910 4710 1207 4765 sacerdotis
1230 4718 1354 4762 ante
1384 4684 1553 4760 altare
1580 4722 1709 4761 con-

149 4819 219 4859 tra
272 4807 588 4861 Dominum.
649 4805 875 4860 Auferet
917 4805 984 4859 ab
1006 4818 1073 4857 eo
1113 4803 1327 4870 plenam
1374 4814 1592 4854 manum
1645 4799 1711 4851 de

144 4899 447 4969 similagine
509 4898 761 4954 sacriﬁcii
816 4912 937 4952 cum
981 4894 1103 4949 oleo
1151 4892 1288 4960 ejus,
1322 4901 1377 4946 et
1410 4906 1530 4945 cum
1564 4890 1708 4944 omni

147 4990 293 5042 thure
310 4992 454 5059 ejus,
483 5005 606 5059 quae
631 4995 756 5043 sunt
780 4989 845 5041 ad
880 4987 1230 5047 sacrificium,
1266 4992 1319 5037 et
1350 4983 1588 5049 imponet
1620 4996 1711 5033 su-

146 5095 234 5148 per
259 5082 432 5136 altare
476 5082 707 5136 hostiam
759 5081 978 5134 odorem
1029 5076 1314 5132 suavitatis
1343 5115 1358 5138 ,
1400 5071 1715 5127 memoriale

142 5176 251 5242 ejus
274 5175 535 5229 Domino.
566 5174 717 5240 Quod
755 5182 936 5225 autem
982 5168 1312 5239 superfuerit
1342 5182 1407 5220 ex
1443 5181 1529 5229 ea,
1555 5180 1713 5217 man-

144 5267 562 5321 ducabitAaron
602 5276 656 5319 et
697 5265 787 5317 ﬁlii
818 5264 955 5332 ejus.
1012 5264 1212 5332 Azyma
1260 5260 1454 5313 edetur
1498 5258 1549 5310 in
1591 5257 1709 5311 loco

144 5369 345 5423 sancto,
380 5360 434 5411 in
495 5358 635 5411 atrio
675 5355 1007 5411 tabernaculi
1068 5352 1361 5407 testimonii
1417 5351 1747 5404 ntanduca—.

144 5447 265 5501 bunt
300 5466 449 5504 cam.
479 5449 595 5505 Non
621 5459 884 5517 coquetur
909 5447 1318 5507 fermentatum,
1359 5452 1567 5512 partem
1598 5441 1703 5495 illis

207 5565 448 5619 "ICor.
491 5581 552 5627 ιι,
586 5564 637 5627 6,
666 5564 717 5629 7,
750 5564 803 5617 8.
882 5561 924 5593 ετ
956 5560 1082 5614 una.
1128 5561 1185 5613 2.
1264 5559 1307 5591 σε
1338 5558 1500 5612 Ilebr.
1540 5572 1595 5624 v,
1637 5555 1723 5611 tt.

145 5634 187 5663 ’ί
211 5633 383 5690 Levit.
415 5651 495 5699 vi,
537 5635 597 5688 14
625 5645 677 5690 et
706 5648 857 5703 seqq.

1807 3235 2167 3305 requiramus,
2194 3242 2254 3287 ut
2301 3232 2483 3286 dicant
2524 3226 2525 3229 “
2555 3229 2823 3299 quomodo
2850 3228 3027 3282 omnis
3067 3228 3156 3297 qui
3193 3227 3381 3296 tetige-

1807 3329 1878 3380 rit
1908 3341 1975 3380 ex
2006 3324 2275 3379 sacrificio
2321 3330 2657 3387 sanctorum,
2699 3320 3086 3377 sanctiﬁcetur.
3120 3320 3175 3373 Si
3210 3319 3380 3372 homi-

1807 3415 1923 3468 cida
1948 3415 2205 3482 tetigerit,
2230 3414 2272 3467 si
2294 3413 2573 3483 profanus,
2593 3413 2637 3465 si
2661 3412 2890 3477 adulter,
2908 3411 2953 3464 si
2979 3410 3216 3463 incestus
3240 3407 3377 3481 (96),

1808 3506 2178 3559 sanctiﬁcatus
2221 3504 2366 3559 erit?
2405 3504 2519 3557 Non
2561 3503 2705 3557 enim
2749 3503 2962 3569 excepit
3003 3502 3259 3570 aliquem,
3289 3502 3379 3554 sed

1810 3599 1945 3651 dixit
1978 3614 1991 3649 :
2028 3614 2047 3645 ‹
2085 3594 2270 3650 Omnis
2312 3594 2401 3662 qui
2457 3592 2697 3660 tetigerit
2730 3606 2813 3654 ea,
2864 3590 3314 3644 sanctiﬁcabitur.
3356 3608 3376 3640 ι

1810 3690 2076 3745 Ponamus
2106 3688 2269 3750 enim,
2304 3685 2448 3754 quod
2486 3685 2647 3737 etiam
2680 3697 2826 3736 nunc
2864 3682 3074 3748 integer
3105 3679 3175 3734 sit
3208 3689 3382 3734 status

1812 3785 1953 3840 illius
2012 3780 2218 3850 templi,
2270 3778 2567 3834 offerantur
2614 3776 2826 3838 hostia),
2860 3771 3126 3826 sacriﬁcia
3185 3785 3384 3824 consu-

1812 3886 2047 3930 mantur.
2082 3873 2356 3941 Ingressus
2407 3876 2490 3922 est
2527 3866 2725 3933 aliquis
2778 3862 3036 3932 templum
3097 3860 3381 3924 scelestus,

1812 3967 2052 4035 iniquus,
2085 3965 2349 4032 impurus,
2387 3958 2590 4013 invenit
2619 3971 2815 4011 carnes
2851 3971 2917 4009 ex
2946 3956 3230 4010 sacriﬁciis
3261 3970 3385 4024 pro-

1811 4062 2035 4131 positas,
2068 4066 2123 4110 et
2158 4055 2334 4123 tetigit
2377 4067 2489 4115 eas,
2542 4049 2913 4104 sanctilicatus
2956 4048 3212 4102 continuo
3261 4060 3387 4115 pro-

1812 4146 2185 4207 nuntiabitur?
2214 4145 2503 4198 Enimvero
2543 4140 2691 4195 nullo
2718 4140 2897 4205 modo,
2938 4138 3018 4193 vel
3052 4138 3129 4192 rei
3169 4146 3385 4203 natura,

1813 4245 1897 4300 vel
1923 4245 2125 4297 veritas
2175 4238 2454 4309 religionis
2486 4236 2587 4289 hoc
2626 4232 2855 4300 recipit:
2889 4242 2942 4286 et
2988 4231 3108 4311 ideo
3156 4230 3385 4284 redeun-

1815 4340 1939 4395 dum
1994 4337 2149 4391 nobis
2196 4343 2279 4388 est
2324 4335 2390 4387 ad
2441 4332 2805 4400 expositiones
2850 4326 3187 4395 evangelicas
3223 4332 3386 4391 atque

1819 4428 2163 4501 apostolicas,
2207 4436 2265 4479 ut
2301 4425 2380 4478 lex
2413 4424 2581 4493 possit
2614 4420 2860 4489 intelligi.
2895 4418 3003 4471 Nisi
3048 4417 3191 4471 enim
3236 4417 3387 4467 vela-

1741 4511 1786 4567 ἰ)
1817 4536 1936 4575 men
1995 4517 2283 4573 abstulerit
2326 4513 2674 4583 Evangelium
2725 4513 2789 4566 de
2840 4510 2980 4564 facie
3033 4507 3224 4577 Moysi,
3256 4520 3383 4565 non

1816 4622 1993 4683 potest
2020 4611 2190 4665 videri
2224 4608 2401 4662 vultus
2432 4605 2568 4674 ejus,
2606 4619 2704 4658 nec
2748 4617 2938 4657 sensus
2974 4599 3091 4668 ejus
3132 4597 3381 4665 intelligi.

1818 4704 1949 4758 Vide
1984 4716 2115 4771 ergo
2160 4699 2428 4768 quomodo
2464 4700 2514 4750 in
2548 4694 2786 4748 Ecclesia
2823 4690 3187 4762 apostolorum
3221 4686 3386 4740 disci-

1816 4794 1925 4864 puli
1958 4793 2151 4845 adsunt
2178 4791 2263 4844 his
2307 4805 2428 4857 qua:
2476 4788 2687 4857 Moyses
2724 4784 3049 4853 scripsitpct
3087 4777 3386 4833 defendunt

1818 4900 1904 4949 ca,
1928 4883 2067 4953 quod
2096 4893 2148 4936 et
2181 4879 2392 4949 impleri
2420 4889 2638 4947 queant,
2672 4885 2725 4931 ct
2754 4870 3148 4928 rationabiliter
3181 4867 3399 4934 scriptas

1817 4984 1964 5032 sunt.
1990 4974 2299 5028 Judazorum
2329 4984 2460 5023 vero
2489 4970 2763 5031 doctores,
2793 4972 2847 5019 et
2892 4958 3243 5030 impossibilia
3271 4956 3395 5010 hac

1815 5076 1870 5123 et
1902 5061 2317 5124 irrationabilia,
2349 5068 2637 5129 sequentes
2662 5057 2897 5111 litteram
2932 5052 3154 5106 faciant.

1882 5160 1936 5214 8.
1966 5159 2128 5227 Igitur
2161 5154 2506 5215 sacriﬁcium,
2541 5166 2638 5220 pro
2673 5164 2780 5218 quo
2820 5147 2933 5201 lucc
2961 5142 3142 5198 omnia
3170 5136 3391 5195 sacriﬁ-

1813 5252 1894 5306 cia
1928 5252 1978 5304 in
2008 5260 2132 5320 typo
2160 5261 2213 5302 et
2259 5250 2427 5316 ﬁgura
2458 5250 2868 5313 prmccsserant,
2902 5252 3064 5291 unum
3110 5244 3162 5289 et
3202 5230 3390 5302 perfe-

1811 5356 1978 5409 ctum,
2012 5340 2318 5397 innnolatus
2362 5348 2447 5393 est
2475 5336 2747 5391 Christus.
2784 5330 2951 5400 llujus
2984 5324 3235 5383 sacriﬁcii
3266 5337 3386 5377 car-

1809 5453 1930 5493 nem
1982 5437 2025 5491 si
2084 5436 2205 5504 quis
2259 5433 2529 5501 tetigerit,
2582 5428 2837 5484 conlinuo
2888 5422 3283 5479 sanctiﬁcatur.
3326 5416 3393 5473 Si

1827 5555 1870 5586 ⁸³
1912 5554 2073 5610 llebr.
2129 5568 2202 5621 ix,
2260 5551 2346 5607 11.
2447 5548 2494 5583 ⁷⁸
2518 5547 2708 5603 Matth.
2751 5559 2870 5611 xm,
2897 5541 2987 5595 54.
3062 5539 3106 5572 ⁷¹
3138 5537 3267 5593 ibid.
3296 5536 3384 5593 11.

210 5778 317 5844 (96)
351 5778 507 5833 Idem
539 5792 656 5843 ms,
690 5796 707 5829 ι
747 5778 788 5831 si
818 5775 1076 5831 incestus.
1110 5794 1127 5826 ›
1169 5772 1329 5828 Libb.
1363 5770 1511 5836 editi,
1550 5788 1567 5820 ι
1604 5769 1645 5824 si
1677 5769 2034 5823 incestuosus.
2067 5781 2085 5813 ι

3421 5629 3432 5661 I
