3876 6520
474 353 580 409 ιᾶὅ

1938 353 2260 411 ORIGENIS

3617 356 3697 406 LM

475 471 786 528 immundus
812 477 914 535 est,
945 471 1266 536 mundatur;
1303 473 1348 527 si
1386 474 1438 528 in
1481 473 1638 544 plaga
1676 482 1759 529 est
1791 475 1922 544 (97).
1957 490 2045 528 sa-
2075 477 2123 532 Α
2150 472 2233 526 vir
2261 469 2638 542 quaeritur,qui
2669 484 2864 526 carnes
2895 477 3115 525 sanctas
3143 469 3316 540 possit
3339 468 3637 535 comedere,
3658 483 3701 526 et

476 577 656 621 natur.
690 563 779 617 Sic
808 563 1040 632 denique
1062 563 1328 618 intellexit
1359 565 1470 630 illa,
1501 568 1567 621 de
1604 583 1710 635 qua
1738 567 1894 636 paulo
1923 577 2049 619 ante

477 655 792 717 memoravi,
825 670 946 723 qua:
977 653 1295 723 proﬂuvium
1329 659 1610 727 sanguinis
1643 659 1947 727 patiebatur
1973 659 2045 721 ⁷³,

474 747 598 815 quia
631 748 742 814 ipse
788 755 932 798 esset
961 760 1090 799 caro
1121 746 1394 812 sacriﬁcii,
1428 757 1482 801 et
1520 763 1649 801 caro
1693 748 1888 803 Sancta
1924 764 2048 803 san-

474 849 720 901 ctorum;
752 847 811 889 et
835 838 961 906 quia
990 853 1125 891 vere
1153 838 1421 892 intellexit
1447 854 1566 907 qua:
1589 849 1732 894 esset
1760 855 1887 894 caro
1919 840 2050 894 San-

473 939 555 983 cta
591 938 926 994 sanctorum,
979 931 1179 986 idcirco
1217 931 1469 985 accessit.
1502 931 1568 984 Et
1612 933 1781 1000 ipsam
1833 933 2047 1001 quidem

471 1034 687 1073 carnem
735 1030 980 1074 sanctam
1025 1022 1338 1090 contingere
1390 1035 1494 1073 non
1546 1023 1707 1074 audet
1750 1040 1764 1075 :
1809 1024 2046 1076 nondum

471 1113 616 1164 enim
645 1113 901 1165 mumlata
940 1113 1137 1176 fuerat,
1188 1129 1287 1167 nec
1336 1129 1452 1181 quae
1501 1114 1738 1182 perfecta
1771 1125 1918 1180 sunt,
1950 1132 2046 1184 ap-

472 1185 867 1272 prehenderat;
912 1207 1002 1259 sed
1044 1205 1309 1259 ﬁmbriam
1364 1206 1538 1273 tetigit
1573 1208 1904 1274 vestimenti,
1941 1224 2046 1278 quo

471 1305 658 1348 Sancta
689 1312 816 1350 caro
851 1297 1155 1364 tegebatur,
1195 1308 1248 1352 et
1293 1301 1436 1356 ﬁdeli
1473 1312 1614 1356 tactu
1650 1303 1897 1356 virtutem
1947 1304 2046 1355 eli-

472 1387 583 1440 cuit
614 1403 679 1440 ex
705 1403 888 1454 carne,
921 1404 1042 1458 qua:
1081 1406 1139 1445 se
1167 1401 1222 1445 et
1260 1392 1328 1445 ab
1361 1393 1698 1447 immunditia
1731 1393 2046 1448 sanctifica-

473 1486 578 1541 ret,
605 1487 660 1532 et
702 1494 730 1532 a
780 1481 930 1550 plaga
970 1497 1133 1550 quam
1169 1483 1479 1551 patiebatur
1514 1496 1752 1540 sanaret.
1801 1486 1914 1539 Non
1950 1487 2042 1541 tibi

473 1569 724 1623 videntur
759 1572 861 1626 isto
895 1574 1064 1642 magis
1092 1575 1282 1630 ordine
1310 1584 1456 1631 stare
1486 1592 1644 1645 posse
1677 1578 1820 1631 dicta
1851 1577 2042 1647 Moysi,

473 1662 670 1728 quibus
703 1664 834 1717 dicit
862 1681 875 1717 :
909 1665 1096 1720 Omnis
1126 1668 1217 1735 qui
1258 1669 1495 1736 tetigerit
1525 1684 1588 1724 ex
1630 1669 1885 1724 carnibus
1915 1685 2043 1724 san-

473 1754 577 1807 ctis
621 1755 1087 1810 sanctiﬁcabitur?
1134 1758 1237 1812 llas
1278 1761 1421 1812 enim
1495 1775 1712 1822 carnes,
1754 1777 1892 1831 quas
1947 1777 2044 1817 nos

473 1847 838 1915 exposuimus,
870 1850 1160 1918 tetigerunt
1195 1867 1383 1906 omnes
1415 1854 1504 1921 qui
1549 1870 1614 1908 ex
1645 1856 1895 1921 gentibus
1922 1871 2042 1910 cre-

472 1937 741 1992 diderunt.
788 1939 896 1994 Has
931 1942 1102 2009 tetigit
1131 1952 1182 1995 et
1218 1943 1324 2007 ille,
1353 1946 1442 2012 qui
1499 1946 1708 2000 dicebat
1731 1947 1818 1999 ’δε
1855 1967 1873 1998 ‹
1922 1947 2048 2001 Fui-

474 2044 594 2082 mus
624 2032 768 2084 caim
805 2042 858 2085 et
891 2048 988 2086 nos
1030 2033 1325 2102 aliquando
1354 2037 1508 2090 stulti
1542 2046 1598 2091 et
1641 2039 1923 2106 increduli,
1954 2056 2045 2094 er—

473 2129 679 2184 rantes,
709 2123 1007 2178 servientes
1059 2125 1340 2181 desideriis
1370 2137 1424 2181 et
1456 2128 1824 2198 voluptatibus
1855 2132 2042 2196 variis,

474 2203 526 2256 in
553 2205 752 2258 malitia
775 2215 830 2259 et
855 2205 1053 2260 invidia
1081 2215 1321 2276 agentes,
1361 2209 1608 2274 odibiles,
1639 2211 1886 2266 odientes
1913 2213 2054 2266 invi-

469 2309 608 2348 cem.
639 2293 744 2350 Sed
775 2312 898 2350 cum
928 2297 1234 2367 benignitas
1257 2309 1310 2354 ct
1336 2301 1644 2357 humanitas
1671 2304 1843 2360 illuxit
1867 2305 2053 2359 Salva-

470 2389 605 2444 toris
635 2391 804 2445 nostri
840 2392 953 2454 Dei,
984 2394 1159 2448 salvos
1188 2412 1287 2449 nos
1319 2395 1445 2450 fecit
1473 2414 1569 2466 per
1596 2399 1867 2454 lavacrum
1898 2417 2054 2472 rcge-

469 2480 769 2535 nerationis
794 2489 848 2535 et
888 2485 1254 2540 renovationis
1280 2486 1514 2556 Spiritus
1535 2490 1726 2543 sancti.
1776 2510 1793 2540 ›
1828 2491 1895 2545 Ει
1927 2492 2055 2548 alibi

470 2571 634 2627 dicit:
662 2595 678 2623 ι
713 2575 779 2628 Ει
802 2575 937 2641 haec,
963 2577 1136 2646 inquit
1156 2581 1220 2642 ⁷⁸,
1249 2582 1466 2649 quidem
1509 2583 1706 2645 fuistis,
1736 2585 1829 2638 sed
1852 2585 2054 2653 justiﬁ-

471 2666 574 2720 cati
599 2667 748 2731 estis,
778 2670 872 2722 sed
901 2672 1218 2727 sanctiﬁcati
1251 2675 1381 2728 estis
1408 2675 1459 2728 in
1483 2678 1702 2731 nomine
1724 2678 1935 2733 Domini
1963 2696 2054 2734 no-

470 2759 564 2812 stri
595 2759 725 2814 Jesu
751 2761 973 2825 Christi,
1003 2773 1058 2818 et
1086 2764 1136 2816 in
1171 2766 1364 2834 spiritu
1396 2768 1487 2821 Dei
1521 2769 1711 2823 nostri.
1752 2790 1768 2818 ι
1801 2772 1853 2825 Si
1879 2773 2047 2839 enim,

471 2859 530 2904 ut
561 2851 815 2915 diximus,
861 2864 1042 2926 tangat
1083 2858 1204 2926 quis
1239 2875 1456 2914 carnem
1494 2861 1622 2916 Jesu
1663 2879 1729 2917 eo
1759 2866 1919 2920 modo
1944 2882 2052 2935 quo

469 2958 630 3011 supra
654 2948 1021 3016 exposuimus,
1049 2960 1157 3004 tota
1185 2950 1307 3015 ﬁde,
1331 2955 1476 3006 omni
1499 2955 1804 3010 obedientia
1831 2961 2054 3014 accedat

467 3035 533 3089 ad
554 3036 759 3104 Jesum,
791 3049 1045 3110 tanquam
1072 3044 1138 3097 ad
1164 3044 1397 3098 Verbum
1424 3061 1643 3101 carnctn
1687 3049 1909 3115 factum,
1950 3051 2051 3106 iste

2150 564 2436 618 comedere
2458 577 2565 616 non
2593 562 2644 616 in
2672 577 2995 632 quocunque
3017 562 3154 626 loco,
3175 563 3266 618 sed
3287 564 3340 616 in
3373 563 3496 616 loco
3517 572 3699 629 sancto,

2150 656 2290 708 intra
2321 655 2517 708 atrium
2547 654 2908 709 tabernaculi.
2933 655 3172 709 Audiant
3203 655 3318 709 haec
3349 655 3444 723 qui
3474 655 3701 710 scindunt

2148 746 2470 813 Ecclesiam,
2499 755 2554 800 et
2595 747 2909 816 peregrinas
2947 761 3012 799 ac
3057 761 3250 812 pravas
3294 736 3611 799 inducentes
3632 747 3703 799 do-

2149 839 2354 893 ctrinas
2388 847 2575 908 putant
2605 853 2664 894 se
2702 853 2888 892 sacras
2916 851 3108 890 carnes
3141 847 3294 890 extra
3328 838 3586 903 templum
3609 836 3702 901 Dei,

2147 940 2202 983 et
2226 941 2375 984 extra
2405 933 2583 983 aulam
2619 929 2953 984 Dominicam
2983 946 3140 999 posse
3165 930 3474 984 comedere.
3499 927 3702 982 Profana

2149 1030 2275 1074 sunt
2310 1037 2498 1075 eorum
2539 1020 2829 1082 sacrificia,
2859 1036 2979 1088 qua:
3022 1029 3214 1074 contra
3267 1019 3510 1072 mandati
3560 1017 3702 1086 legem

2150 1124 2431 1180 geruntur.
2465 1110 2522 1165 ln
2560 1111 2677 1166 loco
2723 1120 2913 1165 sancto
2960 1111 3044 1165 edi
3082 1111 3338 1178 iubentur
3386 1111 3532 1163 intra
3583 1111 3699 1164 atria

2153 1201 2487 1255 tabernaculi
2522 1201 2836 1258 testimonii.
2873 1202 3021 1254 Atria
3058 1201 3393 1255 tabernaculi
3430 1199 3702 1253 testimonii

2149 1302 2292 1357 sunt,
2323 1308 2442 1361 qua:
2465 1292 2588 1345 ﬁdei
2623 1307 2808 1345 murus
2833 1292 3020 1355 ambit,
3047 1293 3158 1360 spei
3191 1291 3458 1345 columna:
3495 1304 3702 1358 suspen-

2148 1382 2311 1448 dunt,
2361 1383 2640 1440 cliaritatis
2696 1383 2990 1450 amplitudo
3036 1383 3246 1436 dilatat.
3303 1381 3405 1436 Ubi
3449 1381 3567 1434 [nec
3616 1395 3704 1433 non

2146 1483 2292 1540 sunt,
2319 1489 2509 1528 carnes
2539 1483 2737 1529 sanctae
2758 1489 2854 1528 nec
2874 1474 3058 1528 haberi
3097 1483 3340 1542 possunt,
3367 1487 3469 1526 nec
3491 1472 3701 1526 comedi.

2217 1567 2272 1620 9.
2307 1567 2453 1621 Bene
2502 1575 2681 1620 autem
2732 1568 2875 1634 quod
2925 1575 2981 1620 et
3016 1581 3114 1630 ea,
3171 1580 3290 1634 qna:
3341 1579 3410 1618 ex
3457 1562 3704 1617 sacriﬁcio

2147 1657 2310 1729 204
2349 1641 2672 1726 similaginis
2696 1658 3014 1723 offeruntur,
3049 1657 3204 1726 plena
3241 1673 3404 1710 manu
3439 1671 3568 1710 cum
3607 1657 3703 1709 oleo

2146 1749 2450 1804 offeruntur
2475 1759 2528 1804 et
2570 1752 2746 1817 thure,
2783 1751 2833 1804 in
2881 1751 3104 1804 odorem
3152 1749 3439 1804 suavitatis
3475 1748 3700 1802 Domino.

2148 1841 2311 1895 lstum
2350 1841 2526 1896 locum
2561 1843 2798 1897 breviter
2843 1842 3152 1910 explanavit
3203 1841 3489 1910 apostolus
3533 1840 3702 1894 Paulus

2148 1935 2214 1988 ad
2268 1934 2636 2004 Philippeuses
2662 1975 2677 2000 ,
2729 1935 2915 1989 dicens
2945 1934 2992 1964 ⁷³
3020 1951 3034 1988 :
3063 1954 3082 1985 ι
3127 1934 3381 2002 Repletus
3427 1950 3550 1988 sum
3588 1934 3700 1988 acci-

2148 2027 2303 2095 piens
2337 2029 2405 2080 ab
2432 2027 2819 2096 Epaphrodito,
2856 2043 2918 2081 ea
2947 2043 3067 2096 qua:
3089 2043 3118 2081 a
3149 2028 3301 2082 vobis
3332 2028 3499 2082 missa
3525 2038 3638 2080 sunt
3657 2029 3696 2082 in

2145 2119 2362 2172 odorem
2408 2119 2726 2185 suavitatis,
2781 2121 3012 2174 hostiam
3059 2129 3373 2187 acceptam,
3421 2120 3695 2186 placentem

2146 2212 2278 2265 Deo.
2322 2230 2340 2262 ›
2377 2212 2431 2265 lu
2463 2227 2568 2281 quo
2607 2213 2865 2277 ostendit,
2888 2215 3031 2281 quod
3077 2211 3455 2267 misericordia
3483 2211 3693 2280 quidem,

2145 2320 2266 2374 quae
2293 2320 2421 2373 erga
2445 2321 2710 2374 pauperes
2753 2307 2832 2370 ﬁt,
2872 2306 3048 2362 oleum
3094 2305 3328 2359 infundit
3366 2306 3422 2359 in
3451 2306 3695 2360 sacrificio

2145 2397 2278 2463 Dei;
2314 2398 2672 2452 ministerium
2723 2414 2851 2453 vero
2893 2399 3036 2468 quod
3071 2400 3276 2454 sanctis
3306 2399 3574 2458 defertur,
3596 2413 3694 2450 sua-

2143 2489 2362 2542 vitatem
2415 2489 2586 2542 tburis
2619 2489 2864 2558 imponit.
2912 2488 3017 2542 Sed
3065 2488 3168 2542 hoc
3213 2489 3371 2555 plena
3412 2503 3570 2540 manu
3600 2488 3691 2540 ﬁeri

2143 2578 2340 2633 debere
2361 2580 2688 2649 praecipitur.
2719 2579 2809 2632 Sic
2834 2579 2975 2632 enim
3005 2579 3145 2632 idem
3181 2579 3475 2649 Apostolus
3500 2579 3619 2632 dicit
3637 2579 3689 2644 τ’,

2142 2671 2270 2738 quia
2304 2690 2322 2722 ‹
2356 2671 2444 2739 qui
2473 2686 2637 2738 parce
2683 2671 2932 2732 seminat,
2967 2687 3131 2740 parce
3176 2683 3232 2726 et
3268 2681 3456 2726 metet.
3489 2672 3588 2738 Qui
3612 2688 3688 2725 aa—

2146 2772 2250 2817 tem
2295 2763 2526 2817 seminat
2566 2764 2617 2816 in
2668 2763 3072 2827 benedictione,
3121 2764 3187 2817 de
3235 2765 3609 2818 benedictione
3649 2775 3691 2818 et

2142 2863 2306 2908 metet
2333 2855 2496 2907 vitam
2533 2863 2813 2908 aeternam.
2858 2874 2877 2906 ι
2918 2853 3014 2907 Est
3053 2863 3230 2909 tamen
3276 2856 3482 2925 aliquid
3513 2858 3564 2910 in
3601 2858 3692 2924 ipso

2143 2947 2438 3010 sacriﬁcio,
2469 2948 2610 3014 quod
2661 2945 2972 2999 memoriale
3009 2947 3329 3014 appellatur,
3359 2949 3507 3016 quod
3542 2947 3692 3002 oerrri

2146 3038 2369 3090 Domino
2397 3039 2612 3091 dicitur.
2642 3037 2751 3107 Ego
2790 3037 2833 3090 si
2859 3052 3070 3104 possem
3103 3039 3188 3091 die
3218 3053 3284 3090 ac
3326 3046 3490 3092 nocte
3520 3040 3568 3092 in
3601 3041 3694 3108 lege

469 3129 644 3199 tetigit
673 3146 893 3186 carnem
923 3135 1172 3189 sacriﬁcii
1197 3179 1208 3200 ,
1237 3147 1292 3190 et
1321 3139 1689 3194 sanctificatus
1719 3153 1821 3196 est.
1854 3143 2110 3228 Tangitc
2147 3129 2354 3182 θυιηίιιί
2386 3130 2655 3192 meum”,
2681 3136 2736 3181 θι
2769 3143 2955 3184 omnes
2988 3131 3301 3198 scrip”ras
3343 3131 3601 3184 memoria
3627 3146 3693 3184 τε·

465 3229 646 3274 autem
675 3239 867 3278 carnes
890 3224 1049 3280 Verbi
1075 3239 1127 3282 ct
1150 3229 1256 3292 ille,
1284 3230 1350 3283 de
1371 3247 1476 3299 quo
1499 3233 1629 3286 dicit
1653 3234 1941 3303 Apostolus
1962 3237 2007 3267 ⁷⁵
2031 3255 2043 3289 :

471 3333 489 3363 ‹
539 3314 906 3396 Perfectorum
947 3330 1126 3374 autem
1167 3333 1250 3377 cst
1288 3325 1442 3378 cibus
1481 3326 1686 3379 solidus
1725 3342 1913 3381 eorum
1953 3326 2046 3396 qui

473 3399 570 3451 pro
605 3388 960 3455 possibilitate
989 3396 1229 3449 sumendi
1263 3400 1589 3456 exercitatos
1620 3403 1820 3456 habent
1850 3388 2043 3462 scus-us

470 3475 538 3528 ad
571 3477 950 3543 discretionem
983 3485 1104 3538 boni
1137 3501 1201 3540 ac
1229 3488 1376 3545 mali.
1415 3510 1434 3540 ο
1463 3490 1656 3563 Tangit
1699 3509 1828 3564 ergo
1865 3506 1918 3550 et
1953 3499 2043 3552 ille

469 3583 687 3624 carnem
727 3571 884 3626 Verbi
941 3577 1053 3643 Dei,
1099 3581 1189 3647 qui
1245 3583 1502 3638 interiora
1543 3586 1658 3655 ejus
1701 3588 1946 3655 discutit,
1989 3601 2043 3645 et

467 3663 675 3716 occulta
706 3674 882 3734 potest
911 3669 1200 3737 explanare
1236 3677 1512 3744 mysteria.
1553 3678 1614 3732 Et
1648 3694 1748 3734 nos
1781 3682 1827 3734 si
1879 3682 2042 3736 liabe-

469 3770 648 3809 remus
696 3759 853 3813 talem
911 3761 1239 3818 intellectum
1270 3808 1285 3832 ,
1328 3784 1607 3836 possemus
1657 3773 1864 3841 singula
1922 3792 2042 3844 qua:

466 3850 778 3904 scribuntur
810 3854 860 3906 in
900 3854 1035 3922 lege,
1078 3859 1307 3926 spiritali
1359 3863 1804 3932 interpretatione
1838 3868 2041 3922 discer-

469 3952 619 4001 nere,
649 3950 704 3993 et
744 3943 1016 3997 obtectum
1069 3950 1493 4021 uniuscujusque
1541 3958 1809 4012 sermonis
1855 3975 2039 4013 sacra-

468 4041 732 4097 mentum,
778 4033 829 4087 in
859 4033 1029 4090 lucem
1081 4041 1323 4095 scientia:
1357 4043 1651 4100 subtilioris
1688 4050 1950 4112 educere;
1991 4052 2037 4105 si

466 4121 537 4174 ita
577 4125 771 4179 docere
794 4142 1071 4196 p03semus
1102 4133 1418 4202 Ecclesiam,
1445 4147 1501 4192 ut
1532 4140 1661 4193 nihil
1703 4156 1766 4195 ex
1802 4144 1885 4197 his
1919 4161 2039 4214 qua:

465 4210 602 4265 lecta
646 4224 770 4267 sunt
806 4231 1110 4274 remaneret
1154 4224 1482 4291 ambiguum,
1531 4229 1663 4282 nihil
1709 4210 2041 4301 relinquere-

465 4310 552 4355 tur
589 4305 908 4373 obscurum,
945 4309 1192 4366 fortassis
1239 4322 1295 4366 et
1338 4316 1404 4371 de
1450 4320 1604 4373 nobis
1650 4322 1755 4377 dici
1805 4335 2033 4393 poterat,

461 4397 585 4459 quia
621 4397 894 4467 tetigimus
928 4415 1121 4456 carnes
1163 4417 1380 4460 sanctas
1406 4411 1566 4464 Verbi
1628 4413 1717 4467 Dei
1751 4425 1806 4468 et
1837 4419 2037 4472 sancti-

2148 3223 2338 3286 tinerc,
2373 3221 2688 3274 memoriale
2711 3221 2965 3276 sacrificii
2997 3221 3102 3275 mei
3127 3221 3354 3276 Domino
3377 3221 3689 3276 obtulissem.

2144 3311 2302 3363 Certe
2335 3295 2377 3364 si
2409 3327 2516 3364 non
2556 3313 2735 3366 omnia
2777 3329 3083 3382 possumus,
3109 3313 3299 3367 saltem
3338 3327 3403 3366 ea
3427 3327 3550 3380 quae
3579 3327 3694 3363 nunc

2145 3405 2403 3456 docentur
2433 3404 2485 3457 in
2526 3405 2772 3467 ceclesia,
2812 3404 2895 3459 vel
2931 3420 3049 3472 qua:
3095 3405 3414 3470 recitantur,
3443 3402 3692 3456 memoriae

2144 3495 2611 3562 commendemus;
2639 3507 2696 3548 ut
2725 3505 2988 3550 exeuntes
3011 3496 3075 3549 de
3125 3497 3380 3560 ecclesia,
3419 3505 3474 3550 et
3497 3504 3695 3563 agentes

2143 3602 2305 3656 opera
2349 3587 2756 3650 misericordiae,
2780 3597 2831 3640 et
2877 3587 3160 3657 implentes
3204 3589 3384 3641 divina
3425 3596 3692 3656 praecepta,

2143 3680 2468 3733 sacriﬁcium
2506 3696 2628 3733 cum
2665 3682 2824 3735 thure
2861 3691 2915 3734 et
2944 3681 3065 3735 oleo
3099 3680 3392 3736 offeramus
3433 3682 3486 3733 in
3517 3695 3695 3732 memo-

2144 3771 2277 3824 riam
2311 3771 2549 3825 Domino.
2588 3773 2661 3825 Ex
2690 3773 2772 3826 his
2797 3788 2925 3842 ergo
2961 3773 3283 3835 edocemini,
3315 3781 3378 3825 ut
3415 3787 3538 3838 quae
3570 3771 3696 3822 audi-

2141 3862 2237 3915 stis
2258 3861 2371 3932 (98)
2392 3862 2443 3916 in
2478 3862 2728 3927 ecclesia,
2758 3873 3008 3932 tanquam
3041 3865 3232 3916 munda
3256 3862 3693 3927 animalia,veluti

2143 3953 2480 4007 ruminantes
2506 3968 2566 4007 ea
2595 3954 2857 4007 revocetis
2878 3955 2944 4006 ad
2967 3953 3302 4017 memoriam,
3327 3963 3383 4006 et
3409 3970 3533 4007 cum
3555 3954 3694 4007 corde

2141 4056 2320 4098 vestro
2369 4060 2488 4113 qua:
2536 4044 2676 4098 dicta
2718 4055 2844 4098 sunt
2893 4035 3206 4100 conferatis.
3251 4045 3409 4111 Quod
3449 4045 3496 4099 si
3541 4045 3692 4112 aliqua

2141 4136 2412 4190 memoria:
2453 4135 2842 4204 super-fuerint,
2879 4146 2934 4191 et
2968 4137 3297 4191 intellectum
3340 4148 3580 4191 vestrum
3621 4151 3694 4190 su-

2139 4228 2467 4306 peraverint,
2501 4226 2668 4280 facite
2696 4230 2836 4298 quod
2883 4230 3166 4298 prazsentis
3217 4229 3457 4282 mandati
3490 4228 3693 4282 auctori-

2140 4329 2221 4375 tas
2270 4323 2532 4390 praecipit,
2577 4325 2762 4377 dicens
2791 4323 2834 4353 ⁸ο
2868 4340 2882 4375 :
2913 4339 2930 4372 ‹
2969 4321 3120 4386 Quod
3169 4331 3348 4374 autem
3385 4319 3692 4390 superfuerit

2138 4426 2202 4464 ex
2241 4414 2345 4477 his,
2389 4413 2789 4467 manducabunt
2823 4411 2931 4483 (99)
2975 4413 3152 4466 Aaron
3189 4424 3243 4467 et
3275 4414 3370 4468 ﬁlii
3423 4417 3562 4482 ejus.
3599 4434 3614 4465 ι
3644 4412 3689 4465 Si

461 4484 603 4538 ﬁcati
633 4503 837 4545 sumus.
869 4491 961 4547 Sic
985 4502 1164 4548 autem
1200 4499 1406 4567 accipio
1429 4510 1483 4555 et
1508 4503 1634 4556 illud
1659 4507 1799 4573 quod
1824 4507 2025 4563 dictum

2146 4504 2262 4571 ]uid
2304 4505 2641 4572 superaverit
2669 4513 2723 4559 et
2750 4504 3049 4558 excesserit
3084 4505 3419 4560 intellectum
3451 4519 3593 4560 tuum
3622 4505 3688 4558 vel

458 4585 562 4638 est,
591 4580 715 4647 quia
747 4597 936 4638 omnes
960 4586 1181 4641 masculi
1209 4603 1274 4642 ex
1306 4592 1677 4649 sacerdotibus
1703 4599 1862 4652 edent
1885 4613 2026 4654 eam.

457 4663 610 4720 Nulla
641 4671 784 4725 enim
817 4673 1036 4740 femina,
1068 4691 1168 4732 nec
1203 4680 1423 4735 remissa
1464 4693 1519 4738 et
1561 4685 1822 4741 dissoluta
1852 4691 2031 4743 anima

456 4759 658 4823 poterit
700 4763 860 4816 cdere
907 4782 1098 4823 carnes
1147 4782 1362 4828 sanctas
1394 4773 1554 4829 Verbi
1610 4775 1722 4831 Dei.
1759 4778 2028 4836 Masculus

455 4848 717 4914 quaeritur
760 4854 851 4919 qui
903 4869 994 4910 eas
1030 4859 1170 4912 edat.
1213 4861 1434 4917 Masculi
1487 4866 1719 4935 denique
1755 4877 1902 4934 sunt,
1939 4871 2030 4938 qui

455 4938 820 5003 perducuntur
852 4945 920 4998 ad
961 4962 1266 5016 numerum,
1319 4969 1579 5023 nusquam
1633 4956 1866 5020 feminae,
1898 4976 2028 5014 nus-

451 5043 612 5096 quam
645 5035 853 5100 parvuli
882 5048 1256 5096 numerantur.
1287 5041 1440 5099 Unde
1471 5056 1524 5099 et
1553 5049 1843 5117 Apostolus
1883 5052 2029 5106 dice-

451 5121 543 5175 bat
571 5122 616 5153 ⁷⁷
647 5141 660 5177 :
700 5143 718 5176 ι
759 5125 892 5181 Cum
923 5139 1100 5185 autem
1150 5135 1324 5189 factus
1372 5155 1488 5192 sum
1521 5141 1623 5204 vir,
1655 5142 1873 5210 deposui
1905 5159 2024 5212 quae

447 5223 608 5268 erant
635 5218 867 5284 parvuli.
915 5239 934 5271 ›
982 5220 1129 5278 Talis
1167 5243 1297 5298 ergo
1336 5230 1437 5286 iste
1483 5235 1775 5299 masculus,
1817 5245 1871 5292 et
1903 5236 2022 5292 talis

516 5359 750 5442 "Nare.
769 5378 825 5442 _v.
880 5365 950 5442 _"
969 5367 1077 5424 Tit.
1102 5373 1259 5442 1Ῠ11,5.
1335 5375 1380 5405 ⁷⁵
1409 5376 1565 5433 ICor,
1593 5395 1666 5442 νι,
1694 5382 1778 5432 Η,

655 5573 798 5658 Idem
850 5593 976 5659 ms.,
1006 5596 1024 5630 ι
1063 5581 1428 5638 sanctiﬁcatur
1471 5586 1516 5641 si
1565 5588 1868 5646 immundus
1906 5601 2011 5659 est,

443 5651 668 5720 sanatur
694 5649 745 5720 _si
780 5649 833 5699 in
867 5649 1023 5720 plaga
1054 5660 1158 5708 est.
1200 5671 1219 5704 ι

449 5708 624 5833 usi???
655 5713 797 5770 Idem
827 5708 1022 5786 ms.,":
1073 5721 1320 5781 audistis.
1369 5743 1388 5778 ι
1423 5723 1579 5784 Libb.
1609 5727 1760 5798 editi,
1802 5749 1820 5785 ι
1857 5733 2010 5788 audi-

584 5382 825 5450 tum-2.}.
880 5382 1077 5450 .'_'"I'Il.
1102 5386 1183 5450 t_t_t_,
1207 5382 1308 5450 5.__
1335 5382 1423 5450 "_l
1443 5382 1565 5433 Cor.
1593 5395 1666 5442 vi,
1694 5382 1778 5432 ll.
1854 5383 1899 5414 ⁷⁸
1920 5382 2138 5450 llcbr.v,
2171 5388 2258 5446 14.

445 5443 521 5494 ix,
563 5432 615 5484 6.
691 5433 737 5464 ⁸⁰
766 5434 938 5492 Levit.
981 5454 1052 5503 vr,
1107 5441 1194 5496 16.
1268 5442 1311 5474 ⁸¹
1363 5444 1520 5501 Deut.
1553 5432 1732 5515 lxxxii,
1774 5449 1876 5504 7."
1907 5432 2041 5508 Levi.

2152 5432 2192 5523 ιζ
2213 5432 2288 5513 Ϊ9
2337 5432 2569 5529 et

2135 4599 2448 4651 memoriam
2503 4606 2667 4663 tuam,
2711 4615 2867 4654 serva
2925 4601 3102 4653 Aaron
3150 4614 3164 4652 :
3225 4601 3323 4653 hoc
3345 4610 3449 4664 est,
3499 4613 3686 4654 reserva

2133 4682 2428 4751 sacerdoti,
2465 4703 2679 4743 reserva
2716 4688 2947 4756 doctori,
2993 4701 3050 4745 ut
3095 4693 3208 4761 ipse
3249 4693 3350 4746 hoc
3399 4693 3684 4750 manducet.

2135 4780 2249 4848 ipse
2293 4782 2570 4846 discutiat,
2623 4784 2735 4852 ipse
2785 4794 3048 4852 exponat;
3102 4785 3241 4838 sicut
3296 4793 3349 4838 et
3394 4786 3519 4840 alibi
3561 4786 3685 4837 idem

2135 4871 2346 4940 Moyses
2375 4873 2505 4927 dicit
2528 4875 2570 4904 ⁸⁷
2602 4893 2615 4929 :
2651 4893 2667 4924 ι
2707 4873 2979 4945 Interroga
3026 4885 3206 4943 patres
3244 4886 3384 4941 tuos,
3415 4886 3470 4931 et
3495 4892 3684 4930 annuae

2135 4964 2344 5016 tiabunt
2371 4967 2490 5028 tibi,
2527 4969 2872 5036 presbyteros
2903 4978 3041 5031 tuos,
3069 4979 3124 5022 et
3174 4970 3353 5023 dicent
3397 4969 3511 5026 tibi.
3543 4988 3559 5020 ι
3590 4967 3681 5036 Ipsi

2133 5056 2274 5108 enim
2305 5057 2481 5111 sciunt
2522 5061 2791 5126 quomodo
2826 5062 2937 5115 haec
2978 5077 3164 5132 azyma
3202 5062 3433 5114 debeant
3475 5062 3680 5113 mandu-

2131 5149 2263 5210 cari,
2291 5157 2342 5202 et
2368 5150 2422 5202 in
2449 5153 2658 5220 azymis
2684 5153 3015 5208 sinceritatis
3044 5163 3100 5207 et
3131 5153 3380 5207 veritatis
3402 5152 3606 5221 exponi.

2200 5241 2287 5295 l0.
2320 5241 2548 5296 Additur
2593 5244 2644 5296 in
2691 5246 3043 5314 sequentibus
3077 5243 3159 5298 "z
3196 5263 3214 5294 ε
3252 5245 3317 5297 Ει
3360 5245 3562 5300 locutus
3602 5248 3678 5297 est

2333 5389 2376 5420 ⁷⁷
2402 5387 2420 5441 l
2443 5391 2566 5444 Cor.
2589 5405 2708 5455 xttt,
2737 5390 2822 5444 ll.
2898 5391 2943 5422 ⁷⁸
2964 5391 3158 5460 Philip.
3181 5407 3254 5457 tv,
3285 5391 3372 5448 18.
3450 5388 3673 5444 "llCor.

2191 5598 2302 5669 (99)
2329 5597 2474 5654 Idem
2522 5558 2704 5666 ms.,‘t
2737 5615 2802 5654 ex
2848 5601 2969 5669 his,
3024 5602 3441 5656 manducabunt.
3479 5619 3496 5651 ι
3524 5598 3668 5651 Libb.

2117 5668 2288 5735 editi,
2313 5689 2331 5722 ‹
2361 5685 2423 5724 cx
2454 5671 2520 5724 iis
2545 5673 2906 5726 manducabit.
2937 5668 2960 5725 »⁷
2988 5671 3126 5725 Infra
3164 5672 3303 5725 idem
3341 5688 3457 5734 ms.,
3483 5688 3500 5719 ‹
3537 5671 3669 5721 idem

2120 5737 2330 5810 Moyses
2382 5741 2528 5797 dicit.
2578 5760 2596 5794 ι
2630 5739 2786 5798 Libb.
2829 5742 2982 5808 editi,
3020 5760 3038 5795 ι
3079 5743 3192 5813 ipse
3220 5740 3424 5813 Moyses
3467 5740 3604 5806 dicit.
3643 5754 3665 5789 ι
