3876 6510
160 398 267 454 445

1360 399 1426 456 IN
1477 399 1853 457 LEVITICUM
1895 395 2176 456 llOMlLIA
2223 399 2284 454 ν.

3320 401 3424 457 445

166 517 428 571 Dominus
469 517 534 571 ad
573 513 815 587 Moysen,
841 515 1077 570 dicens:
1107 511 1218 572 Hoc
1262 533 1458 573 munus
1491 517 1670 574 Aaron
1703 532 1755 574 et
1785 525 1828 578 Α
1862 518 2095 581 ciantnr,
2130 518 2262 571 sicut
2302 527 2357 572 et
2391 518 2650 572 Dominus
2679 517 2874 574 fecisse
2905 518 3138 574 refertur
3167 517 3217 571 in
3246 516 3426 573 Evan-

163 609 398 663 ﬁliorum
425 608 558 678 ejus,
596 610 738 677 quod
785 607 1012 664 offerent
1048 609 1271 666 Domino
1307 615 1359 665 in
1391 613 1476 667 die
1507 630 1612 683 qua
1649 628 1744 667 un-

158 703 311 757 xeris
341 717 485 766 eum,
511 702 775 757 decimam
803 712 1010 768 partem
1039 705 1160 773 ephi
1206 704 1528 774 similaginis
1563 706 1614 758 iu
1657 720 1745 758 sa-

160 794 373 848 criﬁcio
416 809 647 862 semper,
682 793 961 847 dimidium
1003 795 1118 862 ejus
1166 811 1345 858 mane,
1378 805 1430 850 et
1461 796 1740 849 dimidium

158 888 278 956 ejus
318 896 436 955 post
479 885 783 938 meridiem.
835 884 892 938 lu
944 888 1218 956 sartagine
1267 901 1334 939 ex
1387 888 1506 941 oleo
1555 887 1644 941 ﬁet
1691 897 1746 941 et

160 993 511 1046 conspersatn
543 974 619 1047 (1)
647 975 837 1030 offeret
875 992 994 1030 eam
1021 987 1288 1042 teneram,
1327 979 1655 1032 sacriﬁcium
1681 980 1746 1033 de

161 1071 517 1140 fragmentis,
565 1069 892 1126 sacrilicium
937 1071 988 1124 in
1036 1071 1256 1125 odorem
1300 1071 1585 1126 suavitatis
1645 1071 1743 1125 Do-

161 1163 331 1216 mino.
368 1160 637 1216 Sacerdos
675 1163 764 1231 qui
805 1173 1002 1215 unctus
1044 1159 1210 1214 fuerit
1245 1178 1342 1230 pro
1389 1176 1452 1217 eo
1507 1175 1573 1216 ex
1624 1163 1744 1216 ﬁliis

158 1251 314 1320 ejus,
343 1253 504 1307 faciat
541 1269 600 1307 ea
630 1273 642 1307 :
672 1255 755 1307 lex
797 1261 996 1306 a3terna
1026 1271 1040 1306 :
1066 1254 1246 1306 omnia
1289 1256 1746 1308 consunuuabun-

161 1355 272 1398 tur.
323 1345 390 1399 Et
430 1360 590 1399 omne
635 1346 965 1401 sacriﬁcium
1015 1349 1317 1403 sacerdotis
1369 1346 1743 1401 holocaustum

156 1438 367 1500 erit,et
405 1453 508 1490 non
556 1438 769 1492 edetur.
807 1457 825 1490 ι
855 1439 910 1492 In
945 1442 1155 1496 caeteris
1186 1439 1399 1508 quidem
1436 1439 1743 1506 prurceptis,

160 1526 407 1594 pontifex
441 1527 494 1580 in
523 1526 811 1582 ofl‘ereudis
847 1529 1131 1584 sacriﬁciis
1159 1529 1355 1598 pepqu
1383 1529 1584 1598 praebet
1627 1528 1739 1582 otii:

157 1621 346 1684 cium;
382 1621 434 1673 in
475 1620 576 1674 hoc
610 1635 736 1674 vero
771 1621 1042 1686 mandato,
1069 1637 1190 1691 quae
1236 1622 1451 1690 propria
1484 1629 1612 1674 sunt
1648 1636 1745 1674 cu-

157 1723 272 1777 rat,
299 1721 354 1765 et
383 1712 525 1780 quod
549 1712 616 1767 ad
640 1727 698 1766 se
729 1723 956 1781 spectat,
985 1715 1321 1783 exsequitur.
1348 1713 1580 1768 Jubetur
1604 1714 1745 1767 enim

155 1823 226 1859 ex
272 1806 383 1870 die,
416 1822 521 1875 qua
551 1816 743 1860 unctus
775 1806 955 1870 fuerit,
984 1823 1198 1876 semper
1239 1817 1292 1861 et
1336 1808 1389 1860 in
1427 1817 1742 1875 perpetuum

1850 609 2004 677 geliis
2034 609 2099 674 ⁸³,
2136 609 2220 663 ubi
2269 609 2542 664 benedixit
2585 626 2773 678 panes,
2828 621 2882 665 et
2931 612 3075 666 dedit
3123 610 3420 680 discipulis,

1849 711 1903 754 et
1950 701 2194 770 discipuli
2245 701 2651 771 confringentes
2697 711 3064 770 apposucrunt
3115 701 3306 756 turbis.
3360 701 3424 754 Et

1851 810 1971 847 cum
2025 793 2204 846 satiati
2255 793 2482 847 fuissent
2514 807 2727 855 omnes,
2779 795 3185 862 superfuerunt,
3229 793 3421 863 inquit,

1852 885 2277 953 fragmentorum
2331 885 2546 953 eophini
2608 885 2909 939 duodecim.
2965 884 3110 939 lstud
3171 897 3252 940 est
3295 901 3426 958 ergo

1851 974 2176 1030 sacriﬁcium
2226 991 2290 1030 ex
2341 975 2692 1044 fragmentis,
2748 989 2868 1029 cum
2935 977 3236 1031 minutatim
3305 993 3425 1046 qua:

1853 1077 1980 1121 Sunt
2021 1067 2154 1133 legis
2199 1077 2386 1121 sancta
2433 1067 2770 1131 discutimus,
2826 1078 2880 1120 ut
2922 1067 3215 1136 spiritalem
3243 1086 3308 1122 ex
3339 1070 3424 1125 his

1854 1160 2030 1212 cibum
2081 1173 2378 1227 purumque
2429 1159 2724 1226 capiamus.
2785 1158 2845 1212 Et
2894 1160 3028 1221 haec,
3087 1159 3296 1228 inquit,
3343 1172 3425 1214 est

1855 1248 1933 1302 lex
1981 1258 2206 1304 aeterna.
2265 1246 2504 1303 Joannes
2568 1247 2784 1316 quidem
2842 1249 3118 1315 apostolus
3173 1251 3224 1303 in
3275 1251 3422 1318 Apo-

1854 1341 2056 1411 calypsi
2115 1341 2247 1396 dicit
2294 1356 2412 1395 esse
2471 1339 2821 1408 Evangelium
2877 1349 3134 1395 aeternum
3173 1342 3220 1374 ⁸⁵
3276 1361 3289 1396 :
3343 1344 3424 1397 in-

1856 1436 2100 1490 venimus
2157 1444 2212 1490 et
2268 1435 2357 1490 hic
2420 1438 2680 1504 scriptum
2729 1450 2849 1489 esse
2910 1433 3084 1503 legem
3139 1445 3420 1500 aeternam,

1856 1529 2015 1598 205
2045 1530 2140 1584 sed
2189 1529 2274 1584 isti
2317 1530 2408 1599 qui
2444 1530 2611 1600 legem
2645 1531 2942 1584 secundum
2980 1528 3219 1583 litteram
3266 1531 3420 1597 sequi

1856 1625 2067 1688 volunt,
2087 1625 2246 1678 velim
2275 1624 2403 1678 mihi
2427 1641 2567 1679 nunc
2591 1624 2833 1679 dicerent
2863 1625 3133 1693 quomodo
3157 1624 3240 1678 lex
3266 1624 3423 1692 hujus

1856 1716 2107 1770 sacriﬁcii
2137 1731 2256 1770 esse
2296 1716 2686 1784 possitazterna
2724 1731 2737 1766 :
2773 1730 2894 1768 cum
2934 1715 3121 1784 utique
3145 1716 3422 1770 destructo

1859 1805 2076 1874 templo,
2109 1805 2370 1859 subverso
2398 1805 2578 1869 altari,
2630 1816 2682 1858 et
2715 1805 2968 1860 omnibus
2995 1822 3117 1874 quae
3166 1807 3422 1861 diceban-

152 1897 362 1952 nﬂerre
409 1897 772 1967 similaginem
812 1898 931 1952 oleo
973 1913 1355 1966 conspersam,
1404 1907 1640 1951 teneram
1685 1912 1747 1952 ex
1785 1883 1827 1936 Β
1859 1906 1951 1950 tur
1980 1905 2167 1949 sancta
2196 1894 2518 1964 profanatis,
2569 1895 2702 1948 ritus
2743 1895 2847 1948 iste
2880 1896 3272 1949 sacriﬁciorum
3312 1912 3420 1952 non

152 1990 464 2059 sartagine.
518 1986 681 2057 quue
731 1989 1076 2058 cognominat
1125 1989 1455 2043 sacriﬁcium
1521 2006 1587 2044 ex
1643 1990 1750 2042 fra-

155 2082 424 2150 gmentis,
458 2081 510 2134 in
549 2083 768 2136 odorem
799 2081 1117 2145 suavitatis;
1147 2090 1200 2135 et
1241 2083 1342 2136 hoc
1387 2082 1503 2150 lege
1545 2093 1746 2136 aeterna

155 2187 511 2240 permanere,
542 2181 599 2227 et
647 2173 936 2226 transmitti
973 2173 1036 2225 ad
1070 2182 1318 2241 posteros
1365 2173 1540 2240 jubet.
1588 2174 1751 2227 Addit

154 2279 298 2318 sane
329 2266 746 2328 observandum,
775 2280 842 2318 ue
870 2265 1031 2318 ullum
1065 2266 1398 2320 sacriﬁcium
1431 2267 1748 2333 sacerdotis,

155 2355 265 2408 hoc
298 2365 402 2421 est,
436 2355 579 2424 quod
617 2371 712 2423 pro
748 2359 928 2426 seipse
967 2355 1158 2411 offeret
1190 2355 1290 2428 (2),
1322 2359 1514 2411 edatur
1555 2374 1583 2411 a
1616 2373 1751 2427 quo-

153 2462 358 2511 quam;
393 2447 486 2500 sed
505 2447 889 2501 holocaustum
927 2450 1042 2513 ﬁat,
1078 2449 1219 2516 quod
1255 2459 1338 2504 est
1372 2450 1478 2518 igni
1515 2449 1748 2505 absumi.

154 2538 506 2608 l’rmceptum
539 2541 756 2609 quidem
791 2542 1087 2595 secundum
1120 2543 1354 2596 litteram
1397 2542 1601 2596 clarum
1644 2553 1748 2609 est,

154 2633 324 2686 velim
358 2641 536 2688 tamen
569 2635 752 2688 videre
778 2636 868 2704 qui
907 2635 958 2687 in
1004 2637 1104 2690 hoc
1145 2645 1321 2706 typus,
1357 2645 1411 2688 ct
1433 2652 1552 2705 quae
1583 2637 1751 2706 figura

153 2722 456 2782 formetur.
502 2726 786 2779 Dimidium
823 2725 1078 2780 sacriﬁcii
1117 2727 1276 2795 hujus
1320 2741 1477 2781 mane
1514 2727 1626 2780 vult
1670 2727 1755 2781 of-

153 2813 320 2878 ferri,
353 2823 409 2867 et
438 2814 718 2868 dimidium
767 2830 1011 2884 vespere,
1061 2824 1205 2869 certa
1259 2832 1508 2871 mensura
1555 2818 1750 2873 simila:

151 2905 282 2958 oleo
317 2920 621 2974 conspersa:
655 2916 852 2960 tenera:
881 2923 910 2959 a
941 2908 1233 2976 sartagine.
1275 2907 1409 2963 Vide
1440 2910 1486 2963 si
1520 2925 1648 2974 non,
1687 2921 1746 2964 ut

154 3011 260 3062 ego
286 2996 560 3063 suspicor,
586 2996 914 3050 sacriﬁcium
938 2998 1236 3051 sacerdotis
1258 2998 1374 3053 haec
1403 3000 1515 3067 ipsa
1540 3002 1612 3054 sit
1639 3002 1752 3068 lex,

152 3103 282 3154 qua:
313 3101 410 3153 per
437 3086 651 3157 Moysen
676 3088 1066 3156 promulgatur,
1091 3088 1244 3158 cujus
1281 3089 1557 3144 dimidium
1594 3107 1754 3147 mane

144 3175 382 3242 jubetur
415 3178 618 3244 offerri,
657 3179 934 3232 dimidium
972 3194 1102 3234 vero
1133 3182 1211 3238 ad
1239 3196 1545 3250 vesperam.
1573 3183 1744 3250 Quam

153 3269 334 3339 legem
368 3271 421 3323 in
469 3271 604 3324 duas
655 3281 836 3340 partes
884 3272 1045 3326 dividi
1101 3278 1374 3343 praecepit,
1409 3276 1459 3330 in
1509 3276 1740 3332 litteram

152 3359 424 3414 videlicet
447 3371 502 3414 et
529 3361 800 3428 spiritum.
839 3361 906 3414 Et
940 3361 1218 3416 dimidiam
1257 3363 1473 3432 quidem
1515 3375 1741 3432 partem,

151 3469 281 3523 qua:
320 3463 405 3508 est
434 3453 634 3518 littera,
669 3453 850 3508 offerri
893 3456 1047 3521 jubet
1089 3470 1268 3518 mane,
1315 3456 1488 3524 primo
1539 3457 1745 3511 scilicet

149 3548 298 3615 legis
346 3557 624 3616 tempore:
658 3548 800 3617 quod
861 3548 964 3602 illis
1019 3547 1214 3616 quibus
1266 3558 1395 3603 tunc
1446 3553 1743 3605 secundum

149 3641 405 3693 litteram
439 3640 562 3693 data
598 3651 703 3703 est,
736 3655 924 3694 novatn
959 3640 1130 3693 lucem
1176 3646 1228 3692 et
1281 3656 1482 3694 novum
1518 3643 1744 3711 protulit

149 3732 325 3794 diem,
371 3731 652 3785 dimidium
703 3747 834 3787 vero
876 3729 990 3798 ejus
1020 3731 1200 3786 offerri
1251 3732 1414 3802 jussit
1455 3735 1504 3788 in
1555 3751 1743 3804 vespe-

151 3839 303 3876 ram.
348 3821 409 3876 In
445 3837 664 3891 vespera
705 3823 848 3877 enim
896 3824 1050 3878 nobis
1103 3825 1261 3877 datus
1296 3835 1381 3878 est
1440 3827 1741 3882 Salvatoris

148 3916 448 3978 adventus,
486 3915 537 3967 in
572 3930 679 3983 quo
710 3930 836 3983 pars
885 3915 972 3968 illa
1021 3917 1263 3981 dimidia,
1298 3917 1402 3972 hoc
1437 3928 1520 3972 est
1549 3934 1743 3975 sensus

145 4005 234 4056 vel
264 4005 501 4073 spiritus
532 4004 684 4071 legis,
717 4006 1012 4058 secundum
1046 4005 1190 4074 quod
1228 4007 1310 4059 lex
1348 4007 1608 4076 spiritalis
1639 4018 1740 4074 est,

148 4095 426 4149 offeratur
454 4097 572 4150 oleo
611 4111 900 4164 conspersa
945 4106 1148 4151 tenera.
1195 4099 1384 4154 Oleum
1425 4101 1490 4152 ad
1528 4102 1742 4154 miseri-

147 4188 410 4243 cordiam
453 4197 758 4249 revocatur,
794 4203 914 4257 quae
945 4188 1103 4243 debet
1144 4189 1194 4242 in
1236 4191 1614 4245 sacerdotibus
1648 4192 1744 4244 ab-

147 4283 391 4334 undare.
423 4281 628 4334 'l‘enera
655 4281 719 4334 ad
753 4281 1004 4335 subtilem
1032 4290 1084 4334 et
1112 4296 1298 4349 puram
1331 4271 1741 4352 intelligentiam

148 4373 417 4443 pertinet.
443 4374 594 4440 Quod
627 4384 804 4426 autem
830 4389 857 4425 a
887 4375 1161 4443 sartagine
1191 4375 1411 4438 dicitur,
1449 4383 1576 4444 puto
1600 4376 1743 4444 quod

147 4465 496 4527 districtum,
530 4473 585 4518 et
619 4464 783 4517 multa
831 4465 1161 4519 continentia
1200 4467 1433 4531 aridum,
1480 4477 1534 4520 et
1579 4468 1744 4520 torri-

1854 1987 2086 2054 potuerit
2139 2000 2480 2054 permanere.
2524 1982 2814 2050 Quomodo
2862 2001 2990 2055 ergo
3039 1997 3296 2040 mternum
3342 1989 3422 2042 di—

1852 2087 1998 2142 cent,
2032 2080 2174 2146 quod
2207 2079 2333 2132 olim
2387 2093 2634 2132 cessasse
2683 2087 2737 2131 et
2768 2077 2974 2131 ﬁnitum
3003 2095 3124 2133 esse
3153 2078 3258 2148 jam
3289 2095 3416 2134 con-

1852 2170 2001 2224 stat?
2042 2169 2230 2223 Restat
2278 2179 2335 2223 ut
2391 2169 2684 2224 secundum
2738 2185 2856 2223 eam
2917 2180 3122 2238 partem
3171 2172 3256 2225 lex
3307 2173 3422 2225 haec

1852 2273 2056 2316 :ctcrua
2087 2263 2322 2326 dicatur,
2353 2277 2458 2331 qua
2501 2277 2598 2315 nos
2641 2253 2872 2316 dicimus
2907 2261 3074 2330 legem
3114 2277 3233 2316 esse
3262 2264 3423 2331 spiri-

1855 2353 2036 2418 talem,
2070 2364 2122 2408 et
2146 2369 2241 2422 per
2277 2369 2392 2408 eam
2419 2353 2682 2422 spiritalia
2718 2369 2875 2421 posse
2901 2354 3083 2408 offerri
3114 2357 3379 2409 sacriﬁcia
3405 2396 3420 2418 ,

1853 2461 1972 2516 quze
2001 2461 2176 2513 neque
2199 2444 2522 2512 interrumpi
2554 2461 2786 2513 unquam
2841 2461 3018 2514 neque
3051 2463 3270 2501 cessare
3301 2463 3422 2515 pos-

1853 2547 1997 2591 sunt.
2036 2535 2151 2590 Non
2188 2539 2330 2592 enim
2369 2538 2420 2591 in
2463 2539 2578 2594 loco
2608 2549 2733 2594 sunt
2785 2539 2883 2612 ('5),
2938 2540 3027 2607 qui
3063 2539 3418 2605 subvertitur,

1855 2637 1950 2682 aut
1979 2629 2031 2682 in
2057 2637 2298 2698 tempore
2329 2630 2470 2698 quod
2503 2640 2761 2697 mutatur,
2791 2631 2884 2686 sed
2913 2633 2964 2684 in
2992 2631 3097 2686 fide
3124 2632 3419 2695 credentis,

1853 2732 1908 2776 et
1938 2721 1990 2774 in
2018 2722 2182 2774 corde
2213 2720 2588 2775 sacriﬁcantis.
2622 2721 2765 2775 Sane
2795 2721 2936 2789 quod
2958 2721 3055 2785 ait,
3083 2721 3195 2776 Non
3233 2721 3421 2776 edetur

1854 2813 1920 2868 de
1945 2813 2214 2866 sacrificio
2240 2810 2570 2876 Sacerdotis,
2604 2815 2696 2866 sed
2725 2813 3098 2868 holocaustum
3135 2811 3264 2876 erit,
3298 2826 3422 2867 cer-

1854 2911 1966 2957 tum
1991 2913 2076 2957 est
2105 2904 2172 2958 ad
2217 2903 2429 2958 Domini
2477 2914 2531 2958 et
2567 2904 2866 2960 Salvatoris
2912 2905 3080 2959 nostri
3135 2919 3420 2974 personam

1855 2999 2070 3053 referri.
2112 2999 2187 3052 De
2223 2998 2369 3053 illius
2403 2999 2548 3052 enim
2607 3001 2876 3054 sacriﬁcio
2935 3014 3040 3054 non
3077 3000 3288 3062 edetur,
3331 2999 3423 3052 sed

1854 3090 2227 3145 holocaustum
2254 3092 2377 3146 erit.
2411 3090 2522 3146 Hoc
2550 3091 2602 3145 in
2642 3093 2760 3147 loco
2807 3092 3162 3156 sacriﬁcium,
3195 3092 3421 3144 verbum

1859 3183 2033 3251 ipsum
2063 3182 2435 3252 accipiendum
2483 3192 2588 3248 est,
2625 3193 2679 3238 et
2705 3185 2975 3248 doctrina,
3007 3185 3072 3238 de
3104 3199 3208 3252 qua
3242 3182 3418 3236 nullus

1846 3274 1994 3341 edet,
2027 3275 2129 3328 hoc
2168 3284 2247 3328 est
2282 3274 2460 3328 nullus
2483 3275 2742 3344 disputat,
2795 3275 2972 3328 nullus
3008 3281 3284 3338 retractat,
3321 3274 3414 3326 sed

1849 3365 2227 3420 holocaustum
2279 3375 2379 3420 est.
2421 3365 2691 3434 Quidquid
2741 3368 2882 3421 enim
2934 3365 3102 3428 dixit,
3152 3364 3418 3434 quidquid

1847 3456 2064 3521 statuit,
2096 3464 2301 3510 aeterna
2334 3458 2746 3511 consecratione
2780 3457 3064 3525 perdurat,
3101 3470 3201 3510 nec
3229 3455 3424 3524 aliquis

1847 3550 1922 3602 ita
1959 3549 2183 3603 insanus
2231 3549 2308 3620 (4)
2341 3550 2615 3603 invenitur
2642 3557 2737 3603 aut
2784 3547 3062 3617 profanus,
3095 3549 3188 3616 qui
3242 3559 3421 3602 retra-

1847 3651 1998 3694 ctare
2020 3640 2085 3693 de
2113 3641 2230 3709 ejus
2257 3640 2601 3696 sermonibus
2632 3640 2835 3708 possit;
2871 3655 3006 3707 quos
3045 3648 3298 3708 tauquam
3328 3639 3422 3691 h0-

1849 3731 2176 3794 locaustum,
2203 3731 2532 3785 sacriﬁcium
2569 3733 2677 3785 Deo
2700 3731 2978 3794 oblatum,
3010 3732 3060 3784 itt
3088 3730 3236 3784 omni
3272 3728 3419 3782 cultu

1847 3831 1903 3876 et
1929 3824 2280 3878 veneratione
2335 3823 2536 3876 habere
2585 3823 2842 3876 debemus
2876 3837 2889 3874 :
2929 3823 3050 3891 quia
3087 3841 3104 3873 ‹
3145 3820 3339 3875 caelum
3369 3831 3422 3874 et

1850 3923 1992 3966 terra
2014 3915 2341 3974 transibunt,
2358 3915 2522 3968 verba
2538 3926 2713 3966 autem
2733 3913 2848 3982 ejus
2867 3929 2970 3966 non
2994 3914 3300 3967 transibunt
3316 3909 3416 3978 ",3

1847 4005 1940 4060 sed
1991 4020 2213 4074 semper
2256 4014 2500 4069 manent,
2535 4007 2675 4059 sicut
2711 4016 2764 4059 et
2801 4006 2916 4071 ipse
2970 4020 3184 4072 semper
3216 4012 3417 4058 manet.

1846 4096 1949 4149 Per
1991 4099 2165 4166 ipsum
2216 4097 2322 4150 Deo
2363 4097 2506 4148 l’atri
2542 4111 2662 4148 cum
2706 4095 2910 4162 Spiritu
2951 4105 3139 4149 sancto
3166 4093 3336 4164 gloria
3367 4103 3423 4149 et

1847 4189 2220 4258 imperiumin
2254 4190 2454 4246 saecula
2491 4189 2836 4244 samulorum.
2873 4192 3064 4241 Amen.

2451 4299 2731 4355 HOMILIA'
2772 4301 2835 4355 ν.

1847 4393 1922 4447 De
1945 4409 2002 4446 eo
2034 4395 2172 4464 quod
2198 4395 2458 4464 scriptum
2487 4399 2565 4464 est
2605 4407 2623 4443 :
2658 4411 2676 4442 ε
2716 4392 2842 4446 Ηίιτ
2873 4392 2955 4446 lex
2983 4396 3270 4456 peccatL'in
3305 4398 3421 4452 loco

1912 4481 2011 4533 quo
2045 4458 2440 4532 jugulabuntur
2479 4458 2810 4527 holocausta,
2847 4465 3082 4518 occident
3107 4476 3155 4518 et
3195 4467 3248 4518 id
3281 4469 3422 4536 quod

143 4561 278 4612 dum
315 4557 450 4610 velit
483 4571 599 4609 esse
640 4557 1002 4619 sacerdotem,
1038 4557 1090 4610 in
1126 4572 1232 4626 quo
1268 4557 1400 4609 nihil
1450 4558 1734 4612 remissum
1771 4578 1815 4632 ι)
1910 4536 2110 4603 “om”.
2137 4544 2235 4598 εδίν
2266 4553 2284 4585 ²
2316 4545 2423 4589 θιθ·

144 4653 350 4705 haberi
384 4650 450 4702 ad
481 4649 768 4714 luxuriam,
799 4648 931 4701 nihil
956 4648 1173 4702 fluitans
1203 4649 1270 4703 ad
1303 4648 1580 4703 libidinem
1617 4665 1740 4718 pos-

142 4745 239 4798 sit.
286 4741 450 4809 Quod
491 4751 670 4794 autem
712 4741 1038 4795 sacriﬁcium
1082 4741 1256 4809 ipsum
1301 4757 1367 4795 ex
1419 4741 1737 4809 fragmentis

145 4833 458 4889 nominavit
512 4833 564 4886 in
615 4833 829 4885 odorem
883 4833 1186 4898 suavitatis,
1245 4841 1376 4901 puto
1430 4834 1571 4901 quod
1628 4833 1740 4885 fra-

143 4934 382 4996 gmenta
429 4923 768 4978 sacerdotum
816 4922 942 4977 velit
990 4923 1217 4993 intelligi
1249 4942 1262 4978 :
1290 4939 1412 4978 cum
1468 4923 1600 4993 legis
1648 4937 1744 4991 per

142 5029 240 5069 eos
275 5016 464 5069 littera
493 5013 778 5083 frangitur,
810 5022 865 5067 et
907 5014 1060 5068 cibus
1087 5029 1153 5069 ex
1181 5031 1243 5069 ea
1274 5015 1447 5069 latens
1488 5016 1742 5068 intrinse-

139 5119 242 5161 cus
309 5106 580 5174 spiritalis
635 5105 884 5171 elicitur;
939 5116 999 5160 ut
1052 5106 1334 5163 audientes
1396 5109 1564 5163 turba:
1615 5107 1743 5162 reﬁ-

212 5276 262 5308 ⁸³
296 5273 496 5328 Matth.
531 5289 642 5330 xtv.
716 5273 762 5305 ⁸⁸
787 5275 954 5343 Apoc.
995 5289 1106 5340 xtv,
1149 5273 1202 5329 6.

125 5431 135 5472 λ
217 5410 299 5482 (l)
333 5409 485 5482 Idem
520 5425 704 5482 ms.,}
741 5417 793 5462 et
826 5425 1169 5482 conspersam
1199 5426 1211 5474 ;
1250 5431 1268 5462 ι
1302 5419 1355 5464 et
1378 5481 1383 5482 γ
1409 5410 1566 5482 paulo
1599 5419 1738 5477 post,

145 5501 164 5532 ς
195 5479 542 5535 sacrificium
561 5481 626 5532 de
651 5479 994 5544 fragmentis,
1020 5480 1347 5535 sacriﬁcium
1374 5481 1425 5533 in
1446 5481 1689 5534 odorem.
1714 5497 1732 5530 ι

142 5553 202 5605 In
267 5559 442 5605 antea
509 5551 669 5603 editis
699 5549 1251 5618 legitumcouspersa,
1294 5568 1312 5600 ι
1347 5558 1539 5617 etpost
1578 5569 1594 5600 ι
1631 5550 1739 5601 fra-

141 5622 397 5690 gmentis
427 5639 447 5671 ι
482 5635 585 5672 non
618 5622 876 5690 repetitur
911 5639 929 5671 ι
968 5619 1315 5674 sacriﬁcium.
1353 5638 1372 5669 ι
1407 5619 1550 5672 Infra
1597 5620 1736 5673 idem

145 5708 281 5749 ms.,
313 5707 336 5740 ι
372 5689 452 5743 lex
489 5699 710 5759 aeterna.
748 5709 765 5741 ι
807 5689 1119 5754 Libb.editi,
1159 5691 1329 5759 clege
1379 5699 1601 5744 aeterna.
1640 5708 1660 5740 ›

223 5762 306 5824 (‘2)
356 5759 500 5812 Idem
529 5758 694 5812 codex
725 5759 1032 5828 Sangernn,
1067 5777 1084 5809 ι
1122 5758 1329 5814 offeret.
1358 5779 1376 5810 ι
1406 5761 1557 5815 Libb.
1585 5759 1734 5822 editi,

153 5849 173 5880 ι
214 5832 408 5884 oﬂ'ert.
453 5849 469 5881 ι
499 5829 635 5883 Infra
671 5831 805 5884 idem
843 5846 964 5896 ms.,
1004 5849 1020 5880 ι
1052 5829 1271 5898 jubetur
1297 5831 1494 5886 offerri.
1534 5851 1549 5882 ι
1578 5830 1734 5886 Libb.

1921 4642 1972 4696 1.
2012 4659 2030 4691 ι
2063 4642 2127 4695 Ει
2175 4641 2383 4696 locutus
2427 4652 2509 4696 est
2542 4642 2800 4695 Dominus
2843 4640 2907 4693 ad
2934 4640 3147 4711 Moysen
3183 4640 3369 4695 dicens
3399 4655 3414 4693 :

1848 4733 2093 4801 Loquere
2133 4735 2200 4787 ad
2242 4737 2446 4797 Aaron,
2491 4743 2548 4788 et
2583 4735 2649 4788 ad
2693 4734 2831 4790 ﬁlios
2867 4733 2982 4803 ejus
3029 4735 3257 4788 dicens:
3295 4731 3418 4785 llaec

1847 4837 1930 4882 est
1958 4828 2042 4882 lex
2069 4828 2277 4895 peccati
2301 4840 2313 4875 :
2335 4827 2390 4879 lu
2419 4827 2540 4881 loco
2565 4842 2670 4896 quo
2693 4827 3010 4896 jugulantur
3045 4826 3121 4898 (5)
3163 4828 3414 4882 holocaua

1847 4930 1952 4986 sta,
1984 4920 2234 4974 occident
2278 4931 2332 4974 et
2374 4920 2428 4973 id
2465 4919 2606 4989 quod
2643 4921 2851 4988 peccati
2897 4929 2980 4975 est
3021 4931 3210 4974 contra
3242 4919 3417 4972 Domi-

1849 5030 1976 5067 num
2004 5031 2017 5067 :
2057 5013 2254 5067 Sancta
2279 5021 2594 5066 sanctorum
2625 5021 2770 5066 sunt.
2806 5013 3077 5068 Sacerdos
3101 5013 3190 5082 qui
3229 5010 3418 5065 offeret

1847 5105 2003 5171 illud,
2027 5105 2084 5160 in
2108 5106 2227 5161 loco
2253 5115 2442 5160 sancto
2467 5105 2610 5172 edet,
2648 5107 2701 5159 in
2726 5106 2867 5161 atrio
2903 5104 3231 5161 tabernaculi
3267 5102 3417 5158 testi-

1280 5275 1325 5307 ⁸⁵
1353 5273 1540 5328 Matth.
1579 5288 1726 5338 xxw,
1756 5271 1844 5325 15.

1836 5409 1984 5470 editi,
2021 5426 2039 5457 ι
2076 5406 2297 5476 jubetur
2323 5405 2535 5461 oﬂ‘erre.
2573 5426 2592 5460 ι

1911 5480 1986 5551 (5)
2025 5475 2172 5551 idem
2207 5491 2336 5540 ms.,
2375 5487 2569 5551 (sunt.
2611 5494 2629 5528 ι
2660 5475 2817 5551 Libb_.
2849 5475 3004 5536 editi,
3034 5491 3053 5524 ι
3090 5479 3192 5551 est.
3231 5491 3252 5551 η

1909 5543 1986 5617 (4)
2021 5547 2163 5602 Idem
2189 5562 2315 5612 ms.,
2344 5565 2362 5597 ι
2390 5547 2461 5600 ita
2491 5547 2732 5602 insanus.
2755 5564 2772 5596 ι
2795 5544 2852 5598 ιη
2879 5552 3036 5598 antea
3054 5543 3212 5596 editis
3232 5543 3404 5608 deest,

1839 5639 1857 5671 ι
1897 5620 1990 5675 ita.
2016 5639 2037 5669 ι

1907 5688 1984 5758 (5)
2031 5687 2214 5742 Codex
2267 5687 2630 5758 Sangertn.,_¢
2657 5685 2987 5755 jugulantur.
3022 5699 3040 5731 ι
3073 5681 3224 5758 Lihh.
3250 5682 3401 5758 editi,

1842 5778 1860 5810 ε
1895 5752 2305 5830 jugulabuntur.
2353 5752 2549 5830 »ίΙῃ-[ηι
2586 5752 2908 5830 idem—nis”
2939 5768 2974 5830 ἰ
3019 5752 3276 5830 sacerdos
3313 5755 3402 5822 qui

1836 5821 2044 5886 offer-vet.
2090 5847 2108 5880 ›
2142 5827 2295 5882 Libb.
2329 5828 2490 5890 cditi,
2530 5845 2547 5878 ι
2580 5824 2832 5880 sacerdos
2861 5822 2951 5892 qui
2985 5821 3216 5898 offert.)
