3876 6540
467 369 569 424 H7

1911 365 2232 422 ORIGENIS

3608 365 3696 423 448

469 489 661 545 monii.
703 487 892 544 Omnis
914 486 1006 556 qui
1046 487 1212 558 tangit
1250 487 1318 542 de
1352 489 1609 544 carnibus
1635 488 1774 558 ejus,
1805 490 2044 544 sanctiﬁ-
2074 493 2119 550 Α
2149 488 2200 541 in
2236 487 2419 542 futuro
2457 485 2830 543 lmreditatem
2864 486 2991 541 vitae
3019 491 3239 541 aeternae
3293 492 3704 552 consequentur,

471 580 716 644 cabitur;
760 587 815 633 et
843 578 1150 649 cuicunque
1189 594 1472 649 aspersum
1508 580 1672 635 fuerit
1701 597 1765 635 ex
1794 584 2056 653 sanguine

466 672 619 742 ejus,
675 688 837 742 super
887 673 1272 727 vestimentum
1322 675 1686 744 quodcunque
1742 692 2053 746 respersum

471 764 665 829 fuerit,
709 773 763 819 et
816 764 992 834 ipsum
1046 765 1314 820 lavabitur
1353 768 1407 821 in
1448 769 1567 823 loco
1605 780 1813 824 sancto.
1855 771 1924 824 Et
1961 786 2055 825 vas

471 860 637 914 ﬁctile
677 859 731 912 in
771 874 1095 930 quocunque
1136 871 1350 914 coctum
1392 859 1574 927 fuerit,
1619 863 1995 934 confringetur
2037 881 2049 917 :

465 951 512 1008 si
544 961 727 1005 autern
759 951 814 1003 in
843 966 972 1004 vase
1001 967 1144 1006 aereo
1181 951 1254 1023 (6)
1298 962 1512 1007 coctum
1543 953 1734 1019 fuerit,
1770 955 2055 1010 defricabit

466 1042 600 1096 illud
640 1051 695 1096 et
733 1041 904 1096 diluet
943 1059 1101 1112 aqua.
1145 1043 1337 1098 Omnis
1376 1045 1652 1101 masculus
1692 1062 1757 1100 ex
1798 1048 2050 1102 sacerdo-

471 1128 616 1182 tibus
647 1129 771 1182 edet
810 1145 870 1184 ea
907 1149 920 1184 :
958 1132 1158 1186 Sancta
1193 1143 1508 1190 sanctorum
1547 1145 1669 1190 sunt
1700 1137 1945 1190 Domino.
1978 1136 2045 1190 Et

469 1217 647 1270 omnia
676 1234 795 1286 qua:
823 1234 920 1287 pro
957 1232 1176 1290 peccato
1207 1233 1358 1289 sunt,
1381 1240 1446 1279 ex
1469 1226 1669 1294 quibus
1698 1225 1902 1280 illatum
1933 1227 2046 1279 fue-

471 1307 541 1362 rit
569 1324 598 1362 a
633 1312 898 1380 sanguine
922 1328 1110 1368 eorum
1154 1315 1208 1368 in
1239 1316 1592 1373 tabernaculo
1629 1319 1921 1374 testimonii
1947 1319 2042 1372 de-

471 1403 686 1469 precari
713 1403 767 1456 in
793 1403 911 1458 loco
936 1416 1148 1473 sancto,
1197 1423 1301 1462 non
1341 1410 1593 1476 edentur,
1627 1410 1719 1465 sed
1756 1410 1862 1479 igni
1891 1424 2044 1464 com-

470 1492 736 1548 burentur
757 1495 822 1550 ⁸⁶.
855 1515 874 1548 ι
908 1497 1030 1552 Ηωο
1054 1501 1234 1553 omnia
1259 1502 1360 1556 nisi
1379 1502 1485 1556 alio
1507 1518 1667 1558 sensu
1691 1502 2043 1571 accipiamus,

470 1601 632 1653 quam
671 1586 862 1643 litterae
892 1600 1074 1646 textus
1100 1594 1371 1659 ostendit,
1405 1595 1546 1649 sicut
1592 1609 1735 1663 sape
1758 1594 1874 1664 jam
1906 1594 2047 1648 dixi-

473 1691 612 1736 mus,
649 1693 772 1731 cum
809 1682 859 1733 in
903 1683 1139 1738 ecclesia‘
1159 1686 1474 1752 recitantur,
1507 1686 1846 1742 obstaculum
1875 1687 2047 1757 magis

468 1779 523 1823 et
547 1771 958 1829 subversionem
984 1776 1307 1831 Christianae
1335 1778 1607 1847 religioni,
1641 1795 1812 1849 quam
1859 1781 2044 1836 berta-

471 1863 672 1918 tionem
735 1865 812 1937 (7)
861 1870 1380 1942 :cdiﬁcationemque
1429 1875 1780 1942 praestabunt.
1824 1873 1882 1930 Si
1919 1890 2045 1930 vero

474 1952 802 2011 discutiatur
830 1967 883 2012 et
930 1960 1236 2015 inveniatur
1263 1977 1368 2030 quo
1399 1979 1562 2018 sensu
1593 1965 1705 2019 haec
1727 1968 1866 2020 dicta
1899 1976 2043 2034 sunt,

471 2057 526 2099 et
555 2048 714 2116 digne
747 2050 855 2104 Deo
885 2052 976 2120 qui
1013 2054 1126 2108 haec
1183 2057 1431 2110 scribere
1470 2059 1693 2124 dicitur,
1753 2060 2046 2113 advertan-

475 2147 584 2200 tur,
619 2137 710 2193 ﬁet
744 2141 959 2209 quidem
987 2142 1206 2201 Judzeus
1234 2148 1324 2215 qui
1353 2147 1467 2203 hate
1495 2150 1668 2214 audit,
1700 2152 1793 2206 sed
1825 2166 1929 2205 non
1956 2152 2048 2208 ille

471 2229 562 2296 qui
602 2229 652 2282 in
694 2231 1006 2300 manifesto,
1048 2238 1140 2290 sed
1191 2239 1279 2308 qui
1320 2240 1372 2293 in
1409 2240 1623 2296 occulto
1661 2241 1879 2298 Judaeus
1917 2256 2044 2298 est:

469 2319 766 2375 secundum
792 2323 938 2378 illam
969 2325 1330 2383 diﬁerentiam
1354 2329 1548 2397 Judaei,
1573 2348 1737 2402 quam
1763 2334 2048 2406 distinguit

473 2416 750 2481 apostolus
788 2415 987 2473 Paulus
1011 2420 1085 2491 (8)
1127 2421 1314 2477 dicens
1346 2425 1390 2455 ⁸⁷
1429 2438 1446 2478 :
1488 2442 1507 2477 ι
1542 2424 1659 2479 Νοιι
1697 2428 1841 2481 enim
1872 2429 1964 2498 qui
1991 2429 2046 2483 in

470 2500 763 2556 manifesto
781 2502 1001 2559 Iudaeus
1021 2515 1124 2572 est,
1150 2524 1330 2578 neque
1355 2527 1474 2581 quae
1502 2515 1789 2572 manifeste
1812 2518 1865 2572 in
1893 2531 2056 2574 carne

475 2600 558 2645 est
602 2593 972 2657 circumcisio.
1007 2599 1100 2653 sed
1129 2601 1218 2669 qui
1251 2601 1304 2660 in
1345 2607 1559 2660 occulto
1586 2607 1806 2664 Judatus
1835 2620 1920 2666 est
1946 2611 2056 2667 eir-

473 2684 805 2742 cumcisione
853 2689 1066 2754 cordis,
1118 2693 1208 2761 qui
1257 2695 1482 2764 spiritu.
1540 2713 1649 2752 non
1701 2700 1910 2768 littera,
1965 2704 2055 2762 cui

473 2774 587 2830 laus
616 2778 691 2849 (9)
727 2795 836 2834 non
867 2781 934 2835 ab
967 2783 1296 2852 hominibus,
1333 2790 1426 2844 sed
1455 2806 1518 2844 ex
1548 2792 1658 2848 Deo
1688 2807 1787 2850 est.
1828 2816 1846 2847 ›
1879 2797 2053 2864 Quam

469 2869 830 2928 differentiam
870 2876 1040 2931 Judaei
1076 2879 1300 2935 visibilis
1326 2892 1382 2937 et
1414 2884 1585 2940 Judzei
1625 2887 1912 2948 invisibilis
1940 2907 2051 2947 non

470 2963 834 3035 intelligentes
866 2969 1014 3041 impii
1047 2973 1307 3040 haeretici,
1342 2993 1448 3031 non
1479 2981 1650 3034 solum
1691 2983 1760 3038 ab
1787 2984 1872 3038 his
1900 2984 2046 3041 Serio

471 3051 644 3116 pluris
683 3052 1016 3122 refugerunt,
1050 3060 1142 3112 sed
1173 3069 1222 3112 et
1273 3061 1340 3114 ab
1393 3063 1507 3131 ipso
1554 3065 1686 3132 Deo,
1727 3071 1820 3138 qui
1872 3070 2045 3142 legem

475 3143 614 3236 banc
644 3145 1018 3222 etScripturas
1068 3155 1276 3210 divinas
1325 3158 1635 3213 hominibus
1667 3163 1836 3226 dedit.
1884 3176 2047 3236 atque
2075 3175 2116 3232 C

472 3233 635 3288 alium
665 3241 764 3293 sibi
811 3241 990 3308 deum,
1024 3260 1222 3314 prrcter
1250 3250 1398 3304 illum
1426 3254 1517 3320 qui
1544 3256 1740 3308 caelum
1767 3267 1820 3310 et
1846 3233 2043 3312 terram

471 3329 751 3398 condidit,
806 3337 1212 3406 conﬁnxerunt,
1255 3354 1377 3396 cum
1434 3345 1622 3413 utique
1674 3347 1794 3401 ﬁdei
1841 3351 2047 3406 veritas

475 3435 639 3473 unum
666 3427 1024 3497 euunlemqne
1055 3429 1217 3484 Deum
1253 3433 1385 3501 legis
1414 3445 1467 3489 et
1509 3436 1931 3508 Evangeliorum
1967 3452 2048 3495 te—

474 3522 619 3610 neat,
653 3516 943 3573 visibilium
971 3531 1024 3575 et
1067 3523 1419 3578 invisibilinm
1455 3539 1756 3583 creatorem
1789 3546 1802 3582 :
1841 3532 1964 3600 quia
1992 3541 2048 3586 et

473 3609 854 3674 cognationem
893 3612 1184 3680 plurimam
1242 3617 1478 3671 visibilia
1513 3635 1634 3673 cum
1684 3622 2047 3677 invisibilibus

468 3709 710 3764 servant,
748 3701 819 3754 ita
851 3713 906 3756 ut
937 3706 1231 3773 Apostolus
1257 3706 1494 3773 dicat”,
1533 3712 1656 3778 quia
1697 3731 1714 3763 ‹
1752 3714 2045 3768 invisibilia

469 3787 563 3842 Dei
595 3807 621 3842 a
661 3805 909 3848 creatura
940 3797 1122 3850 mundi
1157 3813 1256 3866 per
1284 3815 1349 3852 ea
1388 3817 1510 3869 quae
1539 3802 1678 3857 facta
1712 3816 1858 3868 sunt,
1888 3807 2047 3860 intcl-

469 3880 606 3934 lecta
639 3885 1265 3953 conspiciuntur.tSicut
1290 3905 1421 3958 ergo
1455 3895 1840 3962 cognationem
1865 3900 1947 3950 sui
1979 3898 2046 3952 ad

470 3972 702 4026 invicem
735 3987 931 4044 gerunt
958 3977 1186 4032 visibilia
1230 3989 1284 4034 et
1312 3982 1630 4046 invisibilia,
1667 3993 1808 4038 terra
1847 3995 1900 4040 et
1931 4001 2046 4041 cae-

471 4063 602 4127 lum,
633 4067 811 4119 anima
845 4077 898 4120 et
920 4083 1072 4133 caro,
1098 4085 1297 4140 corpus
1323 4075 1638 4143 ctspiritus,
1673 4085 1728 4130 et
1754 4091 1819 4129 ex
1854 4079 2045 4133 borum

473 4155 958 4224 conjunctionibus
1015 4171 1230 4217 constat
1271 4165 1361 4219 hie
1420 4167 1694 4235 mundus;
1752 4170 1825 4224 ita
1882 4173 2044 4226 etiaut

471 4261 718 4305 sanctam
753 4254 1092 4322 Scripturam
1125 4260 1456 4313 credendqu
1502 4271 1583 4316 est
1629 4278 1693 4316 ex
1743 4265 2048 4321 visibilibus

470 4352 522 4396 et
555 4345 914 4402 invisibilibus
931 4361 1186 4404 conSIare
1210 4370 1222 4405 :
1243 4351 1407 4406 veluti
1444 4370 1506 4407 ex
1537 4369 1765 4424 corpore
1790 4359 2045 4425 quodam,

472 4434 668 4493 litterae
702 4439 910 4494 scilicet
935 4457 1054 4511 qua:
1091 4444 1340 4510 videtur;
1399 4456 1452 4500 et
1492 4448 1694 4512 anima,
1725 4464 1920 4505 sensus
1951 4453 2043 4520 qui

2145 594 2242 650 per
2274 595 2435 648 quam
2469 578 2876 650 perveniautad
2912 593 3072 649 regna
3106 576 3346 632 coelestia
3379 593 3394 629 :
3428 589 3549 629 eam
3582 592 3704 630 nunc

2143 687 2302 741 quam
2343 672 2581 726 diximus
2606 671 2743 742 legis
2779 670 3016 724 animam
3058 669 3430 734 requiramus,
3460 677 3706 735 quantum

2153 766 2217 818 ad
2248 779 2488 834 praesens
2527 764 2744 817 interim
2772 769 3001 830 spectat.
3051 759 3244 814 Nescio
3290 768 3481 812 autem
3518 757 3563 810 si
3600 773 3709 827 pos-

2144 869 2332 908 sumus
2367 853 2528 906 etiam
2581 853 2647 904 ad
2689 852 2944 922 spiritum
2978 851 3094 917 ejus
3140 850 3442 904 ascendere
3504 850 3556 902 in
3599 851 3707 916 bis,

2145 963 2268 1017 quae
2299 947 2455 1002 nobis
2483 948 2548 1001 de
2575 946 2863 1000 sacriﬁciis
2894 945 3031 999 lecta
3071 954 3220 998 sunt.
3267 945 3554 998 Debemus
3583 944 3710 997 enim

2144 1055 2292 1105 eum,
2327 1053 2482 1108 quem
2513 1040 2676 1110 206
2705 1039 2939 1092 diximus
2971 1041 3022 1092 in
3048 1037 3259 1092 occulto
3280 1037 3560 1098 Judaeum,
3589 1035 3711 1089 sicut

2145 1135 2478 1190 ostendimus
2507 1136 2632 1203 quia
2667 1149 2769 1188 non
2805 1149 2991 1198 carne,
3025 1134 3120 1188 sed
3173 1134 3337 1187 corde
3375 1131 3714 1212 circumcidi-

2147 1237 2267 1294 tur;
2300 1227 2372 1280 ita
2403 1226 2692 1282 ostendere
2733 1227 2860 1296 quia
2898 1236 2952 1281 et
2983 1226 3261 1281 sacriﬁcat
3299 1239 3410 1278 non
3444 1224 3504 1276 in
3527 1238 3710 1285 carne,

2147 1319 2242 1374 sed
2290 1318 2489 1386 corde,
2518 1327 2569 1373 et
2595 1319 2723 1385 quia
2756 1319 2878 1374 edet
2905 1319 2970 1374 de
3001 1317 3288 1373 sacriﬁciis
3322 1330 3430 1370 non
3483 1329 3709 1381 carnem,

2147 1411 2240 1464 sed
2265 1411 2518 1480 spiritum
2547 1410 2681 1480 (l0).

2216 1502 2269 1556 9..
2312 1501 2416 1556 Sed
2453 1502 2730 1557 videamus
2761 1502 2872 1570 jam
2903 1516 3022 1572 qua:
3049 1509 3178 1557 sunt
3203 1501 3293 1556 illa
3319 1515 3446 1570 qua:
3483 1498 3712 1554 referun-

2149 1603 2236 1648 tur
2267 1594 2317 1647 in
2352 1594 2488 1664 lege.
2523 1611 2541 1645 ι
2577 1594 2643 1648 Ει
2694 1594 2906 1649 locutus
2959 1602 3061 1659 est,
3106 1594 3306 1663 inquit,
3358 1593 3627 1648 Dominus
3654 1593 3710 1646 ad

2147 1683 2367 1754 Moysen
2403 1683 2594 1739 dicens
2627 1702 2642 1738 :
2678 1684 2930 1753 Loquere
2966 1686 3034 1738 ad
3079 1686 3286 1750 Aaron,
3338 1693 3397 1737 et
3437 1683 3586 1738 ﬁlios
3611 1683 3710 1752 ejus

2148 1775 2333 1828 dicens
2367 1793 2380 1828 :
2414 1775 2540 1828 Hinc
2592 1775 2676 1829 lex
2709 1776 2953 1846 peccati;
2986 1793 3005 1827 ι
3039 1783 3094 1830 et
3122 1784 3315 1830 cmtera
3353 1790 3482 1844 qua:
3514 1777 3566 1827 in
3591 1790 3711 1843 pra-

2148 1866 2287 1919 senti
2315 1868 2540 1921 recitata
2569 1875 2715 1921 sunt.
2748 1867 2811 1921 Et
2834 1877 2960 1922 ante
2983 1868 3095 1937 jam
3113 1868 3316 1922 dixisse
3348 1881 3450 1923 nos
3482 1867 3706 1931 memini,

2146 1958 2270 2026 quia
2301 1958 2385 2011 lex
2419 1973 2522 2012 non
2552 1974 2767 2027 semper
2791 1961 2994 2014 eisdem
3021 1959 3178 2013 datur
3205 1959 3336 2015 :sed
3368 1959 3481 2012 alia
3512 1959 3707 2027 quidem

2151 2050 2310 2102 datur
2331 2049 2457 2103 ﬁliis
2482 2049 2671 2116 lsrael,
2697 2049 2799 2104 alia
2834 2059 3012 2104 autem
3038 2050 3164 2104 ﬁliis
3190 2053 3393 2115 Aaron,
3417 2049 3527 2103 alia
3543 2051 3706 2115 etiam,

2147 2141 2289 2196 sicut
2315 2143 2640 2210 jampridem
2663 2142 3283 2213 observavimus,Moysi
3315 2152 3372 2197 et
3404 2143 3617 2196 Aaron:
3643 2155 3708 2196 est

2147 2245 2201 2288 et
2231 2235 2336 2289 alia
2366 2235 2450 2290 lex
2483 2251 2605 2306 qua:
2635 2235 2734 2290 soli
2774 2233 2946 2305 Moysi
2980 2235 3160 2299 datur,
3207 2235 3280 2288 ita
3312 2243 3375 2288 ut
3407 2250 3511 2289 nec
3541 2237 3701 2289 Aaron

2147 2328 2283 2399 legis
2319 2328 2487 2398 ipsius
2522 2327 2796 2398 particeps
2829 2327 2945 2382 ﬁat.
2988 2329 3228 2395 Quarum
3277 2325 3704 2398 persinguladis-

2147 2415 2440 2472 tinctiones
2508 2427 2564 2472 et
2607 2416 2956 2471 diversitates
2981 2456 2996 2480 ,
3032 2417 3156 2484 quis
3188 2417 3263 2470 ita
3296 2417 3549 2470 scientia
3581 2417 3702 2471 dono

2149 2507 2488 2562 illuminatus
2518 2523 2547 2561 a
2581 2508 2690 2562 Deo
2734 2517 2838 2569 est,
2889 2517 2944 2561 ut
2981 2509 3158 2577 possit
3193 2508 3407 2576 integre
3435 2517 3702 2578 aperteque

2149 2599 2461 2654 disserere?
2493 2598 2803 2654 Invenimus
2833 2600 2975 2654 enim
3008 2601 3061 2653 in
3098 2600 3561 2668 consequentibus
3584 2615 3700 2669 prat-

2149 2700 2366 2758 ceptum
2405 2689 2619 2744 Domini
2647 2691 2714 2745 ad
2742 2691 2914 2745 solum
2944 2691 3162 2763 Moysen
3195 2692 3331 2753 dari,
3371 2701 3426 2746 et
3461 2691 3630 2759 juberi
3655 2702 3702 2748 ttt

2149 2778 2524 2847 pectusculum
2586 2779 2771 2832 arietis
2834 2779 3188 2848 perfectionis
3274 2777 3451 2848 Moysi
3519 2779 3698 2842 detur,

2150 2871 2291 2926 sicut
2315 2872 2601 2941 prmccpit,
2627 2871 2826 2941 inquit,
2863 2871 3124 2926 Dominus
3154 2868 3348 2941 Moysi.
3381 2871 3438 2924 ln
3469 2885 3572 2938 qua
3595 2884 3698 2938 por-

2151 2963 2300 3018 tione
2325 2979 2503 3034 neque
2526 2967 2734 3028 Aaron,
2767 2979 2941 3033 neque
2973 2963 3069 3018 ﬁlii
3093 2963 3210 3033 ejus
3239 2964 3539 3033 participes
3569 2962 3697 3016 tiunt.

2150 3055 2218 3110 Et
2242 3058 2518 3111 invenitur
2558 3058 2642 3111 lex
2673 3071 2793 3124 quae
2825 3056 3054 3124 pertinet
3085 3055 3150 3108 ad
3185 3056 3413 3109 arietem
3439 3055 3701 3124 perfectio-

2152 3147 2259 3212 nis,
2292 3163 2394 3202 non
2416 3162 2575 3216 posse
2603 3146 2889 3215 pervenire
2917 3161 3086 3216 usque
3109 3145 3175 3199 ad
3214 3147 3422 3213 Aaron,
3457 3159 3623 3214 neque
3647 3146 3697 3198 ad

2153 3238 2293 3290 ﬁlios
2329 3236 2467 3304 ejus,
2510 3237 2679 3290 multo
2719 3237 2890 3304 magis
2921 3252 3018 3291 nec
3054 3237 3121 3290 ad
3154 3236 3394 3305 reliquos
3428 3235 3567 3289 ﬁlios
3610 3236 3700 3304 (ll)

2150 3329 2342 3394 Israel,
2376 3329 2469 3383 sed
2501 3329 2567 3382 ad
2603 3329 2779 3382 solum
2820 3327 3066 3398 Moysen,
3096 3327 3187 3398 qui
3216 3338 3337 3381 erat
3370 3327 3581 3381 amicus
3606 3328 3698 3381 Dei.

2152 3423 2349 3477 Verum
2400 3422 2530 3490 quid
2584 3436 2718 3489 opus
2758 3429 2861 3486 est,
2919 3436 3040 3488 qua:
3077 3421 3421 3490 postmodum
3455 3421 3699 3475 recitand:

2150 3525 2299 3580 sunt,
2337 3515 2640 3585 prmvenire
2659 3515 2681 3567 ?
2699 3513 2852 3569 Nunc
2871 3515 3088 3568 interim
3116 3515 3196 3568 lex
3230 3517 3458 3569 recitata
3482 3526 3581 3578 est,
3606 3531 3699 3586 qua:

2150 3608 2218 3663 ad
2247 3608 2427 3661 Aaron
2453 3615 2507 3662 et
2535 3607 2673 3661 ﬁlios
2699 3606 2814 3672 ejus
2836 3607 3231 3677 promulgatur,
3263 3608 3343 3660 lex
3376 3611 3599 3677 peccati,
3623 3610 3701 3664 hoc

2149 3711 2232 3755 est
2265 3700 2453 3754 hostiae
2482 3715 2602 3768 quae
2622 3697 2846 3753 offertur
2878 3699 2988 3772 (l2)
3018 3713 3118 3770 pro
3148 3711 3372 3768 peccato
3404 3719 3416 3754 :
3450 3721 3470 3752 ε
3503 3702 3559 3755 Ιιι
3583 3703 3698 3765 loco,

2150 3792 2345 3861 inquit,
2382 3793 2433 3845 in
2464 3808 2570 3860 quo
2613 3790 2928 3860 jugulanlur
2973 3791 3322 3855 holocausta,
3359 3790 3432 3844 ibi
3481 3790 3704 3863 occident

2149 3893 2204 3938 et
2237 3884 2287 3936 id
2326 3882 2466 3953 quod
2502 3897 2597 3950 pro
2625 3892 2847 3950 peccato
2880 3890 2988 3946 est,
3037 3883 3088 3936 in
3123 3890 3423 3951 conspectu
3455 3883 3659 3936 Domini
3687 3897 3700 3933 :

2151 3975 2348 4030 Sancta
2384 3983 2692 4027 sanctorum
2729 3984 2876 4028 sunt.
2911 3993 2929 4027 ›
2971 3972 3132 4026 Multa
3171 3973 3389 4041 quidem
3436 3974 3575 4044 jam,
3615 3973 3703 4026 Deo

2143 4067 2386 4135 juvante,
2427 4065 2491 4119 de
2515 4064 2910 4118 sacriﬁciorum
2946 4066 3050 4118 ritu
3092 4065 3390 4120 secundum
3421 4065 3703 4136 spiritalem

2152 4157 2567 4226 intelligentiam
2619 4157 2672 4210 in
2707 4156 3082 4225 superioribus
3121 4157 3262 4210 dicta
3314 4167 3475 4223 sunt,
3538 4158 3624 4212 sed
3662 4167 3704 4212 et

2157 4266 2301 4304 nunc
2331 4251 2373 4303 si
2407 4250 2576 4320 gratia
2615 4249 2825 4302 Domini
2863 4263 2960 4302 nos
2995 4250 3218 4303 visitare
3247 4250 3527 4320 dignetur,
3557 4263 3607 4304 et
3629 4265 3704 4304 vos

2149 4342 2494 4397 oratioaibus
2546 4339 2891 4407 adnitamini,
2932 4342 3193 4393 addemus
3224 4355 3342 4407 quae
3370 4341 3582 4394 dederit
3623 4340 3705 4395 Do-

2153 4436 2351 4490 minus.
2387 4434 2697 4488 llostiarum
2735 4435 2982 4502 qumdam
3019 4432 3232 4500 quidem
3258 4434 3501 4487 suntDei
3538 4435 3702 4497 solius,

472 4528 612 4582 intra
655 4531 824 4598 ipsam
855 4533 1311 4602 deprehenditur;
1342 4549 1394 4592 et
1426 4539 1640 4607 spiritu,
1665 4513 2044 4599 secundum-id

2156 4531 2229 4583 ita
2257 4538 2314 4582 ut
2351 4527 2530 4581 nullus
2560 4526 2839 4579 hominum
2871 4524 3159 4592 participct
3184 4539 3249 4578 ex
3288 4526 3440 4594 ipsis.
3473 4527 3703 4592 Onredam

473 4617 616 4683 quod
649 4622 810 4672 etiam
841 4622 1083 4690 quadam
1121 4625 1172 4679 in
1221 4642 1280 4681 se
1310 4627 1549 4683 coelestia
1579 4639 1784 4697 teneat,
1817 4643 1874 4686 ut
1901 4637 2044 4704 Apo-

473 4707 644 4763 stolus
676 4709 804 4764 dicit
834 4713 900 4777 ⁸⁸,
930 4716 1052 4782 quia
1092 4735 1110 4768 ι
1162 4721 1464 4790 exetnplari
1519 4731 1573 4776 et
1605 4725 1810 4778 umbra:
1852 4727 2038 4780 deser-

472 4799 626 4852 viunt
665 4801 991 4858 ccclestium.
1030 4826 1048 4858 ›
1087 4807 1219 4873 Quia
1261 4826 1389 4880 ergo
1438 4813 1550 4867 haec
1597 4812 1669 4865 ita
1709 4829 1768 4869 se
1818 4815 2038 4882 habent,

477 4892 794 4948 invocantes
836 4894 1027 4965 Deum,
1061 4900 1150 4966 qui
1181 4901 1309 4955 fecit
1344 4903 1639 4973 Srriptura:
1676 4908 1945 4972 animam,
1988 4918 2044 4960 et

473 4996 674 5051 corpus
701 4991 754 5037 et
775 4986 1024 5053 spiritum
1060 5005 1074 5041 :
1108 5003 1303 5059 corpus
1333 4993 1547 5061 quidem
1576 4996 1642 5048 iis
1667 4995 1756 5063 qui
1788 5005 1916 5051 ante
1943 5012 2044 5051 nos

475 5070 716 5139 fuerunt,
753 5075 986 5130 animam
1014 5093 1144 5133 vero
1166 5083 1341 5148 nobis,
1381 5085 1629 5154 spiritum
1653 5097 1834 5141 autem
1868 5087 1932 5142 iis
1954 5089 2046 5157 qui

544 5192 591 5225 ⁸⁸
621 5192 801 5249 Levit.
838 5210 911 5262 vi,
939 5195 1010 5250 24
1037 5208 1091 5251 et
1120 5213 1272 5268 seqq.
1349 5200 1392 5232 ⁸⁷
1429 5201 1581 5259 Rom.
1621 5221 1680 5271 ιι,
1707 5205 1795 5261 29.

473 5287 807 5412 wrgtfjmldem
841 5306 966 5358 ms.,
1010 5313 1029 5346 ι
1075 5309 1201 5349 vase
1232 5311 1394 5352 aereo.
1431 5317 1450 5350 ι
1481 5299 1634 5355 Libb.
1682 5303 1851 5370 editi,
1890 5321 1909 5354 ι
1943 5319 2041 5360 vas

475 5373 696 5412 ἶΕΓθΙΙΙΙΙ.
733 5379 750 5412 ι
1698 5389 1700 5391 ’

549 5428 626 5501 (7)
667 5429 963 5507 ldem_m_s.,
999 5453 1018 5486 ‹
1056 5435 1442 5491 hortationem.
1477 5457 1495 5490 ι
1520 5438 1677 5494 Libb.
1711 5441 1862 5507 editi,
1896 5460 1915 5494 ι
1954 5458 2044 5496 ra-

483 5509 709 5569 tionem.
747 5523 765 5554 ι
794 5502 994 5558 Ibidem
1025 5522 1153 5569 ms.,
1196 5523 1215 5556 ι
1245 5507 1565 5561 discutiatur
1590 5520 1644 5563 et
1677 5502 2039 5565 inveniatur.»

483 5568 637 5624 Libb.
680 5573 836 5638 editi,
872 5593 890 5626 ι
928 5568 1293 5632 discutiantur
1328 5587 1384 5630 et
1414 5581 1781 5634 inveniantur.
1820 5600 1838 5632 ›
1883 5582 2049 5637 Paulo

482 5650 604 5708 pest
634 5641 775 5717 idem
799 5659 928 5708 ms.,
965 5663 992 5717 ι
1024 5648 1184 5717 digne
1217 5647 1325 5701 Deo
1352 5649 1441 5716 qui
1474 5649 1588 5702 [nec
1637 5650 1876 5706 scribere
1911 5651 2048 5704 dici-

487 5719 650 5790 turi‘n
673 5711 829 5790 ιτιω).
865 5716 1018 5790 editi,
1058 5711 1268 5790 (digne
1284 5711 1390 5774 Deo
1415 5734 1535 5790 qua:
1566 5720 1654 5774 hic
1685 5722 2047 5776 scribuntur.»

554 5778 631 5847 (8)
673 5781 876 5840 Nomen
906 5803 926 5839 ι
956 5778 1207 5842 Paulus":
1240 5789 1390 5844 deest
1432 5778 1486 5844 in
1542 5801 1702 5846 antea
1733 5792 1911 5854 editis.
1962 5794 2055 5847 sed

1874 5206 1919 5238 ⁸⁸
1949 5207 2103 5262 Rom.
2133 5223 2172 5269 ι,
2195 5203 2285 5258 20.

2153 4631 2279 4679 sunt
2320 4620 2499 4673 Aaron
2546 4616 2883 4680 sacerdotis,
2926 4626 2977 4669 et
3023 4616 3250 4670 iiiiorutn
3285 4622 3404 4686 ejus
3437 4635 3450 4670 :
3481 4619 3701 4688 quaedam

2153 4713 2346 4782 ipsius,
2407 4719 2461 4764 et
2519 4708 2774 4774 iilioruut,
2824 4715 2879 4762 et
2920 4707 3155 4760 ﬁliarum
3192 4707 3327 4775 ejus,
3365 4710 3437 4762 ita
3482 4711 3700 4763 utetiam

2152 4820 2376 4859 uxorem
2412 4801 2721 4857 sacerdotis
2778 4801 2940 4854 edere
2980 4800 3142 4855 liceat
3196 4814 3260 4854 ex
3306 4802 3416 4862 his.
3470 4802 3700 4868 Quadam

2153 4907 2278 4952 sunt
2319 4894 2685 4954 sacerdotum,
2734 4902 2792 4947 et
2836 4892 3068 4946 ﬁliorum
3122 4907 3188 4946 ac
3235 4893 3469 4946 ﬁliarum
3515 4909 3700 4956 eorum,

2154 4992 2247 5046 sed
2279 4991 2343 5044 de
2373 4990 2568 5058 quibus
2599 4986 2760 5040 edere
2799 4985 2960 5039 liceat
2993 4985 3154 5038 etiam
3195 4986 3331 5039 filios
3361 4985 3546 5040 Israel.
3576 4986 3634 5041 Et
3657 4985 3700 5038 in

2156 5087 2263 5139 illis
2313 5082 2536 5152 quidem
2595 5077 2786 5134 hostiis
2823 5077 2890 5132 de
2953 5077 3150 5148 quibus
3199 5076 3328 5133 licet
3370 5079 3532 5134 edere
3580 5077 3699 5132 ﬁlios

2379 5199 2424 5231 θ’
2455 5197 2620 5252 Hebr.
2657 5210 2774 5260 vm,
2808 5193 2863 5251 5.

2151 5297 2499 5370 reperiturin
2532 5295 2720 5370 codice
2750 5310 2854 5349 ms.
2893 5291 3180 5370 Sangerm.

2226 5369 2300 5441 (9)
2341 5367 2524 5441 codex
2584 5365 2867 5435 Sangerm.
2926 5383 2945 5414 ‹
3000 5359 3086 5419 cui
3139 5363 3278 5418 laus.
3324 5382 3343 5416 ι
3375 5361 3530 5419 Libb.
3560 5359 3693 5424 editi,

2159 5460 2179 5493 ι
2212 5437 2366 5507 cujus
2397 5437 2532 5489 laus.
2565 5454 2584 5487 ι

2206 5508 2337 5583 Δ(1-0)
2373 5505 2517 5561 idem
2549 5518 2674 5565 ms.,
2697 5521 2731 5583 _¢
2768 5517 3022 5583 carnem;
3049 5503 3468 5583 sedspiritum:
3505 5522 3522 5554 ι
3556 5499 3690 5554 Libb.

2154 5571 2358 5641 editi,'¢
2397 5591 2585 5638 carne,
2617 5576 2710 5629 sed
2740 5573 2952 5642 spiritu.
2997 5593 3016 5625 ι
3049 5571 3214 5626 Paulo
3267 5583 3388 5640 post
3419 5572 3550 5625 idem
3584 5584 3690 5625 ms..

2161 5669 2180 5702 ι
2212 5664 2329 5720 qum
2357 5647 2408 5720 in
2429 5646 2702 5720 Ᾱριξωεθιι-ιίγ.
2729 5664 2748 5697 ι
2777 5644 2932 5720 Libb.
2955 5645 3104 5708 editi,
3135 5663 3152 5695 ι
3181 5659 3301 5720 qua:
3325 5643 3480 5712 paulo
3506 5651 3634 5720 ante.
3665 5655 3683 5689 ι

2260 5720 2342 5783 Η)
2380 5711 2537 5771 Libb.
2564 5716 2716 5780 editi,
2751 5734 2768 5767 ι
2809 5714 3074 5779 ﬁliorum;
3115 5733 3134 5766 ι
3168 5711 3263 5770 sed
3295 5711 3422 5782 ms.,
3452 5731 3472 5765 ι
3501 5711 3641 5766 ﬁlios.
3665 5725 3684 5758 ι

2260 5720 2342 5783 Η)
2380 5719 2537 5771 Libb.
2564 5719 2716 5780 editi,
2751 5734 2768 5767 ι
2809 5719 3074 5779 ﬁliorum;
3115 5733 3134 5766 ι

2229 5719 2344 5859 ξιξ)
2385 5787 2528 5843 idem
2555 5801 2684 5853 ms.,
2725 5804 2742 5838 ι
2774 5783 3094 5842 offeruntur.
3126 5802 3150 5838 ι
