3876 6502
139 397 224 452 L59
1289 385 1358 440 IN
1399 379 1684 438 LEVITlCl

1814 374 2098 432 IIOMILIA
2131 371 2193 430 Υ.

3260 373 3365 429 £50

138 515 298 578 Israel,
321 512 438 566 sine
471 511 638 566 dubio
677 509 880 564 habent
921 507 1266 578 participium
1295 507 1456 561 etiam
1499 519 1684 560 sacer-
1713 509 1757 564 Α
1791 499 1984 562 Deum,
2014 497 2154 552 sicut
2181 494 2295 565 ipse
2325 507 2422 563 per
2465 491 2784 564 prophetam
2828 490 2962 546 dicit
2987 490 3032 524 θ’
3061 504 3078 543 :
3117 509 3136 544 ι
3174 490 3366 548 Nonne

139 613 270 664 dotes
308 613 362 658 et
405 603 500 656 ﬁlii
548 602 924 666 sacerdotum;
963 614 1069 652 non
1101 608 1279 651 tamen
1322 613 1387 652 ex
1412 598 1555 652 omni
1589 599 1686 651 ho-

137 703 246 763 stia,
286 712 444 765 quam
486 697 608 748 edet
636 693 916 754 sacerdos,
961 692 1124 746 etiam
1158 691 1298 745 ﬁlios
1337 689 1500 744 Israel
1526 691 1686 744 edere

139 793 321 848 licebit.
357 788 520 858 Igitur
555 802 676 840 cum
713 787 830 840 ista;
864 787 971 838 sint
998 784 1296 838 hostiarum
1347 782 1683 844 diﬂerettlim,

137 883 266 938 illam
301 893 462 947 quant
504 876 743 930 diximus
783 875 953 929 solius
979 875 1068 929 Dei
1103 889 1244 940 esse,
1279 889 1343 928 ex
1373 889 1476 942 qua
1512 887 1686 941 neque

137 974 358 1042 Moysen,
397 985 570 1039 neque
607 969 810 1034 Aaron,
845 982 1019 1038 neque
1055 967 1193 1021 ﬁlios
1215 966 1334 1034 ejus
1358 966 1686 1035 participare

136 1069 208 1120 I'as
249 1072 349 1127 est,
391 1061 682 1131 aliquando
721 1062 947 1130 quidem
993 1059 1460 1113 holocaustomata
1511 1057 1687 1112 nomi-

134 1156 235 1213 nari
285 1154 628 1219 invenimus;
681 1154 974 1222 aliquando
1014 1169 1145 1208 vero
1189 1167 1293 1205 non
1344 1151 1688 1205 holocaustu-

132 1256 282 1310 mata,
323 1245 416 1300 sed
455 1244 928 1313 holocarpomata,
976 1245 1140 1299 veluti
1174 1245 1216 1297 si
1253 1243 1500 1298 dicamus
1543 1244 1685 1311 quod

133 1349 262 1394 totus
291 1336 404 1408 (l3)
437 1339 645 1391 fructus
685 1337 776 1402 sit,
810 1337 899 1392 ille
931 1337 1138 1392 scilicet
1175 1337 1264 1405 qui
1298 1337 1405 1391 Deo
1437 1335 1683 1390 oﬁ‘ertur.

128 1433 212 1486 Est
262 1444 393 1499 ergo
442 1429 615 1497 prima
653 1429 918 1499 legislatio
963 1428 1030 1482 de
1078 1427 1385 1490 sacriﬁciis,
1421 1427 1465 1480 si
1505 1433 1683 1479 tamen

129 1525 202 1580 vel
245 1523 574 1578 observastis
638 1524 720 1577 vel
777 1522 1022 1576 retinetis
1063 1516 1351 1590 diligenter
1397 1534 1516 1589 quae
1548 1517 1682 1570 lecta

127 1628 238 1673 sunt
270 1633 333 1670 ac
366 1617 618 1679 disserta,
652 1623 707 1668 et
739 1631 845 1668 non
882 1621 1260 1667 transcurrunt
1291 1628 1449 1666 aures
1477 1621 1685 1666 vestras

128 1712 173 1763 in
221 1722 437 1773 vanum,
471 1706 556 1760 vel
594 1720 714 1774 qua:
750 1719 780 1758 a
827 1703 982 1757 nobis
1013 1703 1302 1765 dicuntur,
1345 1700 1426 1754 vel
1465 1715 1585 1767 qua?
1616 1715 1679 1752 ex

129 1797 308 1853 divinis
338 1793 702 1850 voluminibus
743 1794 1065 1848 recitantur.
1099 1791 1282 1844 Prima
1315 1805 1443 1859 ergo
1467 1799 1550 1844 est
1587 1790 1684 1841 lto-

1788 591 1982 646 cmlum
2014 599 2067 643 et
2094 598 2293 644 terram
2321 603 2420 658 ego
2456 587 2636 655 repleo
2672 586 2810 658 (l6),
2843 585 2972 640 dicit
3023 585 3355 640 Dominus?»

1787 683 1922 735 Audi
1942 696 2092 746 ergo,
2109 681 2222 748 ipse
2238 683 2581 748 omnipotens
2605 679 2742 731 Dens
2761 677 2888 747 quid
2911 679 3073 730 etiam
3095 679 3160 730 de
3179 679 3365 741 te,hoc

1786 773 2029 842 est,quid
2061 772 2128 825 de
2153 771 2457 825 hominibus
2488 770 2684 822 dicam
2715 769 3004 833 IIabitabo,
3033 769 3287 838 inquit”,
3309 769 3364 824 in

1786 867 1886 931 eis,
1921 865 2141 920 et.inter
2171 863 2317 932 ipsos
2338 861 2646 916 ambulabo.
2671 879 2688 910 ι
2712 860 2837 913 Plus
2859 860 3062 928 aliquid
3085 861 3229 914 addit
3250 858 3364 930 (I7)

1787 974 1912 1027 erga
1937 971 2218 1026 personam
2239 964 2439 1008 tuttth
2466 955 2654 1016 litero,
2677 952 2855 1020 inquit
2873 950 2942 1017 9‘,
2962 953 3041 1004 eis
3059 952 3111 1004 in
3135 961 3366 1020 patrem,

1787 1050 1947 1118 207
1992 1058 2044 1102 et
2083 1048 2182 1116 ipsi
2239 1055 2398 1100 erunt
2443 1046 2571 1099 tnihi
2623 1046 2673 1098 itt
2717 1045 2855 1098 ﬁlios
2905 1052 2960 1098 et
3010 1044 3179 1108 ﬁlias,
3229 1043 3365 1097 dicit

1791 1143 2116 1195 Dominus.»
2163 1138 2333 1193 Habet
2392 1139 2479 1192 hic
2527 1137 2760 1190 mundus
2800 1134 2999 1188 Filium
3054 1135 3168 1198 Dei,
3204 1135 3367 1189 habet

1787 1234 2052 1302 Spiritum
2120 1240 2404 1296 sanctum,
2467 1231 2764 1285 secundum
2830 1228 2975 1296 quod
3035 1225 3167 1282 dicit
3228 1227 3365 1280 Pru-

1789 1327 1948 1396 pheta
1971 1326 2016 1358 ⁹⁸
2046 1343 2060 1379 :
2097 1343 2113 1375 ι
2145 1323 2323 1378 Verbo
2357 1322 2568 1376 Doutini
2603 1321 2725 1376 cadi
2759 1320 2956 1374 ﬁrmati
2992 1332 3138 1380 sunt,
3175 1326 3228 1371 et
3261 1319 3368 1386 spi-

1789 1418 1894 1472 ritu
1947 1417 2058 1470 oris
2107 1415 2226 1484 ejus
2278 1413 2456 1467 omnis
2510 1413 2687 1464 virtus
2741 1425 2952 1464 eorum.
2990 1428 3007 1459 ι
3055 1409 3114 1461 Ει
3168 1408 3363 1460 iterum

1789 1510 1918 1563 alibi
1949 1509 1994 1541 9°
2033 1526 2046 1561 :
2088 1527 2106 1559 ι
2137 1506 2375 1575 Spiritus
2425 1504 2568 1558 enim
2621 1502 2835 1556 Domini
2895 1500 3125 1570 replevit
3179 1499 3364 1552 orbem

1791 1612 2126 1656 terrarum.)
2177 1600 2314 1653 Audi
2373 1607 2425 1654 et
2465 1598 2558 1651 tibi
2617 1597 2744 1665 quid
2802 1595 2933 1648 dicit
2986 1593 3236 1646 Christus
3262 1590 3364 1644 ’7:

1795 1711 1812 1744 ι
1845 1693 1981 1746 Ecce
2016 1705 2114 1761 ego
2163 1691 2441 1744 vobiscum
2489 1703 2604 1742 sum
2653 1684 2918 1738 omnibus
2965 1683 3152 1735 diebus
3197 1695 3369 1748 usque

1791 1785 1857 1838 ad
1889 1782 2410 1836 consummationem
2461 1777 2666 1834 saeculi.
2693 1797 2710 1829 ι
2749 1777 2813 1830 Et
2843 1777 2911 1829 de
2947 1774 3148 1844 Spiritu
3177 1779 3368 1827 sancto

122 1893 234 1954 stia,
262 1889 759 1942 holocaustomata.
794 1884 976 1953 Neque
1023 1884 1168 1938 enim
1198 1883 1484 1951 oportebat
1519 1880 1679 1934 aliam
1715 1870 1756 1928 Β
1787 1876 1983 1930 dicitur
2007 1875 2052 1907 9°
2084 1892 2098 1928 :
2137 1891 2155 1924 ι
2187 1872 2473 1927 Effundam
2525 1871 2591 1924 de
2638 1869 2828 1938 spiritu
2878 1883 2999 1922 meo
3041 1883 3201 1937 super
3246 1881 3367 1919 om-

124 1987 281 2056 primo
306 1983 539 2037 hostiam
572 1982 864 2044 nominari,
897 1980 996 2032 nisi
1029 1995 1148 2032 eant
1184 1992 1302 2045 qua:
1329 1974 1680 2043 omnipotenti

125 2080 222 2132 Deo
251 2074 602 2129 oﬂ'erebatur.
645 2074 892 2128 Secunda
919 2073 1094 2127 hostia
1137 2081 1242 2136 est,
1274 2085 1392 2139 qua:
1420 2071 1486 2122 ad
1518 2069 1684 2121 eden-

122 2173 234 2221 dum
270 2168 647 2221 sacerdotibus
679 2165 1036 2234 mancipatur.
1066 2162 1274 2227 Tertia,
1301 2162 1367 2215 de
1387 2175 1494 2230 qua
1519 2160 1682 2213 etiam

123 2265 245 2318 ﬁlios
282 2262 455 2316 Israel
489 2265 827 2331 contingere,
855 2259 936 2312 vel
969 2258 1154 2320 edere,
1183 2259 1326 2325 ipsos
1353 2255 1564 2310 scilicet
1592 2255 1682 2324 qui

121 2356 367 2419 oderunt,
418 2355 499 2408 fas
535 2363 638 2408 cst.
684 2354 787 2408 Sed
822 2353 960 2406 ﬁlios
990 2351 1151 2405 Israel
1189 2364 1293 2403 non
1326 2364 1549 2414 omnes,
1580 2348 1682 2402 nisi

121 2449 228 2501 illos
260 2457 471 2500 tantum
499 2446 588 2515 qui
628 2446 810 2498 mundi
849 2453 997 2498 sunt.
1036 2441 1146 2496 Soli
1183 2441 1328 2495 enim
1372 2440 1462 2509 qui
1498 2439 1682 2494 mundi

122 2549 235 2594 sunt
268 2541 335 2593 de
372 2539 654 2593 sacriﬁciis
683 2538 844 2592 edere
868 2537 1148 2604 jubentur.
1179 2533 1378 2588 Verum
1405 2535 1535 2586 istas
1567 2546 1685 2586 om-

122 2649 204 2686 nes
223 2632 433 2686 hostias
462 2640 516 2683 tu
543 2631 631 2700 qui
669 2631 720 2683 in
753 2628 968 2682 occulto
984 2626 1299 2690 Judmuses,
1335 2638 1443 2677 non
1475 2621 1530 2676 in
1561 2627 1683 2676 anl-

121 2723 340 2778 malibus
373 2724 621 2792 requiras
653 2721 956 2776 visibilibus
989 2738 1002 2774 :
1034 2734 1134 2773 nec
1181 2719 1231 2771 in
1270 2717 1436 2771 mutis
1471 2715 1684 2786 pecori-

119 2818 209 2871 bus
259 2815 499 2870 inveniri
551 2825 733 2884 putes,
767 2815 909 2883 quod
949 2810 1134 2867 olTerri
1180 2813 1369 2865 deceat
1397 2809 1510 2879 (11)
1549 2808 1679 2861 Deo.

117 2909 239 2963 Istas
288 2907 503 2962 hostias
556 2908 697 2961 intra
766 2907 994 2974 teipsum
1047 2905 1284 2973 require,
1335 2910 1389 2956 et
1442 2900 1684 2955 invenies

116 3015 200 3054 eas
249 2999 397 3053 intra
451 2999 690 3052 animam
744 3005 914 3050 tuam.
970 2996 1214 3066 Intellige
1269 3003 1320 3049 te
1359 2995 1561 3048 habere
1602 2992 1684 3046 in-

119 3104 191 3147 tra
230 3095 574 3163 temetipsum
629 3105 818 3162 greges
850 3092 1033 3155 boum,
1077 3089 1195 3143 illos
1229 3088 1319 3158 qui
1362 3089 1684 3142 benedicun-

115 3199 194 3241 tur
215 3188 263 3239 in
287 3187 592 3240 Abraham.
620 3184 868 3254 Intellige
895 3181 1096 3238 habere
1135 3190 1184 3235 te
1207 3190 1260 3234 et
1287 3195 1474 3251 greges
1497 3180 1678 3234 ovium

114 3289 163 3332 et
196 3292 386 3348 greges
416 3291 727 3345 caprarum,
761 3276 814 3328 in
845 3274 1040 3342 quibus
1077 3273 1344 3328 benedicti
1395 3282 1450 3327 et
1496 3269 1682 3324 inulti-

116 3371 288 3441 plicali
309 3379 444 3424 sunt
471 3369 818 3438 patriarchae.
844 3366 1092 3437 Intellige
1125 3381 1248 3421 esse
1272 3365 1411 3418 intra
1440 3375 1492 3418 te
1520 3362 1685 3418 etiam

116 3479 234 3519 aves
272 3463 424 3520 cceli.
455 3461 565 3518 Nec
603 3461 822 3516 mireris
849 3460 993 3531 quod
1029 3459 1144 3515 haec
1179 3459 1317 3512 intra
1358 3467 1407 3511 te
1449 3469 1569 3510 esse
1607 3453 1689 3508 di-

113 3561 296 3624 cimus,
356 3557 603 3628 intcllige
658 3565 710 3611 te
755 3563 810 3609 et
861 3554 1025 3607 alium
1077 3551 1334 3606 mundum
1387 3563 1508 3604 esse
1558 3563 1686 3618 par-

116 3670 228 3707 vum
255 3652 390 3722 (15),
425 3660 482 3706 ει
508 3665 626 3706 esse
655 3649 798 3702 intra
831 3656 880 3701 te
911 3646 1104 3706 solem,
1136 3657 1258 3699 esse
1288 3644 1497 3706 lunam,
1517 3641 1685 3696 etiam

113 3746 309 3801 stellas.
339 3745 465 3800 Hoc
489 3744 632 3798 enim
667 3743 708 3796 si
730 3742 802 3795 ita
833 3756 939 3794 non
958 3747 1125 3803 esset,
1157 3749 1431 3806 nunquam
1461 3733 1689 3788 dixisset

117 3839 364 3892 Dominus
413 3839 482 3891 ad
523 3837 798 3891 Abraham
839 3835 885 3865 "’
919 3849 932 3885 :
974 3850 993 3883 ι
1041 3832 1237 3896 Aspice
1271 3830 1324 3882 in
1379 3829 1600 3889 ctelum,
1631 3833 1686 3879 et

115 3933 227 3985 vide
259 3931 480 3993 stellas,
515 3929 560 3983 si
607 3927 936 3982 dinumerari
993 3931 1220 3992 possunt
1250 3935 1279 3972 a
1315 3916 1684 3979 multitudine,

108 4025 182 4078 sic
205 4026 310 4079 erit
343 4038 534 4078 semen
574 4031 746 4075 tuum.
782 4039 799 4072 ι
838 4017 948 4072 Νεε
976 4015 1212 4078 mireris,
1263 4013 1503 4080 inquam,
1531 4009 1572 4063 si
1604 4009 1686 4062 ιιι-

107 4119 242 4172 citur
266 4121 334 4173 ad
371 4118 676 4180 Abraham,
706 4114 830 4184 quia
859 4114 937 4166 sic
968 4111 1074 4165 erit
1104 4115 1288 4161 semen
1347 4114 1497 4157 tuum
1539 4102 1687 4156 sicut

108 4211 271 4266 stellae
305 4219 439 4265 sunt
480 4209 646 4274 C(Bll;
691 4209 756 4260 de
792 4205 898 4259 illis
945 4202 1152 4256 scilicet
1188 4199 1280 4269 qui
1318 4213 1382 4252 ex
1430 4196 1533 4250 ﬁde
1571 4193 1688 4262 ejus

109 4305 268 4376 geniti
297 4301 706 4359 rationabiliter
727 4300 933 4362 vivant,
957 4311 1019 4351 ac
1051 4295 1262 4348 divinas
1295 4291 1440 4360 leges
1475 4296 1526 4342 et
1548 4300 1686 4355 prae-

109 4408 258 4466 cepta
285 4395 627 4452 custodiant.
675 4391 813 4446 Audi
843 4389 1075 4460 amplius
1108 4384 1311 4454 aliquid
1346 4381 1683 4437 Salvatorem

107 4491 170 4544 ad
204 4486 510 4559 discipulos
541 4486 808 4539 dicentem
841 4484 883 4515 ⁹¹
911 4499 926 4534 :
957 4497 976 4530 ι
1011 4479 1116 4533 Vos
1146 4476 1279 4530 estis
1310 4475 1398 4526 lux
1429 4470 1632 4526 mundi.
1659 4487 1678 4520 ι

1787 1983 1906 2022 nem
1939 1980 2182 2028 carnem,
2211 1972 2268 2017 et
2304 1961 2726 2033 prophetabunt.
2749 1979 2768 2013 ι
2813 1959 2947 2014 Cum
2997 1973 3128 2026 ergo
3177 1958 3364 2011 videas

1787 2060 1987 2113 habere
2017 2066 2068 2112 te
2097 2056 2280 2112 omnia
2313 2069 2432 2123 quae
2464 2053 2697 2107 mundus
2734 2053 2920 2118 habet,
2959 2052 3212 2105 dubitare
3253 2065 3358 2104 non

1784 2151 1948 2205 debes
1977 2150 2117 2218 quod
2156 2149 2321 2203 etiam
2365 2146 2621 2199 animalia
2654 2161 2775 2215 quae
2821 2143 3125 2199 offeruntur
3169 2144 3220 2197 in
3269 2142 3368 2196 ho-

1785 2244 1923 2307 stiis,
1973 2243 2200 2296 habeas
2227 2241 2372 2293 intra
2407 2249 2491 2302 te,
2523 2247 2575 2291 et
2608 2251 2674 2291 ex
2721 2237 2852 2306 ipsis
2891 2234 3202 2303 spirituales
3241 2234 3356 2303 (18)

1784 2336 1983 2391 oﬂ‘erre
2039 2335 2237 2388 debeas
2293 2331 2525 2387 hostias.
2579 2329 2686 2384 Sed
2723 2330 2790 2384 de
2828 2329 2954 2395 illis,
2990 2337 3149 2397 prout
3188 2327 3368 2397 potui-

1787 2443 1929 2491 mus,
1957 2428 2008 2480 in
2041 2425 2416 2494 superioribus
2449 2421 2886 2491 explanavimus.

1859 2543 1911 2596 3.
1958 2541 2109 2594 Nunc
2143 2555 2274 2594 vero
2309 2539 2439 2592 illud
2476 2537 2727 2592 addimus
2765 2535 2908 2606 quod
2946 2534 3102 2598 dicit,
3154 2532 3278 2601 quia
3311 2531 3363 2586 in

1791 2633 1910 2687 loco
1944 2634 1995 2686 itt
2028 2647 2134 2700 quo
2159 2628 2480 2699 jugttlantur
2507 2627 2848 2689 holocausta,
2873 2625 2945 2678 ibi
2979 2624 3142 2679 etiam
3177 2621 3368 2676 hostia:

1787 2741 1884 2796 pro
1923 2733 2168 2793 peccato.
2197 2721 2330 2778 Vide
2361 2737 2523 2792 quam
2565 2719 2734 2774 multa
2775 2717 3145 2773 misericordia
3184 2725 3238 2769 et
3273 2713 3364 2768 be-

1786 2817 2021 2886 nignitas
2049 2816 2138 2869 Dei
2164 2825 2270 2879 est,
2300 2822 2358 2868 ut
2391 2814 2481 2868 ubi
2519 2812 2894 2867 holocaustum
2926 2808 3203 2880 iugulatur
3230 2805 3362 2861 illud

1785 2910 1928 2980 quod
1965 2910 2064 2964 soli
2105 2909 2234 2964 Deo:
2260 2906 2510 2970 offertur,
2561 2906 2634 2960 ibi
2685 2904 2849 2960 etiam
2887 2902 3065 2956 hostia
3100 2915 3219 2969 qua:
3267 2915 3366 2970 pro

1785 3011 2012 3072 peccato
2055 3007 2156 3067 est,
2191 2997 2457 3053 immolari
2487 2996 2771 3067 iubeatur;
2805 3008 2912 3063 quo
2957 2991 3165 3047 scilicet
3205 2990 3365 3045 intel-

1786 3093 1918 3163 ligat
1957 3106 2015 3147 se
2057 3091 2151 3159 qui
2193 3087 2465 3161 peccavit,
2509 3097 2563 3143 et
2596 3085 2846 3158 poenitet,
2880 3091 2933 3139 et
2969 3096 3265 3138 conversus
3293 3083 3363 3134 ad

1790 3185 2079 3240 Dominum
2116 3179 2466 3237 contribulati
2501 3179 2725 3249 spiritus
2767 3175 3000 3230 hostiam
3037 3172 3271 3245 jugulat,
3310 3171 3365 3226 in

1790 3277 1912 3333 loco
1937 3276 2050 3346 jam
2084 3281 2276 3330 sancto
2315 3283 2482 3335 stare,
2510 3281 2558 3326 et
2592 3267 2793 3324 sociari
2822 3266 2908 3321 his
2939 3280 3058 3336 quae
3096 3263 3368 3336 pertinent

1791 3368 1860 3424 ad
1896 3369 2088 3422 Deum.
2137 3364 2214 3418 lbi
2246 3379 2379 3435 ergo
2409 3361 2726 3417 immolatur
2756 3359 2931 3413 hostia
2972 3373 3071 3429 pro
3114 3365 3363 3428 peccato,

1787 3459 1878 3513 ubi
1926 3467 1979 3512 et
2017 3455 2414 3520 holocaustum,
2447 3453 2498 3507 in
2537 3458 2859 3520 conspectu,
2895 3448 3092 3518 inquit,
3123 3446 3363 3502 Domini.

1790 3549 1884 3602 Est
1919 3541 2171 3601 fortassis
2215 3544 2267 3597 in
2300 3549 2592 3611 conspectu
2641 3536 2853 3592 Domini
2902 3534 3099 3590 offerre
3147 3533 3362 3588 sacriﬁ-

1787 3642 1958 3702 cium,
2005 3647 2060 3692 et
2113 3652 2222 3691 non
2259 3633 2455 3689 ollerre
2490 3633 2541 3686 in
2594 3639 2887 3699 conspectu
2940 3625 3180 3681 Domini.
3231 3623 3366 3691 Quis

1787 3749 1918 3805 ergo
1950 3741 2036 3788 est
2069 3731 2161 3800 qui
2191 3727 2352 3782 offert
2383 3727 2494 3798 (l9)
2538 3725 2588 3778 in
2638 3729 2931 3790 conspectu
2970 3717 3218 3772 Domini?
3250 3715 3363 3780 Ille,

1787 3825 2084 3894 utopinor,
2111 3821 2202 3892 qui
2241 3837 2344 3874 non
2376 3817 2509 3873 exiit
2542 3831 2571 3870 a
2605 3822 2898 3883 conspectu
2949 3809 3183 3874 Domini,
3221 3809 3366 3864 sicut

1786 3918 1920 3973 Cain
1951 3917 2018 3982 9°,
2051 3925 2104 3970 et
2149 3913 2376 3967 ell‘ectus
2403 3921 2489 3965 est
2536 3909 2732 3962 timens
2762 3915 2817 3959 et
2858 3913 3118 3958 tremens.
3155 3901 3211 3954 Si
3245 3900 3367 3968 quis

1786 4025 1916 4080 ergo
1963 4018 2046 4062 est
2089 4008 2180 4077 qui
2232 4005 2395 4058 habet
2433 4001 2686 4055 ﬁduciam
2737 4008 2914 4051 astare
2964 3997 3016 4049 in
3068 4001 3364 4062 conspectu

1787 4098 2040 4162 Domini,
2089 4107 2144 4150 et
2196 4110 2300 4148 non
2347 4091 2482 4161 fugit
2513 4105 2541 4144 a
2578 4087 2718 4142 facie
2761 4087 2901 4157 ejus,
2941 4099 3039 4138 nec
3084 4091 3363 4152 aspectum

1785 4190 1903 4259 ejus
1945 4187 2150 4258 peccati
2187 4180 2522 4240 conscientia
2553 4178 2814 4239 declinat,
2848 4176 2949 4230 iste
2980 4175 3034 4228 in
3069 4181 3364 4242 conspectu

1792 4281 2001 4337 Domini
2036 4271 2572 4333 olfert'sacriﬁeium.
2617 4269 2768 4324 Hanc
2809 4281 2938 4337 ergo
2971 4264 3201 4320 hostiam
3246 4277 3369 4332 qua:

1787 4370 2015 4427 oll‘ertur
2044 4384 2144 4437 pro
2174 4365 2442 4438 peccatis,
2475 4362 2605 4416 dicit
2632 4373 2752 4414 esse
2781 4358 2980 4412 Sancta
3027 4365 3363 4409 sanctorum.

1792 4463 1968 4534 Majus
2019 4461 2224 4530 aliquid
2257 4460 2460 4513 audere
2507 4454 2619 4509 vult
2662 4466 2863 4516 sermo,
2894 4451 2940 4504 si
2974 4457 3152 4502 tamen
3197 4453 3250 4498 et
3277 4458 3368 4498 ve-

105 4539 405 4637 Dubitasrie
447 4595 568 4635 esse
611 4580 754 4632 intra
791 4585 841 4630 te
874 4575 1040 4629 solem
1088 4580 1142 4625 et
1178 4571 1390 4630 lunam,
1432 4565 1497 4618 ad
1524 4577 1682 4632 quem
1717 4591 1760 4645 Β
1793 4567 1905 4613 ster
1954 4563 2218 4623 sequatur
2274 4550 2512 4605 auditus.
2561 4545 2693 4613 Qua:
2742 4551 2824 4596 est
2875 4539 3050 4595 hostia
3100 4549 3218 4606 quae
3268 4549 3371 4638 pro

105 4676 319 4740 dicitur,
355 4673 489 4743 quia
525 4672 616 4726 lux
673 4671 750 4724 sis
802 4666 1024 4722 mutuli?
1075 4662 1170 4716 Vis
1218 4660 1394 4713 adhuc
1449 4653 1701 4719 amplius

104 4768 300 4836 aliquid
338 4767 410 4822 de
447 4775 500 4819 te
545 4765 663 4833 ipso
697 4761 904 4824 audire,
963 4773 1028 4810 ne
1080 4753 1217 4808 forte
1245 4764 1410 4820 parva
1441 4748 1506 4800 de
1540 4755 1590 4798 te
1629 4756 1683 4798 et

106 4860 324 4912 humilia
387 4862 666 4928 cogitans,
722 4866 976 4922 tanquam
1031 4847 1192 4902 vilem
1237 4841 1474 4910 negligas
1519 4839 1681 4892 vitam

105 4954 290 5007 tuam?
329 4951 510 5006 Habet
545 4951 634 5004 hic
667 4947 900 5002 mundus
926 4936 1566 5012 gubernatoretn‘suum,
1593 4929 1686 4982 ha-

104 5044 192 5098 bet
218 5046 312 5114 qui
347 5059 476 5099 eum
505 5051 658 5110 regat
707 5048 762 5094 et
792 5036 1000 5092 habitet
1037 5033 1089 5086 in
1119 5031 1233 5100 ipso
1262 5025 1686 5093 omnipotentem

167 5172 212 5204 ’°
235 5172 444 5226 Geues.
476 5182 564 5226 xv,
591 5167 646 5220 5.
709 5165 752 5197 ἰ
778 5161 968 5217 Matth.
1001 5173 1052 5219 ν,
1086 5156 1171 5210 14.
1233 5154 1278 5185 ⁹¹
1310 5151 1512 5206 .lerem.
1538 5162 1676 5200 χχιιι

172 5244 277 5270 cun
334 5258 354 5270 π
406 5241 438 5270 ’τ
537 5239 578 5269 97
612 5236 779 5270 Manil.
830 5244 997 5270 νγυιιι
1025 5228 1117 5270 ιλιι-
1192 5224 1238 5256 ³⁸
1275 5221 1412 5270 .Ι()ιξΙ,
1442 5235 1516 5270 ιι,
1552 5218 1644 5270 9,8,

1895 5142 1942 5174 ⁸³
1977 5139 2014 5194 Il
2038 5139 2163 5194 Cor.
2194 5151 2273 5202 vt,
2306 5135 2392 5190 16.
2470 5132 2517 5164 ⁸⁸
2541 5130 2673 5186 ibid.
2701 5127 2788 5184 I8.

1804 5213 2002 5270 Genes.
2046 5224 2118 5264 tv.
2183 5261 2189 5269 ,

1192 5224 1238 5256 ⁸⁸
1275 5221 1412 5276 Jocl.
1442 5235 1516 5285 tt,
1552 5218 1644 5272 9.8.

101 5243 144 5272 ⁹⁶
171 5244 302 5311 Sap.
334 5258 376 5304 ι,
406 5241 462 5294 7.
537 5239 578 5269 ’⁷
607 5236 802 5291 Matth.
830 5228 1118 5295 xxvmﬂl).

171 5364 284 5432 (15)
323 5362 472 5415 Idem
511 5373 639 5421 ms.,
677 5375 695 5406 ι
722 5365 915 5409 totum.
954 5370 972 5402 ι

172 5455 285 5525 (1-4)
328 5453 476 5506 Idem
509 5467 634 5512 ms.,
658 5469 675 5501 ι
711 5448 919 5525 deceat.
946 5464 964 5498 ι
992 5442 1147 5524 Libb.
1174 5439 1342 5525 editi,
1363 5434 1680 5525 rideheazht

106 5504 596 5592 I‘aiilolpostidetn
625 5504 763 5581 ms.,
801 5535 819 5568 t
859 5516 1100 5570 invenies
1149 5525 1242 5565 eas
1272 5511 1432 5563 intra.
1467 5524 1485 5558 ›
1527 5504 1684 5559 Libb.

106 5598 256 5657 editi,
295 5614 314 5645 ί
350 5594 600 5648 invenias
629 5593 787 5643 intra.
827 5608 846 5640 ι

173 5687 286 5756 (15)
331 5685 483 5740 Idem
512 5699 638 5749 ms.,
669 5700 686 5734 ι
727 5681 777 5735 in
810 5693 998 5749 parvo.
1037 5693 1055 5728 ι

173 5779 286 5848 (Ilii
318 5776 477 5848 Idem
511 5791 640 5839 ms.,
673 5791 693 5824 ι
719 5773 972 5848 ιξεριεο.)
999 5769 1157 5824 Libb.
1177 5765 1375 5848 editihr
1405 5760 1678 5848 impleant

111 5829 285 5905 l‘a‘u—lu'
324 5829 481 5904 inira
517 5829 644 5911 ms.,
676 5862 696 5896 t
729 5829 868 5900 in'tcr
926 5841 1070 5911 ipsus
1121 5835 1430 5894 ambulabo.
1465 5850 1482 5883 ι
1523 5829 1680 5885 Libb.

1792 4649 2035 4721 peccatis
2086 4645 2337 4705 oITertur,
2380 4650 2434 4696 et
2486 4649 2569 4694 est
2607 4636 2807 4692 Sancta
2863 4643 3208 4692 sanctorum,
3261 4627 3365 4681 nisi

1795 4719 2110 4810 imigcuitus
2143 4736 2314 4790 Filius
2353 4733 2485 4796 Dei,
2532 4728 2790 4784 Dominus
2843 4739 2991 4779 meus
3022 4721 3179 4777 Jesus
3211 4719 3370 4774 Chri-

1794 4834 1948 4889 stus?
1979 4833 2095 4900 Ipse
2129 4830 2273 4884 solus
2303 4836 2384 4882 est
2423 4823 2598 4880 hostia
2641 4835 2740 4891 pro
2766 4815 3022 4889 peccatis,
3055 4822 3110 4867 et
3141 4813 3253 4882 ipse
3285 4818 3369 4864 est

1799 4927 1973 4980 hostia
2009 4923 2209 4976 Sancta
2247 4927 2585 4972 sanctorum.
2644 4911 2748 4967 Sed
2784 4909 2925 4978 quod
2976 4906 3166 4961 addit:
3209 4921 3227 4954 ι
3259 4901 3368 4956 Sa-

1798 5017 2012 5084 cerdos,
2045 5012 2237 5082 inquit,
2267 5011 2356 5080 qui
2393 5007 2549 5062 oﬁ‘ert
2581 5004 2736 5068 illud,
2763 5004 2887 5055 edet
2922 4998 3071 5063 illud,
3102 5016 3122 5050 ι
3158 4994 3370 5049 videtur

2863 5126 2908 5158 ⁸³
2935 5120 3078 5178 Psal.
3109 5134 3283 5185 unt,
3313 5116 3370 5172 6.

1803 5334 1959 5398 editi,
2003 5352 2020 5385 ι
2054 5333 2106 5386 in
2145 5330 2278 5400 ipsis
2303 5325 2614 5383 ambulabo.
2647 5341 2666 5375 ι

1871 5427 1981 5551 (117)
2021 5425 2164 5479 1ι1ειιι
2222 5439 2347 5488 ms.,
2391 5438 2409 5472 ι
2448 5419 2617 5474 addit.
2669 5433 2688 5467 ι
2740 5412 2895 5468 Libb.
2937 5406 3089 5473 editi,
3133 5423 3152 5457 ι
3191 5402 3371 5459 adhuc

1906 5515 1944 5551 I.
1979 5517 1997 5548 ι

1796 5511 1997 5713 :ul‘lii)’
2024 5586 2148 5652 Ms.,
2196 5603 2214 5636 ι
2246 5580 2582 5653 spirituales.
2607 5597 2626 5630 ι
2677 5575 2834 5631 Libb.
2879 5568 3040 5637 editi,
3091 5583 3109 5618 ι
3146 5563 3369 5636 spirita-

1820 5672 1940 5713 Ilcr.
1968 5678 1986 5710 ι

2022 5746 2199 5828 ιιιεηλ
2226 5745 2440 5812 offeret,
2467 5761 2485 5794 ι
2515 5750 2569 5799 et
2607 5733 2770 5809 paulo
2801 5739 2944 5802 post,
2971 5746 2990 5781 ι
3016 5725 3127 5791 ille,
3154 5722 3368 5794 Opinor,

1796 5824 1889 5891 qui
1923 5834 2030 5875 non
2069 5824 2197 5873 exit.
2223 5835 2242 5868 ι
