3876 6520
521 372 621 427 451
1983 364 2052 420 01

2213 365 2300 420 HS
3669 372 3744 427 1ξέ

523 491 735 547 diﬂicilc
772 504 892 546 esse
939 491 1005 543 ad
1042 487 1378 544 intellectum
1425 487 1560 559 (20).
1609 487 1742 542 Illud
1777 487 1920 542 enim
1955 486 2097 555 quod
2131 489 2174 544 Α
2203 502 2326 539 eum
2352 487 2371 518 θ
2411 503 2423 539 :
2465 505 2483 538 ε
2514 480 2688 541 Locus
2742 487 2885 542 enim
2938 489 2991 542 in
3042 504 3151 559 quo
3205 496 3350 553 stas,
3392 498 3538 542 terra
3591 503 3743 545 sancta

523 587 792 640 edendum
827 583 981 645 dicit,
1013 582 1077 636 ad
1112 589 1394 651 peccatum
1432 579 1625 635 referri
1674 581 1886 634 videtur
1915 600 1926 634 :
1959 578 2101 632 sicut
2205 587 2307 632 est.
2353 599 2371 631 ι
2411 577 2674 633 Similiter
2701 595 2828 650 ergo
2871 591 2924 635 ct
2964 583 3016 636 in
3052 583 3293 638 Ecclesia
3330 582 3422 636 Dei
3461 581 3612 635 locus
3654 597 3744 637 £2!!-

523 689 578 732 et
634 676 762 730 alibi
820 675 953 728 dicit
1017 674 1082 727 dc
1154 673 1539 728 sacerdotibus
1597 673 1858 740 propheta
1890 671 1928 735 ³,
1975 669 2100 738 quia
2205 677 2324 724 ctus
2357 679 2472 735 est,
2523 670 2656 723 ﬁdes
2692 670 2969 740 perfecta,
3013 673 3258 726 charitas
3302 674 3368 725 de
3419 671 3590 725 corde
3625 687 3742 739 puro,

529 787 549 821 ε
579 778 797 839 peccata
839 767 1020 837 populi
1068 767 1173 819 mei
1226 765 1654 820 manducabunt.
1685 783 1702 814 ι
1738 763 1890 818 Unde
1926 773 1980 818 et
2014 763 2102 818 hic
2204 770 2258 817 et
2289 761 2622 816 conscientia
2651 763 2814 816 bona.
2853 762 2954 828 Qui
2991 765 3041 817 in
3078 765 3161 818 his
3196 775 3302 817 stat
3338 765 3391 815 in
3430 763 3683 825 Ecclesia,
3709 769 3742 817 in

523 861 764 917 ostendit
826 859 1170 914 sacerdotem
1246 867 1532 927 peccatum
1587 855 1865 911 offerentis
1921 872 2103 913 como-
2205 857 2323 909 loco
2357 865 2546 909 sancto
2571 867 2717 910 stare
2743 871 2802 911 se
2839 867 3119 926 agnoscat.
3149 857 3330 928 Neque
3363 859 3513 912 enim
3552 858 3606 909 in
3636 867 3742 910 terra

524 951 652 1006 dere
690 951 913 1004 debere.
945 949 1099 1018 Saepe
1135 948 1474 1002 ostendimus
1505 963 1570 1001 ex
1616 949 1816 1002 divinis
1852 948 2101 1016 Scriptu-
2206 947 2532 1017 quzercndus
2571 957 2648 1002 est
2685 949 2835 1004 locus
2866 961 3111 1011 sanctus,
3147 951 3198 1003 in
3244 967 3408 1018 quam
3456 949 3625 1003 semel
3654 953 3742 1004 data

526 1045 624 1106 ris,
653 1043 934 1098 Christum
992 1057 1112 1096 esse
1155 1051 1208 1096 et
1263 1041 1495 1095 hostiam
1548 1057 1670 1109 qua:
1722 1057 1820 1109 pro
1879 1051 2100 1111 peccato
2205 1041 2472 1094 sententia
2526 1051 2608 1094 est
2655 1057 2684 1094 a
2732 1042 2840 1097 Deo
2887 1043 3206 1096 dicente":
3249 1063 3266 1092 ι
3297 1042 3591 1096 Maledicta
3637 1051 3742 1094 tem

526 1137 713 1191 tnundi
757 1135 1004 1199 oITcrtttr,
1036 1145 1089 1189 et
1117 1135 1462 1188 sacerdotem
1494 1135 1583 1204 qui
1619 1133 1810 1187 oITerat
1844 1135 2097 1188 hostiam.
2205 1132 2258 1185 in
2294 1131 2548 1200 operibus
2584 1131 2688 1185 tuis
2719 1131 2852 1206 (25).
2885 1153 2902 1186 3
2949 1135 3109 1189 Fides
3136 1149 3266 1203 ergo
3317 1135 3538 1203 integra
3568 1142 3623 1187 et
3660 1150 3745 1186 san.

526 1227 678 1295 Quod
725 1243 831 1282 uno
885 1227 1051 1282 verbo
1102 1226 1396 1295 Apostolus
1441 1226 1737 1295 explicavit
1783 1225 1931 1296 (21),
1978 1240 2098 1280 cum
2205 1235 2291 1280 cta
2325 1227 2689 1290 conversatio,
2734 1225 2884 1280 locus
2924 1237 3008 1281 est
3047 1237 3287 1282 sanctus.
3339 1227 3396 1280 In
3453 1228 3562 1281 hoc
3604 1228 3744 1296 itaque

527 1321 740 1376 dicit‘:
776 1341 793 1373 ι
830 1321 931 1388 Qui
980 1322 1218 1390 seipsum
1257 1320 1457 1375 obtulit
1493 1323 1618 1375 Deo.
1646 1340 1664 1372 ι
1704 1320 1800 1375 IIic
1843 1337 1971 1388 ergo
2018 1331 2102 1375 est
2208 1319 2325 1374 loco
2397 1319 2606 1387 positus
2663 1320 2918 1372 sacerdos
2977 1319 3265 1383 Ecclesire,
3315 1319 3507 1388 populi
3566 1332 3741 1387 peccata

529 1414 805 1478 sacerdos,
832 1414 921 1482 qui
962 1422 1182 1482 peccata
1237 1413 1416 1482 populi
1449 1414 1682 1467 comedit
1727 1422 1780 1466 et
1811 1413 2097 1481 consumit,
2206 1418 2525 1472 consumat,
2571 1418 2630 1462 ιιι
2667 1409 2896 1462 hostiam
2941 1408 3198 1480 jugulans
3245 1412 3396 1463 verbi
3436 1410 3558 1472 Dei,
3597 1420 3650 1462 et
3675 1413 3741 1465 do-

528 1504 595 1557 de
618 1521 725 1570 quo
757 1505 956 1557 dictum
990 1513 1071 1557 est
1099 1502 1118 1533 ³
1146 1521 1159 1556 :
1197 1521 1215 1552 t
1250 1503 1326 1556 Tu
1362 1518 1420 1557 es
1454 1506 1707 1558 sacerdos
1756 1505 1807 1556 in
1840 1513 2099 1559 aeternum
2205 1503 2396 1555 ctrina:
2428 1517 2572 1555 sana:
2601 1501 2854 1554 victimas
2895 1500 3149 1565 otierens,
3175 1503 3338 1572 208
3380 1515 3581 1572 purget
3608 1520 3633 1556 a
3662 1522 3745 1574 pec-

530 1596 824 1650 secundum
869 1595 1114 1650 ordinem
1165 1593 1587 1662 Melchisedech.
1615 1615 1632 1645 3
1670 1595 1924 1649 Salvator
1971 1613 2100 1664 ergo
2206 1595 2345 1647 catis
2387 1594 2752 1649 conscientias
2785 1593 3119 1647 auditorum.
3179 1595 3310 1648 Edet
3355 1595 3472 1664 (26)
3511 1613 3642 1664 ergo
3681 1614 3742 1649 sa-

531 1697 588 1742 et
634 1688 894 1742 Dominus
940 1703 1091 1742 meus
1135 1696 1356 1756 peccata
1415 1687 1590 1754 populi
1639 1687 1770 1741 edit.
1817 1688 2100 1754 Quomodo
2206 1686 2398 1740 cerdos
2430 1701 2624 1740 carnes
2655 1685 2908 1740 sacriﬁcii
2953 1686 3005 1739 in
3053 1687 3190 1740 atrio
3244 1686 3587 1741 tabernaculi
3633 1693 3743 1742 testi-

529 1781 641 1834 edit
697 1789 921 1848 peccata
983 1777 1206 1846 populi?
1255 1778 1378 1829 audi
1437 1776 1566 1845 quid
1627 1777 1892 1846 scriptum
1953 1788 2052 1838 est.
2083 1796 2097 1833 :
2133 1827 2175 1882 Β
2209 1777 2411 1842 monii,
2458 1793 2579 1831 cum
2632 1774 2932 1844 intelligere
2980 1779 3218 1845 poluerit
3263 1794 3386 1848 quae
3437 1780 3513 1832 sit
3549 1783 3674 1834 ratio
3708 1784 3742 1833 in

535 1889 555 1923 ε
598 1871 767 1934 Deus,
815 1869 1061 1939 inquit‘,
1107 1878 1312 1932 uoster,
1354 1868 1492 1938 ignis
1555 1885 1883 1925 consumens
1934 1879 2040 1926 est.
2075 1892 2092 1924 3
2133 1868 2309 1934 "his,
2350 1885 2534 1938 quaeve
2584 1870 2876 1939 mysteria,
2920 1885 3040 1937 qua!
3087 1871 3479 1925 describuntur
3523 1875 3588 1924 de
3632 1876 3743 1926 atriis

532 1963 670 2030 Quid
694 1962 961 2017 consumit
993 1959 1134 2014 Deus
1162 1960 1337 2027 ignis?
1368 1958 1616 2029 Nunquid
1649 1970 1757 2016 tatu
1790 1963 1956 2032 inepti
1988 1964 2099 2034 (22)
2206 1964 2539 2018 tabernaculi
2575 1964 2891 2019 testimonii.
2926 1964 3006 2016 Ad
3047 1964 3161 2018 haec
3199 1967 3347 2017 enim
3383 1965 3527 2017 atria
3573 1979 3739 2019 secreta

533 2055 757 2117 erimus,
787 2062 845 2107 ut
887 2061 1138 2122 putemus
1163 2050 1306 2121 quod
1345 2051 1486 2106 Deus
1534 2054 1673 2120 ignis
1723 2054 1866 2126 ligna
1908 2071 2104 2110 consu-
2205 2066 2258 2110 et
2306 2056 2581 2110 recondita
2623 2057 2802 2112 nullus
2832 2057 3072 2117 accedit,
3123 2055 3248 2108 nulli
3297 2059 3414 2110 hmc
3458 2058 3564 2110 nisi
3599 2073 3740 2112 sacer-

532 2155 668 2210 mat,
697 2155 790 2199 aut
819 2144 1096 2214 stipulam,
1144 2152 1240 2198 aut
1279 2143 1497 2198 fenum?
1527 2146 1631 2201 Sed
1659 2148 1931 2202 consumit
1962 2148 2102 2202 Deus
2208 2149 2422 2203 dotibus
2456 2159 2710 2218 pateant:
2740 2150 2783 2203 si
2824 2158 3004 2202 tamen
3042 2157 3296 2214 pateant,
3339 2150 3382 2202 si
3416 2151 3642 2204 scientia
3674 2168 3740 2204 sua

463 2288 474 2294 -
535 2239 675 2310 ignis
711 2240 942 2292 humana
994 2246 1238 2307 peccata,
1289 2238 1379 2292 illa
1429 2240 1686 2303 absumit,
1730 2241 1820 2294 illa
1859 2242 2100 2306 devorat,
2207 2249 2262 2293 et
2305 2241 2579 2295 intellectu
2617 2242 2846 2312 mystico
2881 2240 3157 2306 potuerint
3198 2255 3386 2295 eorum
3435 2251 3647 2294 secreta
3674 2260 3740 2309 pe-

532 2331 620 2385 illa
670 2338 898 2402 purgat,
932 2329 1231 2384 secundum
1277 2332 1419 2400 quod
1462 2341 1515 2386 et
1561 2333 1686 2386 alibi
1720 2333 1852 2387 dicit
1882 2335 1902 2366 ⁸
1932 2353 1944 2388 :
1989 2353 2008 2385 ς
2040 2335 2104 2389 Ει
2210 2343 2442 2387 uetrare.
2470 2333 2595 2388 Scio
2619 2345 2797 2388 autem
2822 2348 2942 2387 esse
2968 2342 3020 2385 et
3050 2333 3152 2385 alia
3179 2333 3426 2402 quaedam
3457 2335 3510 2386 in
3540 2334 3739 2388 Ecclesia

528 2425 771 2494 purgabo
799 2433 852 2478 te
886 2422 995 2492 igni
1053 2425 1118 2476 ad
1159 2438 1376 2491 purum.
1406 2441 1424 2475 3
1474 2424 1588 2478 IIoc
1643 2433 1726 2479 est
1773 2427 2104 2482 manducare
2207 2427 2463 2497 dogmata
2510 2430 2829 2495 secretiora,
2858 2446 2977 2498 qua:
3016 2429 3168 2482 adire
3209 2443 3308 2482 nec
3356 2428 3493 2497 ipsis
3527 2430 3739 2482 sacerdo-

538 2527 818 2585 peccatum
852 2514 970 2584 ejus
1010 2515 1100 2584 qui
1139 2515 1297 2569 oil'ert
1333 2515 1663 2570 sacrilicium
1709 2530 1806 2583 pro
1851 2523 2100 2586 peccato.
2211 2517 2352 2572 tibus
2381 2519 2558 2573 liceat.
2584 2518 2677 2573 Illa
2701 2521 2843 2584 dico,
2872 2520 2958 2574 ubi
2989 2536 3114 2574 arca
3145 2522 3481 2580 reconditur,
3509 2521 3595 2574 ubi
3621 2538 3738 2578 urna.

532 2606 649 2676 Ipse
684 2609 827 2662 enim
865 2618 1084 2678 peccata
1118 2618 1302 2663 nostra
1339 2608 1596 2677 suscepit,
1626 2618 1680 2662 et
1720 2609 1773 2662 in
1804 2610 2103 2678 semetipso
2209 2611 2300 2666 ubi
2356 2627 2550 2665 manna
2603 2621 2658 2666 et
2707 2613 2901 2667 tabula:
2957 2615 3286 2668 testamenti.
3351 2613 3483 2668 Illuc
3547 2630 3614 2667 ne
3647 2615 3739 2682 ipsis

530 2721 594 2760 ea
629 2712 884 2774 tanquam
926 2704 1065 2773 ignis
1101 2703 1337 2759 comedit
1375 2715 1428 2758 et
1457 2703 1717 2758 absumit.
1749 2704 1840 2758 Sic
1871 2704 2104 2773 denique
2211 2705 2428 2772 quidem
2468 2705 2842 2759 sacerdotibus
2886 2707 3048 2760 datur
3081 2721 3362 2767 accessus,
3402 2708 3496 2760 sed
3533 2709 3620 2758 uni
3656 2719 3740 2758 tan-

533 2795 847 2850 eeontrario
885 2809 979 2848 eos
1026 2795 1116 2863 qui
1167 2803 1490 2864 permanent
1537 2795 1589 2848 in
1641 2795 1910 2864 peccatis,
1959 2810 2104 2849 ntors
2210 2800 2320 2845 tum
2371 2793 2650 2861 pontilici.
2695 2803 2748 2846 et
2797 2795 2920 2848 huic
2961 2796 3127 2850 semel
3176 2797 3230 2849 in
3275 2812 3419 2848 anno
3463 2797 3626 2849 certis
3654 2798 3742 2864 qui-

529 2887 736 2942 dicitur
777 2885 1105 2956 deglutisse,
1151 2887 1295 2942 sicut
1345 2888 1612 2957 scriptum
1667 2896 1753 2942 est
1798 2901 1812 2940 :
1851 2903 1869 2936 ι
1909 2886 2103 2954 Deglu-
2209 2881 2420 2950 busque
2446 2893 2500 2938 et
2531 2885 2774 2954 mysticis
2800 2887 3266 2954 puriticatiOnihus
3289 2888 3740 2942 concedituristnd

533 2978 631 3030 tiet
665 2977 777 3048 (25)
814 2993 960 3031 mors
991 2977 1306 3047 praevalens.
1340 2998 1357 3029 3
1394 2979 1505 3033 IIoc
1536 2988 1666 3049 puto
1713 2993 1834 3033 esse
1873 2979 2016 3046 quod
2051 2979 2102 3032 in
2212 2974 2419 3027 intrare
2451 2986 2743 3031 secretum.
2783 2975 2921 3030 Sunt
2961 2988 3017 3033 et
3059 2978 3158 3032 alia
3192 2978 3453 3032 Ecclesia:
3502 2979 3737 3047 dogmata,

530 3069 822 3140 Evangelio
849 3070 1101 3124 Salvator
1130 3071 1345 3125 dicebat
1369 3072 1429 3124 ⁶ε
1465 3090 1483 3122 ‹
1513 3072 1692 3141 Ignem
1729 3071 1849 3124 veni
1888 3070 2106 3124 mittere
2209 3065 2278 3119 ad
2331 3082 2456 3132 qute
2496 3078 2725 3136 possnnt
2770 3071 3052 3137 pervenire
3092 3071 3254 3124 etiam
3295 3069 3522 3133 Levitzc,
3566 3071 3650 3121 Sed
3684 3071 3742 3120 iu-

533 3163 589 3218 in
631 3171 854 3228 terram,
898 3173 952 3217 et
998 3178 1160 3232 quam
1209 3164 1330 3219 volo
1376 3172 1434 3217 ut
1481 3163 1834 3217 accendatur.
1861 3180 1879 3213 ι
1929 3162 2104 3230 Atque
2132 3174 2180 3238 (ς
2212 3157 2408 3212 feriora
2444 3170 2570 3213 sunt
2603 3161 2669 3214 ab
2720 3161 2804 3214 his
2855 3175 2974 3228 qua:
3021 3161 3403 3214 sacerdotibus
3448 3161 3600 3213 adire
3643 3174 3739 3212 cou-

535 3255 743 3308 utinant
794 3265 848 3309 et
898 3272 1017 3311 mea
1066 3267 1208 3312 terra
1263 3257 1598 3312 accendatur
1641 3255 1750 3325 igni
1803 3254 2009 3317 divino,
2047 3263 2108 3306 ut
2211 3265 2423 3304 cessum
2452 3261 2554 3305 est.
2587 3252 2713 3304 Scio
2739 3261 2795 3306 et
2824 3252 2930 3306 alia
2965 3268 3082 3307 esse
3109 3254 3177 3306 ad
3207 3269 3326 3322 qua:
3361 3262 3587 3322 possunt
3624 3267 3742 3305 acce-

537 3346 676 3400 ultra
712 3361 816 3400 non
864 3345 1055 3401 aIIerat
1092 3347 1356 3416 spinas‘et
1389 3345 1637 3400 tribulos.
1689 3343 1779 3398 Sic
1809 3343 2109 3414 intelligere
2210 3341 2337 3395 dere
2375 3343 2538 3394 etiam
2584 3342 2676 3396 tilii
2719 3342 2907 3411 Israel,
2954 3347 3057 3398 hoc
3094 3353 3207 3406 est,
3251 3331 3413 3408 laici;
3453 3359 3558 3398 non
3603 3354 3740 3395 tamen

537 3436 702 3490 debes
739 3446 792 3490 et
825 3436 981 3501 illud,
1023 3437 1169 3504 quod
1214 3436 1479 3504 scriptum
1535 3435 1662 3489 est'
1707 3453 1721 3489 :
1767 3452 1784 3484 t
1828 3434 1970 3502 Ignis
2012 3449 2107 3489 ac-
2209 3431 2560 3502 alienigenae,
2614 3435 2714 3487 nisi
2768 3435 2989 3499 ascripti
3036 3435 3146 3503 jam
3199 3435 3401 3490 fuerint
3450 3437 3504 3488 in
3537 3435 3739 3489 Ecclesia

534 3541 734 3582 census
778 3537 863 3581 est
910 3528 977 3582 ab
1023 3529 1101 3581 ira
1144 3544 1285 3590 mea.
1327 3529 1572 3582 comedet
1612 3537 1811 3581 terram
1852 3536 1907 3580 et
1946 3541 2109 3595 gcnc-
2211 3523 2454 3591 Domini,
2504 3543 2522 3575 ι
2551 3525 2844 3597 Egyptins
2892 3528 3036 3580 enim
3090 3529 3247 3581 tertia
3302 3529 3644 3597 generatione
3682 3527 3736 3578 in-

532 3642 771 3697 rationes
804 3643 985 3712 ejus.3
1044 3641 1185 3695 Dicit
1235 3655 1365 3710 ergo
1407 3640 1496 3693 lex
1531 3641 1596 3692 3:
1635 3657 1653 3690 ι
1685 3638 1958 3694 Sacerdos
2012 3639 2106 3708 qui
2210 3641 2372 3695 trabit
2425 3640 2548 3713 (‘27)
2595 3643 2646 3695 in
2689 3641 2984 3696 Ecclesium
3036 3642 3222 3698 Dei“.
3253 3661 3271 3692 3
3324 3641 3508 3697 Credo
3561 3650 3740 3710 propter

529 3733 817 3798 obtulerit,
843 3735 968 3788 edet
1013 3733 1139 3786 illud
1171 3733 1223 3784 in
1254 3732 1374 3786 loco
1408 3741 1621 3798 sancto,
1667 3733 1722 3785 in
1751 3731 1893 3785 atrio
1934 3729 2110 3783 taber-
2212 3735 2370 3788 Iidem
2417 3735 2616 3799 Patris,
2649 3745 2701 3789 et
2732 3734 2874 3798 Filii,
2911 3745 2961 3786 et
3006 3733 3244 3803 Spiritus
3286 3735 3486 3795 sancti,
3519 3734 3569 3786 in
3613 3748 3736 3802 quam

531 3825 710 3880 naculi
747 3825 1062 3879 testimonii.
1095 3844 1113 3876 3
1167 3825 1518 3893 Consequens
1564 3823 1708 3876 enim
1756 3831 1877 3888 est,
1923 3830 1980 3875 ut
2018 3835 2104 3875 sc-
2210 3828 2386 3881 credit
2434 3828 2612 3882 omnis
2648 3830 2740 3894 qui
2789 3829 3030 3882 sociatur
3067 3826 3323 3880 Ecclesia:
3381 3827 3513 3885 Dei,
3564 3827 3737 3878 tertiam

530 3919 768 3972 cundum
811 3918 1102 3987 imaginem
1139 3917 1257 3985 eius
1299 3916 1391 3984 qui
1433 3914 1799 3968 sacerdotium
1852 3912 2108 3967 Ecclesia
2211 3922 2613 3991 generationem
2663 3921 2886 3989 mystice
2917 3920 3139 3973 dictam.
3189 3918 3576 3972 Verumtamen
3605 3917 3741 3970 scien-

531 4011 703 4073 dedit,
743 4011 906 4064 etiam
945 4010 1180 4064 ministri
1226 4019 1282 4062 et
1328 4006 1644 4061 sacerdotes
1689 4004 1802 4075 (24)
1854 4004 2108 4059 Ecclesia:
2208 4015 2336 4068 dum
2383 4025 2499 4080 est,
2550 4015 2691 4083 quod
2743 4029 2806 4067 ex
2860 4013 3053 4066 hostiis
3107 4027 3226 4081 qua:
3282 4009 3606 4073 oﬂ‘crunutr,
3643 4009 3737 4060 licet

532 4111 758 4175 peccata
804 4102 986 4172 pepuli
1026 4099 1324 4169 accipiant,
1373 4107 1427 4152 et
1477 4097 1581 4165 ipsi
1631 4097 1906 4150 imitantes
1939 4110 2057 4163 mag

2210 4107 2573 4162 concedantur
2615 4105 2984 4159 sacerdotibus
3016 4105 3080 4156 ad
3128 4105 3420 4169 edendum,
3457 4118 3561 4156 non
3599 4111 3736 4153 tamen

533 4205 740 4259 strum,
784 4193 1160 4249 remissionem
1209 4200 1559 4262 peccatorum
1603 4187 1800 4258 populo
1848 4189 2107 4242 tribuant.
2210 4197 2388 4249 omnia
2425 4195 2825 4260 conceduntur;
2874 4196 2966 4248 sed
3003 4210 3127 4263 pars
3173 4210 3238 4248 ex
3277 4194 3408 4263 ipsis
3448 4195 3616 4262 aiiqua
3659 4194 3740 4245 Deo

535 4284 744 4340 Debent
781 4300 910 4354 ergo
954 4293 1009 4340 et
1057 4285 1158 4353 ipsi
1217 4282 1477 4336 Ecclesiae
1524 4281 1834 4335 sacerdotes
1868 4282 1943 4334 ita
1987 4295 2066 4350 pet

2209 4291 2456 4355 offertur,
2499 4297 2551 4342 et
2605 4288 2794 4341 altaris
2849 4288 3063 4358 ignibus
3110 4288 3387 4341 traditur:
3432 4296 3494 4340 ut
3549 4287 3739 4340 sciamus

531 4376 656 4432 fecti
699 4392 841 4440 esse,
879 4388 930 4431 et
977 4377 1032 4431 in
1061 4376 1252 4431 otiiciis
1282 4388 1498 4443 semper
1529 4373 1959 4428 sacerdotalibus
1991 4389 2062 4428 ert

2209 4384 2372 4438 etiam
2409 4396 2505 4436 nos
2553 4383 2694 4450 quod
2726 4390 2780 4435 et
2827 4381 2873 4435 si
2913 4380 3228 4435 conceditur
3277 4379 3431 4432 nobis
3487 4380 3648 4447 aliqua
3689 4393 3735 4429 ex

529 4468 651 4534 diti,
689 4479 745 4522 ut
777 4479 996 4538 peccata
1029 4469 1212 4538 p0puli
1256 4468 1310 4520 in
1351 4466 1466 4521 loco
1497 4474 1710 4530 sancto,
1759 4466 1812 4518 in
1845 4465 2000 4519 atriis
2031 4474 2060 4518 ιε

2212 4473 2408 4544 divinis
2443 4471 2743 4540 Scriptnris
2770 4471 3176 4540 apprehendere
3220 4480 3275 4523 et
3304 4485 3615 4538 agnoscere,
3641 4477 3736 4520 sunt

529 4561 808 4616 bernaculi
854 4563 1204 4628 testimonii,
1253 4562 1355 4631 ipsi
1420 4575 1527 4615 non
1581 4559 1854 4628 peccando
1903 4573 2060 4612 cousu

2214 4575 2390 4620 tamen
2423 4564 2602 4630 aliqua
2643 4579 2764 4632 qua:
2798 4564 2906 4617 Deo
2939 4563 3267 4617 reservanda
3301 4571 3469 4615 sunt:
3506 4577 3613 4631 quae
3645 4576 3737 4613 cum

533 4660 704 4705 mant.
747 4651 885 4718 Quid
918 4663 1097 4708 autem
1126 4662 1211 4707 est
1256 4653 1309 4706 in
1362 4651 1483 4705 loco
1527 4661 1720 4704 sancto
1765 4651 2103 4704 manducare
2210 4658 2620 4728 intelligentiam
2668 4667 2911 4710 nostram
2979 4664 3236 4725 superent,
3288 4653 3434 4724 (28),
3487 4666 3742 4718 sensusque

531 4747 853 4815 peccatum?
901 4747 1078 4802 Locus
1124 4755 1244 4801 erat
1285 4753 1539 4809 sanctus,
1589 4744 1640 4797 in
1693 4759 1854 4812 quem
1906 4757 2062 4812 perve

2210 4767 2400 4807 eorum
2432 4765 2596 4818 supra
2635 4764 2732 4802 nos
2761 4748 2851 4812 sit,
2886 4763 2952 4800 ne
2990 4746 3130 4801 forte
3165 4746 3322 4800 aliter
3359 4761 3388 4798 a
3421 4748 3571 4799 nobis
3607 4760 3738 4813 quam

531 4845 690 4892 nerat
759 4837 1006 4908 Moyses,
1061 4842 1358 4894 secundum
1422 4836 1564 4906 quod
1624 4836 1827 4890 dictum
1888 4843 1974 4890 est
2033 4851 2062 4888 a

2210 4858 2266 4898 se
2301 4843 2462 4896 habet
2493 4840 2722 4903 veritas,
2763 4837 3132 4907 proferantur,
3169 4839 3362 4892 lllt'iills
3395 4839 3502 4906 igni
3539 4841 3626 4891 ista
3652 4852 3741 4890 scr-

605 4977 622 5006 ²
661 4975 787 5032 Ose.
818 4993 890 5044 Iv,
919 4979 974 5034 8.
1051 4980 1071 5008 ²
1113 4977 1273 5030 llchr.
1305 4993 1378 5041 Ix,
1407 4975 1495 5028 M-
1571 4975 1592 5005 ³
1632 4974 1774 5029 Psal.
1803 4990 1914 5038 ms,
1953 4974 2006 5029 4.
2084 4977 2107 5008 ⁸
2147 4982 2304 5035 Deut.
2347 4976 2539 5040 "1,24.
2615 4975 2636 5006 ⁸
2677 4975 2844 5037 Isa.i,
2876 4973 2967 5027 25.
3047 4975 3067 5005 ⁸
3110 4973 3240 5028 Luc.
3273 4989 3369 5039 sn,
3400 4974 3489 5028 t9.
3560 4975 3577 5004 τ
3611 4973 3741 5027 Deut.

531 5061 705 5111 xxxtt,
740 5048 830 5100 ‘29..
904 5049 925 5079 ⁸
966 5048 1139 5102 Levit.
1168 5047 1356 5112 vt,‘26.
1434 5047 1454 5077 ⁹
1496 5045 1666 5099 Exod.
1695 5061 1790 5109 ιιι,
1975 5048 2018 5078 ²⁰
2059 5063 2062 5089 ι

1616 5047 1666 5099 d.
1695 5061 1790 5109 ιιι,
1975 5048 2018 5078 ²⁰
2059 5046 2259 5108 Cenes.
2296 5064 2378 5112 ιιι,
2413 5047 2500 5101 I7.
2577 5046 2614 5076 ¹¹
2660 5047 2875 5099 Denter.
2907 5061 3061 5108 xxnt,
3089 5045 3141 5099 8.

602 5187 716 5260 (ἓο)
758 5186 878 5252 Ms.,
912 5207 929 5238 ι
957 5185 1340 5241 intellectum»
1369 5184 1527 5239 Libb.
1563 5184 1715 5248 editi,
1754 5202 1771 5234 ι
1797 5183 2100 5255 intelligen-
2283 5183 2566 5260 (23)]118...
2606 5201 2624 5234 ‹
2654 5182 2911 5260 operibus
2951 5179 3076 5234 tuis.
3104 5198 3120 5230 3
3178 5179 3336 5233 L'bb.
3384 5179 3530 5242 editi,
3564 5198 3580 5229 ι
3608 5190 3743 5244 opere

530 5253 724 5314 duim}
1981 5253 1996 5255 ⁷
2212 5253 2325 5310 tuo.
2352 5253 2570 5307 3'Paulo
2602 5262 2721 5320 post
2767 5253 2906 5304 idem
2953 5266 3077 5312 tns.,
3117 5268 3133 5299 ι
3158 5261 3381 5318 peccata
3432 5261 3740 5304 COIISUIIt;tI.3

626 5329 717 5398 21)
760 5329 885 5394 MS.,
921 5349 939 5380 ι
966 5328 1221 5396 explicat.
1247 5348 1264 5380 3
1313 5397 1320 5398 ί
1437 5396 1466 5398 μ
1501 5396 1509 5398 ξ
1614 5395 1623 5398 _
1787 5395 1798 5398 _
1833 5394 1845 5398 _
1936 5394 1961 5398 _
2050 5394 2063 5398 _
2209 5327 2367 5382 Libb.
2394 5325 2547 5387 editi,
2581 5343 2598 5374 ι
2625 5334 2845 5391 peccata
2881 5321 3168 5374 consumit.
3199 5339 3216 5370 3

626 5330 717 5398 ‘21)
760 5330 885 5394 Ms.,
921 5349 939 5380 ι
966 5330 1221 5396 explicat.
1247 5348 1264 5380 3
2209 5330 2367 5382 Libb.
2394 5330 2547 5387 editi,
2581 5343 2598 5374 t
2625 5334 2845 5391 peccata
2881 5331 3168 5374 consumit.
3199 5339 3216 5370 ι

600 5330 1902 5490 eaeis-:1instiget»:etii:_:.ietuisirs
1933 5394 2102 5490 Et!!!"
2281 5418 2395 5490 (~26)
2437 5416 2562 5481 ιιεο,
2604 5416 2787 5468 «edet.
2814 5432 2831 5464 ι
2871 5412 3029 5466 Libb.
3055 5413 3210 5473 eam.
3249 5431 3268 5462 ι
3295 5413 3467 5467 εδει.»

611 5465 621 5471 -
689 5473 698 5481 .
1055 5465 1063 5466 κ
1121 5469 1130 5479 .
1810 5466 1819 5475 .
2012 5467 2066 5476 ..
2307 5465 2393 5485 _-,
2653 5465 2785 5468 ηρ
2873 5465 2880 5466 κ
3199 5465 3209 5473 ,
3303 5465 3318 5467 ἡ

527 5473 836 5578 Vlixis}:
864 5470 1317 5578 ',",?,",,,‘,‘,‘.E:RI”‘_‘"‘
1347 5477 1440 5520 am
1464 5466 1664 5521 mum"
1707 5485 1723 5516 ’
1764 5465 2094 5530 L'bb'cdm’
2279 5465 2391 5578 (‘27)
2435 5506 2568 5572 Ms.,
2630 5522 2648 5555 ι
2679 5505 2938 5578 intravit.
2966 5522 3003 5578 _t_
3044 5501 3163 5556 Mox
3211 5503 3344 5578 libb.
3395 5516 3540 5554 antea
3591 5498 3741 5578 editi,

636 5543 647 5553 '
755 5561 761 5566 .
1091 5557 1098 5567 .
2304 5540 2360 5561 ιιι
2435 5540 2532 5559 tua.
2630 5540 2648 5555 1
2695 5540 2938 5556 ιιιιισινιι.
2973 5540 2989 5552 υ
3045 5540 3163 5556 .τιιι.ι
3211 5540 3344 5555 una.
3395 5540 3540 5554 nun..-
3593 5540 3739 5561 ...υ-,τ

535 5555 557 5589 ⁸
869 5540 1250 5640 ³¹Ῐ¹λίξξι¹ὶῖ¹ς¹ιῖΰ
1274 5629 1291 5640 .
1325 5608 1346 5640 ι
1372 5607 1460 5640 πω.
1512 5607 1639 5640 mm;
1694 5625 1712 5640 ,
1739 5605 2012 5640 annuum“
2077 5625 2093 5640 _
2215 5599 2234 5630 α
2271 5540 2434 5632 credo
2477 5545 2634 5630 (idem
2676 5575 2852 5628 Patris
2883 5584 2935 5627 et
2966 5573 3108 5635 Filii,
3139 5583 3192 5626 et
3223 5573 3454 5640 Spiritus
3482 5573 3658 5626 sancti.
3699 5571 3739 5619 it.

603 5605 716 5682 (‘23)
758 5611 880 5675 Ms.,
913 5629 932 5661 ι
962 5608 1243 5669 deglutiet.
1274 5629 1292 5662 3
1325 5607 1481 5663 Libh.
1512 5607 1663 5670 editi,
1694 5625 1712 5657 ‹
1739 5605 2039 5676 deglutivit.
2076 5625 2093 5657 3

603 5682 715 5752 (9.4)
759 5681 914 5735 Libh.
955 5681 1116 5745 editi,
1155 5702 1171 5730 ι
1201 5679 1434 5733 ministri
1481 5682 1598 5752 ejus
1642 5680 1784 5752 sint,
1827 5688 1881 5731 et
1918 5693 2102 5752 sacer-

2215 5605 2233 5630 ι
2271 5605 2434 5632 CI'CUU
2478 5605 2634 5630 IIUCIII
2676 5605 2696 5628 ι
2721 5605 2852 5627 aula
2883 5605 2935 5627 Ut
2967 5605 3108 5635 τμη,
3139 5605 3192 5626 (ξι
3223 5605 3454 5640 upulul.‘
3482 5605 3658 5626 διιυιιι,
3700 5605 3726 5619 u

2211 5666 2370 5719 quant
2405 5647 2630 5702 credunt
2658 5661 2845 5700 omnes
2868 5645 2960 5713 qui
2992 5646 3292 5708 sociantur,
3325 5663 3341 5693 3
3379 5646 3468 5698 sed
3502 5657 3586 5695 IIIS.
3615 5649 3666 5691 ut
3693 5642 3731 5688 in

2215 5730 2401 5752 ιιηι-Ινη
2431 5727 2576 5752 Invita

532 5727 714 5813 doies:
745 5771 764 5803 ι
795 5753 914 5808 .sed
951 5753 1004 5805 in
1037 5727 1408 5822 mainuscripto
1457 5727 1646 5805 codice
1698 5727 1884 5813 deest,
1934 5767 1951 5799 ι
1983 5749 2101 5817 ejus
2213 5730 2401 5822 "Otii?
2431 5727 2602 5822 ‘f’uu‘
2885 5815 2894 5822 ἡ
3018 5805 3039 5822 π

534 5805 714 5875 sine;
1245 5805 1330 5822 7'
1872 5805 1882 5813 ’
2011 5805 2028 5817 ’

2287 5811 2398 5883 (28)
2442 5809 2564 5875 Ms.,
2601 5827 2619 5858 σ
2645 5815 2919 5876 superent.
2952 5827 2968 5858 3
3018 5805 3172 5860 Libb.
3217 5806 3365 5871 editi,
3404 5823 3420 5855 ι
3448 5811 3737 5868 superanti
