3876 6506
155 361 247 420 435
1267 358 1332 413 ΙΝ
1369 356 1688 414 LEVITICU

1800 357 2084 412 HOMILIA
2140 358 2203 412 V.

3275 365 3382 422 4‘35

155 495 326 538 vanius
353 478 485 550 (29).
513 479 578 533 Ει
606 477 723 534 ideo
753 477 913 534 etiam
949 478 1001 532 in
1032 479 1135 534 hoc
1168 479 1309 543 loco,
1336 494 1456 549 quae
1487 480 1707 549 quidem
1739 481 1784 538 A
1822 479 2060 542 renibus,
2099 487 2154 533 et
2201 476 2456 534 omnibus
2507 477 2857 534 interioribus
2906 478 3170 535 viscerum
3195 520 3210 547 ,
3258 490 3383 536 tunc

155 588 391 631 concessa
426 582 550 625 sunt
603 571 914 625 hominibus
950 571 1013 624 ad
1059 572 1349 636 edendum,
1399 580 1556 640 prout
1602 586 1703 638 ρο·-

156 667 337 723 tuimus
365 665 504 717 intra
543 662 950 717 tabernaculmn
984 663 1197 717 Domini
1225 663 1698 732 consumpsimus;

154 762 192 816 si
218 773 312 827 qua
341 772 465 810 vero
495 767 809 826 supersunt,
843 765 898 810 et
932 756 1016 808 vel
1049 771 1144 809 vos
1179 756 1230 808 in
1279 755 1572 816 audiendo,
1620 756 1702 808 vel

154 866 241 906 nos
287 856 542 916 superant
591 847 642 900 in
700 847 952 908 dicendo,
1001 861 1280 902 servemus
1331 845 1439 914 igni
1493 845 1700 909 altaris,

161 954 402 1010 tanquam
433 955 550 993 eam
581 949 808 1006 partem,
829 954 945 1006 quae
978 953 1075 1008 pro
1105 946 1328 1008 peccato
1354 953 1516 1008 super
1533 939 1703 992 altare

151 1030 348 1088 Domini
381 1028 600 1098 jubetur
627 1027 836 1082 olTerri.

210 1121 258 1176 4.
301 1138 320 1170 ι
355 1119 417 1172 Ει
459 1120 572 1172 haec
618 1128 730 1183 est,
782 1119 955 1186 inquit
986 1119 1048 1182 ¹¹,
1097 1118 1183 1173 lex
1223 1118 1413 1172 arietis
1463 1120 1552 1188 qui
1602 1134 1704 1188 pro

151 1213 330 1268 delicto
359 1220 441 1263 est
469 1227 481 1262 :
514 1209 713 1262 Sancta
766 1219 1102 1263 sanctorum.
1149 1209 1201 1261 In
1241 1209 1359 1263 loco
1393 1211 1444 1263 in
1484 1225 1590 1278 quo
1618 1210 1704 1278 jn-

149 1302 316 1374 gulant
349 1299 458 1368 (50)
503 1298 990 1361 holocaustomata,
1020 1298 1343 1368 jugulabunt
1383 1308 1436 1352 et
1479 1300 1700 1353 arietem

150 1391 228 1460 qui
264 1403 356 1457 pro
389 1388 586 1440 delicto
609 1396 694 1439 est
725 1397 909 1439 contra
947 1388 1258 1450 Dominum,
1287 1405 1305 1437 ›
1343 1397 1449 1442 etc.
1482 1387 1705 1441 Videtur

149 1478 354 1546 quidem
392 1475 442 1527 in
491 1474 789 1542 Scripturis
834 1475 1032 1530 divinis
1065 1476 1375 1544 frequenter
1423 1489 1700 1554 peccatitm

147 1584 234 1638 pro
278 1567 497 1630 delicto,
549 1575 605 1620 et
642 1566 892 1620 delictum
928 1583 1024 1636 pro
1070 1577 1290 1636 peccato
1336 1567 1704 1622 indiliercnter

145 1669 192 1714 et
217 1659 417 1726 absque
459 1657 637 1724 aliqua
678 1659 1026 1712 distinctione
1058 1660 1366 1713 nominari:
1404 1660 1455 1713 in
1490 1661 1592 1714 hoc
1626 1671 1705 1713 ta-

145 1766 252 1805 men
288 1750 407 1804 loco
450 1749 723 1803 invenitur
767 1749 880 1819 (3i)
916 1766 1034 1804 esse
1065 1751 1373 1805 discretum.
1416 1751 1547 1804 Nam
1578 1766 1699 1805 cum

141 1843 382 1912 superius
438 1841 492 1895 in
552 1841 732 1894 hostia
788 1857 885 1910 pro
941 1854 1170 1910 peccato
1229 1845 1391 1898 ritum
1444 1845 1698 1899 sacriﬁcii

143 1943 290 2002 atque
319 1932 571 1987 ordinem
605 1932 935 1996 tradidisset,
971 1949 1112 1987 mtnc
1144 1934 1436 1999 separatim
1479 1935 1700 1988 mandat

139 2024 456 2080 sacriﬁcium
487 2039 584 2093 pro
627 2023 857 2087 delicto;
919 2033 971 2078 et
1010 2027 1256 2095 quamvis
1292 2025 1478 2079 eodem
1511 2027 1700 2081 ordine

139 2126 289 2186 atque
339 2117 528 2170 eadem
599 2116 946 2170 observantia
1007 2127 1200 2171 cuncta
1258 2118 1597 2184 mandentur,
1646 2126 1699 2171 et

138 2206 285 2259 addat
316 2205 373 2259 in
408 2207 715 2261 novissimis
741 2209 823 2261 ¹³ε
860 2225 878 2258 ι
912 2208 1058 2261 Sicut
1090 2209 1140 2261 id
1174 2207 1315 2277 quod
1350 2223 1446 2276 pro
1478 2218 1699 2277 peccato

136 2309 226 2360 est,
255 2298 328 2351 ita
375 2309 429 2352 et
464 2299 514 2352 id
545 2301 687 2367 quod
721 2314 817 2367 pro
854 2299 1056 2352 delicto
1086 2308 1185 2361 cst,
1221 2299 1304 2353 lex
1336 2315 1439 2352 una
1472 2299 1577 2352 erit
1613 2315 1699 2354 eo-

137 2404 314 2452 rum;i
363 2397 542 2441 tamen
586 2388 756 2440 voluit
798 2390 1090 2442 ostendere
1140 2404 1258 2442 esse
1304 2388 1504 2457 aliquid
1550 2390 1698 2444 dill'e-

135 2480 309 2532 rentize
348 2479 398 2531 in
427 2478 531 2545 his,
562 2480 761 2547 quibus
797 2479 1066 2533 sacriﬁcia
1102 2479 1273 2534 divisa
1305 2482 1600 2537 mandavit.
1638 2481 1694 2535 In

132 2584 229 2637 quo
272 2583 377 2638 ego
425 2579 556 2638 puto
608 2569 860 2623 delictum
905 2571 1122 2638 quidem
1172 2571 1524 2626 commissum
1576 2585 1698 2626 esse

131 2665 288 2718 levius
348 2665 644 2733 aliquanto,
679 2680 838 2734 quam
878 2674 1183 2732 peccatum.
1227 2664 1358 2719 Nam
1394 2667 1697 2722 invenimus

131 2759 191 2809 de
234 2767 462 2826 peccato
497 2756 624 2820 dici,
667 2756 810 2825 quod
842 2758 913 2810 sit
959 2767 1239 2824 peccatum
1274 2759 1338 2811 ad
1375 2769 1600 2812 mortem
1629 2758 1696 2812 “.

131 2849 198 2901 Dc
229 2849 432 2902 delicto
465 2865 569 2902 non
604 2849 832 2918 legimus
871 2849 1013 2917 quod
1046 2864 1166 2903 esse
1195 2850 1410 2904 dicatur
1440 2851 1505 2904 ad
1553 2865 1697 2904 mor-

129 2947 247 2992 tem.
276 2937 411 2990 Scio
449 2947 625 2990 tamen
667 2946 721 2991 et
773 2936 920 2989 illam
961 2936 1346 3006 differentiam,
1390 2955 1512 3009 qua:
1556 2955 1694 2994 non-

126 3029 275 3082 nullis
307 3029 642 3097 sapientium
690 3031 804 3084 visa
835 3039 942 3094 est,
983 3031 1126 3098 quod
1178 3031 1431 3085 delictum
1481 3033 1694 3102 quidem

1808 587 1932 624 vere
1962 582 2221 640 purgatus
2247 572 2392 624 omni
2424 572 2556 625 vitio
2591 574 2832 628 libidinis
2856 574 3114 644 jugulasti
3151 575 3380 629 hostiam

1805 673 1902 722 pro
1931 658 2148 722 delicto,
2189 669 2241 712 et
2272 659 2514 713 obtulisti
2557 663 2886 717 sacriﬁcium
2932 666 3039 719 Deo
3069 665 3120 717 in
3157 665 3380 720 odorem

1805 748 2108 802 suavitatis.
2152 768 2168 798 ι
2197 747 2540 816 Sacerdotis,
2575 751 2748 821 inquit
2779 754 2844 820 ³⁸,
2875 755 2964 824 qui
2999 755 3187 810 olTeret
3215 767 3266 810 et
3299 773 3385 810 re-

1803 839 2119 904 propitiahit
2169 839 2296 892 illud
2345 839 2478 910 (39.),
2515 841 2682 908 ipsius
2717 845 2842 897 erit.
2875 863 2892 895 ι
2948 847 3166 900 Discant
3200 863 3384 902 sacer-

1804 927 1960 981 dotes
2004 929 2238 991 Domini,
2265 929 2356 996 qui
2387 929 2648 986 Ecclesiis
2683 943 2942 1002 praesunt,
2971 937 3096 1003 quia
3140 953 3262 1006 pars
3301 937 3384 992 eis

1805 1019 1925 1072 dat-a
1963 1029 2046 1074 est
2082 1035 2206 1072 eum
2239 1019 2342 1083 his,
2383 1035 2611 1088 quorum
2644 1024 2840 1077 delicta
2875 1027 3378 1094 reprOpitiaverint.

1804 1108 1941 1176 Quid
1991 1120 2174 1164 autem
2209 1122 2292 1165 est
2327 1114 2689 1182 repropitiare
2735 1115 3030 1170 delictum?
3069 1116 3122 1170 Si
3175 1135 3385 1173 assum-

1804 1203 1978 1271 pseris
2023 1213 2397 1271 peccatorem,
2461 1213 2516 1258 et
2567 1207 2872 1272 monendo,
2924 1207 3226 1272 hortando,
3287 1211 3385 1263 do-

1804 1295 1996 1358 cendo,
2031 1295 2368 1359 instruendo,
2393 1295 2686 1349 adduxeris
2716 1313 2835 1351 eum
2875 1298 2939 1351 ad
2974 1298 3376 1366 pmnitenliam,

1804 1382 1871 1434 ab
1904 1396 2091 1436 errore
2135 1385 2459 1448 correxeris,
2493 1401 2521 1436 a
2561 1387 2710 1439 vitiis
2739 1389 3138 1449 emendaveris,
3169 1399 3221 1442 et
3257 1389 3384 1442 cﬂ‘e-

1803 1475 1946 1528 ecris
1977 1491 2097 1537 eum
2138 1476 2322 1539 talem,
2353 1486 2409 1528 ut
2437 1477 2486 1530 ei
2529 1493 2794 1532 converso
2826 1481 3090 1549 prOpitius
3120 1481 3207 1534 ﬁat
3242 1483 3382 1536 Deus

1802 1581 1899 1634 pro
1947 1565 2178 1630 delicto,
2237 1567 2624 1634 repropitiasse
2696 1569 2916 1624 diceris.
2967 1569 3023 1624 Si
3073 1587 3202 1641 ergo
3253 1571 3376 1624 talis

1806 1655 1972 1708 fueris
2033 1655 2314 1719 sacerdos,
2381 1664 2434 1709 et
2489 1656 2612 1711 talis
2671 1657 2836 1712 fuerit
2897 1660 3142 1713 doctrina
3194 1673 3283 1714 tua
3329 1671 3384 1715 et.

1804 1761 1985 1800 sermo
2032 1755 2174 1811 tuus,
2213 1762 2338 1814 pars
2372 1747 2468 1801 tibi
2515 1748 2675 1802 datur
2707 1749 2817 1820 (55)
2855 1765 3040 1805 eorum
3085 1769 3222 1820 quos
3255 1769 3378 1808 cor-

1734 1830 1774 1882 B
1807 1838 2041 1903 rexeris;
2089 1848 2146 1892 ut
2193 1839 2403 1892 illorum
2462 1842 2716 1895 meritum
2765 1851 2852 1895 tua
2915 1859 3122 1898 merces
3168 1845 3272 1910 sit,
3319 1855 3378 1901 et

1803 1930 1966 1999 209
2011 1931 2224 1984 illorum
2287 1931 2434 1986 salus
2469 1943 2556 1984 tua
2607 1933 2797 2002 gloria.
2847 1934 2955 1989 Aut
3007 1951 3110 1990 non
3151 1947 3204 1992 et
3239 1939 3381 2008 Apo-

1811 2025 1983 2077 stolus
2005 2026 2119 2079 hazc
2148 2026 2402 2088 ostendit,
2432 2026 2520 2078 ubi
2553 2026 2681 2080 dicit
2713 2026 2776 2092 ’⁷,
2802 2029 2924 2096 quia
2959 2047 2978 2079 ‹
3019 2031 3159 2098 quod
3196 2046 3382 2100 super-

1800 2117 2146 2170 miliﬁc:iverit
2219 2117 2340 2184 quis
2401 2119 2703 2170 mercedem
2772 2119 3042 2187 accipiet?
3095 2139 3113 2172 ι
3174 2121 3379 2177 Intelli-

1800 2207 2112 2277 gantigitur
2147 2210 2461 2264 sacerdotes
2506 2211 2741 2274 Domini,
2787 2211 2874 2264 ubi
2908 2211 2986 2265 eis
3014 2214 3136 2265 data
3197 2215 3377 2282 portio

1800 2308 1904 2362 est,
1936 2299 2070 2352 etin
2112 2301 2213 2354 hoc
2240 2309 2434 2354 vacent
2460 2310 2622 2369 atque
2678 2301 2761 2354 his
2810 2317 3025 2371 operam
3074 2307 3220 2360 dent.
3259 2303 3375 2360 Non

1800 2407 1857 2445 se
1913 2393 2160 2447 inanibus
2207 2403 2261 2448 et
2309 2394 2596 2462 superﬁuis
2662 2394 2872 2448 actibus
2929 2395 3227 2464 implicent,
3280 2399 3374 2452 sed

1801 2481 1972 2535 sciant
2002 2499 2058 2536 se
2092 2486 2143 2536 in
2178 2484 2322 2538 nullo
2345 2485 2448 2537 alio
2477 2495 2682 2554 partem
2715 2485 2996 2539 habituros
3014 2487 3153 2555 apud
3177 2488 3372 2554 Deum,

1801 2573 1899 2626 nisi
1924 2573 1975 2625 in
2003 2589 2067 2624 eo
2097 2575 2236 2642 quod
2273 2573 2507 2628 olTerunt
2565 2573 2677 2645 (54)
2735 2589 2836 2643 pro
2882 2578 3154 2644 peccatis,
3190 2577 3239 2631 id
3271 2588 3375 2646 est,

1799 2665 1939 2732 quod
1975 2681 2004 2718 a
2033 2666 2113 2718 via
2140 2668 2340 2734 peccati
2380 2667 2746 2720 converterint
2777 2679 3109 2735 peceatores.
3161 2669 3371 2724 Notan-

1798 2757 1923 2810 dum
1955 2758 2116 2810 ctiam
2147 2758 2272 2812 illud
2302 2769 2409 2824 est,
2441 2759 2582 2826 quod
2614 2775 2732 2828 qua:
2781 2759 3082 2814 oﬁ‘eruntur
3123 2762 3174 2814 in
3224 2763 3376 2817 holo-

1799 2859 2063 2912 caustum,
2121 2849 2378 2903 interiora
2431 2860 2593 2926 sunt;
2628 2851 2770 2919 quod
2803 2865 2934 2904 vero
2970 2853 3215 2908 exterius
3268 2864 3374 2921 est,

1797 2937 2025 2992 Domino
2083 2955 2186 2992 non
2221 2939 2468 2994 oll‘ertur.
2498 2941 2660 2995 Pellis
2714 2939 2939 2995 Domino
2989 2958 3096 2995 non
3128 2943 3374 3011 olfertur,

1799 3046 1895 3085 nec
1917 3031 2060 3084 cedit
2091 3031 2140 3084 in
2176 3031 2652 3088 holocaustomata.
2688 3031 2835 3084 Talis
2885 3031 2995 3102 (55)
3044 3032 3146 3086 fuit
3179 3045 3233 3088 et
3282 3035 3374 3089 ille

123 3125 212 3187 sit,
254 3139 385 3176 cum
441 3138 547 3176 non
592 3121 822 3176 facimus
866 3135 929 3174 ea
997 3135 1118 3188 quae
1171 3120 1347 3175 facere
1398 3122 1692 3185 debemus;
1725 3163 1766 3220 Ο
1804 3126 1944 3179 ﬁlius
1969 3125 2126 3190 Juda,
2156 3127 2244 3194 qui
2280 3125 2561 3180 dicebatur
2585 3125 2692 3179 Her
2723 3125 2784 3192 ‘8,
2810 3128 2951 3194 quod
2983 3127 3371 3195 interpretatur

123 3231 404 3287 peccatum
438 3232 568 3272 vero
608 3218 696 3279 sit,
727 3231 847 3270 cum
885 3215 1273 3269 committimus
1305 3231 1364 3270 ea
1401 3230 1516 3284 qua:
1553 3231 1695 3270 com-

129 3313 332 3366 mittere
365 3325 475 3364 non
509 3303 788 3364 debemus.
817 3307 923 3361 Sed
961 3307 1076 3362 hmo
1108 3309 1362 3377 quoniam
1413 3324 1518 3362 non
1551 3324 1693 3362 sem-

120 3419 212 3472 per
241 3405 292 3457 in
332 3402 640 3472 Scripturis
681 3398 876 3454 divinis
919 3398 1020 3451 sub
1068 3399 1169 3451 ista
1220 3399 1571 3452 distinctione
1607 3400 1692 3451 ir.-

61 3485 64 3488 ’
119 3496 380 3558 venimus,
430 3494 638 3547 idcirco
674 3490 1004 3562 generaliter
1035 3489 1304 3544 aﬁirmare
1353 3506 1455 3543 non
1501 3505 1693 3559 possu-

119 3605 250 3642 mus.
294 3587 472 3656 lgitur
509 3585 702 3640 eodem
749 3583 907 3636 modo
954 3594 1114 3650 atque
1161 3582 1348 3654 eadem
1403 3582 1692 3636 traditione

118 3681 177 3734 de
211 3663 488 3733 sacriﬁcio
540 3677 682 3747 quod
738 3691 836 3746 pro
884 3675 1083 3730 delicto
1133 3673 1383 3739 oﬂ‘ertur,
1418 3675 1691 3743 accipien-

115 3773 233 3824 dum
267 3781 372 3836 cst,
401 3786 511 3839 quo
538 3778 591 3824 et
620 3785 780 3839 supra
816 3769 1168 3839 exposuimus
1219 3769 1284 3821 de
1316 3781 1380 3820 eo
1415 3767 1558 3835 quod
1593 3781 1691 3836 pro

114 3871 332 3931 peccato
365 3871 473 3918 est.
511 3860 776 3914 Similiter
822 3862 963 3915 enim
1009 3859 1271 3930 iubentur
1312 3857 1499 3926 adipes
1546 3856 1690 3910 arie-

113 3953 198 4018 tis,
232 3954 266 4007 ii
299 3953 398 4023 qui
435 3953 582 4007 circa
626 3967 784 4006 renes
815 3961 962 4017 sunt,
993 3961 1046 4005 et
1093 3951 1124 4004 ii
1157 3950 1247 4019 qui
1285 3949 1536 4002 interiora
1563 3962 1691 4015 ope-

112 4046 276 4108 riunt,
313 4046 520 4115 imponi
553 4060 716 4114 super
760 4044 972 4099 altare:
1010 4051 1068 4096 ut
1108 4052 1163 4097 et
1209 4053 1263 4096 tu
1309 4043 1398 4110 qui
1449 4043 1562 4095 haec
1593 4055 1689 4093 au-

108 4138 204 4204 dis,
237 4139 381 4192 scias
413 4153 575 4191 omne
606 4139 749 4207 quod
779 4146 859 4191 est
891 4137 1029 4190 intra
1060 4146 1111 4190 te
1137 4135 1378 4188 crassius
1429 4144 1484 4188 et
1517 4134 1690 4202 operit

108 4231 367 4286 interiora
405 4239 522 4295 tua,
545 4229 744 4283 debere
774 4238 823 4282 te
852 4228 1049 4282 oll'erre
1083 4227 1192 4298 igni
1233 4227 1445 4291 altaris,
1476 4236 1532 4278 ut
1567 4241 1688 4294 pur-

105 4331 297 4390 gentur
323 4322 513 4375 omnia
553 4320 810 4373 interiora
847 4328 960 4381 tua,
988 4327 1043 4372 et
1073 4319 1220 4371 dicas
1259 4327 1315 4370 ct
1345 4326 1421 4381 tu,
1463 4317 1602 4370 sicut
1631 4323 1686 4368 et

109 4413 269 4467 David
304 4415 530 4468 dicebat
556 4414 635 4466 "z
667 4431 684 4463 ι
715 4411 964 4478 Benedic,
993 4411 1174 4464 anima
1203 4424 1344 4473 mea,
1377 4409 1681 4470 Dominmn,

1801 3217 1979 3284 pellis.
2025 3217 2314 3286 Propterea
2351 3225 2403 3271 et
2429 3216 2666 3286 Μαι-(56)
2691 3217 2957 3285 pessimus
2979 3226 3114 3282 erat,
3141 3227 3195 3272 et
3229 3217 3374 3273 occi-

1796 3310 1874 3364 dit
1905 3324 2026 3363 eum
2058 3310 2216 3374 Deus,
2239 3311 2358 3378 quia
2391 3309 2475 3364 isti
2502 3309 2632 3363 tales
2667 3309 2893 3364 Domino
2919 3327 3022 3364 non
3049 3309 3370 3367 olferuntur.

1866 3401 1920 3455 5.
1953 3419 1971 3451 ι
2005 3400 2068 3453 Et
2093 3415 2251 3455 omne
2292 3401 2616 3454 sacriﬁcium
2666 3401 2806 3468 quod
2836 3401 2927 3456 ﬁet
2968 3401 3020 3454 in
3049 3401 3288 3469 clibano,
3318 3413 3372 3455 et

1795 3506 1952 3545 omne
1975 3492 2115 3560 quod
2145 3495 2237 3545 ﬁet
2272 3492 2324 3544 in
2367 3491 2647 3556 craticula,
2693 3492 2773 3545 vel
2829 3493 2882 3545 in
2941 3493 3241 3560 sartagine,
3284 3507 3371 3546 sa-

1796 3583 2029 3636 cerdotis
2054 3583 2145 3650 qui
2173 3580 2364 3635 oﬂ'eret
2404 3583 2529 3635 illud
2556 3583 2722 3652 ipsius
2761 3585 2864 3637 erit
2893 3587 2955 3636 ‘9.
2991 3604 3010 3636 ›
3051 3585 3188 3650 Quid
3228 3583 3365 3638 dici-

1793 3672 2298 3727 mus?Putamusne
2338 3673 2478 3740 quod
2533 3675 2878 3743 omnipotens
2930 3674 3070 3729 Deus
3131 3675 3221 3744 qui
3283 3691 3370 3730 re-

1795 3784 1994 3839 sponsa
2022 3769 2190 3840 Moysi
2222 3771 2438 3823 caelitus
2457 3769 2637 3834 dabat,
2664 3770 2729 3824 de
2745 3769 2977 3834 clibano,
3003 3778 3056 3823 et
3081 3769 3360 3833 craticula,

1793 3871 1848 3914 et
1878 3862 2151 3930 sartagine
2187 3861 2500 3930 praeceperit
2543 3861 2685 3931 (57);
2736 3873 2795 3915 ut
2851 3862 3086 3915 disceret
3132 3858 3362 3930 populus

1791 3968 1887 4022 per
1911 3953 2150 4023 Moysen,
2181 3955 2308 4021 quia
2337 3967 2432 4020 per
2463 3954 2577 4007 hmo
2611 3956 2751 4008 Deus
2774 3955 2852 4007 eis
2888 3953 3150 4022 pr0pitius
3177 3953 3291 4016 ﬁet,
3315 3953 3360 4006 si

1793 4046 2036 4112 quatdam
2071 4045 2122 4098 in
2155 4044 2428 4113 sartagine
2481 4045 2751 4110 l'rixcrint,
2781 4046 3023 4114 qnzedam
3054 4045 3106 4097 in
3149 4044 3364 4099 clibano

1791 4137 2056 4200 coxerint,
2087 4137 2329 4205 quaedam
2360 4139 2411 4190 in
2449 4136 2709 4190 craticula
2749 4137 3092 4190 assaverint?
3124 4135 3229 4191 Sed
3256 4152 3362 4189 non

1791 4229 1862 4282 ita
1890 4228 2147 4282 Ecclesiae
2178 4227 2326 4296 pueri
2363 4228 2638 4280 Christum
2695 4226 3022 4291 didicerunt,
3065 4242 3165 4281 nec
3205 4229 3278 4282 ita
3308 4229 3361 4282 in

1789 4336 1910 4374 eum
1943 4334 2038 4388 per
2069 4318 2340 4387 apostolos
2364 4318 2560 4374 eruditi
2589 4326 2738 4380 sunt,
2769 4327 2826 4370 ut
2860 4318 2924 4370 de
2969 4318 3198 4372 Domino
3247 4333 3362 4370 ma-

1783 4412 1994 4479 jestatis
2026 4411 2226 4479 aliquid
2259 4420 2366 4464 tam
2417 4410 2622 4463 humile
2660 4418 2714 4462 et
2754 4420 2862 4462 tam
2893 4409 2998 4463 vile
3042 4409 3357 4478 suscipiant.

105 4515 155 4559 et
193 4507 384 4560 omnia
439 4505 696 4560 interiora
749 4519 864 4557 mea
929 4518 1124 4557 nomen
1190 4512 1434 4556 sanctum
1489 4501 1625 4570 ejus.
1657 4520 1674 4552 ι
1715 4505 1756 4558 D
1786 4503 1924 4569 Quin
1971 4502 2146 4569 potius
2192 4501 2488 4556 secundum
2547 4499 2845 4569 spiritalem
2891 4512 3146 4563 sensum,
3198 4517 3356 4572 quem

103 4595 208 4650 Nisi
255 4597 411 4650 enim
459 4595 634 4650 ablata
683 4593 844 4649 fuerit
897 4594 1202 4666 crassitudo
1235 4595 1322 4648 illa
1371 4609 1492 4663 qua:
1546 4593 1679 4663 tegit

102 4689 362 4742 interiora
410 4697 539 4752 tua,
577 4704 680 4742 non
729 4696 952 4758 possunt
999 4685 1248 4740 subtilem
1291 4695 1345 4740 et
1380 4685 1680 4755 Spiritalcm

98 4796 289 4849 capere
318 4796 568 4843 sensum,
598 4794 696 4834 nec
727 4789 951 4850 possunt
985 4777 1318 4832 intellectum
1360 4793 1555 4847 capere
1597 4792 1682 4831 sa-

99 4872 336 4939 pientiaz,
379 4882 437 4926 et
486 4872 605 4925 ideo
659 4871 946 4925 Dominum
999 4871 1221 4925 laudare
1268 4885 1372 4924 non
1431 4878 1681 4940 possunt.

97 4965 244 5028 Quod
288 4965 337 5018 si
385 4964 630 5018 ablatum
663 4965 826 5019 fuerit
859 4978 1021 5018 omne
1060 4963 1204 5032 quod
1257 4962 1455 5032 pingue
1485 4971 1568 5017 est
1613 4963 1680 5018 de

164 5077 207 5108 "
246 5076 434 5131 Levit.
461 5090 558 5142 vn,
589 5077 640 5128 l.
756 5075 799 5106 ¹³
839 5075 968 5129 ibid.
1012 5075 1063 5128 7.
1175 5072 1414 5129 “lJoan.
1461 5088 1514 5126 v.

97 5146 137 5177 ¹⁸
163 5145 373 5200 Genes.
407 5161 636 5206 xxxvm,
661 5145 714 5199 6.
791 5146 833 5183 "
862 5145 1140 5210 Levit.vn,
1171 5146 1225 5199 9.

161 5238 276 5308 (29)
323 5239 471 5302 Ms.,
509 5258 528 5290 ι
567 5239 665 5294 ista
717 5256 1016 5296 servamus.
1050 5259 1067 5292 ι
1116 5239 1270 5295 Libb.
1315 5241 1475 5308 editi,
1519 5260 1538 5293 r
1578 5241 1677 5296 ista

92 5325 404 5363 SETVCIT-IIS.
436 5329 454 5360 )

161 5381 278 5447 (50)
300 5379 436 5442 Με..
469 5398 486 5430 ι
511 5380 778 5451 jugulant.
818 5399 837 5433 »
879 5381 1034 5434 Libb.
1066 5380 1218 5444 editi,
1249 5377 1624 5449 (jugulanlur.
1653 5399 1673 5433 ›

155 5450 288 5519 (51)
352 5451 490 5514 Ms,
545 5450 881 5504 (invenitur
925 5467 1043 5506 esse
1093 5452 1410 5504 discretum.
1445 5470 1462 5502 ι
1515 5451 1674 5506 Libb.

88 5522 239 5576 editi.
282 5539 302 5570 ‹
333 5520 645 5574 invenietur
674 5523 990 5574 disert-tum.
1022 5540 1038 5572 ι

158 5589 275 5660 (3:2)
321 5589 454 5660 Ms.,
491 5610 507 5640 ι
536 5591 726 5644 olleret
767 5603 822 5645 et
859 5590 1230 5659 repropitiabit
1261 5590 1412 5644 illud.
1444 5611 1462 5642 ι
1507 5590 1666 5646 Libb.

89 5659 502 5731 editi.rooﬂ‘ert
543 5662 669 5714 illud
717 5673 769 5714 et
826 5663 1201 5731 repropitiabit
1248 5677 1344 5731 pro
1391 5661 1612 5716 delicto.
1649 5681 1667 5713 ι

93 5728 232 5782 Infra
273 5746 380 5784 ms.
406 5771 424 5794 ,
467 5747 484 5780 ι
525 5728 1200 5801 repropitiaredelictum.
1237 5728 1260 5782 ί
1307 5730 1458 5784 Libb.
1504 5732 1671 5796 editi,

96 5818 112 5849 ι
145 5802 517 5870 repropitiare
559 5817 657 5870 pro
689 5802 950 5858 delicto.»
1007 5802 1166 5856 Paulo
1209 5811 1326 5872 post
1371 5817 1500 5866 ms.,
1543 5821 1560 5855 ι
1586 5819 1669 5858 re-

1628 5072 1671 5104 "
1713 5072 1850 5126 Psal.
1891 5088 2006 5138 CIII,
2064 5074 2115 5126 l.

1788 4595 2012 4663 spiritus
2053 4593 2217 4646 donat
2270 4591 2546 4656 Ecclesia),
2575 4591 2858 4645 videamus
2901 4591 3043 4660 quod
3091 4592 3160 4645 sit
3213 4592 3358 4647 istud

1789 4684 2134 4748 sacriﬁcium,
2159 4683 2301 4752 quod
2336 4690 2602 4750 coquatur
2633 4681 2687 4734 in
2725 4682 2964 4746 clibano,
2995 4681 3078 4735 vel
3098 4683 3218 4751 quis
3251 4683 3353 4738 iste

1770 4779 2028 4840 clibanus
2065 4775 2295 4845 intelligi
2336 4774 2549 4831 debeat.
2599 4773 2705 4828 Sed
2746 4774 2834 4828 ubi
2884 4774 3152 4829 inveniam
3193 4775 3356 4830 modo

1788 4870 1854 4923 ad
1891 4869 2126 4923 subitura
2151 4867 2486 4936 Scripturam
2541 4865 2804 4932 divinam,
2857 4881 2978 4935 quae
3030 4880 3116 4921 me
3172 4867 3360 4922 doceat

1787 4961 1914 5030 quid
1952 4958 2061 5029 (58)
2091 4956 2465 5013 sitclibanus?
2498 4956 2783 5010 Dominum
2829 4973 3004 5013 meum
3043 4957 3225 5014 Jesum
3271 4959 3356 5012 in-

2223 5070 2268 5101 “
2308 5068 2481 5124 Levit.
2524 5085 2622 5138 vn,
2665 5071 2719 5126 9.
2831 5071 2876 5102 ιτ
2916 5069 2938 5122 l
2972 5070 3098 5126 Cor.
3140 5085 3222 5138 Ill,
3265 5071 3353 5127 M.

1788 5237 2113 5307 propitiasse
2151 5236 2398 5291 diceris.»
2431 5235 2590 5292 Libb.
2627 5237 2778 5304 editi,
2813 5255 2832 5288 ‹
2865 5237 3222 5308 repropitiare
3271 5236 3353 5290 dic

1788 5325 1947 5363 CCI‘IS.
1976 5327 1993 5358 ι

1847 5377 1960 5447 (55)
2003 5376 2126 5440 M5,,
2163 5395 2181 5428 ‹
2213 5377 2392 5430 datur.
2415 5395 2431 5426 ι
2469 5376 2625 5431 Libb.
2655 5378 2807 5442 editi,
2845 5377 3118 5430 «dabitur.
3144 5394 3162 5428 ι

1847 5450 1958 5519 (54)
1990 5448 2110 5510 Ms.,
2159 5467 2176 5498 ι
2216 5448 2472 5519 olle-runt.
2522 5467 2540 5497 ι
2587 5447 2742 5519 Libb.
2776 5449 2928 5510 editi,
2983 5465 3000 5498 ι
3047 5447 3290 5501 olIertur.
3321 5463 3343 5498 ι

2151 5537 2168 5568 ι
2202 5519 2266 5592 itt_
2287 5518 2622 5592 holocausto.
2651 5518 2781 5571 Nam
2810 5519 2953 5572 talis.
2993 5535 3014 5568 ι

1847 5587 1959 5657 (56)
1993 5589 2054 5640 Et
2083 5587 2208 5640 lIer.
2249 5590 2405 5640 Deest
2433 5589 2482 5639 in
2511 5605 2611 5642 ms.

1848 5663 1959 5730 (57)
1991 5659 2113 5724 Ms.,
2153 5677 2170 5708 ί
2219 5658 2556 5727 praeceperit.
2598 5678 2615 5710 ι
2668 5657 2824 5712 Libb.
2867 5657 3019 5721 editi,
3077 5675 3097 5709 ‹
3157 5657 3350 5727 praeei-

1773 5741 1944 5801 ρει-«ξι,
1988 5749 2004 5780 ι

1847 5801 1956 5872 (58)
1989 5799 2112 5864 Ms.,
2146 5817 2164 5851 ί
2199 5799 2349 5868 quid.
2388 5815 2406 5848 ι
2447 5797 2600 5853 Libb.
2633 5796 2786 5856 editi.
2826 5815 2845 5848 ι
2881 5797 3023 5868 quis.
3066 5814 3084 5848 ι
