3876 6498
168 397 261 452 ιδ’]

1306 410 1369 462 ΙΝ
1409 412 1779 466 LEVl'l'tCUM
1819 408 2100 465 ltOMlLlA
2132 410 2197 466 ν.

3270 426 3374 485 458

162 523 288 564 nunc
320 510 609 565 secundum
655 513 886 571 litteram
936 518 1241 578 instaurare
1296 528 1582 595 sacriﬁcia,
1621 544 1708 583 re-
1740 536 1786 590 Α
1815 542 1976 595 super
2025 545 2189 597 panes
2230 530 2582 590 fermentatos
2626 537 2954 594 sacrificium
3008 545 3227 600 mandat
3271 547 3372 601 im-

165 600 427 668 qniramus
450 603 501 655 in
532 603 685 658 nobis
714 610 957 675 quisnam
999 624 1082 667 est
1115 624 1296 672 tantus
1337 633 1399 672 ac
1431 620 1571 686 talis,
1614 620 1705 689 qui

162 690 474 745 Sacrificium
530 696 764 750 salutare
812 708 866 753 ct
912 705 1241 761 sacriﬁcium
1297 711 1469 767 laudis
1516 712 1709 768 offerat

162 783 280 836 Deo.
309 783 416 852 Ego
446 785 591 840 illum
621 803 741 845 esse
775 792 1032 862 arbitror,
1060 798 1149 864 qui
1194 800 1245 852 in
1276 803 1526 857 omnibus
1574 805 1709 859 aeti-

160 875 247 927 bus
277 876 387 927 suis
419 874 545 930 facit
572 878 774 935 laudari
820 881 1010 950 Demn,
1061 896 1114 939 et
1164 889 1415 958 impletur
1460 910 1555 961 per
1584 910 1705 949 eum

157 963 273 1017 illud
306 968 444 1032 quod
496 967 750 1023 Dominus
805 983 857 1025 et
906 973 1158 1031 Salvator
1215 993 1398 1035 noster
1448 984 1701 1038 dicit":

158 1075 174 1105 ι
207 1054 267 1108 Ut
296 1056 512 1111 videant
537 1061 780 1116 homines
810 1079 972 1133 Opera
1005 1080 1181 1122 vestra
1215 1071 1373 1139 bona,
1404 1084 1459 1127 et
1492 1077 1702 1146 magni-

156 1144 302 1195 licent
328 1142 542 1199 Patrem
569 1158 830 1214 vestrum,
861 1154 949 1221 qui
993 1155 1043 1207 in
1076 1158 1230 1213 cmlis
1255 1172 1356 1215 est:
1396 1181 1415 1213 ι
1450 1163 1540 1219 llle
1575 1142 1704 1235 ergo

150 1232 330 1286 obtulit
378 1238 701 1293 sacrificium
754 1241 948 1309 laudis,
993 1261 1092 1314 pro
1141 1248 1296 1319 cujus
1328 1254 1559 1319 actibus,
1606 1232 1702 1325 pro

150 1326 290 1393 cujus
319 1325 592 1393 doctrina,
640 1336 944 1401 praeceptis.
1009 1340 1197 1405 verbo,
1254 1351 1309 1396 et
1358 1347 1617 1413 moribus,
1648 1360 1703 1404 et

148 1419 440 1487 disciplina,
476 1421 794 1479 landatnrct
822 1428 1153 1484 benedicitur
1183 1434 1345 1501 Deus,
1373 1438 1511 1492 sicut
1539 1457 1700 1496 econ-

151 1512 307 1564 trario
337 1523 461 1568 sunt
488 1514 585 1579 illi,
616 1518 680 1569 de
707 1518 903 1585 quibus
941 1522 1139 1578 dicitur
1166 1526 1233 1589 ³³,
1272 1530 1394 1596 quia
1427 1549 1445 1581 ς
1486 1548 1581 1599 per
1608 1550 1699 1590 vos

148 1616 331 1655 nomen
358 1620 532 1657 meum
560 1605 963 1676 blaSphematur
994 1615 1133 1668 inter
1160 1627 1369 1685 gentes.
1407 1640 1424 1671 ι
1458 1621 1696 1679 Observa

149 1704 312 1746 tamen
360 1704 413 1748 et
456 1696 564 1761 hic,
596 1702 863 1766 quomodo
913 1719 1083 1771 panes
1134 1722 1199 1761 ex
1254 1711 1428 1764 simila
1481 1714 1604 1769 facti
1642 1718 1694 1771 in

144 1784 271 1846 oleo,
306 1794 361 1838 et
411 1786 597 1855 lagana
646 1807 830 1863 azyma
878 1806 1037 1850 uncta
1087 1799 1231 1865 oleo,
1266 1814 1318 1855 et
1359 1805 1534 1859 simila
1564 1824 1696 1862 con-

1810 621 1974 689 poni?
2002 622 2196 676 Verum
2221 623 2534 695 diligentius
2559 629 2789 697 intuere,
2818 634 2941 701 quia
2968 651 3074 691 non
3103 639 3169 692 ad
3200 642 3375 695 sacri-

1808 708 2011 780 ﬁcium,
2046 715 2139 770 sed
2190 716 2255 771 ad
2310 719 2666 776 ministerium
2706 727 2956 782 sacrificii
3018 729 3374 787 fermentatus

1807 804 1962 871 panis
1999 809 2316 863 assumitur.
2354 810 2490 877 Quid
2525 828 2653 883 ergo
2688 817 2787 871 hoc
2814 821 2904 883 sit,
2929 822 3205 879 videamus
3235 824 3369 896 (47).

1808 893 2066 951 Dominus
2109 898 2161 951 in
2206 900 2509 971 Evangeliis
2556 906 2846 963 humanam
2883 911 3188 970 doctrinam
3222 915 3369 972 Pha-

1805 984 2104 1050 risa'orum,
2132 992 2220 1057 qui
2278 994 2560 1049 tradebant
2618 999 2933 1057 traditiones
2970 1017 3235 1076 praecepta
3276 1010 3373 1063 ho—

1806 1077 2030 1142 tninum,
2080 1080 2402 1136 fermentum
2466 1087 2718 1156 appellat,
2783 1107 2903 1147 cum
2965 1096 3094 1150 dicit
3138 1100 3375 1169 discipu-

1802 1168 1871 1221 lis
1911 1169 1957 1201 ⁸ο
2002 1187 2014 1222 :
2067 1188 2085 1220 ‹
2141 1171 2436 1229 Observata
2490 1193 2517 1231 a
2570 1179 2840 1238 fermento
2886 1168 3311 1245 Pharisasorum.
3347 1209 3369 1246 ι

1804 1255 2069 1312 Similiter
2106 1276 2235 1329 ergo
2291 1262 2525 1319 humana
2578 1269 2819 1324 doctrina
2871 1283 2972 1336 est,
3007 1277 3153 1331 verbi
3184 1293 3368 1345 causa,

1802 1350 2153 1416 grammatica
2184 1368 2293 1416 ars,
2320 1354 2403 1407 vel
2439 1358 2734 1421 rhetorica,
2764 1363 2845 1416 vel
2878 1365 3040 1418 etiam
3062 1367 3367 1425 dialectica.

1802 1435 1879 1489 Ex
1905 1453 2007 1505 qua
2034 1439 2279 1494 doctrina
2315 1443 2379 1495 ad
2409 1445 2736 1500 sacriﬁcium
2774 1449 3011 1517 quidem,
3051 1451 3153 1507 hoc
3194 1464 3276 1509 est
3317 1455 3369 1510 in

1801 1527 1884 1582 bis
1912 1544 2032 1597 quae
2058 1533 2123 1584 de
2154 1532 2259 1586 Deo
2289 1536 2567 1590 sentienda
2602 1548 2751 1602 sunt,
2788 1540 2917 1593 nihil
2968 1544 3368 1613 suscipiendum

1799 1628 1903 1684 est,
1933 1635 2113 1674 sermo
2154 1637 2282 1676 vero
2314 1623 2547 1690 lucidus,
2600 1639 2655 1680 et
2705 1629 3031 1698 eloquentia:
3088 1635 3368 1703 splendor,

1800 1725 1862 1764 ac
1885 1711 2188 1780 disputandi
2238 1716 2397 1781 ratio,
2441 1720 2505 1770 ad
2541 1719 2894 1776 ministerium
2942 1724 3090 1779 verbi
3138 1725 3232 1780 Dei
3277 1728 3371 1781 de-

1800 1816 1984 1859 center
2010 1804 2233 1873 jnbetur
2256 1809 2485 1862 admitti.
2523 1812 2601 1863 An
2650 1830 2752 1867 non
2793 1829 2955 1884 super
2986 1817 3090 1872 hoc
3132 1816 3368 1872 fermen-

142 1892 314 1945 spersa
346 1878 397 1931 in
422 1878 539 1933 oleo
567 1884 807 1950 ponitur,
830 1897 883 1940 et
920 1889 1109 1957 triplici
1138 1893 1331 1947 iterum
1355 1910 1691 1956 sacramento

1802 1904 1910 1947 tum
1942 1896 2175 1951 habebat
2200 1900 2344 1953 verbi
2383 1900 2473 1954 Dei
2519 1904 2849 1959 sacriﬁcium
2887 1909 3120 1975 positum
3156 1910 3243 1964 ille
3272 1913 3367 1982 qui

143 1969 305 2022 hostia
338 1972 592 2029 salutaris
613 1974 855 2041 offertur,
888 1991 941 2035 et
963 1983 1027 2035 ad
1053 1983 1322 2050 ultimum,
1352 2005 1372 2039 ε
1404 1994 1695 2059 sacerdoti,

142 2059 301 2127 inquit
326 2060 393 2127 ",
422 2063 511 2131 qui
542 2063 1094 2138 effunditsanguinem
1127 2076 1377 2131 sacriﬁcii
1421 2080 1694 2147 salutaris,

140 2151 229 2219 ipsi
252 2153 380 2209 erit.
420 2173 439 2205 ι
489 2156 744 2224 Superius
791 2161 921 2214 dixit
954 2162 1044 2216 3"z
1084 2181 1104 2215 ι
1148 2164 1429 2224 Sacerdoti
1485 2175 1577 2240 qui
1615 2192 1700 2229 re-

140 2243 465 2311 propitiabit,
502 2246 598 2315 ipsi
624 2247 750 2301 erit.
790 2268 808 2299 ι
840 2248 958 2315 llic,
995 2269 1015 2303 ι
1051 2257 1316 2311 sacerdoti
1352 2261 1442 2328 qui
1475 2262 1699 2319 effundit

138 2334 443 2404 sanguinem
470 2339 717 2393 sacrificii
750 2339 1026 2406 salutaris,
1054 2345 1153 2414 ipsi
1177 2349 1301 2403 erit.
1345 2368 1365 2401 ι
1408 2352 1579 2423 Digne
1610 2372 1696 2410 or-

138 2424 251 2478 dine
281 2427 475 2491 utitur,
517 2430 663 2497 prius
698 2432 840 2484 enim
869 2438 1235 2503 repmpitiatio
1276 2450 1560 2510 quaerenda
1594 2458 1694 2511 est,

136 2527 185 2570 et
217 2527 337 2586 post
369 2519 481 2573 haec
505 2518 832 2576 oderendum
860 2527 1183 2582 sacriﬁcium
1214 2532 1483 2590 salutaris.
1516 2536 1698 2609 Neque

132 2608 260 2663 enim
279 2609 433 2665 salus
447 2625 564 2665 esse
588 2613 834 2682 cuiquam
861 2626 1054 2685 potest,
1084 2622 1183 2675 nisi
1213 2624 1362 2691 prius
1388 2626 1489 2680 sibi
1517 2608 1699 2699 propi-

134 2701 253 2753 tium
280 2700 657 2758 faciatDeum.
697 2723 715 2755 ι
760 2706 865 2761 Sed
901 2720 954 2763 et
980 2726 1192 2779 carnes,
1229 2718 1405 2784 inquit
1431 2719 1497 2786 ³⁸,
1527 2724 1698 2776 sacri-

132 2791 227 2846 ﬁcii
268 2793 596 2850 laudationis
646 2797 900 2855 salutaris
935 2802 1033 2871 ipsi
1079 2816 1237 2860 erunt
1284 2808 1418 2881 (45).
1476 2831 1496 2863 ι
1543 2812 1698 2884 83⁵96

123 2882 223 2951 jam
255 2885 492 2941 diximus
520 2890 657 2957 quod
681 2905 871 2947 carnes
902 2894 953 2947 in
987 2895 1279 2966 Scripturis
1298 2903 1526 2958 solidum
1556 2882 1698 2962 indi-

127 2985 245 3029 cant
291 2977 502 3043 cibum,
558 2980 962 3051 perfectamque
1018 2988 1337 3045 doctrinam.
1389 2994 1695 3052 Secundum

133 3066 446 3137 Scripturas
475 3071 587 3126 scio
634 3088 756 3129 esse
794 3077 990 3131 anima:
1032 3081 1212 3135 cibum
1253 3090 1536 3152 quemdam
1582 3090 1694 3145 lae-

130 3161 223 3227 tis,
276 3170 328 3216 et
383 3164 550 3217 alium
612 3167 794 3221 cibum
861 3170 1058 3226 animos
1114 3175 1321 3230 olerum
1396 3189 1450 3233 et
1532 3183 1692 3237 alium

1801 1983 2079 2037 dicebat“
2118 2004 2130 2038 :
2175 2004 2192 2036 ι
2230 1987 2598 2058 Corrmnpnnt
2650 2010 2827 2048 mores
2883 1996 3050 2053 bonos
3099 2000 3366 2069 colloquia

1803 2072 1979 2127 mala?
2037 2094 2055 2127 ι
2104 2075 2166 2128 Ει
2205 2075 2248 2108 ι’
2300 2096 2312 2131 :
2361 2096 2379 2128 ‹
2437 2079 2726 2137 Cretenses
2779 2100 2994 2153 semper
3048 2092 3363 2157 mendaces,

1800 2164 1953 2217 malae
1982 2166 2185 2227 bestiae,
2224 2176 2439 2222 ventres
2467 2170 2626 2239 pigri,
2666 2192 2684 2225 ι
2725 2184 2777 2228 et
2805 2176 2909 2230 alia
2946 2178 3032 2232 his
3072 2181 3267 2235 similia
3296 2198 3361 2239 ex

1799 2253 2067 2311 fermento
2098 2271 2306 2328 sumpta
2340 2261 2669 2317 Graecorum.

1866 2348 2023 2418 211
2061 2350 2112 2404 8.
2145 2352 2295 2418 Quod
2327 2363 2507 2407 autem
2535 2356 2669 2411 dicit
2703 2358 2768 2425 ⁸³,
2808 2379 2826 2411 ι
2857 2364 2959 2416 sub
2988 2364 3076 2419 die
3113 2370 3363 2425 comede.

1802 2448 1909 2505 tur,
1938 2456 2035 2496 nec
2060 2445 2468 2514 derelinquetur
2498 2451 2570 2503 ab
2600 2464 2664 2504 eo
2693 2467 2861 2522 usque
2884 2456 2936 2509 in
2982 2472 3157 2524 mane,
3193 2478 3212 2512 ι
3238 2477 3365 2517 con-

1798 2526 2036 2586 feramus
2071 2549 2192 2587 eum
2229 2538 2442 2591 caeteris
2492 2540 2801 2607 sacriﬁciis,
2833 2552 2887 2597 et
2912 2546 3190 2603 videamus
3214 2586 3219 2591 ο
3244 2567 3364 2620 quae

1798 2622 1871 2675 sit
1908 2624 2044 2679 ratio
2086 2626 2225 2693 quod
2271 2627 2325 2680 in
2379 2626 2483 2681 hoc
2533 2631 2750 2697 quidem
2788 2634 3059 2691 sacriﬁcio
3115 2640 3361 2706 salutari,

1798 2715 1983 2770 eadem
2014 2716 2119 2783 die,
2149 2732 2267 2787 quae
2295 2717 2594 2775 offeruntur
2618 2726 2875 2794 praecepit
2902 2730 3229 2784 comedenda
3259 2749 3272 2784 :
3310 2733 3361 2787 in

1798 2803 1905 2859 alio
1932 2820 2058 2861 vero
2085 2808 2376 2873 sacriﬁcio,
2401 2812 2563 2865 etiam
2593 2814 2644 2866 in
2673 2816 2963 2870 secundam
2990 2819 3128 2872 diem
3157 2822 3363 2875 servari

1799 2896 2057 2968 indulget,
2084 2909 2135 2955 et
2167 2917 2338 2965 usque
2373 2902 2426 2956 in
2478 2906 2691 2959 tertiam
2725 2946 2741 2971 ,
2772 2908 2932 2962 tertia
2986 2911 3246 2981 verojam
3279 2914 3363 2967 die

1796 2987 1905 3056 igni
1940 2989 2076 3044 tradi
2125 3007 2245 3060 quae
2279 2990 2650 3063 superfuerint
2676 3036 2691 3061 ,
2734 3012 2803 3051 ne
2845 2998 3086 3068 polluant
3126 3002 3363 3057 offeren-

1800 3090 1926 3137 tem.
1978 3083 2115 3149 Quid
2145 3101 2275 3154 ergo
2324 3086 2520 3142 habeat
2554 3090 2654 3143 ista
2692 3089 3013 3156 differentia,
3063 3094 3359 3160 videamus.

1799 3170 1902 3227 Sed
1943 3189 2066 3227 vere
2096 3176 2399 3243 indigemus
2444 3179 2649 3233 auxilio
2679 3180 2796 3244 Dei,
2830 3184 2919 3251 qui
2949 3200 3140 3238 omnes
3176 3188 3363 3258 adipes

126 3256 313 3318 carnis,
351 3258 503 3311 sicut
530 3259 641 3327 ipse
664 3260 951 3329 Apostolus
984 3265 1049 3318 de
1087 3266 1411 3333 quibusdam
1447 3273 1577 3328 dicit
1606 3276 1687 3330 at;
1723 3245 1764 3303 (ἶ
1797 3276 2150 3335 eontegentes
2202 3270 2461 3324 interiora
2498 3283 2678 3327 nostra
2728 3273 2983 3344 dignetur
3022 3279 3360 3347 abscindere,

134 3363 149 3396 ι
180 3345 311 3412 Quia
347 3347 494 3403 laete
546 3365 642 3406 vos
677 3354 880 3420 potavi.
918 3371 1021 3409 non
1068 3372 1213 3413 esca.
1261 3359 1507 3417 Nondum
1543 3368 1686 3420 enim

126 3438 403 3504 poteratis,
437 3441 534 3493 sed
561 3457 661 3495 nec
688 3443 863 3496 adhuc
887 3446 1135 3511 potestis.
1166 3449 1356 3504 Adhuc
1382 3453 1525 3506 enim
1558 3459 1690 3511 estis

121 3529 377 3585 carnales.
418 3551 437 3583 ι
471 3532 536 3585 Ει
560 3534 752 3587 iterum
780 3535 906 3588 alibi
940 3535 1078 3591 dicit
1100 3538 1144 3570 ³⁵
1180 3558 1192 3593 :
1228 3560 1246 3592 ι
1278 3541 1431 3598 Alius
1469 3547 1687 3613 quidem

120 3620 282 3673 credit
306 3636 367 3676 se
399 3623 730 3679 manducare
762 3629 963 3696 omnia,
993 3633 1083 3701 qui
1111 3644 1292 3688 autem
1332 3635 1581 3691 infirmus
1607 3649 1690 3692 est

120 3711 254 3765 olera
291 3717 611 3771 manducet.
646 3737 664 3770 ι
697 3719 766 3774 Ει
796 3736 1009 3777 rursum
1050 3726 1177 3779 alibi
1208 3726 1251 3759 ⁸⁸
1293 3745 1308 3781 :
1352 3750 1370 3778 ι
1411 3728 1689 3785 Perfecto-

120 3821 227 3858 rum
251 3817 438 3861 autem
471 3818 553 3863 est
579 3810 733 3866 cibus
769 3813 994 3876 solidus,
1040 3835 1059 3867 ι
1091 3825 1196 3871 etc.
1250 3818 1349 3874 llic
1392 3835 1521 3890 ergo
1566 3836 1688 3875 car-

118 3911 206 3951 nes
252 3899 514 3955 sacrificii
550 3902 826 3974 salutaris,
879 3908 1022 3974 quod
1077 3906 1304 3963 offertur
1355 3926 1453 3978 pro
1498 3912 1685 3966 lauda-

118 3986 273 4053 tione,
325 3989 501 4059 ipsius
545 3990 809 4060 jubentur
864 4010 983 4051 esse
1036 4001 1358 4054 sacerdotis.
1404 4000 1481 4055 Ex
1508 4001 1683 4055 simila

117 4092 239 4134 vero
302 4084 593 4151 tripliciter
639 4084 839 4146 oblata,
894 4096 954 4141 ut
1011 4103 1171 4159 supra
1216 4092 1471 4158 diximus,
1519 4109 1683 4147 unum

118 4180 318 4227 tantum
346 4176 491 4243 quod
521 4177 783 4245 placuerit
807 4180 1080 4233 sacerdoti
1117 4183 1405 4251 deputatur
1434 4201 1448 4239 :
1483 4198 1680 4239 caetera

112 4264 382 4323 offerentis
409 4269 527 4343 (46)
556 4273 853 4339 suntlaici,
893 4277 964 4329 ita
998 4286 1175 4330 tamen
1216 4287 1275 4329 ut
1318 4278 1417 4331 sub
1463 4278 1550 4331 die
1588 4293 1683 4331 co-

113 4359 418 4424 ntedantur,
458 4379 561 4418 nec
599 4378 886 4421 remaneat
922 4384 984 4422 ex
1029 4370 1113 4422 his
1158 4369 1358 4437 aliquid
1398 4370 1448 4422 in
1501 4385 1679 4424 mane.

112 4449 306 4507 Carncs
332 4469 468 4524 ergo
496 4457 549 4509 in
584 4458 782 4526 quibus
812 4460 1014 4514 solidus
1038 4461 1189 4515 cibus
1219 4472 1321 4527 cst,
1356 4468 1409 4513 et
1438 4463 1680 4528 perfecta

1791 3365 1845 3411 et
1887 3372 2049 3411 omne
2082 3360 2370 3415 crassioris
2401 3376 2595 3417 sensus
2626 3364 2869 3420 velamen
2895 3367 3131 3434 auferre,
3159 3378 3217 3425 ut
3246 3371 3363 3426 haec

1793 3455 2087 3505 secundum
2117 3454 2168 3506 id
2200 3457 2341 3521 quod
2371 3470 2396 3506 a
2426 3455 2533 3509 Deo
2569 3457 2812 3510 mandari
2843 3458 3060 3526 dicitur,
3089 3461 3360 3530 possimus

1792 3540 2100 3595 advertere.
2134 3540 2494 3595 Conferamus
2524 3542 2691 3610 igitur
2740 3544 2909 3610 ipsam
2964 3545 3066 3600 sibi
3111 3546 3361 3616 Scriptu-

1793 3645 1907 3684 ram
1936 3632 2203 3695 divinam,
2234 3642 2288 3688 et
2318 3648 2477 3701 quam
2506 3635 2778 3702 aperuerit
2805 3635 2960 3690 nobis
3005 3636 3361 3695 absolutionis

1792 3720 2044 3774 semitam
2076 3723 2488 3791 subseqnamur.
2523 3724 2833 3777 Invenimus
2858 3725 3002 3779 enim
3035 3728 3099 3781 de
3146 3728 3360 3782 sacriﬁ-

1789 3813 1874 3866 cio
1902 3811 2148 3879 Pascha},
2174 3815 2317 3884 quod
2346 3815 2395 3868 in
2426 3830 2648 3883 vespera
2678 3815 2940 3870 immolari
2966 3815 3211 3887 jubetur,
3239 3819 3359 3873 dar:

1790 3905 2107 3958 mandatum
2142 3906 2395 3960 similiter
2421 3906 2638 3959 ntnihil
2664 3918 2942 3961 remaneat
2989 3924 3053 3962 ex
3103 3910 3359 3964 carnibus

1789 4009 1959 4063 usque
1988 3995 2039 4047 in
2065 4011 2241 4052 mane.
2269 3994 2383 4050 Non
2408 4006 2492 4050 est
2519 4011 2648 4067 ergo
2686 3997 2921 4052 otiosum
2984 4000 3129 4067 quod
3156 4001 3361 4055 hester-

1790 4101 1887 4139 nas
1918 4101 2112 4139 carnes
2140 4087 2282 4140 vesci
2331 4099 2436 4142 non
2470 4088 2585 4149 vult
2617 4102 2715 4143 nos
2759 4102 2943 4143 sermo
2972 4088 3184 4144 divinus
3215 4130 3230 4154 ,
3261 4091 3355 4145 sed

1789 4186 2031 4230 recentes
2061 4192 2275 4246 semper
2306 4188 2360 4232 et
2407 4192 2596 4243 novas,
2635 4193 2730 4232 eos
2772 4180 3005 4234 maxime
3036 4182 3127 4249 qui
3183 4182 3359 4235 sacri-

1790 4268 1969 4319 ficium
2023 4268 2269 4333 Paschae,
2321 4269 2409 4323 vel
2463 4268 2789 4323 sacriﬁcium
2842 4270 3014 4323 laudis
3071 4271 3358 4327 immolant

1788 4358 1925 4425 Deo,
1960 4375 2135 4414 novas
2191 4374 2322 4413 vero
2355 4374 2546 4414 carnes
2577 4399 2592 4425 ,
2641 4370 2694 4414 et
2736 4369 2981 4414 recentes
3025 4361 3193 4429 ipsius
3249 4364 3355 4418 diei

1787 4450 1948 4503 edere
1996 4449 2173 4519 jubet,
2212 4451 2499 4503 hesternas
2527 4449 2798 4517 prohibet.
2855 4448 3192 4504 Recordatus
3235 4466 3355 4505 sum

109 4541 355 4607 scientia,
403 4546 780 4603 sacerdotibus
819 4550 1170 4617 deputantur,
1214 4549 1337 4617 quia
1377 4550 1574 4603 debent
1627 4551 1679 4603 in

1796 4540 1963 4594 simile
2025 4539 2227 4608 aliquid
2279 4551 2336 4594 et
2385 4540 2703 4608 prophetam
2745 4539 3083 4595 Ezechielem
3125 4541 3308 4596 dicere
3336 4582 3354 4606 ,

108 4637 356 4694 omnibus
401 4654 525 4692 esse
553 4640 800 4708 perfecti,
840 4640 892 4694 in
935 4642 1205 4705 doctrina,
1255 4642 1307 4694 in
1353 4642 1572 4705 virtute,
1623 4642 1674 4695 in

108 4731 370 4784 litoribus.
404 4732 463 4782 Si
486 4731 627 4782 enim
676 4728 778 4782 hoc
811 4729 861 4781 in
890 4742 948 4782 se
994 4744 1097 4782 non
1134 4727 1446 4790 habuerint,
1483 4733 1549 4780 de
1586 4742 1677 4781 sa-

109 4822 441 4876 criﬁciorum
485 4821 743 4875 cornibus
784 4835 887 4873 non
931 4822 1110 4875 edent.
1153 4820 1328 4874 Unum
1383 4834 1511 4873 vero
1546 4819 1675 4873 illud

108 4916 242 4983 quod
307 4924 623 4983 separatur,
689 4922 946 4983 tanquam
1006 4913 1333 4980 praecipuum
1385 4927 1452 4964 ex
1504 4911 1677 4965 tribus

105 5022 218 5074 qua:
240 5022 307 5062 ex
343 5008 525 5063 simila
553 5016 818 5076 praecepta
868 5014 1015 5072 sunt,
1050 5006 1101 5059 in
1134 5005 1239 5059 hoc
1269 5003 1412 5057 illam
1465 5012 1678 5071 partem

104 5100 351 5155 scientia;
382 5099 622 5153 arbitror
670 5098 966 5167 designari,
1018 5097 1085 5151 de
1114 5111 1217 5165 qua
1246 5095 1498 5164 superius
1547 5093 1687 5148 dixi-

104 5207 242 5257 mus,
267 5206 397 5260 quae
429 5190 719 5259 perfectam
760 5189 960 5244 indicat
1002 5186 1434 5256 profundamque
1482 5184 1684 5239 doctri-

104 5298 247 5336 nam.
281 5281 398 5337 Sed
432 5281 675 5350 requires
702 5281 958 5343 fortasse,
994 5293 1115 5332 cum
1150 5277 1406 5347 superius
1442 5276 1684 5331 fermen-

104 5388 208 5429 tum
239 5376 464 5446 penitus
494 5373 751 5441 abjecerit
777 5378 841 5428 de
872 5371 1186 5435 sacriﬁciis,
1212 5369 1485 5439 quomodo
1533 5382 1682 5421 nunc

169 5470 212 5500 "
244 5469 445 5524 Matth.
469 5468 633 5536 v,16.
712 5469 755 5499 ³³
783 5469 937 5521 Rom.
963 5482 1021 5532 tt,
1052 5467 1141 5519 54.

102 5555 207 5605 nv,
232 5543 285 5594 2.
378 5541 426 5571 ³⁸
468 5542 627 5596 llebr.
651 5554 703 5605 v,
736 5538 825 5593 14.
900 5537 945 5569 ’⁵⁸
962 5537 1155 5590 Matth.
1180 5550 1294 5601 xvr,
1327 5538 1381 5590 6.

101 5624 169 5671 tv,
211 5613 295 5665 14.

164 5708 279 5773 (45)
320 5708 452 5771 Ms.,
488 5726 506 5757 t
544 5718 726 5760 erunt.
771 5725 789 5756 ι
826 5704 980 5757 Libb.
1015 5703 1170 5767 editi,
1206 5721 1223 5753 ι
1257 5700 1445 5758 edunt.
1474 5719 1494 5752 ι

160 5776 887 5855 (4ίὶὶλῐίξ.·τ⁴(’ίῖτ⁵¹”θ¹¹“ἒῖ⁵τ³
1014 5844 1064 5855 ..
1260 5843 1308 5855 ..
1422 5842 1432 5851 .

165 5843 279 5919 (Η)
319 5848 479 5902 Libb.
518 5861 670 5899 antea
701 5846 854 5909 editi,
885 5864 900 5896 ί
936 5844 1065 5914 quid
1099 5860 1227 5915 ergo
1260 5843 1345 5896 hic
1390 5843 1457 5895 sit
1508 5853 1674 5909 agen-

510 5949 780 6010 PATBOL.
828 5946 946 6005 Gn.
982 5944 1121 6005 ΧΗ.

1216 5465 1265 5496 ³³
1296 5463 1469 5517 chit.
1501 5478 1594 5524 νιι,
1627 5462 1710 5514 Μ.

1457 5534 1499 5565 ⁸⁸
1531 5531 1573 5585 l.
1605 5532 1731 5587 Cor.
1773 5533 1966 5598 xv,55.

1786 4645 1906 4683 cum
1936 4630 1984 4684 ci
2010 4630 2264 4685 Dominus
2289 4631 2653 4699 praecepisset,
2691 4641 2747 4684 ut
2776 4642 3031 4701 coqueret
3062 4635 3161 4690 sibi
3186 4650 3355 4704 panes

1788 4719 1839 4771 in
1877 4728 2120 4775 stercore
2174 4721 2434 4774 humano.
2479 4721 2775 4790 Respondit
2822 4724 2964 4776 enim
3023 4725 3250 4781 Domino
3298 4739 3354 4781 et

1785 4813 1921 4865 dixit
1964 4811 2009 4843 “
2085 4832 2100 4867 :
2142 4829 2159 4861 ι
2195 4811 2238 4865 0
2270 4812 2522 4876 Domine,
2566 4818 2839 4881 nunquam
2870 4819 3232 4870 contaminata
3270 4827 3356 4871 est

1786 4905 1967 4958 anima
2000 4919 2141 4967 mea,
2166 4912 2223 4958 et
2253 4903 2602 4957 tnorticinum
2631 4914 2724 4958 aut
2753 4907 3086 4961 immundum
3139 4924 3244 4963 non
3279 4911 3355 4963 itt-

1788 4996 1979 5050 troivit
2011 4996 2064 5050 in
2098 5012 2160 5050 os
2204 5011 2403 5051 meum.
2457 4997 2564 5052 Sed
2613 5013 2786 5063 neque
2810 5016 2947 5081 Vcaro
2982 5002 3231 5058 hesterna
3272 5006 3351 5059 in-

1784 5092 1965 5146 troivit
1993 5094 2044 5145 in
2081 5107 2143 5147 os
2176 5105 2375 5146 meum.
2422 5110 2441 5143 ι
2480 5093 2555 5146 De
2581 5107 2687 5161 quo
2730 5107 2875 5162 sai-pe
2924 5094 3065 5162 apud
3125 5106 3353 5150 memet-

1780 5184 1956 5253 ipsum
2014 5185 2358 5252 requirebam
2400 5200 2646 5254 quamam
2721 5196 2865 5239 esset
2913 5186 3017 5241 ista
3075 5190 3351 5258 prephetaa

1781 5274 2095 5343 exsultatio,
2135 5290 2240 5344 qua
2272 5275 2424 5329 velut
2468 5290 2720 5344 magnum
2759 5276 2960 5345 aliquid
3018 5289 3141 5333 ante
3181 5279 3347 5335 Deum

1780 5366 2066 5436 proferret,
2098 5377 2150 5420 et
2177 5367 2404 5430 diceret,
2431 5367 2557 5435 quia
2589 5382 2862 5436 nunquam
2889 5383 3106 5423 carnem
3142 5370 3349 5424 hester-

3114 5461 3158 5493 ³⁸
3190 5461 3345 5517 Rom.

3065 5531 3111 5563 “
3145 5533 3344 5587 Ezecb.

1791 5461 1834 5492 ³⁸
1868 5460 2020 5523 ἰΙιίιΙ.,
2055 5462 2106 5513 7.
2187 5460 2233 5491 “
2267 5460 2394 5514 ibid.
2423 5459 2510 5515 15.
2587 5459 2628 5491 ³⁷
2661 5459 2678 5512 l
2707 5459 2830 5513 Cor.
2859 5474 2941 5523 tu,
2982 5461 3036 5513 2.

2005 5501 2020 5525 ’
2046 5501 2223 5585 θ’ίΤὶι.
2256 5501 2538 5595 iiii-Vh
2572 5501 2871 5594 Leiiiivvn,
2901 5501 2987 5585 1,5.

1787 5697 1936 5759 dum,
1962 5694 2259 5755 videamus,
2295 5710 2314 5741 ›
2355 5691 2448 5745 sed
2475 5704 2575 5773 ms.
2607 5697 2666 5743 ut
2698 5689 2750 5742 in
2783 5698 2965 5773 nostro
2986 5697 3155 5743 textu.
3182 5690 3351 5773 Paulo

1788 5776 1907 5835 post
1955 5766 2091 5818 idem
2120 5778 2269 5835 _n_:s.,
2305 5779 2323 5812 ι
2374 5760 2655 5835 tradebant
2727 5760 3065 5812 traditiones.
3118 5780 3138 5813 ι
3185 5762 3344 5819 Libb.

1786 5830 1937 5903 editi,
1971 5852 1988 5885 ‹
2017 5832 2300 5888 tradebant
2324 5830 2689 5884 traditionem.
2720 5848 2741 5881 ι

2987 5932 3059 5988 15
