3876 6530
526 365 632 422 459

1980 365 2302 422 ὼὶΙΟΕΝΙΒ
3649 375 3729 432 ιεο

531 499 653 538 nam
693 480 1029 537 manducavi.
1067 479 1198 545 Sed,
1223 491 1282 536 ιιι
1315 481 1493 548 video,
1527 482 1656 538 hinc
1687 485 1930 551 edoctus,
1955 494 2007 538 et
2032 501 2096 537 ex
2128 488 2172 544 Α
2272 485 2324 539 9.
2359 484 2565 538 Dicitur
2595 499 2724 554 ergo
2769 483 2824 538 in
2859 486 3212 554 sequentibus
3236 486 3304 551 δ’,
3348 505 3366 537 ι
3400 485 3542 556 quod
3590 487 3628 542 si
3653 504 3729 541 vo-

531 576 650 630 istis
679 575 915 628 imbutus
959 575 1255 643 mysteriis,
1293 574 1407 628 haec
1451 576 1714 644 propheta
1776 576 2094 645 loquebatur

529 670 595 723 ad
629 666 932 731 Dumimun,
962 668 1084 734 quia
1119 682 1222 720 non
1257 667 1325 719 ita
1359 666 1602 734 abjectus
1629 679 1681 723 et
1709 671 1946 738 degener
1971 685 2088 723 sum

529 760 803 822 sacerdos,
839 768 901 811 ut
948 758 1241 821 hesternis,
1279 757 1329 810 id
1372 767 1454 811 est
1506 761 1783 814 veteribus
1839 761 2094 817 carnibus

530 863 734 901 vescar.
771 848 969 901 Audite
1001 849 1135 912 lucc,
1178 865 1369 905 omnes
1407 849 1616 903 Domini
1674 829 2006 916 sacerdotes,
2041 862 2095 908 et

525 941 779 992 attentius
807 939 1093 1006 iutelligite
1118 955 1236 1006 qua:
1285 941 1560 995 dicuntur.
1586 940 1727 995 Caro
1761 958 1879 1008 qua:
1913 959 1976 996 ex
2010 959 2096 998 sa-

524 1031 744 1083 crificiis
766 1031 1140 1085 sacerdotibus
1165 1031 1472 1100 deputatur,
1493 1035 1714 1086 verbum
1736 1034 1826 1086 Dei
1856 1045 1935 1087 est
1952 1034 2090 1103 quod

525 1117 576 1170 in
611 1118 850 1172 Ecclesia
887 1120 1106 1173 docent.
1137 1118 1241 1172 Pro
1292 1121 1394 1175 hoc
1428 1136 1557 1192 ergo
1611 1122 1796 1192 figuris
1851 1124 2094 1192 mysticis

522 1219 952 1273 commonentur,
991 1219 1048 1264 ut
1077 1226 1198 1265 cum
1233 1211 1476 1279 proferre
1511 1213 1576 1266 ad
1606 1213 1859 1284 populum
1890 1229 2095 1269 sermo-

523 1315 644 1355 nera
694 1303 979 1370 coeperint,
1011 1317 1114 1355 non
1159 1303 1408 1358 hesterna
1439 1305 1738 1374 proferant,
1771 1321 1875 1359 non
1910 1315 2091 1358 vetera

499 1387 642 1460 qua:
674 1402 802 1447 sunt
837 1397 1131 1450 secundum
1163 1396 1398 1450 litteram
1433 1396 1846 1464 proloqnantur,
1873 1396 1964 1450 sed
1996 1411 2094 1464 per

523 1485 748 1550 gratiam
790 1485 880 1538 Dei
917 1501 1054 1540 nova
1095 1501 1309 1556 semper
1361 1487 1682 1556 proferant,
1739 1496 1792 1540 et
1829 1485 2090 1554 spiritalia

520 1590 732 1644 semper
780 1577 1077 1631 inveniant.
1116 1578 1172 1631 Si
1210 1579 1353 1632 enim
1395 1593 1459 1632 ea
1493 1592 1612 1645 quae
1641 1577 1902 1632 didiceris
1937 1594 1964 1630 a
1993 1577 2080 1632 Ju-

519 1665 651 1720 daeis
684 1667 961 1732 hesterno,
995 1668 1109 1722 hinc
1142 1668 1298 1723 hodie
1335 1669 1385 1721 iu
1419 1667 1658 1721 Ecclesia
1693 1669 1960 1735 proferas,
1990 1668 2090 1722 hoc

519 1757 924 1810 esthcsternam
945 1773 1159 1811 carnem
1179 1757 1432 1811 sacrificii
1451 1757 1637 1810 edere.
1667 1757 1722 1809 Si
1746 1759 2086 1821 meministis,

521 1847 681 1902 etiam
711 1848 762 1902 in
791 1848 1066 1904 oblatione
1089 1849 1200 1920 (48)
1231 1849 1590 1917 priinitiarum
1625 1851 1812 1905 eodem
1842 1867 2090 1907 sermone

523 1954 649 1994 usus
670 1950 751 1995 est
772 1940 1068 2008 legislator,
1099 1951 1156 1993 ut
1187 1941 1316 2002 sint,
1348 1941 1547 2010 inquit,
1578 1957 1713 1995 nova
1744 1953 1798 1998 et
1828 1945 2086 2001 recentia.

525 2027 686 2085 Vides
717 2031 914 2099 ubique
944 2046 1030 2096 ea,
1071 2047 1189 2100 quae
1216 2032 1281 2086 ad
1311 2032 1496 2086 laudes
1530 2032 1620 2086 Dei
1651 2036 1927 2102 pertinent
1963 2037 2089 2106 (hoc

520 2121 660 2174 enim
694 2131 777 2176 est
802 2121 1142 2177 sacrificium
1169 2123 1364 2193 laudis)
1404 2140 1563 2193 nova,
1597 2135 1650 2177 et
1689 2127 1925 2180 recentia
1967 2143 2087 2182 esse

517 2211 746 2278 debere,
801 2228 865 2266 ne
897 2210 1039 2267 forte
1088 2228 1208 2267 cum
1259 2223 1441 2268 vetera
1492 2217 1702 2284 profers
1739 2219 1789 2271 in
1825 2218 2084 2284 Ecclesia,

517 2300 657 2356 labia
696 2310 785 2356 tua
826 2304 1138 2371 loquantur,
1173 2314 1227 2358 et
1253 2321 1404 2360 mens
1451 2317 1539 2360 tua
1599 2310 1718 2363 sine
1777 2311 1952 2363 fructu
1989 2301 2081 2364 sit.

516 2389 620 2446 Sed
657 2393 779 2446 audi
813 2394 939 2462 quid
975 2395 1108 2448 dicit
1147 2396 1476 2464 Apostolus:
1516 2418 1533 2450 ι
1574 2400 1654 2462 Si,
1693 2402 1866 2470 inquit
1897 2404 1962 2468 ⁸³,
1998 2403 2080 2457 lo-

515 2501 652 2554 quar
706 2487 924 2555 linguis,
963 2488 1190 2556 spiritus
1237 2507 1385 2544 uicus
1439 2503 1577 2555 orat,
1618 2494 1711 2547 sed
1759 2510 1907 2549 mens
1967 2510 2082 2549 mea

513 2575 630 2633 sine
658 2576 830 2634 ﬂuctu
857 2589 959 2636 est.
993 2579 1129 2646 Quid
1161 2582 1324 2651 igitur
1354 2583 1471 2635 est?
1497 2583 1697 2647 Orabo,
1739 2586 1934 2654 inquit,
1973 2588 2086 2654 spi-

512 2673 640 2737 ritu,
674 2672 841 2726 orabo
876 2681 928 2724 et
989 2683 1208 2726 mente:
1243 2674 1464 2740 pSaIIam
1498 2676 1719 2744 spiritu,
1772 2678 1993 2746 psallam
2029 2690 2084 2732 et

511 2771 714 2815 mente.
755 2779 774 2812 ι
810 2760 882 2813 lta
919 2777 1048 2830 ergo
1087 2771 1138 2815 et
1173 2769 1223 2813 tu
1254 2761 1427 2814 sinon
1466 2778 1531 2814 ex
1580 2765 1880 2817 eruditione
1916 2755 2081 2832 spiri-

514 2852 604 2907 tali
636 2853 771 2925 (49),
799 2868 866 2908 ex
901 2853 1146 2906 doctrina
1183 2838 1370 2921 gratia:
1404 2853 1496 2907 Dei
1543 2865 1857 2922 praesentem
1890 2865 1945 2909 et
1995 2868 2084 2908 re-

513 2955 726 2999 centem
766 2943 1056 3014 protuleris
1091 2960 1395 2999 sermonem
1434 2947 1486 2998 in
1525 2944 1775 2999 laudibus
1821 2945 1913 3000 Dei
1951 2985 1966 3009 ,
2019 2960 2081 3002 os

509 3034 726 3104 quidem
761 3046 908 3088 tuum
958 3035 1117 3090 offert
1172 3035 1504 3090 sacrificium
1559 3035 1757 3100 laudis,
1792 3037 1885 3090 sed
1927 3051 2080 3091 mens

510 3134 600 3177 tua
629 3140 726 3196 pro
755 3126 1042 3180 sterilitate
1098 3125 1367 3180 hesternae
1398 3125 1578 3180 carnis
1625 3127 1892 3196 arguitur.
1943 3127 2076 3183 Nam

440 3257 446 3264 .
508 3226 562 3268 et
591 3215 847 3270 Dominus
887 3232 1103 3284 panem,
1138 3233 1296 3285 quem
1348 3217 1625 3285 discipulis
1674 3219 1856 3284 dabat,
1904 3230 1959 3274 et
1991 3222 2076 3275 di-

507 3305 666 3358 ccbat
691 3303 772 3358 eis
799 3303 845 3334 “
874 3321 887 3358 :
931 3322 949 3355 ι
980 3305 1222 3372 Accipite
1255 3315 1309 3358 et
1341 3308 1684 3374 manducate,
1721 3325 1738 3357 ι
1769 3323 1875 3361 non
1907 3309 2078 3362 distu-

506 3394 586 3456 lit.
624 3409 723 3449 nec
759 3397 964 3450 servari
1002 3397 1168 3463 jussit
1220 3399 1270 3450 in
1303 3397 1635 3453 crastinum.
1698 3397 1812 3453 Hoc
1845 3399 2075 3455 fortasse

505 3485 751 3556 mysterii
778 3489 1087 3542 continetur
1113 3489 1275 3541 etiam
1311 3490 1361 3541 in
1389 3503 1454 3542 eo
1483 3490 1623 3558 quod
1651 3505 1844 3558 panem
1867 3493 2071 3562 portari

501 3576 774 3645 nonjubet
810 3578 860 3629 in
897 3577 981 3629 via
1022 3588 1076 3629 ut
1104 3592 1322 3647 semper
1356 3574 1654 3644 recentes,’
1679 3595 1814 3649 quos
1848 3584 1988 3635 intra
2025 3592 2074 3638 te

500 3667 661 3737 geris,
689 3667 840 3723 verbi
873 3667 969 3721 Dei
1002 3684 1167 3735 panes
1193 3671 1458 3738 proferas.
1487 3670 1726 3740 Denique
1757 3671 2072 3729 Gabaonita:

497 3757 575 3811 illi
609 3767 896 3829 prepterea
927 3760 1379 3825 condemnantnr,
1411 3771 1465 3815 et
1493 3762 1619 3830 ligni
1668 3777 1899 3816 cursores
1927 3805 1941 3828 ,
1988 3764 2069 3818 vel

503 3861 657 3914 aqua:
685 3857 987 3916 gestatores
1017 3850 1152 3901 fiunt
1195 3851 1282 3917 qui
1319 3865 1486 3918 panes
1535 3865 1744 3906 veteres
1794 3856 1858 3907 ad
1896 3853 2070 3910 Israe-

499 3937 628 3990 litas
653 3937 1000 3999 detulerunt,
1035 3938 1232 4006 quibus
1278 3939 1359 3991 lex
1394 3941 1905 4006 spiritalisjubebat
1928 3959 2068 3997 sein-

500 4043 596 4096 per
632 4029 705 4081 uti
743 4031 1051 4083 recentibus
1077 4039 1130 4081 et
1167 4034 1319 4083 novis
1348 4032 1410 4084 ⁸⁷.
1446 4033 1562 4084 Alia
1591 4047 1721 4085 sane
1754 4049 2068 4089 sacramen-

501 4130 678 4173 torum
721 4118 887 4188 fignra
917 4129 996 4173 est
1025 4161 1040 4186 ,
1076 4136 1192 4188 quae
1245 4122 1398 4190 jubet
1446 4122 1608 4175 etiam
1641 4124 1692 4175 in
1753 4125 1917 4178 altera
1954 4128 2062 4192 die,

495 4208 640 4276 quod
687 4209 1015 4276 superfuerit
1069 4211 1154 4264 edi
1186 4250 1200 4275 ,
1236 4211 1370 4264 nihil
1406 4226 1536 4265 vero
1569 4212 1620 4264 in
1673 4214 1884 4266 tertiam
1922 4215 2060 4270 diem

495 4299 786 4362 reservari,
817 4299 882 4352 de
913 4317 1017 4367 qua
1045 4301 1156 4354 suis
1186 4299 1318 4354 locis
1346 4302 1662 4356 videbimus.
1694 4303 1800 4372 Sed
1839 4321 1906 4359 ne
1931 4305 2058 4359 illud

493 4388 707 4455 quidem
733 4403 832 4443 nos
849 4389 1026 4453 lateat,
1040 4404 1156 4444 esse
1170 4391 1433 4459 quoddam
1451 4401 1678 4464 tempus,
1692 4394 1743 4448 in
1761 4410 1868 4464 quo
1900 4396 2059 4448 bene.

2199 585 2314 630 tum
2347 575 2529 640 fuerit,
2564 585 2655 629 aut
2685 578 2727 628 si
2759 578 3123 630 voluntarium
3151 579 3542 632 sacrificaverit
3572 596 3729 634 manus

2196 682 2354 722 suum
2382 708 2396 733 ,
2438 683 2759 737 quacunque
2787 669 2872 722 die
2910 670 3168 723 obtulerit
3202 671 3535 723 sacrificium
3583 684 3729 734 suum,

2195 760 2387 815 edetur
2413 771 2467 812 et
2495 760 2662 811 altera
2695 759 2799 814 die.
2831 759 2897 812 Et
2930 761 3071 828 quod
3108 759 3436 829 superfuerit
3479 760 3546 814 de
3585 763 3733 814 carni-

2195 851 2296 904 bus
2329 850 2582 904 sacrificii
2619 864 2790 918 usque
2831 850 2882 903 in
2939 850 3080 903 diem
3115 853 3354 913 tertium,
3404 852 3527 921 igne
3558 866 3734 904 ereum-

2195 939 2362 996 hitur.
2395 939 2450 993 Si
2478 949 2656 994 autem
2693 940 3027 995 manducans
3053 942 3464 996 manducaverit
3497 959 3560 996 ex
3591 945 3735 994 carni-

2195 1032 2295 1086 bus
2318 1033 2404 1087 die
2436 1033 2619 1096 tertia,
2655 1048 2758 1086 non
2791 1032 2895 1086 er-it
2925 1044 3206 1102 acceptum
3244 1033 3314 1095 ei,
3364 1035 3456 1101 qui
3513 1033 3658 1086 offert
3687 1034 3734 1086 il-

2197 1124 2307 1188 lud,
2346 1138 2448 1176 non
2487 1123 2824 1192 reputabitur
2872 1125 2942 1187 ei,
2995 1126 3368 1194 coinquinatio
3413 1134 3521 1180 est.
3568 1127 3730 1178 Anima

2196 1225 2374 1268 autem
2405 1215 2447 1266 si
2487 1230 2590 1282 qua
2626 1216 3034 1270 manducaverit
3067 1232 3132 1269 ex
3169 1231 3253 1281 eo,
3290 1227 3576 1284 peccatum
3621 1219 3736 1272 acci-

2197 1305 2324 1372 piet.
2366 1321 2383 1354 ι
2439 1301 2552 1357 lloc
2600 1313 2683 1357 est
2718 1304 2972 1357 nimirum
3009 1303 3152 1372 quod
3195 1313 3249 1357 et
3303 1304 3469 1359 David
3524 1307 3646 1359 dicit
3696 1310 3735 1360 in

2193 1395 2427 1450 Psalmis
2451 1396 2532 1447 ³ος
2562 1413 2579 1444 ι
2612 1395 2730 1447 Fiat
2753 1397 2929 1448 oratio
2952 1397 3066 1464 ejus
3091 1396 3144 1448 in
3173 1405 3482 1464 peccatum,
3512 1415 3530 1447 ι
3557 1400 3737 1464 quando

2194 1503 2300 1540 non
2330 1487 2502 1541 solum
2535 1487 2667 1540 nihil
2702 1487 2907 1552 meriti,
2932 1487 3026 1540 sed
3054 1486 3220 1541 etiam
3246 1487 3417 1554 culpa:
3442 1489 3662 1541 multum
3687 1507 3737 1544 ex

2193 1579 2476 1633 sacrificiis
2512 1581 2794 1647 quaeritur.
2860 1579 3031 1633 Audis
3085 1581 3230 1634 enim
3273 1581 3633 1650 lcgislatorem
3663 1586 3738 1636 de-

2193 1682 2440 1733 cernere,
2477 1669 2602 1738 quia
2633 1667 2677 1722 si
2716 1670 2837 1738 quis
2871 1671 3280 1724 manducaverit
3319 1687 3382 1724 ex
3419 1689 3483 1726 eo
3513 1675 3646 1743 quod
3668 1690 3739 1725 su-

2190 1759 2454 1828 perfuerit
2478 1761 2528 1813 in
2565 1761 2780 1813 tertiam
2812 1761 2975 1822 diem,
3012 1771 3294 1830 peccatum
3329 1765 3580 1831 accipiet.
3613 1764 3737 1818 Uade

2120 1827 2164 1887 Β
2193 1855 2621 1922 cognoscendum
2662 1863 2743 1907 est
2772 1862 2974 1922 quanta
3029 1855 3278 1909 humana:
3310 1857 3603 1910 conditioni
3637 1874 3738 1924 ρειτι

2191 1954 2433 1998 catorum
2461 1943 2607 1998 labes
2644 1943 2928 1999 immineat
2959 1985 2973 2009 ,
3013 1960 3135 1998 eum
3166 1947 3376 1998 oriatur
3421 1949 3588 2000 etiam
3637 1951 3736 1999 iii-le

2189 2044 2496 2104 peccatum,
2533 2035 2674 2088 unde
2704 2034 2878 2087 hostia
2917 2036 3324 2104 propitiationis
3354 2036 3597 2090 offertur.
3638 2037 3735 2091 "ac

2189 2123 2350 2177 credo
2381 2123 2542 2191 212
2596 2122 2945 2176 considerans
2978 2122 3164 2176 beatus
3200 2123 3369 2176 David
3398 2165 3412 2186 ,
3446 2124 3650 2177 diccbat
3694 2126 3732 2177 in

2188 2215 2416 2270 Psalmis
2446 2215 2489 2245 ³⁸
2521 2231 2534 2270 :
2575 2233 2593 2265 ι
2630 2215 2857 2269 Peccata
2907 2216 3028 2285 quis
3055 2215 3348 2284 intelligit?
3385 2235 3402 2266 ι
3443 2215 3560 2268 Voti
3599 2215 3735 2281 igitur

2188 2316 2241 2361 et
2270 2307 2562 2360 voluntatis
2586 2306 2915 2359 sacrificium
2937 2316 3041 2370 est,
3068 2320 3173 2374 quo
3197 2313 3250 2358 et
3283 2306 3521 2359 secunda
3546 2305 3732 2372 quidem

2187 2398 2274 2452 die
2304 2397 2446 2451 vesci
2481 2395 2562 2449 fas
2590 2406 2691 2459 est,
2735 2396 2951 2464 penitus
2980 2410 3108 2448 vero
3137 2395 3420 2464 abjuratur
3444 2396 3498 2448 in
3527 2397 3730 2448 tertinn.

2188 2488 2294 2541 Sed
2330 2489 2426 2541 dat
2464 2487 2762 2542 remedium
2803 2485 3215 2555 negligentibus.
3250 2486 3332 2551 Si,
3373 2487 3574 2554 inquit,
3607 2488 3733 2537 inva-

2187 2578 2327 2632 lidus
2351 2577 2541 2640 fueris,
2578 2589 2761 2632 etnon
2795 2579 3040 2646 petneris
3065 2592 3255 2630 omnes
3283 2591 3478 2631 carnes
3507 2579 3730 2630 sacrificii

2184 2669 2420 2724 secunda
2460 2669 2616 2722 linire
2647 2669 2754 2731 die,
2787 2667 2921 2722 nihil
2948 2668 3014 2722 de
3063 2668 3148 2722 bis
3184 2669 3236 2721 in
3269 2669 3358 2722 die
3401 2671 3555 2722 tertia
3583 2683 3732 2722 come-

2184 2761 2302 2824 das,
2339 2760 2431 2814 sed
2473 2759 2578 2828 igni
2620 2761 2770 2813 trade
2805 2758 2947 2826 quod
2985 2768 3254 2828 superest.
3292 2761 3348 2813 Si
3384 2761 3530 2812 enim
3575 2761 3731 2814 volue-

2183 2851 2258 2904 ris
2287 2859 2406 2920 post
2437 2850 2571 2904 duos
2597 2849 2712 2903 dies
2748 2851 3080 2903 manducare
3108 2850 3174 2902 de
3228 2850 3526 2913 sacrificio,
3556 2865 3727 2916 pecca-

2184 2953 2295 2997 tum
2334 2942 2592 3013 accipies.
2627 2942 2759 3011 Ego,
2795 2952 2957 3010 prout
2989 2956 3184 2995 sensus
3215 2941 3320 2994 mei
3355 2943 3621 3009 eapacitas
3646 2943 3727 2994 ha-

2182 3035 2294 3100 bet,
2350 3035 2400 3088 in
2441 3035 2546 3089 hoc
2576 3033 2738 3087 biduo
2766 3040 2894 3100 puto
2927 3032 3030 3086 duo
3061 3040 3386 3087 testamenta
3422 3033 3656 3102 intelligi,
3686 3034 3726 3085 in

2182 3128 2379 3196 quibus
2409 3126 2573 3181 liceat
2602 3139 2765 3179 omne
2792 3125 3014 3178 verbum
3044 3127 3180 3192 quod
3216 3125 3281 3178 ad
3315 3125 3484 3178 Deum
3520 3127 3728 3194 pertinet

2187 3218 2335 3290 (hoc
2373 3219 2514 3273 enim
2551 3225 2627 3271 est
2676 3214 3036 3289 sacrificium)
3089 3217 3288 3285 requiri
3324 3257 3342 3283 ,
3402 3227 3456 3271 et
3511 3219 3724 3279 discuti,

2185 3318 2346 3377 atque
2384 3322 2449 3361 ex
2493 3306 2622 3375 ipsis
2659 3321 2875 3359 omnem
2930 3319 3109 3358 rerum
3162 3303 3450 3358 scientiam
3485 3303 3618 3372 capi.
3677 3301 3723 3355 Si

2183 3398 2310 3468 quid
2357 3407 2538 3451 autem
2586 3396 2953 3465 superfuerit,
3005 3395 3149 3463 quod
3201 3409 3307 3448 non
3367 3395 3552 3448 divina
3595 3395 3723 3447 Scri-

2185 3499 2345 3559 ptura
2379 3489 2669 3554 decernat,
2701 3486 2902 3541 nullam
2949 3485 3110 3538 aliam
3153 3485 3370 3540 tertiam
3425 3487 3723 3554 scripturam

2182 3580 2377 3634 debere
2409 3579 2472 3631 ad
2515 3578 2894 3632 auctoritatem
2917 3575 3158 3631 scientia:
3197 3576 3425 3645 suscipi,
3463 3576 3585 3645 quia
3624 3577 3720 3629 hac

2180 3670 2296 3724 dies
2348 3669 2504 3725 tertia
2553 3670 2910 3733 nominatur,
2958 3666 3056 3722 sed
3107 3666 3218 3736 igni
3261 3667 3544 3722 tradamus
3599 3666 3719 3736 quod

2179 3771 2446 3831 superest,
2479 3762 2529 3815 id
2563 3770 2649 3815 est
2700 3761 2810 3814 Deo
2859 3773 3224 3813 reservemus.
3269 3755 3458 3826 Neque
3494 3765 3630 3811 enim
3676 3760 3720 3810 in

2177 3851 2432 3922 przesenti
2461 3851 2569 3902 vita
2608 3850 2748 3904 Deus
2773 3849 2916 3903 scire
2942 3862 3040 3902 nos
3070 3848 3252 3902 omnia
3291 3847 3482 3912 voluit,
3513 3847 3721 3900 maxime

2176 3958 2297 3997 cum
2316 3950 2368 3996 et
2385 3941 2434 3996 id
2450 3940 2737 4011 Apostolus
2760 3939 2906 3993 dicat
2927 3938 2974 3971 ⁸³
3001 3955 3018 3993 :
3049 3957 3068 3990 ι
3101 3939 3236 4006 Quia
3258 3953 3327 3993 ex
3356 3953 3420 4007 pa
3431 3948 3508 3993 rte
3525 3940 3715 3998 sciurus,

2175 4044 2229 4089 et
2256 4049 2320 4088 ex
2351 4040 2508 4102 parte
2543 4033 2950 4102 prophetamus.
2987 4030 3120 4085 Cum
3153 4032 3366 4085 venerit
3392 4041 3572 4085 autem
3597 4031 3716 4098 quoi

2173 4123 2468 4195 perfectum
2500 4133 2602 4187 est,
2631 4123 2979 4175 destruentur
3009 4119 3095 4172 illa
3118 4134 3240 4188 quae
3266 4135 3331 4174 ex
3361 4131 3514 4188 parte
3536 4127 3663 4173 sunt.
3692 4135 3709 4166 ι

2172 4214 2278 4270 Iste
2307 4228 2388 4268 εει
2419 4229 2548 4283 ergo
2578 4212 2738 4284 ignis,
2768 4213 2856 4264 cui
2882 4225 3001 4277 quae
3033 4210 3084 4263 in
3122 4211 3343 4264 tertium
3379 4212 3518 4264 diem
3546 4224 3715 4276 super-

2172 4304 2414 4370 fuerint,
2452 4318 2669 4359 servare
2704 4303 2982 4364 debemus,
3012 4309 3066 4354 et
3113 4315 3219 4355 non
3260 4303 3562 4355 temeritate
3589 4315 3712 4369 prt-

2167 4408 2375 4464 sumpta
2391 4408 2727 4452 assumamus
2745 4393 2897 4446 nobis
2915 4401 3229 4445 ι-υιιειοιίιιη
3250 4393 3546 4459 ετ-ἰθιιιίεηι,
3564 4405 3611 4448 ιιι
3632 4409 3727 4445 me-

493 4480 659 4535 dictio
713 4481 782 4535 sit
833 4481 1106 4535 veteribus
1143 4482 1306 4535 vesci.
1354 4481 1487 4535 Nam
1521 4484 1586 4537 de
1612 4498 1754 4537 anno
1803 4487 2056 4553 septimo,
2093 4507 2135 4560 υ
2168 4481 3314 4550 ritonobisdicalurabcodemApostolo":¢
3337 4485 3715 4539 nescientesnc-

492 4570 581 4637 qui
609 4571 941 4625 remissionis
970 4585 1144 4624 annus
1173 4571 1256 4626 vel
1280 4571 1589 4626 sabbatieus
1624 4574 1954 4636 nominatur,
1984 4577 2054 4630 ita

493 4659 691 4712 dicitur
718 4660 763 4693 "
794 4680 805 4714 :
846 4680 864 4712 ι
908 4661 1276 4727 Manducabis,
1325 4663 1522 4730 inquit,
1551 4672 1750 4728 vetera,
1788 4676 1839 4718 et
1874 4677 2054 4721 vetera

490 4760 750 4804 veterum.
799 4771 817 4803 ι
853 4750 1002 4806 Tunc
1031 4754 1129 4805 sub
1158 4753 1371 4819 septimi
1413 4753 1536 4805 anni
1579 4756 1857 4824 mysterio,
1889 4768 1944 4809 ut
1974 4759 2056 4810 di-

487 4839 683 4902 ximus,
717 4840 1023 4895 benedictio
1054 4851 1136 4894 est
1168 4851 1347 4895 vetera
1377 4842 1724 4909 manducare,
1757 4859 1900 4898 nunc
1925 4859 2054 4898 vero

486 4929 829 4998 prohibetur.
871 4932 978 4986 Sed
1011 4932 1209 4985 multus
1257 4943 1341 4986 est
1379 4945 1636 4986 excessus
1690 4934 1901 4987 haerere
1957 4949 2052 5002 per

487 5022 601 5075 haec
633 5022 842 5092 singula
896 5021 1006 5094 (50)
1037 5060 1052 5088 ,
1106 5032 1160 5076 et
1190 5039 1252 5077 ex
1285 5025 1570 5077 occasione
1619 5025 2049 5080 testimoniorum

485 5113 696 5184 longius
723 5115 938 5184 evagari
963 5155 977 5181 ,
1012 5129 1132 5167 cum
1158 5116 1469 5183 explanatio
1497 5131 1639 5171 nunc
1662 5119 2048 5174 sacrificiorum

483 5207 745 5262 habeatur
784 5207 838 5262 in
881 5207 1150 5261 manibus.

583 5346 629 5380 “
661 5344 830 5401 ICor.
859 5361 952 5400 xxv
977 5385 992 5411 ,
1021 5346 1111 5400 14.

472 5415 522 5449 ⁸⁸
550 5415 699 5474 Psal.
738 5431 851 5485 CIX,
882 5417 940 5471 7.
1050 5415 1097 5448 ‘“
1125 5416 1272 5472 Psal.
1324 5434 1476 5482 xviii,
1509 5420 1594 5473 15.

542 5555 653 5626 (48)
685 5555 806 5620 Ms.,
830 5575 851 5610 ι
883 5557 1206 5612 oblatione.»
1229 5558 1386 5614 Libb.
1409 5559 1563 5625 editi,
1593 5577 1610 5609 ι
1632 5559 1987 5614 oblationem.
2017 5579 2034 5611 ›

545 5627 657 5697 (i9)
694 5628 849 5682 Libh.
880 5635 1038 5681 antea
1064 5630 1225 5692 editi,
1259 5647 1274 5680 ι
1308 5629 1584 5683 Psalmum
1615 5631 1789 5683 dicam
1821 5632 2038 5697 spiritu,

471 5697 736 5763 psalmum
770 5699 944 5751 dicam
989 5709 1043 5753 et
1097 5709 1297 5754 mente.
1347 5700 1420 5752 lta
1463 5715 1593 5768 ergo
1639 5713 1691 5753 et
1745 5710 1796 5753 tu
1828 5703 1940 5754 sive
1971 5715 2038 5754 ex

475 5769 775 5822 eruditione
814 5768 1064 5838 spiritali,
1095 5779 1146 5824 et
1177 5787 1243 5824 ex
1281 5771 1422 5825 dono
1456 5773 1641 5840 gratia:
1685 5773 1797 5838 Dei,
1836 5789 1850 5821 ι
1889 5779 2037 5838 ctc.;

1222 5346 1268 5378 ¹⁶⁶
1300 5347 1488 5403 Matth.
1545 5365 1706 5413 Μῖνι,
1747 5349 1840 5402 26.

1948 5349 1993 5380 ⁸⁷
2022 5347 2138 5404 Jos.
2175 5365 2250 5402 ix.

1709 5421 1754 5452 δ’
1798 5420 1816 5472 l
1863 5420 1984 5475 Cor.
2022 5420 2200 5483 xm,9.

2165 4596 2267 4650 quc
2285 4593 2401 4648 qua:
2420 4579 2910 4649 loquuntur,ueque
2924 4581 2986 4632 de
3004 4581 3198 4648 quibus
3211 4577 3498 4632 affirmant.
3513 4574 3598 4627 “Ve
3621 4573 3718 4626 foro

2167 4683 2217 4725 te
2245 4686 2372 4738 ergo
2391 4685 2494 4722 non
2523 4670 2912 4738 fiatacccptnm
2931 4671 3253 4725 sacrificium
3279 4677 3594 4732 nostrnm,et
3616 4667 3713 4718 hac

2164 4766 2332 4831 ipsum
2351 4762 2491 4829 quod
2505 4775 2567 4814 ex
2585 4761 2779 4814 divinis
2795 4759 2967 4828 Seript
2979 4763 3089 4815 uris
3102 4761 3351 4828 cupimus
3363 4760 3619 4814 scientiam
3634 4771 3714 4807 ca-

2163 4867 2311 4920 pere,
2329 4860 2567 4904 vertatur
2583 4850 2803 4902 nobisin
2821 4858 3044 4918 peccatu
3054 4864 3408 4912 m,servemus
3423 4860 3714 4902 easmeusu-

2162 4955 2412 5008 ras,quas
2429 4940 2582 4993 nobis
2595 4953 2687 5007 per
2704 4939 3065 5009 legislaturem
3086 4938 3166 4991 lex
3187 4939 3447 5006 spiritalis
3463 4935 3709 4990 enuntiat.

2235 5028 2321 5081 10.
2379 5046 2398 5078 ι
2453 5029 2517 5080 Et
2567 5043 2760 5082 carnes
2812 5042 3147 5097 quwcunque
3208 5037 3366 5081 tacta:
3404 5027 3582 5080 fuerint
3645 5024 3710 5072 ab

2161 5117 2310 5170 omni
2350 5116 2646 5180 immundo,
2680 5131 2783 5169 non
2818 5116 3307 5182 manducabuntur,
3363 5116 3464 5188 igni
3503 5127 3710 5168 creata-

2161 5208 2385 5263 buntur.
2417 5205 2608 5260 Omnis
2637 5207 2868 5260 mundus
2896 5207 3244 5260 manducabit
3277 5221 3481 5271 carnes,
3508 5213 3552 5256 et
3588 5200 3714 5253 ani-

2311 5347 2407 5469 53‘:
2440 5346 2611 5471 lifyi"
2648 5362 2776 5430 XXI,
2805 5345 2892 5399 22.
3003 5344 3046 5376 ‘9
3075 5343 3252 5408 Levit.
3279 5359 3370 5398 vit.
3401 5343 3480 5405 16.
3509 5337 3592 5402 17.
3620 5335 3712 5393 ‘3-

2514 5435 2604 5470 tm.
2654 5433 2690 5471 ι.
2734 5431 2777 5470 1.
3651 5443 3664 5456 ‘

2514 5435 2604 5470 im.
2654 5433 2690 5481 ι,
2734 5431 2777 5470 1.
3651 5443 3664 5456 -

2147 5559 2241 5614 sed
2279 5574 2379 5612 ms.
2420 5566 2476 5609 ut
2510 5557 2559 5609 in
2598 5564 2787 5610 nostro
2823 5563 2994 5608 textu.

2223 5629 2333 5698 (30)
2363 5627 2486 5698 Με.2
2532 5645 2549 5676 ι
2583 5626 2927 5698 multunrest
2951 5639 3207 5678 eaeessus
3236 5623 3425 5680 habere
3456 5633 3546 5698 Per
3587 5618 3714 5696 ι’,ίθθ

2149 5691 2377 5768 singula.
2416 5716 2434 5749 ι
2473 5696 2636 5749 Paulo
2661 5705 2780 5768 post
2803 5696 2944 5768 libb.
2973 5697 3122 5768 editi,
3161 5714 3176 5744 ι
3212 5709 3329 5768 cum
3371 5691 3710 5761 explanatio-

2151 5765 2273 5824 netu
2307 5767 2698 5823 sacrificiorum
2730 5767 3022 5820 habeamus
3057 5766 3106 5818 in
3141 5765 3397 5817 inanibus.
3431 5781 3446 5811 ι
