3876 6524
185 389 286 448 £6!

1358 391 1426 454 ΙΝ
1464 391 1839 460 LEVITICUM
1878 391 2165 450 HOMILIA
2206 395 2270 450 V.

3335 397 3442 456 462

186 524 273 566 ma
302 523 638 579 qurecunque
667 511 1076 567 manuneaverit
1107 527 1299 569 carnes
1329 513 1586 570 sacriﬁcii
1622 512 1768 568 salu-
1796 507 1842 565 A
1872 509 2196 564 sanctiticati
2231 517 2415 563 essent
2438 509 2588 578 prius
2621 518 2674 566 et
2702 511 2884 566 mundi
2917 510 3116 578 effecti,
3143 527 3336 572 carnes
3361 516 3444 573 eis
3469 500 3477 505 ’

185 603 320 658 teris
351 603 593 672 quodest
635 603 863 657 Domino
888 644 903 668 ,
976 612 1028 659 et
1083 605 1424 661 immunditia
1458 606 1574 676 ejus
1612 605 1666 658 in
1701 619 1766 660 eo

186 689 378 758 fuerit,
412 695 608 763 peribit
637 693 817 747 anima
873 694 962 748 illa
996 697 1062 750 de
1098 695 1296 765 populo
1327 712 1446 751 suo.
1481 697 1547 750 Et
1583 696 1766 750 anima

185 799 530 856 quaecunque
567 787 808 857 tetigerit
839 803 1056 842 omnem
1111 803 1224 842 rem
1257 788 1589 844 immundam
1614 830 1630 856 ,
1681 789 1764 844 vel

188 879 257 933 ab
293 879 631 934 immunditia
665 880 920 944 hominis,
953 879 1037 935 vel
1077 881 1489 949 quadrupedum
1524 882 1764 934 immun-

185 969 407 1034 dorum,
443 969 529 1024 vel
563 971 631 1024 ab
665 972 812 1025 omni
844 971 1284 1025 abominamento
1315 971 1428 1041 (51)
1461 971 1759 1039 immundo,

185 1067 244 1112 et
294 1059 706 1114 manducaverit
764 1075 830 1114 ex
881 1059 1139 1114 carnibus
1189 1060 1442 1114 sacriﬁcii
1504 1058 1763 1116 salutaris

184 1151 330 1218 qttod
390 1163 476 1206 est
510 1150 745 1218 Domini,
797 1151 990 1220 peribit
1045 1152 1228 1207 anima
1304 1151 1394 1206 illa
1447 1153 1514 1207 de
1565 1153 1763 1222 populo

183 1253 286 1298 suo
310 1241 382 1298 “.
414 1263 431 1294 ι
467 1242 732 1312 Triplices
756 1244 1120 1298 immunditia:
1143 1259 1336 1299 causas
1361 1245 1445 1299 hic
1484 1244 1764 1315 legislatur

184 1335 460 1402 exposuit.
493 1333 690 1400 Unam,
722 1350 792 1390 ne
820 1351 1014 1390 carnes
1041 1335 1432 1391 sacrificiorum
1457 1337 1636 1407 aliqua
1669 1338 1766 1391 iiii-

181 1427 452 1480 munditia
476 1427 879 1497 contingantur.
914 1429 1114 1493 Aliam,
1137 1446 1202 1484 ne
1222 1429 1267 1484 is
1297 1430 1388 1498 qui
1417 1431 1528 1484 edit
1563 1445 1759 1486 carnes

182 1517 443 1571 sacrificii
478 1519 791 1574 immundus
823 1519 914 1585 sit,
955 1530 1010 1574 et
1043 1520 1382 1576 innnunditia
1409 1520 1528 1590 ejus
1553 1523 1604 1574 in
1639 1522 1758 1591 ipso

185 1611 282 1664 sit.
326 1609 589 1674 Tertiam,
643 1613 783 1680 quod
842 1613 940 1667 etsi
1002 1628 1193 1668 carnes
1246 1613 1457 1668 mundae
1503 1615 1652 1680 sint,
1707 1626 1762 1671 et

185 1700 308 1769 ipse
334 1700 423 1770 qui
480 1702 588 1755 edit
616 1705 856 1757 mundus
889 1704 978 1771 sit,
1020 1714 1194 1759 tamen
1225 1721 1294 1759 ne
1328 1707 1615 1776 contigerit
1667 1708 1762 1761 ali-

179 1790 312 1859 quid
343 1792 697 1857 immundum,
724 1795 808 1848 vel
836 1810 862 1848 a
890 1797 1178 1864 pecoribus
1205 1797 1291 1850 vel
1311 1799 1378 1853 ab
1405 1799 1598 1855 avibus
1624 1799 1758 1873 (5'2),

1869 616 1975 655 non
2003 602 2159 657 daret
2200 602 2363 657 Deus.
2417 601 2566 658 Bene
2597 611 2780 658 autem
2834 605 3174 663 clementiam
3222 610 3441 665 Domini

1867 691 2148 761 legislator
2179 695 2444 758 ostendit,
2482 703 2538 749 ut
2573 710 2680 750 non
2705 697 2914 754 diceret
2947 703 3072 771 quia
3121 717 3224 756 non
3284 720 3440 758 man-

1867 783 2028 840 ducet
2075 800 2269 842 carnes
2324 786 2377 842 in
2430 802 2538 858 quo
2595 788 2698 843 fuit
2750 789 3134 864 immunditia,
3180 798 3274 852 sed
3327 799 3441 864 ait,

1866 874 1920 930 in
1950 892 2056 946 quo
2103 879 2442 934 immunditia
2469 879 2588 948 ejus
2619 881 2670 935 in
2718 883 2836 951 ipso
2867 894 2971 940 est.
3021 885 3192 942 Nemo
3234 891 3438 944 etenim

1867 969 1981 1026 fere
2040 971 2321 1026 invenitur
2343 1010 2358 1038 ,
2406 973 2457 1026 in
2483 986 2591 1041 quo
2625 987 2730 1027 non
2761 973 2861 1028 fttit
2891 975 3249 1033 immunditia.
3289 980 3445 1035 Inve-

1867 1061 1968 1114 niri
2005 1071 2181 1116 autem
2207 1070 2407 1132 potest,
2446 1062 2498 1128 in
2530 1079 2637 1133 quo
2662 1064 2830 1120 fuerit
2859 1067 3096 1134 quidem,
3130 1071 3222 1124 sed
3253 1073 3438 1128 audita

1865 1152 1986 1222 lege
2012 1153 2226 1208 Domini
2257 1158 2396 1207 ultra
2431 1152 2545 1222 jam
2603 1170 2708 1209 non
2737 1157 2830 1211 sit.
2866 1157 3020 1225 Quod
3065 1159 3110 1214 si
3159 1173 3442 1230 permanet

1866 1243 1916 1296 in
1946 1257 2010 1297 eo
2045 1243 2390 1298 immunditia
2425 1260 2544 1313 sua,
2599 1255 2655 1300 et
2703 1247 2788 1302 his
2819 1249 3020 1304 auditis
3050 1255 3294 1307 converti
3333 1270 3440 1311 non

1865 1331 1980 1384 vult
2021 1342 2075 1386 et
2105 1335 2382 1388 emendari
2411 1375 2424 1400 ,
2453 1335 2688 1404 peribit,
2743 1337 2962 1407 inquit,
3024 1342 3202 1396 anima
3257 1345 3345 1398 illa
3376 1347 3442 1402 de

1863 1423 2061 1494 populo
2090 1441 2208 1479 suo.
2243 1425 2429 1480 Tertia
2461 1439 2546 1482 est
2591 1430 2948 1487 immunditite
2997 1435 3226 1501 species,
3259 1451 3364 1506 qua
3397 1439 3444 1496 is

1862 1515 1953 1584 qui
1981 1516 2215 1571 mundus
2241 1526 2344 1582 est,
2373 1518 2419 1572 si
2449 1518 2653 1588 aliquid
2685 1523 2914 1590 contigit
2945 1523 3307 1593 immundum,
3331 1544 3437 1583 non

1867 1613 1975 1659 tam
2001 1621 2100 1660 suo
2131 1619 2376 1678 peccato,
2403 1623 2563 1678 quam
2591 1611 2765 1665 aliena
2797 1615 3125 1684 contagione
3145 1617 3436 1686 polluitur;

1862 1706 1921 1748 ut
1950 1707 2076 1764 puta
2108 1699 2152 1751 si
2185 1699 2310 1766 quis
2347 1701 2588 1755 societur
2621 1704 2883 1758 amicitiis
2927 1716 2982 1760 et
3010 1710 3286 1765 consortio
3335 1710 3437 1765 ho-

1864 1789 2026 1843 minis
2056 1789 2230 1854 lividi,
2268 1791 2350 1846 vel
2383 1792 2657 1861 iracundi,
2685 1797 2769 1851 vel
2816 1798 3068 1866 adulteri,
3099 1811 3154 1857 et
3180 1802 3294 1872 ipse
3321 1805 3438 1874 qui-

179 1879 268 1934 vel
301 1897 367 1935 ex
400 1883 655 1938 omnibus
705 1899 824 1952 qua:
864 1886 1142 1940 immunda
1199 1890 1544 1956 pronuntiata
1607 1902 1753 1947 sunt.
1793 1862 1833 1917 Β
1864 1880 1983 1933 del“
2045 1883 2282 1950 Propriis
2342 1875 2554 1941 acribus
2604 1903 2711 1942 "09
2791 1890 3067 1947 ίηεθΐθιυΐ
3139 1895 3438 1952 sceleribus

179 1965 250 2024 Et
289 1972 402 2026 inec
439 1974 657 2043 quidem
697 1975 946 2031 voluntas
974 1988 1055 2032 est
1084 1978 1413 2047 legislatoris
1444 1983 1507 2035 de
1534 1983 1640 2036 ritu
1669 1999 1755 2038 sa-

176 2063 515 2118 criﬁciorum
557 2067 922 2135 corporalium
965 2069 1278 2124 sancientis.
1314 2070 1620 2126 Secundum
1657 2090 1756 2129 no-

178 2165 313 2208 stra:
345 2169 474 2210 vero
502 2157 862 2224 expositionis
890 2160 1162 2228 ordinem,
1206 2163 1293 2216 ubi
1328 2179 1523 2218 carnes
1553 2176 1758 2220 sanctae

180 2249 352 2301 verba
387 2248 764 2318 intelliguntur
791 2250 900 2322 (55)
929 2267 1050 2306 esse
1080 2253 1285 2321 divina,
1321 2255 1624 2324 hujusmodi
1665 2258 1759 2310 ha-

180 2337 364 2394 benda
406 2348 488 2394 est
521 2342 835 2396 observatio
863 2383 878 2406 ,
916 2343 1038 2411 quia
1076 2359 1218 2414 saepe
1277 2348 1474 2400 accidit
1531 2349 1758 2403 mundas

177 2444 381 2484 carnes
410 2433 649 2502 contingi
676 2435 746 2488 ab
774 2433 954 2502 aliquo
980 2434 1275 2500 immundo,
1307 2447 1383 2501 ut,
1418 2439 1566 2493 verbi
1594 2455 1755 2494 causa

177 2524 441 2591 dixerim,
485 2525 528 2580 si
561 2527 682 2596 quis
737 2527 803 2581 de
863 2527 968 2582 Deo
1002 2528 1162 2585 Patre
1188 2570 1202 2595 ,
1241 2545 1306 2585 ac
1345 2530 1413 2584 de
1470 2531 1760 2602 Unigenito

177 2615 337 2683 ejus,
375 2626 431 2673 et
483 2617 687 2688 Spiritu
722 2630 944 2689 saneto,
1001 2623 1162 2693 digno
1214 2623 1435 2678 deitatis
1498 2629 1758 2695 mysterio

171 2722 384 2778 purum
423 2710 586 2766 faciat
614 2713 999 2785 sincerumque
1036 2730 1343 2770 sermonem
1366 2757 1382 2784 ,
1421 2717 1676 2774 similiter
1704 2727 1760 2773 et

171 2800 248 2853 de
280 2801 535 2858 omnibus
585 2806 850 2860 creaturis
884 2806 1239 2862 rationalibus
1271 2817 1529 2878 tanquam
1561 2826 1590 2864 a
1649 2811 1758 2866 Deo

169 2890 343 2948 factis
368 2892 434 2946 ad
466 2891 570 2948 hoc
605 2905 662 2948 ut
689 2907 956 2967 caperent
981 2907 1035 2953 et
1070 2898 1441 2968 intelligerent
1466 2915 1612 2968 eum,
1648 2917 1754 2957 non

161 2993 366 3038 autem
407 2988 757 3055 consequenti
810 2989 1075 3058 mysterio
1109 2988 1304 3044 afferat
1341 2991 1506 3045 etiam
1572 2993 1758 3048 carnis

159 3077 664 3132 resurrectionem.
707 3079 920 3134 Primus
970 3080 1191 3148 quidem
1245 3080 1361 3149 ejus
1413 3098 1592 3137 sermo
1621 3098 1759 3154 quo-

159 3168 331 3221 niam
366 3167 481 3237 (54)
517 3168 755 3238 perfecte
797 3179 848 3226 et
881 3180 1075 3225 sancte
1131 3172 1409 3239 disseruit,
1442 3173 1650 3230 solidus
1679 3176 1756 3230 ci-
1783 3197 1830 3259 ο

155 3261 272 3313 bus
305 3271 412 3325 est,
439 3278 630 3317 carnes
667 3274 870 3319 sancta:
901 3274 1048 3325 sunt,
1082 3264 1185 3319 hoc
1215 3281 1344 3320 vero
1366 3267 1509 3334 quod
1545 3268 1629 3323 his
1661 3271 1756 3321 ad-

155 3350 352 3416 ditur,
389 3354 849 3409 resurrectionem
894 3357 1079 3412 carnis
1133 3358 1398 3426 negando,
1437 3357 1564 3426 quia
1620 3358 1755 3412 alie-

151 3458 304 3497 num
342 3461 372 3498 a
409 3445 511 3499 ﬁde
539 3456 646 3512 est,
680 3450 1060 3517 superioribus
1101 3449 1352 3518 junctum
1393 3450 1650 3520 perfectis
1703 3460 1756 3505 et

150 3535 434 3591 ﬁdelibus
497 3539 677 3594 verbis
706 3579 722 3605 ,
766 3551 987 3595 sanctas
1045 3557 1237 3596 carnes
1269 3543 1664 3598 contaminavit
1703 3553 1756 3597 et

147 3630 388 3700 polluit.
423 3630 548 3686 Ideo
572 3647 702 3702 ergo
735 3635 995 3704 praecepit
1024 3635 1300 3705 legislator
1328 3651 1394 3690 ne
1425 3639 1758 3693 manducen-

150 3732 257 3776 tur
295 3722 612 3792 huiusmodi
649 3741 863 3791 carnes,
896 3728 1094 3796 quibus
1128 3729 1472 3784 immunditia
1526 3730 1757 3784 inﬁdeli-

146 3816 301 3870 tatis
353 3815 587 3884 alicujus
634 3817 967 3887 adjungitur.
1019 3817 1308 3889 Propterea
1357 3830 1410 3874 et
1463 3821 1754 3892 Apostolus

142 3909 306 3962 dicit
336 3909 386 3939 ⁵⁵
414 3925 428 3961 :
469 3926 488 3960 ι
518 3909 732 3963 Etenim
767 3911 910 3965 diem
960 3909 1163 3965 festum
1203 3911 1542 3967 celebremus
1566 3929 1670 3968 non
1701 3916 1754 3968 in

142 4002 451 4057 fermento
484 4004 678 4068 veteri;
716 4018 892 4072 neque
922 4004 973 4057 in
1008 4003 1276 4058 fermento
1307 4005 1532 4060 malitiae
1569 4017 1626 4061 et
1657 4024 1753 4061 ne-

139 4093 386 4164 quidue,
409 4095 503 4148 sed
532 4095 583 4147 in
617 4095 824 4165 azymis
855 4095 1191 4150 sinceritatis
1217 4106 1271 4150 et
1300 4097 1572 4154 veritatis.
1603 4118 1621 4150 ο
1659 4101 1756 4153 Se-

136 4183 414 4238 cundum
442 4182 800 4238 innnunditiae
829 4198 995 4253 genus
1029 4195 1132 4250 est,
1173 4202 1238 4240 ne
1272 4188 1384 4255 ipse
1438 4189 1528 4256 qui
1562 4203 1755 4242 carnes

135 4277 306 4338 edit,
343 4276 656 4330 immundus
691 4276 781 4340 sit,
812 4285 867 4330 et
900 4275 1244 4332 innnunditia
1277 4277 1396 4345 ejus
1426 4280 1476 4333 in
1513 4280 1631 4350 ipso
1658 4282 1752 4345 sit,

131 4367 315 4438 quod
346 4367 453 4422 hoc
484 4367 645 4424 modo
675 4365 900 4436 intelligi
939 4375 1138 4436 potest,
1171 4369 1322 4424 verbi
1363 4371 1563 4439 gratia,
1604 4371 1649 4425 si
1683 4371 1755 4425 sit

130 4461 371 4531 aliquis
401 4472 612 4516 natura:
642 4459 889 4516 florentis
911 4503 926 4526 ,
965 4471 1020 4516 et
1053 4461 1294 4516 ardentis
1348 4462 1545 4534 ingenii
1575 4503 1591 4527 ,
1644 4479 1750 4518 non

129 4555 440 4612 continuo
470 4563 629 4622 aptus
660 4553 934 4608 videbitur
977 4553 1044 4607 ad
1097 4533 1441 4623 suscipienda
1473 4555 1620 4609 verbi
1655 4557 1746 4610 Dei
1787 4533 1826 4586 θ

126 4646 464 4720 mysteria,
511 4646 606 4700 sed
634 4646 903 4717 quaeritur
932 4646 1096 4700 etiam
1133 4647 1255 4709 hoc,
1291 4656 1350 4700 ut
1375 4647 1526 4714 prius
1553 4662 1582 4700 a
1626 4662 1752 4717 pro-

123 4741 308 4797 fanis
350 4739 592 4801 actibus,
628 4747 680 4789 et
722 4735 1016 4790 immundis
1055 4735 1310 4802 operibus
1339 4743 1649 4803 separetur,
1701 4745 1756 4791 et

124 4837 215 4889 ita
285 4833 520 4887 demum
569 4829 890 4883 eruditionis
922 4842 1095 4895 capax
1147 4828 1260 4889 tiat,
1301 4827 1344 4880 si
1400 4827 1552 4895 prius
1581 4843 1753 4897 capax

121 4928 330 4984 fuerit
386 4923 716 4979 sanctitatis.
776 4921 964 4976 Simile
1013 4921 1098 4974 his
1135 4921 1187 4973 in
1242 4919 1495 4974 Numeris
1528 4920 1755 4990 legimus

120 5021 464 5089 scriptum,
497 5014 586 5068 ubi
635 5012 902 5067 Dominus
950 5024 1143 5066 carnes
1183 5011 1400 5065 caelitus
1435 5010 1583 5066 dedit
1631 5011 1756 5065 ﬁliis

114 5110 332 5170 Israel
373 5117 437 5163 et
481 5107 614 5160 dicit
654 5105 739 5160 δίε
779 5123 798 5156 ι
852 5105 1281 5159 Sanctiﬁcamini
1322 5104 1374 5156 in
1410 5103 1743 5169 crastinum,

113 5217 188 5262 ut
227 5199 610 5258 manducetis
641 5212 856 5261 carnes,
893 5215 912 5248 ι
952 5197 1054 5250 hoc
1084 5194 1398 5259 ostendens,
1457 5193 1598 5263 quod
1639 5194 1742 5248 nisi

1860 1972 1998 2042 ejus,
2047 1974 2228 2028 videat
2281 1984 2459 2030 tamen
2491 1993 2637 2047 eum,
2679 1989 2735 2035 et
2781 1983 3046 2056 intelligat
3084 1987 3245 2058 213
3299 2005 3434 2058 quo~

1861 2065 2020 2119 tuodo
2097 2064 2321 2120 fratrem
2399 2083 2558 2123 suum
2629 2073 2744 2127 odit
2827 2084 2883 2129 et
2965 2078 3240 2132 homicida
3311 2091 3436 2144 est,

1861 2157 1944 2210 vel
1977 2160 2248 2226 quomodo
2289 2159 2579 2214 insidiatur
2633 2164 2827 2221 alienae
2872 2169 3087 2224 mulieri
3118 2179 3172 2225 et
3219 2171 3435 2226 adulter

1861 2257 1967 2316 est,
2004 2250 2090 2304 vel
2133 2253 2404 2321 quomodo
2443 2254 2494 2308 in
2521 2257 2740 2311 caeteris
2785 2259 3092 2330 quibusque
3133 2264 3434 2334 sacrilegus

1860 2353 1960 2404 est,
2001 2357 2099 2396 nec
2127 2344 2482 2412 deprehensis
2513 2346 2596 2402 his
2631 2349 2961 2405 discedatab
2987 2350 3104 2418 ejus
3133 2356 3432 2423 consortio,

1862 2435 1964 2488 iSle
1992 2445 2075 2490 est
2128 2437 2219 2504 qni
2255 2439 2483 2507 contigit
2525 2440 2886 2510 immundum,
2930 2443 3014 2499 vel
3065 2445 3291 2515 animal,
3347 2448 3434 2504 vel

1860 2541 2037 2591 avem,
2090 2526 2173 2582 vel
2222 2529 2590 2598 morticinum,
2625 2540 2680 2585 et
2715 2531 2891 2588 aliena
2945 2535 3286 2593 immunditia
3319 2541 3434 2610 ipse

1859 2617 2094 2686 pollutus
2116 2627 2221 2674 est.
2255 2620 2329 2675 De
2356 2621 2768 2680 diversitatibus
2800 2636 2978 2682 autem
3007 2629 3434 2700 immundorum,

1859 2715 2019 2778 prout
2071 2723 2361 2765 occurrere
2411 2712 2608 2781 potuit,
2661 2713 2714 2769 in
2763 2717 3134 2786 superioribus
3166 2722 3432 2780 diximus.

1858 2804 1967 2855 Aut
1993 2817 2098 2856 non
2128 2810 2181 2856 et
2204 2803 2492 2872 Apostolus
2517 2808 2812 2863 secundum
2849 2809 2991 2867 hanc
3020 2814 3265 2870 eamdem
3297 2831 3436 2886 prie.

1860 2893 2004 2963 cepit
2026 2894 2281 2962 formam,
2299 2911 2421 2950 cum
2445 2898 2632 2952 dicit"
2658 2915 2670 2954 :
2697 2918 2716 2950 ι
2735 2899 2896 2959 Nunc
2922 2911 3101 2960 autem
3122 2908 3300 2962 scribo
3319 2907 3436 2982 (55)

1860 2985 2017 3040 vobis
2044 2986 2096 3041 in
2138 2987 2387 3057 epistola,
2423 2999 2481 3043 ut
2530 3005 2633 3045 non
2668 2995 3142 3052 commiseeamini
3194 3001 3436 3056 fornica-

1860 3075 1978 3142 riis,
2009 3077 2054 3130 si
2083 3077 2205 3145 quis
2238 3076 2407 3133 frater
2455 3082 2771 3138 nominatur
2821 3083 3152 3156 fornicator,
3183 3097 3278 3143 aut
3307 3105 3438 3145 ava-

1862 3181 1976 3232 rus,
2014 3177 2108 3222 aut
2154 3169 2312 3224 idolis
2357 3174 2625 3240 serviens,
2679 3184 2775 3230 aut
2807 3177 3078 3242 ebriosus,
3111 3187 3209 3232 aut
3246 3194 3436 3249 rapax,

1859 3273 1982 3313 cum
2038 3259 2342 3329 huiusmodi
2397 3281 2497 3320 nec
2544 3268 2723 3322 cibum
2769 3268 3024 3323 sumere?
3072 3285 3092 3322 ι
3128 3267 3186 3324 in
3239 3270 3434 3338 quibus

1856 3350 2105 3405 omnibus
2127 3354 2254 3420 quid
2291 3362 2374 3408 est
2401 3353 2550 3409 aliud
2576 3356 2724 3424 quod
2754 3359 3032 3426 praecepit,
3070 3359 3173 3412 nisi
3205 3371 3274 3413 ne
3300 3358 3438 3415 alie-

1858 3442 1942 3496 nis
1968 3444 2206 3510 peccatis
2231 3453 2286 3498 et
2311 3447 2672 3502 immunditiis
2700 3447 3042 3516 polluantur?
3069 3471 3079 3480 -

1929 3536 2016 3589 ll.
2055 3553 2073 3586 r
2110 3535 2177 3590 Et
2203 3537 2412 3593 locutus
2441 3549 2544 3606 est,
2582 3540 2759 3608 inquit
2786 3540 2858 3606 ⁸⁸,
2897 3541 3157 3596 Dominus
3186 3542 3253 3598 ad
3282 3542 3434 3616 Moyd

1857 3641 1952 3682 sen
1990 3628 2177 3683 dicens
2207 3644 2220 3682 :
2252 3627 2497 3699 Loquere
2541 3629 2671 3684 ﬁliis
2721 3628 2889 3684 Israel
2941 3631 3130 3688 dicens
3164 3656 3176 3688 ;
3205 3632 3432 3690 Omnem

1857 3719 2066 3789 adipem
2097 3721 2278 3784 boum,
2305 3731 2360 3775 et
2387 3722 2590 3787 ovium,
2625 3733 2680 3777 et
2730 3738 3046 3792 caprarum,
3098 3741 3206 3781 non
3233 3727 3431 3792 edetis,

1855 3819 1911 3866 et
1938 3814 2104 3880 adeps
2138 3813 2574 3882 morticinorum,
2605 3822 2661 3869 et
2685 3829 2714 3868 a
2741 3814 2854 3870 fera
2889 3825 3170 3886 captorum
3198 3833 3303 3873 non
3327 3821 3434 3874 erit

1858 3905 1925 3958 ad
1952 3919 2114 3960 omne
2142 3920 2301 3974 Opus,
2347 3914 2401 3960 et
2432 3907 2486 3960 in
2535 3920 2661 3961 esca
2712 3921 2819 3962 non
2869 3908 3082 3964 edetur.
3129 3908 3318 3965 Omnis
3341 3911 3433 3979 qui

1857 3997 2072 4066 adipem
2104 3999 2232 4052 edet
2267 4013 2334 4050 ex
2374 3998 2664 4066 pecoribus
2699 4013 2763 4054 ex
2796 3999 2996 4069 quibus
3021 3999 3230 4058 oll'et'tis
3257 4002 3324 4056 ab
3353 4002 3436 4058 eis

1857 4091 2087 4145 hostiam
2122 4091 2372 4155 Domino,
2408 4092 2610 4158 peribit
2637 4079 2816 4146 anima
2847 4093 2937 4147 illa
2981 4093 3049 4148 de
3081 4095 3280 4164 populo
3310 4109 3430 4151 suo.

1859 4183 1923 4236 Et
1951 4197 2166 4237 omnem
2212 4183 2531 4253 sanguinem
2567 4197 2671 4237 non
2715 4183 2889 4238 edetis
2930 4185 2982 4238 in
3034 4187 3180 4238 omni
3221 4183 3436 4240 habita-

1860 4277 2003 4330 tione
2059 4284 2235 4329 vestra
2278 4291 2305 4325 a
2363 4274 2670 4342 pecoribus,
2725 4283 2778 4326 et
2806 4290 2834 4328 a
2876 4275 3209 4330 volatilibus.
3243 4277 3436 4333 Omnis

1858 4366 2034 4418 anima
2067 4381 2402 4435 qnmcunqne
2435 4366 2844 4420 manducaverit
2871 4367 3215 4434 sanguinem,
3236 4368 3436 4436 peribit

1861 4459 2038 4511 anima
2085 4457 2175 4510 illa
2202 4459 2268 4512 de
2316 4460 2512 4527 populo
2556 4475 2675 4514 suo.
2713 4478 2731 4511 ι
2772 4459 2970 4527 Adipes
3001 4457 3217 4526 quidem
3241 4472 3433 4512 eorum

1859 4551 2198 4614 animalium,
2238 4567 2358 4621 quae
2398 4553 2451 4605 in
2502 4553 2790 4607 sacriﬁciis
2839 4550 3158 4618 olferuntur,
3192 4560 3250 4606 et
3297 4551 3434 4607 alio-

1860 4659 1981 4697 rum
2023 4644 2404 4697 nonnullorum
2453 4645 2538 4699 edi
2591 4643 2673 4698 vel
2724 4643 2776 4697 in
2829 4657 2927 4698 usu
2974 4643 3164 4698 haberi
3201 4644 3436 4715 abnegat
3505 4718 3507 4720 _

1861 4734 2160 4802 legislator,
2211 4733 2530 4802 sanguinem
2589 4745 2719 4786 vero
2765 4731 2946 4786 omnis
2987 4731 3173 4786 carnis
3225 4731 3434 4787 comedi

1860 4836 2023 4881 vetat.
2061 4826 2115 4878 lu
2150 4825 2524 4894 superioribus
2549 4823 2724 4878 locum
2757 4825 3048 4896 mysticum
3092 4835 3435 4895 pertractan—

1860 4925 1960 4981 tes,
1987 4917 2074 4970 ubi
2104 4915 2302 4969 vitulus
2335 4917 2387 4970 in
2440 4915 2812 4971 holocaustum
2841 4917 3074 4970 dabatur
3108 4931 3207 4986 pro
3243 4933 3436 4987 pecea-

1860 5020 1936 5076 to,
1965 5020 2020 5066 et
2053 5009 2239 5078 adipes
2275 5009 2696 5077 imponebantur
2725 5009 2908 5075 altari,
2939 5011 3263 5080 sanguinem
3313 5012 3434 5080 qui-

1857 5101 1979 5159 dem
2008 5114 2116 5168 quo
2145 5113 2208 5153 ex
2246 5106 2397 5166 parte
2426 5097 2608 5166 aliqua
2649 5114 2852 5154 cornua
2912 5100 3258 5164 liniebantur,
3305 5101 3431 5157 reli-

1855 5208 1990 5262 quus
2022 5206 2152 5246 vero
2179 5191 2244 5245 ad
2276 5191 2447 5246 basim
2495 5189 2870 5248 eﬁ'undebatur
2916 5193 3129 5258 altaris,
3155 5195 3212 5248 in
3239 5209 3427 5254 eorum

198 5325 259 5359 ⁵³
304 5319 501 5376 Levit.
540 5332 633 5381 vn,
663 5317 728 5370 19
758 5325 811 5368 et
837 5329 992 5384 seqq.
1071 5313 1115 5344 '5"
1151 5313 1167 5366 l
1214 5313 1340 5367 Cor.
1381 5328 1434 5378 v,
1465 5313 1515 5365 5.
1595 5299 1640 5343 ⁵³⁸
1669 5313 1829 5366 Num.
1871 5329 1948 5378 xi,
1985 5312 2071 5365 l5.
2149 5308 2194 5340 ⁸⁷
2258 5309 2271 5363 l
2307 5309 2431 5365 Cor.
2457 5323 2511 5376 ν,
2538 5309 2593 5365 9.
2669 5309 2715 5340 ⁸⁸
2735 5309 2910 5363 Levit.
2953 5323 3049 5374 vn,
3085 5308 3159 5362 22
3188 5321 3240 5363 et
3271 5325 3426 5379 seqq.

201 5463 352 5538 (5-!)
389 5457 518 5521 Ἀθη
559 5476 578 5508 ι
611 5455 1066 5512 abominamento.
1103 5474 1120 5505 ›
1173 5452 1326 5506 Libb.
1363 5452 1514 5515 editi,
1555 5469 1573 5501 ι
1609 5452 1744 5506 abo-

111 5547 515 5679 ωἰὶἕὲἷδίέρ
548 5617 567 5650 α
603 5615 648 5679 ει.
677 5599 866 5653 bobus.
910 5616 927 5648 ι
993 5596 1057 5650 Et
1089 5593 1248 5665 paulo
1305 5602 1448 5662 post,
1493 5610 1511 5644 ι
1550 5593 1685 5663 legis
1724 5612 1742 5645 ι

151 5672 226 5737 ⁸,ὁ
269 5697 291 5728 ε
323 5672 703 5739 ἹιεςςὶςὶθῑιΜἿε.
737 5687 755 5721 ι

197 5747 344 5820 (55)
393 5735 553 5820 βίω).
609 5751 768 5820 antea
792 5735 938 5797 editi,
973 5736 1403 5820 rinte‘lligantur.
1447 5752 1464 5783 ι

192 5803 337 5891 (31)
393 5813 550 5868 Libb.
581 5811 733 5875 editi,
771 5827 788 5860 ι
818 5823 1003 5879 quem.
1033 5826 1052 5860 ›
1088 5807 1151 5860 Et
1180 5803 1344 5876 paulo
1374 5814 1519 5874 post,
1558 5823 1575 5858 ι
1608 5803 1751 5874 quod

1849 5455 1932 5508 his
1965 5452 2137 5517 addit,
2177 5451 2596 5504 resurrectionis
2628 5453 2809 5506 carnis
2865 5450 3114 5518 negando
3171 5447 3424 5519 gloriam,

1849 5525 1999 5593 quia,
2034 5543 2051 5575 ι
2087 5535 2228 5583 etc.;
2265 5523 2361 5574 sed
2396 5538 2494 5575 ms.
2530 5531 2587 5593 ut
2616 5522 2679 5593 in
2707 5533 2894 5593 nostro
2936 5533 3107 5573 textu.

2067 5593 2191 5656 Ms.,
2233 5611 2249 5642 ι
2285 5593 2486 5646 scribo.
2517 5611 2534 5643 ι
2566 5588 2722 5646 Libb.
2770 5591 2897 5646 editi
2921 5610 2992 5663 ,_r
3026 5589 3239 5663 scripsi.
3278 5606 3294 5639 ι
3326 5586 3424 5639 1ὺί⁶

1855 5659 1973 5718 deni
2005 5659 2056 5716 in
2102 5663 2416 5738 ins.__decst,
2448 5681 2464 5714 ί
2503 5663 2832 5738 fornicariis.
2874 5659 3099 5738 inPaulo
3132 5669 3253 5738 post
3299 5673 3427 5722 nis.,

1863 5753 1880 5786 ι
1918 5735 2020 5788 nisi
2064 5751 2129 5788 ne
2175 5734 2390 5797 alienis,
2430 5752 2446 5784 ι
2486 5742 2593 5789 etc.
2646 5732 2802 5787 Libb.
2855 5731 3006 5796 editi,
3039 5747 3055 5780 ι
3098 5731 3198 5782 nisi
3235 5743 3301 5786 ne
3326 5741 3430 5786 nos

1855 5806 1923 5860 ab
1950 5805 2168 5872 alienis,
2203 5824 2220 5854 ι
2255 5813 2360 5861 ch.
