3876 6526
505 380 612 440 463

1950 382 2206 440 ORIGEN
2212 385 2274 444 IS

3641 399 3729 453 464

503 505 816 575 accepimus
837 500 956 576 (56)
982 503 1234 572 ﬁguram,
1267 507 1357 574 qtti
1386 508 1638 564 residuus
1665 509 1865 565 dicitur
1888 511 2072 577 Israel,
2105 518 2150 572 Α
2178 513 2316 582 ejus,
2360 514 2412 569 id
2462 523 2546 570 est
2575 529 2737 586 opera
2775 518 2924 588 ejus?
2966 517 3140 590 Opera
3191 539 3422 592 namque
3451 536 3597 590 sunt,
3626 545 3727 596 quae

510 605 564 651 e't
588 606 870 666 postquam
898 596 1174 665 plenitudo
1216 599 1459 667 gentium
1505 603 1899 666 subintroierit,
1927 606 2072 658 salu-

512 701 614 743 tem
647 691 698 741 in
729 687 1036 742 novissimis
1067 701 1272 756 sperat.
1297 691 1498 760 Adipcs
1524 706 1654 746 vero
1680 694 1913 746 animam
1938 696 2078 748 dixi-

511 797 628 834 mus
669 780 895 846 Christi,
929 796 1046 850 quzc
1077 793 1162 836 est
1203 781 1440 836 Ecclesia
1472 783 1776 837 amicorum
1801 785 1948 854 .ejus,
1979 803 2075 855 pro

509 873 701 942 quibus
734 874 970 926 animam
1003 888 1156 928 suam
1185 875 1378 939 posuit.
1414 873 1598 929 Potest
1627 890 1757 945 ergo
1785 877 1898 932 ﬁeri
1936 890 1989 933 et
2022 880 2072 934 in

488 966 610 1018 hoc
634 963 772 1027 loco,
803 972 862 1018 ut
886 964 1028 1032 quod
1052 965 1335 1018 mandatur
1366 980 1432 1018 ne
1462 966 1585 1034 quis
1631 967 1815 1034 adipes
1847 969 1970 1022 edat
2006 963 2072 1024 ex

510 1055 595 1109 his
620 1069 740 1124 qua:
769 1054 992 1108 Domino
1029 1052 1346 1120 oﬁ‘eruntur,
1400 1055 1501 1110 hoc
1527 1057 1599 1110 sit
1627 1057 1768 1124 quod
1807 1068 1861 1111 et
1891 1058 2075 1113 Domi-

510 1161 609 1198 nus
642 1143 774 1200 dicit
799 1144 847 1177 ⁸⁸
879 1161 893 1198 :
922 1145 999 1199 Ne
1029 1145 1152 1214 quis
1195 1146 1529 1200 scandalizet
1581 1163 1745 1200 unum
1777 1163 1838 1202 ex
1869 1149 1952 1203 his
1985 1151 2076 1203 mi-

509 1235 692 1300 nimis,
727 1236 818 1303 qui
847 1235 1076 1289 credunt
1104 1235 1154 1287 in
1184 1249 1286 1288 me.
1312 1235 1467 1300 Quod
1499 1247 1684 1289 autem
1716 1241 1937 1308 sanguis
1957 1240 2076 1292 ttul-

509 1326 612 1380 lius
643 1325 893 1379 auitnalis
917 1326 1002 1378 edi
1028 1325 1266 1393 jubetur,
1299 1326 1429 1380 illud
1461 1327 1691 1382 fortasse
1723 1330 1811 1392 sit,
1849 1333 1989 1398 qttod
2007 1332 2075 1384 de

510 1417 773 1472 lsraelitis
804 1417 932 1471 dicit
957 1416 1252 1484 Apostolus
1281 1417 1324 1446 ⁶⁰
1355 1434 1368 1468 :
1411 1435 1428 1468 ι
1470 1417 1614 1473 Dicis
1646 1435 1795 1489 ergo,
1833 1421 1877 1474 si
1911 1421 2070 1475 fracti

509 1519 634 1562 sunt
657 1508 871 1574 rami,ut
895 1521 995 1576 ego
1028 1507 1255 1560 inserar.
1283 1507 1672 1578 Bene,propter
1723 1511 2074 1566 incredulita-

509 1610 615 1656 tem
649 1599 805 1654 fracti
834 1609 979 1654 sunt.
1019 1597 1096 1652 Tu
1124 1610 1302 1654 autem
1336 1600 1439 1653 ﬁde
1477 1611 1588 1655 stas
1615 1600 1746 1671 (57),
1776 1603 1879 1658 noli
1905 1603 2071 1658 altum

507 1707 721 1760 sapere,
752 1691 846 1746 sed
897 1693 1042 1745 time.
1091 1707 1112 1742 t
1148 1690 1213 1744 Et
1255 1691 1452 1744 iterum
1501 1691 1543 1722 ⁸⁸
1580 1708 1594 1744 :
1637 1711 1655 1744 ι
1704 1690 1821 1748 Noli
1855 1694 2070 1762 gloriati

507 1783 767 1838 adversus
797 1797 995 1846 ramos,
1031 1800 1050 1834 ι
1083 1798 1189 1850 quo
1216 1782 1424 1836 scilicet
1462 1783 1613 1836 casui
1655 1799 1840 1838 eorum
1890 1786 2070 1840 nullus

507 1875 749 1931 insultet.
781 1874 860 1931 Ne
895 1873 1036 1928 forte
1061 1875 1203 1928 sicut
1243 1874 1381 1927 idem
1425 1865 1714 1943 Apostolus
1745 1877 1898 1943 dicit,
1937 1890 1988 1929 et
2017 1889 2070 1930 ttt
2106 1869 2147 1923 Β

505 1967 795 2034 excidaris,
837 1975 891 2021 et
915 1966 992 2021 illi
1037 1966 1080 2020 si
1114 1981 1220 2018 non
1274 1967 1673 2031 permanserint
1702 1969 1752 2020 in
1787 1969 2074 2022 increduli-

507 2068 617 2115 tate
644 2059 969 2114 inserantur.
1015 2057 1251 2127 Sanguis
1286 2065 1468 2111 autem
1515 2067 1643 2126 puto
1669 2059 1813 2128 quod
1845 2059 2073 2128 populus

503 2149 593 2206 ille
616 2158 986 2217 competenter
1012 2147 1369 2218 intelligatur.
1405 2147 1520 2202 Non
1552 2150 1695 2203 enim
1720 2165 1784 2204 ex
1821 2151 1944 2217 ﬁde,
1977 2171 2071 2207 ne-

499 2255 606 2311 que
632 2256 698 2296 ex
745 2241 938 2310 spiritu
973 2240 1266 2307 Abraham,
1305 2244 1400 2296 sed
1451 2251 1659 2296 tantum
1689 2257 1756 2297 ex
1807 2244 2072 2312 sanguine

501 2331 619 2404 ejus
645 2333 1006 2390 descendunt.

572 2449 659 2503 12.
695 2448 822 2504 Post
871 2449 988 2502 haec
1009 2449 1054 2482 “
1086 2464 1101 2500 :
1134 2466 1151 2498 t
1195 2446 1262 2502 Et
1312 2447 1524 2502 loeutus
1579 2458 1662 2502 est
1717 2449 1975 2503 Dominus
2003 2453 2070 2506 ad

505 2541 725 2608 Moysen
753 2540 959 2603 ,dicens
990 2539 1175 2594 :Filiis
1225 2540 1386 2594 Israel
1431 2541 1650 2610 loquere
1689 2541 1878 2597 dicens
1914 2558 1926 2594 :
1967 2543 2068 2609 Qui

501 2632 665 2688 oﬂ‘ert
691 2631 1017 2688 sacriﬁcium
1051 2633 1305 2688 salutaris
1335 2633 1414 2685 sui
1454 2633 1703 2697 Domino,
1742 2632 1932 2688 ull'eret
1956 2651 2070 2687 utu-

497 2739 604 2781 ntts
632 2740 788 2779 suum
827 2723 1055 2778 Domino
1078 2726 1130 2778 in
1157 2724 1422 2778 sacriﬁcio
1453 2724 1706 2779 salutaris
1729 2726 1834 2779 sui.
1878 2724 2066 2780 Manus

500 2816 620 2885 cj'ts
648 2812 880 2870 offerent
929 2816 1160 2869 Itostiam
1207 2815 1455 2877 Domino,
1497 2815 1708 2884 adipem
1767 2815 1860 2887 qui
1908 2832 2070 2888 super

499 2907 875 2977 pectusculum
901 2921 1017 2973 est,
1049 2918 1103 2962 et
1127 2907 1343 2977 pinnam
1373 2908 1575 2976 jecoris
1609 2927 1622 2962 :
1655 2908 1845 2964 oﬁ'cret
1876 2926 1937 2964 ea
1970 2911 2067 2975 ita,

493 3010 558 3053 nt
604 3009 838 3069 ponatur
886 2999 1081 3052 donum
1135 3007 1326 3052 contra
1371 2998 1678 3052 Dominum.
1731 3000 1794 3052 Et
1827 2999 2068 3070 imponet

497 3093 753 3150 sacerdos
781 3093 1012 3162 adipem,
1043 3093 1134 3160 qui
1160 3101 1245 3145 est
1271 3106 1432 3159 Super
1462 3092 1854 3161 pectusculum,
1904 3108 2069 3163 super

495 3185 694 3250 altare,
721 3192 776 3237 et
807 3185 914 3237 erit
941 3183 1312 3251 peetusculum
1351 3183 1535 3237 Aaron
1578 3193 1634 3238 et
1682 3183 1811 3238 filiis
1841 3185 1978 3253 ejus,
2011 3195 2064 3240 et
2091 3217 2134 3272 ε

495 3279 776 3334 brachium
811 3277 1062 3331 dextrum
1109 3277 1306 3332 dabitis
1346 3271 1745 3345 separationem
1789 3280 2062 3334 sacerdoti

492 3381 526 3423 a
567 3367 849 3424 sacrificiis
886 3367 1216 3422 salutaribus
1256 3369 1476 3421 vestris.
1523 3368 1625 3432 Qui
1651 3367 1812 3423 offert
1843 3371 2063 3441 sangui-

492 3476 621 3516 nem
654 3459 932 3523 salutaris,
981 3468 1035 3514 et
1062 3459 1273 3528 adipem
1301 3473 1367 3514 ex
1419 3459 1546 3515 ﬁliis
1567 3459 1772 3525 Aaron,
1816 3462 1918 3530 ipsi
1953 3464 2063 3518 erit

492 3549 771 3606 brachium
805 3549 1056 3604 dextrum
1085 3551 1138 3603 in
1163 3558 1356 3620 parte;
1389 3551 1760 3619 pectusculum
1788 3553 1932 3608 enim
1959 3553 2061 3606 itu-

490 3641 791 3713 positionis,
839 3649 893 3696 et
925 3641 1208 3696 brachium
1266 3642 1591 3710 detnptionis
1634 3645 1820 3714 accepi
1850 3659 1880 3699 a
1933 3646 2060 3701 ﬁliis

490 3734 654 3790 Israel
705 3751 734 3788 a
778 3735 1060 3790 sacriﬁciis
1109 3735 1440 3792 salutaribus
1489 3743 1707 3802 vestris,
1760 3746 1815 3793 et
1844 3740 1961 3795 dedi
1993 3757 2055 3796 ea

488 3826 668 3880 Aaron
692 3825 984 3888 sacerdoti,
1013 3834 1068 3879 et
1105 3826 1227 3880 ﬁliis
1259 3827 1396 3896 ejus,
1439 3827 1736 3897 legitimum
1793 3843 2056 3886 :eternum

487 3931 520 3971 ι
552 3917 675 3971 ﬁliis
701 3915 889 3971 Israel.
925 3935 944 3968 ι
982 3916 1093 3972 Hoc
1119 3927 1201 3972 est
1225 3919 1552 3972 sacriﬁcium
1579 3921 1724 3988 quod
1747 3921 1944 3975 dicitur
1970 3938 2056 3977 sa—

488 4006 682 4061 lutare.
715 4006 866 4073 Quod
909 4006 1234 4060 sacriﬁcium
1286 4020 1446 4061 nemo
1474 4006 1632 4062 oﬂert
1678 4009 1922 4076 Domino,
1955 4012 2056 4067 nisi

486 4099 580 4168 qui
614 4113 778 4153 sanus
803 4107 905 4160 est,
937 4107 993 4151 et
1019 4098 1215 4151 salutis
1253 4113 1364 4153 suae
1407 4100 1680 4166 conscius,
1712 4104 1915 4172 gratias
1954 4104 2057 4160 Do-

486 4190 635 4244 mino
665 4189 851 4242 refert.
884 4189 1050 4241 Nemo
1077 4204 1205 4257 ergo
1235 4191 1324 4258 qui
1349 4205 1491 4260 aeger
1517 4200 1600 4246 est
1627 4193 1828 4259 animo,
1854 4205 1908 4249 et
1939 4195 2057 4250 Ian-

485 4281 679 4352 guidus
722 4280 774 4334 in
822 4279 1098 4347 operibus,
1129 4280 1328 4335 offerre
1362 4292 1543 4352 potest
1589 4284 1920 4340 sacriﬁcium
1960 4303 2053 4341 sa-

485 4371 678 4427 Iulare.
709 4369 806 4426 Vis
836 4372 1020 4426 videre
1061 4373 1185 4442 quia
1217 4389 1373 4428 nemo
1394 4389 1536 4444 aeger
1567 4387 1620 4430 et
1650 4377 1933 4446 languidus
1959 4395 2056 4450 po-

488 4475 592 4518 test
623 4462 750 4517 illud
787 4462 986 4517 offerre
1034 4463 1396 4518 sacriﬁcium?
1443 4464 1711 4534 chrosus
1740 4468 1849 4532 ille,
1884 4484 2046 4538 quem

2183 609 2569 663 connttendant
2593 612 2822 664 hostiam
2849 614 2976 667 Deo.
3007 613 3064 668 Si
3105 617 3248 669 enim
3279 627 3511 671 attracta
3542 620 3606 672 sit
3636 636 3730 672 rna-

2185 714 2288 752 ntts
2337 709 2425 753 tua
2452 701 2517 754 ad
2563 703 2820 768 dandum,
2871 716 2927 758 et
2957 720 3195 775 expansa
3240 711 3306 763 ad
3347 711 3731 779 accipiendum,

2183 790 2323 844 intra
2374 802 2426 846 te
2471 801 2549 846 est
2580 794 2754 848 adhuc
2799 796 2944 864 lepra
2994 808 3104 862 tua,
3153 809 3206 856 et
3239 801 3434 856 offerre
3460 820 3564 857 non
3597 817 3734 872 potes

2181 879 2412 934 hostiam
2443 882 2714 937 salutaris.
2748 884 2936 942 Manus
2967 905 3095 958 ergo
3123 891 3240 960 ejus
3285 892 3513 948 offerent
3541 898 3730 947 sacriﬁ-

2181 971 2323 1024 cium
2347 973 2625 1039 salutaris,
2661 983 2709 1028 et
2745 993 2934 1034 manus
2971 981 3087 1050 ejus
3113 981 3342 1038 offerent
3371 1001 3458 1049 ea,
3489 1003 3611 1055 qure
3642 989 3732 1041 Do-

2183 1063 2331 1116 mino
2363 1063 2641 1120 offerenda
2686 1079 2832 1132 sunt,
2892 1071 2942 1124 id
2986 1084 3068 1126 cst
3095 1074 3304 1142 adipem
3345 1077 3435 1143 qui
3465 1093 3628 1146 super
3651 1096 3732 1148 pe-

2181 1155 2481 1209 ctusculum
2507 1167 2614 1223 est,
2653 1169 2706 1212 et
2745 1161 2962 1228 pinnam
3001 1163 3228 1231 jecoris.
3281 1163 3337 1219 lu
3375 1167 3480 1221 hoc
3508 1169 3625 1221 Ioco
3652 1172 3727 1221 ubi

2181 1261 2280 1299 nos
2310 1247 2589 1314 habemus,
2632 1268 2650 1302 t
2705 1268 2894 1306 manus
2945 1255 3063 1322 ejus
3109 1255 3341 1311 oﬁ‘ereut
3379 1259 3615 1314 hostiam
3648 1262 3734 1314 Do-

2182 1337 2352 1402 mino,
2385 1357 2402 1389 ο
2433 1340 2483 1394 in
2508 1341 2708 1396 Graecis
2732 1344 3072 1414 ltaheturpro
3097 1348 3267 1403 hostia
3287 1351 3732 1422 ὀλοκαρπώματι,

2179 1431 2318 1496 quod
2345 1432 2660 1503 intelligitur
2688 1450 2906 1491 omnem
2950 1439 3186 1493 fructtnn
3217 1462 3228 1497 :
3267 1457 3363 1510 per
3393 1447 3538 1512 quod
3575 1458 3735 1498 osten-

2177 1523 2256 1578 dit
2283 1541 2385 1580 non
2418 1541 2577 1594 posse
2607 1529 2832 1584 Domino
2871 1529 3068 1586 offerre
3113 1548 3327 1589 onmem
3363 1535 3606 1590 fructum
3629 1555 3732 1592 cum

2179 1619 2267 1688 qui
2299 1620 2663 1676 infructuosus
2701 1634 2805 1688 est,
2853 1626 2943 1692 qui
2987 1641 3093 1680 non
3127 1627 3278 1680 afI'crt
3306 1628 3550 1684 fructum
3595 1633 3735 1702 justi-

2181 1711 2284 1774 tize,
2316 1710 2551 1766 fructum
2594 1715 3005 1780 misericordias,
3037 1718 3118 1770 vel
3147 1720 3307 1774 etiam
3340 1720 3555 1776 fruetus
3589 1726 3732 1792 Spiri-

2181 1811 2285 1864 tus,
2320 1817 2456 1870 quos
2488 1813 2773 1859 enumerat
2801 1806 3088 1872 Apostolus
3109 1808 3175 1875 “,
3201 1810 3555 1874 charitatem,
3617 1828 3733 1880 gan-

2177 1894 2344 1957 dium,
2376 1908 2586 1962 pacem,
2618 1897 2966 1965 patientiam,
3002 1901 3443 1966 unanimitatem,
3468 1912 3521 1956 et
3544 1918 3732 1960 caetera

2177 1985 2261 2041 his
2291 1987 2510 2043 similia.
2548 1987 2702 2044 Unde
2753 2001 2807 2044 et
2851 1992 2901 2044 iu
2941 1991 3050 2045 alio
3094 1993 3257 2064 214
3304 1995 3426 2048 loco
3479 1994 3730 2065 Propheta

2176 2076 2304 2129 dicit
2337 2077 2381 2109 “
2413 2095 2427 2130 :
2459 2097 2477 2128 ‹
2513 2078 2577 2133 Et
2605 2080 2980 2136 holocaustum
3031 2092 3178 2136 tuttm
3213 2085 3412 2154 pingue
3449 2087 3565 2140 ﬁat.
3609 2107 3628 2138 ι
3656 2089 3730 2142 0f-

2177 2166 2281 2219 fert
2313 2165 2425 2236 (58)
2451 2183 2579 2238 ergo
2609 2169 2820 2238 adipes,
2855 2172 2947 2239 qui
2983 2187 3145 2241 super
3179 2175 3556 2242 pectusculum
3592 2188 3728 2243 sunt,

2174 2268 2228 2310 et
2267 2259 2484 2326 pinnam
2529 2258 2755 2327 jecoris,
2801 2277 2921 2330 qua!
2970 2276 3413 2332 superponantur
3448 2267 3631 2320 altari.
3669 2271 3730 2325 De

2173 2350 2418 2418 adipibus
2447 2367 2586 2420 saepe
2608 2351 2719 2419 jam
2746 2354 3002 2410 diximus.
3043 2355 3192 2422 Quod
3223 2368 3404 2412 autem
3442 2360 3595 2422 dicit,
3625 2363 3729 2414 adi-

2173 2455 2266 2510 pes
2289 2443 2379 2510 qtti
2425 2459 2589 2512 super
2632 2436 3570 2516 pectuSculumsunt,pectusculum
3596 2463 3726 2508 tuum

2173 2531 2414 2602 iutcllige
2449 2551 2568 2590 esse
2601 2553 2696 2590 cor
2727 2548 2897 2601 tuum,
2927 2538 2991 2593 de
3021 2555 3127 2608 quo
3163 2541 3254 2595 tibi
3279 2543 3590 2600 auferendae
3617 2557 3728 2601 sunt

2171 2640 2361 2680 omnes
2395 2626 2546 2681 mala:
2577 2629 2971 2699 cogitationes;
3007 2631 3129 2685 inde
3157 2633 3302 2687 enim
3331 2637 3651 2703 procedunt,
3682 2649 3728 2694 et

2171 2718 2358 2772 altaris
2415 2719 2519 2787 igni
2572 2722 2848 2776 tradendae
2897 2733 3045 2786 sunt,
3104 2732 3162 2779 ut
3215 2726 3390 2794 possit
3441 2742 3538 2782 cor
3591 2739 3724 2785 luunt

2171 2808 2431 2862 mundum
2460 2806 2708 2864 effectum
2742 2809 2910 2866 Deum
2943 2815 3146 2868 videre.
3195 2817 3303 2872 Sed
3329 2829 3385 2875 et
3414 2821 3631 2892 pinnam
3653 2824 3727 2892 je-

2171 2898 2314 2953 coris
2337 2897 2595 2970 praecepit
2619 2899 2978 2958 offerendam.
3007 2904 3252 2964 Diximus
3281 2919 3335 2964 et
3366 2889 3514 2976 ante,
3537 2889 3724 2981 laceris

2172 2989 2415 3058 pinnam,
2457 2991 2572 3046 loca
2605 2993 2904 3050 iracundia:
2933 2996 3068 3068 (59),
3101 2999 3183 3052 vel
3214 3003 3532 3069 cupiditatis
3569 3020 3723 3073 expo-

2172 3083 2260 3149 tti;
2295 3084 2453 3139 oll‘ert
2475 3087 2619 3140 enim
2645 3088 2862 3155 pinnam
2890 3088 3108 3156 jecoris,
3140 3093 3232 3162 qui
3265 3108 3336 3148 ex
3365 3110 3424 3150 se
3458 3111 3619 3154 omne
3647 3101 3720 3152 ri-

2172 3176 2300 3230 tium
2331 3177 2424 3231 ira:
2463 3187 2516 3232 et
2559 3179 2755 3234 furoris
2800 3181 3018 3236 excidit.
3064 3184 3265 3254 Adipes
3315 3199 3448 3255 ergo
3475 3191 3564 3259 qui
3607 3201 3721 3244 sunt

2172 3271 2934 3340 pectusculum,imponuntur
2953 3273 3134 3339 altari,
3153 3277 3326 3344 ipsum
3355 3295 3487 3336 vero
3517 3297 3717 3351 peetus-

2171 3362 2371 3429 culttm,
2417 3363 2594 3416 Aaron
2645 3372 2698 3417 et
2735 3365 2858 3419 ﬁliis
2895 3366 3032 3435 ejus.
3079 3367 3181 3421 Sed
3212 3381 3267 3424 et
3311 3366 3592 3426 brachium
3639 3378 3717 3430 de-

2171 3466 2350 3509 xtrum
2374 3457 2612 3526 separari
2639 3459 2915 3526 praecepit,
2939 3468 2986 3513 et
3010 3473 3129 3515 esse
3151 3461 3230 3516 eis
3255 3466 3494 3520 muneris
3525 3466 3640 3522 loco
3658 3483 3715 3523 ex

2169 3546 2440 3602 sacriﬁcio
2469 3546 2720 3601 salutari.
2759 3548 2891 3602 Vide
2922 3549 3116 3618 quibus
3151 3556 3470 3611 muneribus
3491 3557 3714 3613 honora-

2171 3643 2255 3688 tur
2275 3637 2550 3691 sacerdos.
2576 3636 2952 3692 Pectusculum
2984 3642 3204 3710 accipit,
3230 3651 3281 3699 et
3305 3643 3611 3714 brachium,
3631 3653 3715 3705 sed

2165 3729 2452 3785 brachium
2485 3731 2756 3787 dextrum.
2791 3731 3052 3790 Putantus
3087 3751 3192 3791 non
3233 3754 3357 3796 esse
3400 3743 3600 3812 aliquid
3639 3762 3714 3798 ra-

2168 3822 2346 3886 tionis,
2382 3823 2523 3892 quod
2553 3837 2618 3877 ex
2641 3824 2893 3879 omnibus
2923 3828 3181 3883 membris
3213 3831 3558 3899 animalium,
3607 3852 3713 3906 qua:

2158 3911 2473 3982 iugulantur
2506 3914 2555 3966 in
2595 3914 2896 3979 sacriﬁciis,
2943 3917 3057 3972 haec
3103 3919 3449 3987 potissimum
3483 3931 3707 3980 membra

2163 4009 2367 4080 delecta
2397 4005 2543 4060 sint?
2573 4005 2682 4075 Ego
2711 4015 2836 4075 puto
2858 4011 3001 4076 quod
3031 4011 3075 4064 si
3104 4013 3224 4080 quis
3252 4014 3386 4069 dicit
3418 4032 3478 4072 se
3500 4033 3613 4073 esse
3637 4037 3711 4074 sa-

2162 4101 2436 4154 cerdotem
2507 4099 2622 4162 Dei,
2677 4101 2782 4155 nisi
2838 4102 3032 4156 habeat
3086 4115 3278 4172 pectus
3345 4123 3412 4164 ex
3476 4113 3710 4167 omnibus

2161 4191 2418 4246 membris
2453 4189 2706 4252 electum,
2743 4207 2846 4246 non
2881 4203 2964 4246 est
2991 4198 3280 4263 sacerdos;
3316 4203 3506 4257 ct‘nisi
3530 4204 3708 4260 habeat

2162 4282 2442 4336 brachium
2473 4281 2747 4344 dextrum,
2775 4297 2879 4335 non
2909 4295 3084 4352 potest
3110 4288 3410 4346 ascendere
3443 4294 3509 4348 ad
3554 4297 3708 4352 altare

2159 4374 2394 4436 Domini,
2423 4388 2522 4427 nec
2551 4376 2805 4428 sacerdos
2829 4377 3122 4431 nominari.
3182 4380 3338 4447 Quod
3363 4399 3496 4455 ergo
3523 4399 3594 4442 est
3628 4406 3711 4444 εει-

2159 4465 2398 4520 cerdotis
2430 4476 2637 4532 pectus,
2691 4476 2784 4520 aut
2839 4468 3038 4536 quale?
3089 4471 3220 4527 Tale
3275 4490 3379 4545 ego
3407 4490 3534 4545 puto
3573 4495 3708 4544 esse,

484 4557 536 4608 in
570 4551 858 4622 Evangelio
911 4551 1166 4605 Dominus
1220 4567 1442 4606 curasse
1485 4553 1811 4609 describitur
1843 4556 1906 4621 °’,
1941 4571 2044 4610 non
2081 4561 2124 4616 D
2153 4556 2293 4625 quod
2319 4557 2534 4626 plenum
2564 4557 2632 4610 sit
2663 4557 2946 4626 sapientia,
2981 4559 3195 4626 plenum
3229 4565 3479 4631 scientia,
3504 4569 3707 4638 pleno

483 4650 690 4712 poterat
741 4637 935 4694 oﬁ‘erre
983 4640 1255 4704 hostiam,
1308 4641 1480 4696 donec
1522 4642 1684 4712 lepra:
1725 4644 2049 4714 wgritudine

483 4732 792 4788 tenebatur.
826 4731 960 4787 Cum
992 4742 1170 4787 autem
1197 4734 1429 4787 accessit
1457 4736 1522 4787 ad
1556 4733 1768 4799 Jesum,
1816 4745 1865 4789 et
1895 4753 2049 4791 mun-

481 4821 640 4875 datus
672 4831 780 4887 est,
811 4821 1176 4888 tuncjubetur
1200 4823 1303 4876 eia
1337 4823 1566 4878 Domino
1587 4822 1786 4878 oﬁ‘erre
1825 4841 2047 4882 munera

478 4910 549 4965 ad
576 4910 767 4972 altare,
796 4928 817 4958 σ
849 4911 990 4980 quod
1025 4914 1306 4982 praecepit,
1333 4914 1510 4984 inquit
1539 4914 1604 4980 “,
1641 4915 1851 4987 Moyses
1883 4918 1935 4973 in
1959 4900 2048 4974 ie-

477 5001 795 5056 stimoniutn
823 5001 948 5056 illis.
981 5021 1000 5055 ι
1025 5003 1239 5059 Audisti
1272 5005 1395 5074 quis
1425 5006 1518 5070 sit,
1549 5006 1640 5075 qui
1663 5005 1858 5063 offerre
1884 5009 2049 5064 debet

478 5092 712 5147 hostiam
749 5092 1024 5156 salutaris,
1082 5095 1206 5148 audi
1247 5111 1388 5151 nunc
1419 5099 1694 5166 quomodo
1736 5099 2038 5156 debeatof-

476 5184 644 5236 ferre.
678 5200 699 5235 ι
736 5181 945 5247 Manus,
997 5185 1190 5252 inquit,
1237 5185 1354 5252 ejus
1397 5187 1629 5244 oﬁ‘erent
1673 5192 1906 5246 hostiam
1937 5193 2046 5248 Do-

474 5274 642 5330 mino.
679 5293 700 5328 ι
730 5273 986 5343 Nunquid
1033 5293 1140 5330 non
1184 5279 1465 5334 evidenter
1507 5281 1712 5337 clamat
1739 5282 2045 5356 legislator,

473 5367 599 5436 quia
639 5384 743 5422 nou
780 5369 942 5424 homo
988 5371 1188 5440 estqui
1240 5371 1398 5428 otfert
1432 5374 1689 5441 hostiam,
1728 5362 1828 5430 sed.
1851 5393 2045 5436 manus

543 5460 592 5540 Ἰ
617 5461 1066 5540 Matthgmqﬁ.
1136 5466 1187 5540 f°
1219 5466 1373 5540 Rom.
1408 5483 1483 5536 XI,
1525 5469 1612 5527 I9.
1711 5472 1752 5502 “
1788 5471 1940 5540 ibid.,
1975 5475 2058 5534 I8.

474 5531 520 5567 ⁸⁸
547 5531 668 5588 Gal.
703 5550 754 5596 ν,
784 5535 874 5589 22.
953 5535 997 5566 “
1025 5536 1168 5590 Psal.
1196 5553 1310 5600 arx,
1346 5539 1402 5592 4.

546 5621 657 5692 (56)
710 5622 830 5708 Ibis"
871 5628 1319 5708 t_._a_ccep_i.ntus._t
1373 5630 1530 5708 Libb.
1580 5633 1731 5708 editi,
1775 5654 1792 5688 t
1841 5638 2045 5708 accipi-

476 5708 615 5746 ntus.
654 5694 847 5772 s_Infra
882 5696 1012 5776 libb.
1041 5694 1193 5776 editi,
1228 5717 1246 5752 ι
1292 5701 1346 5760 in
1390 5694 1977 5776 novissimisysperant.‘
2004 5694 2034 5764 3

473 5776 600 5822 tus.,
637 5779 656 5812 t
696 5769 748 5816 iu
780 5769 1087 5823 novissimis
1113 5780 1315 5839 sperat.
1351 5791 1370 5825 ι

2158 4647 2304 4700 omni
2333 4647 2509 4700 divina
2542 4646 2924 4716 intelligentia;
2956 4661 3011 4704 et
3044 4652 3175 4720 quid
3223 4655 3345 4712 dico
3390 4659 3595 4726 plenum
3629 4661 3709 4716 in-

2160 4739 2492 4808 telligentia?
2528 4741 2634 4793 imo
2660 4741 2802 4808 quod
2833 4741 3050 4810 plenum
3082 4744 3152 4798 sit
3186 4746 3330 4810 Deo,
3365 4750 3524 4819 quale
3549 4762 3709 4808 estet

2156 4831 2442 4884 brachium
2472 4830 2772 4885 sacerdotis
2796 4833 2939 4900 quod
2963 4835 3010 4886 ei
3037 4833 3272 4890 offerunt
3309 4839 3405 4894 ﬁlii
3435 4840 3580 4896 Israel
3614 4859 3708 4910 pro

2156 4923 2329 4977 salute
2351 4937 2446 4976 sua
2478 4937 2583 4990 qua
2609 4922 2906 4977 salvantur.
2949 4924 3160 4982 Forma:
3218 4940 3348 4986 sunt
3375 4934 3572 5002 singula
3607 4935 3709 4988 ista

2155 5029 2277 5084 qua-
2303 5013 2619 5068 scribuntur
2654 5015 2707 5068 in
2741 5014 2874 5085 lege,
2897 5029 3086 5071 eorum
3118 5035 3238 5089 qua:
3266 5023 3319 5076 itt
3351 5023 3580 5080 Ecclesia
3615 5042 3711 5095 ge-

2151 5108 2195 5161 ri
2235 5107 2484 5162 debeant.
2531 5105 2786 5178 Alioquin
2828 5122 2928 5163 nec
2971 5109 3162 5165 fuisset
3208 5119 3560 5172 necessarium
3603 5119 3710 5189 legi

2151 5201 2265 5254 haec
2305 5200 2358 5253 in
2408 5198 2674 5264 Ecclesia,
2729 5200 2828 5254 nisi
2873 5216 2938 5258 ex
2968 5202 3052 5257 his
3095 5205 3384 5264 aediﬁcatio
3411 5210 3578 5278 aliqua
3610 5226 3705 5263 au-

2149 5292 2419 5347 dientibus
2468 5294 2821 5362 prmberetur.
2867 5293 2923 5349 Si
2975 5311 3102 5366 ergo
3148 5301 3405 5355 sacerdos
3456 5301 3714 5356 Ecclesia

2147 5399 2244 5454 per
2267 5382 2458 5450 verba,
2499 5391 2553 5437 et
2580 5385 2907 5450 doctrinam,
2953 5395 3006 5438 et
3039 5388 3260 5442 multam
3302 5390 3712 5446 sollicitudinem

2139 5477 2362 5536 “chit.
2388 5493 2483 5544 vtt,
2519 5478 2589 5534 28
2611 5488 2666 5532 et
2692 5494 2848 5548 seqq.
2925 5479 2970 5512 ⁸³
2998 5479 3186 5535 Matth.
3212 5497 3326 5536 vni.
3400 5483 3441 5515 ⁸³
3465 5484 3627 5548 ibid.,
3655 5487 3715 5540 4.

2232 5637 2345 5708 (57)
2373 5637 2497 5704 Ms.,
2536 5657 2555 5690 t
2589 5647 2692 5694 sta.
2732 5659 2750 5691 ι
2778 5638 2933 5694 Libb.
2961 5640 3114 5703 editi,
3147 5660 3166 5691 «ι
3203 5651 3332 5697 stas.
3378 5663 3395 5696 ι

2221 5708 2333 5778 (58)
2362 5708 2483 5776 Ms.,
2523 5727 2542 5761 t
2573 5708 2748 5765 olTert.
2789 5729 2808 5761 ι
2837 5710 2991 5765 Libb.
3020 5711 3178 5778 editi,
3213 5730 3231 5762 t
3266 5714 3461 5769 offeret.
3492 5731 3512 5766 ι

2215 5779 2328 5844 (59)
2355 5779 2478 5844 Ms,
2517 5797 2535 5832 t
2570 5791 2812 5842 partem.
2844 5782 2961 5838 loca
2992 5782 3303 5838 iracundias.
3336 5803 3354 5836 ι
