3876 6494
94 452 103 461 .
148 401 261 460 465

1325 408 1392 462 ΙΝ
1431 406 1804 464 LEVlTlCUM
1837 402 2120 461 HOMILIA
2154 404 2241 458 VI.

3301 402 3400 454 466

155 537 336 588 suam,
382 530 438 578 et
473 521 713 580 laborem
758 525 1091 597 vigiliarum,
1130 500 1453 584 convertere
1487 529 1726 599 potuerit
1754 531 1802 587 Α
1830 533 1938 580 tem
1967 521 2269 578 communis
2305 530 2407 583 est.
2435 519 2655 574 dubium
2685 534 2791 573 non
2830 518 3080 588 estquod
3106 515 3398 572 multorum

159 624 526 686 peccatorern,
550 627 603 672 et
631 618 828 674 docere
857 633 1002 686 eum,
1051 629 1110 674 ut
1149 620 1430 677 meliorem
1465 624 1610 676 viam
1647 636 1732 677 se-

158 717 380 775 quatur,
422 716 482 762 ut
526 709 592 762 ad
645 710 893 765 timorem
934 711 1026 767 Dei
1069 713 1278 778 redeat,
1340 714 1543 782 cogitet
1579 731 1728 786 spem

157 799 424 866 futuram,
483 817 514 855 a
554 803 712 858 malis
749 805 962 861 actibus
996 805 1232 875 desinat,
1279 817 1335 865 et
1380 817 1734 864 convertatur

158 890 226 943 ad
257 891 461 959 honos;
504 894 573 959 si,
602 895 847 964 inquam,
875 897 981 952 tale
1006 914 1141 968 opus
1161 899 1372 967 fecerit,
1401 917 1733 972 consequens

157 989 420 1049 est,eum,
461 984 552 1054 qui
597 984 772 1054 ipsius
797 987 986 1044 labore
1026 989 1140 1062 (60)
1174 991 1436 1059 salvatur,
1479 992 1588 1048 Deo
1612 1009 1734 1065 gra-

162 1072 269 1127 tias
307 1089 490 1144 agere,
555 1085 611 1132 et
645 1076 845 1134 olferre
895 1081 1130 1137 hostiam
1187 1083 1463 1151 salutaris,
1519 1101 1618 1155 pro
1668 1101 1733 1141 eo

160 1166 305 1229 quod
344 1166 574 1224 salutem
604 1181 929 1228 consecutus
995 1174 1086 1232 sit.
1131 1175 1187 1229 In
1229 1192 1336 1246 qua
1389 1178 1568 1232 hostia
1607 1193 1734 1248 pars

165 1256 401 1315 eﬁlcitur
451 1265 770 1330 sacerdotis,
815 1269 1187 1335 pectusculurn
1231 1280 1285 1325 et
1322 1271 1604 1327 brachium
1645 1274 1736 1328 de-

162 1361 350 1403 xrrum
397 1367 410 1404 :
468 1359 526 1406 ut
567 1353 638 1407 sit
677 1355 936 1412 indicium
964 1360 1104 1428 quod
1144 1369 1329 1431 pectus
1385 1362 1503 1432 ejus
1536 1373 1589 1418 et
1639 1379 1735 1419 cor

159 1440 308 1504 quod
334 1449 462 1496 ante
509 1444 649 1500 mala
708 1448 1004 1515 cogitabat,
1044 1452 1345 1507 sacerdotis
1380 1453 1566 1510 labore
1603 1469 1729 1509 con-

157 1545 408 1598 versum,
451 1538 662 1605 recepit
699 1540 1060 1609 cogitationes
1089 1543 1278 1610 bonas,
1300 1553 1358 1600 et
1394 1546 1468 1599 ita
1509 1548 1736 1601 munda-

159 1629 280 1678 tum
308 1633 410 1688 est,
442 1634 501 1680 ut
527 1627 692 1683 etiam
726 1629 893 1686 Deum
946 1634 1116 1700 possit
1145 1636 1350 1690 videre.
1389 1634 1656 1692 Similiter
1682 1645 1736 1692 et

159 1714 216 1768 in
246 1715 468 1771 brachio
510 1717 600 1772 illo
643 1718 757 1790 (61)
811 1721 1065 1778 indicium
1110 1735 1214 1792 est,
1251 1727 1393 1796 quod
1441 1726 1580 1780 mala
1621 1726 1734 1796 ejus

156 1819 328 1872 opera
367 1815 422 1860 et
470 1807 713 1874 sinistra,
762 1825 885 1878 quae
921 1814 1265 1884 sunt‘utiquc
1305 1832 1492 1884 prava,
1533 1826 1590 1872 et
1629 1832 1732 1872 non

158 1895 326 1960 bona,
374 1900 643 1954 convertit
689 1900 742 1954 in
792 1902 1018 1968 dextra,
1093 1915 1153 1959 ut
1209 1917 1391 1961 essent
1439 1885 1733 1962 secundum

158 1986 370 2054 Deum;
413 1999 468 2044 et
509 1992 612 2046 hoc
642 2003 728 2047 est
755 1993 1008 2049 dextrum
1035 1997 1346 2062 brachium,
1391 1998 1446 2052 in
1475 2013 1581 2068 quo
1607 2014 1734 2068 pars

158 2093 285 2163 esse
327 2081 528 2135 dicitur
581 2084 904 2140 sacerdotis.
960 2085 1065 2141 Sed
1125 2097 1181 2141 et
1209 2103 1304 2164 vos
1356 2089 1731 2158 deprecamur,

155 2172 252 2240 qui
278 2172 392 2228 haec
421 2174 644 2237 auditis,
689 2176 830 2232 detis
883 2180 1221 2246 peetuscula,
1252 2179 1492 2235 offeratis
1517 2194 1734 2250 pectora

155 2273 342 2318 vestra
375 2267 753 2323 sacerdOtibus
797 2269 916 2335 Dei,
955 2279 1011 2324 ut
1056 2271 1310 2328 auferant
1352 2287 1420 2328 ex
1468 2273 1551 2328 his
1576 2289 1736 2329 omne

154 2353 306 2422 quod
342 2369 586 2409 crassum
634 2347 738 2420 εει,
802 2368 859 2436 ut
907 2361 1304 2415 sacerdotalem
1357 2378 1476 2416 eam
1533 2363 1735 2418 faciant

155 2447 494 2512 portionem.
535 2446 664 2500 Date
693 2449 853 2503 nobis
883 2451 1047 2504 etiam
1079 2451 1324 2516 brachia,
1356 2455 1449 2506 sed
1487 2453 1676 2508 dextra
1705 2472 1732 2507 a

153 2535 317 2590 vobis
346 2537 622 2606 poscimus
655 2539 875 2593 brachia
914 2557 927 2594 :
981 2542 1261 2598 sinistrum
1297 2545 1429 2598 nihil
1465 2545 1731 2611 volumus,

152 2622 355 2686 dextra
388 2647 416 2686 a
443 2634 594 2688 vobis
637 2650 800 2704 opera
846 2636 1199 2704 requirimus.
1235 2638 1340 2693 Sed
1379 2649 1432 2694 et
1465 2642 1565 2695 hoc
1591 2641 1734 2710 quod

150 2723 314 2784 addit
356 2724 723 2791 peetusculum
768 2725 872 2780 dici
947 2729 1304 2796 appositionis
1346 2739 1400 2784 et
1453 2731 1733 2787 brachium

156 2813 518 2882 dernptionis,
550 2832 653 2870 non
681 2817 815 2870 mihi
837 2817 956 2872 sine
981 2833 1150 2873 causa
1182 2819 1382 2874 dictum
1413 2821 1647 2876 videtur.
1670 2823 1740 2877 Et

147 2904 288 2958 ideo
335 2905 496 2959 velim
547 2907 826 2976 requirere
867 2909 997 2976 quid
1043 2919 1126 2965 est
1178 2912 1320 2980 quod
1357 2913 1754 2982 apponendum

147 3005 241 3050 est
272 2997 342 3050 ad
373 2999 744 3066 pectusculth
775 3000 911 3072 (6'2),
947 3010 1006 3055 ut
1035 3002 1126 3056 ﬁat
1159 3005 1534 3072 pectusculurn
1570 3021 1738 3076 appo-

145 3081 404 3137 sitionis.
477 3083 834 3155 Posteaquam
884 3089 1122 3144 ablatum
1175 3091 1340 3147 fuerit
1381 3097 1597 3150 acorde
1647 3108 1737 3152 tuo

1835 617 1924 681 sit,
1958 625 2011 670 et
2057 615 2177 670 ideo
2229 613 2532 669 communis
2577 612 2807 666 dicatur.
2840 611 3062 668 Grande
3115 609 3274 665 estin
3305 611 3402 665 hoc

1834 720 2087 762 sermone
2122 705 2461 775 mysterium,
2496 705 2639 774 quod
2670 704 2834 758 Israel
2862 705 3158 758 secunduru
3189 716 3404 758 carnem

1834 799 1888 853 in
1919 787 2265 853 usu/sensum
2321 797 2535 866 quidem
2571 797 2750 861 habet,
2779 798 2875 850 sed
2930 795 3259 850 intellectum
3300 809 3403 847 non

1835 891 2017 946 habet.
2049 890 2404 944 Communem
2441 889 2629 943 dicunt
2662 897 2716 942 et
2757 887 2830 941 illi
2869 887 3140 941 hominem
3173 886 3401 938 innnun-

1835 983 1985 1046 duru,
2017 981 2110 1037 sed
2141 998 2240 1036 cur
2277 979 2587 1035 communis
2611 981 2851 1042 dicatur,
2890 979 3163 1048 ignorant.
3186 977 3406 1032 Discant

1834 1089 1966 1143 ergo
1997 1076 2064 1130 ab
2095 1074 2354 1137 Ecclesia,
2404 1074 2528 1143 quia
2569 1073 2662 1142 qui
2703 1083 2926 1126 sanctus
2966 1080 3068 1138 est,
3106 1070 3274 1125 solius
3315 1069 3405 1124 Dei

1833 1177 1938 1227 est,
1968 1174 2022 1218 et
2051 1181 2171 1218 cum
2199 1163 2346 1218 nullo
2376 1164 2424 1220 ei
2455 1163 2766 1217 communio
2795 1171 2899 1216 cst.
2930 1161 3030 1226 Qui
3067 1170 3247 1215 autem
3280 1177 3408 1230 pec-
3450 1162 3453 1164 ’

1834 1265 1988 1310 cator
2015 1265 2096 1312 est
2130 1256 2544 1320 etimnruudus,
2588 1254 2876 1308 multorum
2934 1264 3037 1308 est.
3081 1252 3228 1306 Multi
3261 1254 3405 1306 enim

1836 1337 2106 1401 daimoues
2129 1347 2412 1416 possident
2445 1362 2588 1409 eum,
2630 1355 2684 1401 et
2711 1347 2832 1401 ideo
2879 1345 3189 1401 communis
3217 1345 3406 1415 appel-

1835 1436 2000 1496 latur.
2040 1435 2280 1507 Denique
2313 1447 2366 1492 et
2398 1438 2485 1492 ille
2533 1438 2625 1508 qui
2668 1439 2718 1490 in
2767 1436 3069 1507 Evangeliis
3111 1451 3138 1490 a
3183 1437 3408 1490 Domino

1837 1539 2061 1585 curatus
2092 1538 2197 1594 est,
2242 1545 2366 1584 cum
2417 1531 2778 1598 interrogatus
2823 1539 2985 1596 esset,
3049 1548 3068 1580 ι
3104 1529 3255 1595 Quod
3316 1528 3408 1582 tibi

1837 1634 2031 1676 nomen
2071 1623 2190 1677 est?
2236 1621 2376 1676 dixit
2410 1639 2424 1674 :
2461 1622 2645 1692 Legio,
2674 1622 2826 1676 multi
2865 1621 3008 1676 enim
3037 1635 3222 1675 sumus
3248 1621 3317 1677 ⁸⁸.
3386 1638 3406 1673 ι

1839 1711 1964 1767 llaec
1995 1713 2118 1767 licet
2146 1714 2196 1767 in
2229 1729 2456 1768 excessu
2487 1714 2744 1784 quodam,
2767 1713 3078 1768 necessario
3107 1720 3287 1765 tamen
3319 1712 3414 1763 ad-

1839 1802 1950 1855 dita
2002 1803 2272 1866 videntur,
2303 1813 2362 1858 ut
2398 1805 2715 1874 mysterium
2761 1803 3056 1874 pcetusculi
3115 1801 3409 1868 appositio-

1838 1893 1940 1956 nis,
1991 1903 2048 1947 et
2086 1895 2291 1949 brachii
2341 1894 2722 1963 separatiouis,
2780 1908 2950 1962 quare
2997 1891 3262 1959 scriptum
3335 1889 3410 1942 sit

1836 1983 2244 2049 dissereremus,
2282 1999 2402 2053 qua:
2439 1995 2522 2040 est
2563 1995 2760 2041 acterna
2804 1981 2977 2056 portio
3031 1981 3411 2036 sacerdotibus

1836 2064 1997 2146 215
2033 2077 2178 2143 data,
2222 2077 2276 2131 in
2324 2092 2428 2146 qua
2462 2077 2653 2148 dignos
2695 2091 2792 2130 nos
2829 2075 3009 2130 facere
3040 2073 3313 2144 dignetur,
3351 2081 3413 2125 ut

1838 2182 1934 2236 per
1978 2167 2159 2221 cordis
2189 2170 2505 2237 puritatem,
2546 2177 2601 2222 et
2644 2181 2868 2236 operum
2911 2164 3235 2235 probitatem
3273 2161 3408 2233 (64),

1837 2258 1890 2312 in
1915 2260 2098 2312 divino
2150 2259 2418 2314 sacriﬁcio
2449 2258 2649 2312 habere
2680 2257 3022 2325 participium
3077 2270 3407 2321 mereamur,

1837 2365 1933 2418 per
1973 2359 2235 2402 aeternum
2290 2349 2599 2418 pontiﬁcem
2645 2348 2928 2401 Dominum
2977 2358 3031 2401 et
3072 2346 3409 2400 Salvator-em

1839 2450 2081 2496 nostrum
2105 2440 2286 2496 Jesum
2317 2441 2612 2502 Christum,
2664 2455 2760 2508 per
2792 2455 2952 2507 quem
3003 2448 3088 2492 est
3123 2438 3229 2492 Deo
3259 2436 3407 2490 Patri

1837 2546 1957 2584 cum
1993 2533 2200 2602 Spll'lltl
2234 2542 2426 2586 sancto
2458 2531 2625 2601 gloria
2685 2539 2740 2584 ct
2793 2532 3080 2600 imperium
3113 2532 3164 2583 in
3209 2527 3406 2583 seecula
3445 2549 3448 2552 λ

1838 2625 2182 2679 surculorum.
2205 2626 2400 2679 Amen.
3444 2622 3446 2624 ’

2354 2713 2630 2772 llOMlLlA
2680 2715 2738 2769 vr
2770 2714 2904 2786 (65).

1981 2809 2059 2862 De
2089 2808 2408 2863 indumentis
2440 2806 2707 2874 pontiﬁcis
2741 2814 2790 2860 et
2823 2807 3156 2861 sacerdotum
3189 2807 3256 2859 ⁷ο.

1907 2901 1958 2955 1.
1993 2897 2391 2966 Οιιιιειιιιι,’‹μιιι
2422 2897 2638 2966 quidem
2675 2896 2792 2951 haec
2821 2911 2943 2966 quae
2978 2896 3136 2953 nobis
3177 2895 3410 2951 recitan-

1841 2999 1945 3058 tur,
1998 3002 2092 3046 aut
2140 2990 2366 3060 intelligi
2419 2989 2630 3058 possint
2663 2987 2798 3059 (66),
2849 2999 2944 3043 aut
2977 3003 3087 3043 non
3140 2986 3351 3056 intelligi
3394 3027 3409 3049 ,

1839 3082 2076 3138 breviter
2105 3081 2343 3137 ostendit
2375 3080 2664 3150 Apostolus
2691 3082 2736 3116 τί
2759 3121 2775 3147 ,
2805 3081 2989 3135 dicens
3022 3080 3090 3134 ab
3123 3077 3239 3144 ejus
3277 3092 3411 3132 ocu-

144 3188 327 3248 omne
351 3175 496 3244 quod
526 3193 771 3232 crassum
821 3189 925 3246 est,
955 3191 1008 3233 et
1051 3184 1402 3239 emundatnm
1448 3187 1615 3241 fuerit
1669 3188 1733 3244 ab

1842 3173 1906 3227 lis
1951 3189 2110 3243 posse
2146 3175 2359 3230 Veteris
2404 3173 2738 3229 Testamenti
2777 3171 3023 3227 velamen
3058 3167 3286 3232 auferri,
3315 3167 3408 3238 qui

143 3265 306 3319 omni
339 3266 702 3334 operimento,
734 3269 814 3324 vel
842 3271 1254 3340 inquinamento
1280 3277 1417 3344 (65),
1455 3280 1598 3346 quod
1626 3281 1735 3350 igni

145 3355 489 3410 tradendum
514 3359 616 3420 est,
653 3369 822 3414 restat
865 3371 921 3414 ut
949 3373 1254 3432 apponatur
1287 3365 1334 3418 ei
1365 3368 1535 3436 gratia
1565 3369 1739 3438 Spiri-

143 3456 242 3502 tus
298 3448 504 3517 sancti,
551 3458 607 3504 et
651 3461 778 3505 tunc
809 3452 902 3507 ﬁet
945 3455 1318 3523 pectusculum
1359 3459 1734 3529 appositionis,

138 3529 352 3594 sedet
400 3540 685 3596 brachium
732 3545 1136 3612 separationis,
1203 3549 1317 3603 sive
1369 3551 1728 3620 demptionis.

138 3633 443 3700 Quomodo
475 3635 580 3687 erit
623 3644 677 3688 et
721 3637 1005 3692 brachium
1031 3641 1429 3709 separationis?
1477 3641 1534 3697 Si
1564 3646 1733 3713 scias,

140 3738 200 3780 et
230 3724 514 3795 intelligas
536 3725 846 3783 discernere
875 3744 994 3798 quae
1016 3730 1127 3784 sint
1153 3746 1318 3800 opera
1345 3732 1502 3799 lucis,
1534 3744 1583 3790 et
1615 3751 1736 3805 quae

140 3819 270 3870 sint
309 3829 479 3884 opera
527 3822 895 3885 tenebrarum,
947 3829 1001 3875 et
1041 3836 1264 3893 separes
1319 3834 1474 3878 actus
1517 3837 1638 3881 tuos
1670 3830 1736 3884 de

141 3904 419 3966 tenebris,
467 3916 525 3958 ut
570 3907 680 3959 sint
718 3923 884 3976 Opera
936 3919 1024 3964 tua
1073 3911 1126 3965 in
1171 3913 1396 3978 lumine,
1449 3915 1731 3973 brachium

138 4005 310 4048 tuum
343 3995 581 4052 elﬁcitur
617 3999 899 4053 brachium
928 4003 1322 4069 separationis;
1361 4006 1441 4059 vel
1495 4023 1618 4061 cum
1647 4024 1736 4064 se-

134 4088 445 4155 paraveris
489 4099 537 4142 te
568 4091 635 4143 ab
677 4092 823 4145 onmi
873 4091 1041 4148 fratre
1081 4095 1321 4163 inquiete
1380 4100 1731 4167 ambulante;

128 4178 226 4234 vel
271 4188 430 4234 certe
453 4196 573 4234 cum
603 4183 903 4238 secundum
933 4187 1254 4256 prophetam
1300 4189 1342 4218 ⁸⁷
1375 4201 1630 4258 separant
1653 4209 1731 4258 se,

130 4279 192 4322 et
218 4282 441 4325 exeunt
470 4272 535 4326 de
570 4274 752 4329 medio
800 4287 1174 4344 peccatorum,
1225 4281 1314 4348 qui
1355 4289 1573 4349 portant
1607 4299 1731 4338 vasa

129 4363 399 4418 Domini.
440 4364 682 4434 Denique
725 4369 1014 4422 vernacula
1057 4371 1288 4438 quadam
1343 4377 1733 4431 consuetudine

131 4457 479 4526 Scripturae,
507 4472 792 4512 commune
821 4474 941 4516 esse
969 4461 1170 4515 dicitur
1205 4463 1345 4529 quod
1388 4465 1729 4520 immundum

1840 3279 2136 3319 conversus
2184 3265 2250 3319 ad
2309 3266 2476 3320 Deum
2515 3265 2712 3332 fuerit;
2775 3279 2844 3317 ex
2893 3277 3001 3332 quo
3034 3261 3162 3315 sciri
3197 3259 3406 3324 voluit,

1838 3356 1982 3425 quod
2016 3365 2216 3424 quanto
2279 3358 2457 3411 minus
2518 3358 2632 3412 haec
2673 3356 2827 3411 nobis
2878 3354 3037 3422 plana
3072 3360 3226 3417 sunt,
3259 3360 3409 3405 tanto

1839 3447 2019 3500 minor
2047 3457 2130 3501 est
2165 3447 2231 3500 ad
2265 3447 2433 3501 Deum
2462 3457 2645 3502 nostra
2679 3446 2983 3502 conversio.
3016 3444 3080 3498 Et
3109 3443 3230 3497 ideo
3259 3442 3406 3496 omni

1839 3535 2038 3590 virtute
2073 3536 2354 3590 nitendum
2393 3548 2504 3602 est,
2530 3548 2585 3590 ut
2630 3539 2697 3592 ab
2721 3537 3172 3606 occupationibus
3200 3536 3407 3598 saeculi,

1837 3635 1890 3680 et
1914 3641 1943 3680 a
1977 3628 2266 3682 mundanis
2298 3628 2508 3684 actibus
2539 3629 2716 3696 liberi,
2739 3638 2794 3683 et
2825 3629 2969 3696 ipsas
2993 3629 3182 3694 etiam,
3210 3627 3256 3681 si
3285 3627 3406 3682 Iieri

1837 3726 2015 3787 potest
2043 3759 2057 3784 ,
2094 3718 2400 3789 superﬂuas
2433 3720 2702 3774 sodalium
2732 3720 2942 3775 fabulas
2995 3719 3362 3788 relinquentes
3388 3759 3404 3786 ,

1838 3809 2004 3864 verbo
2034 3811 2124 3864 Dei
2161 3826 2384 3879 operam
2416 3811 2636 3876 demus,
2672 3821 2726 3866 et
2767 3811 2820 3865 in
2863 3809 2978 3881 lege
3019 3811 3134 3878 ejus
3177 3809 3406 3864 medite-

1837 3917 1959 3955 mur
1982 3902 2066 3956 die
2089 3917 2155 3956 ac
2183 3911 2365 3967 nocte,
2395 3911 2454 3958 ut
2478 3913 2592 3956 toto
2612 3905 2773 3959 corde
2798 3903 3068 3967 conversi,
3111 3901 3404 3959 revelatam

1835 4005 1891 4048 et
1923 4004 2167 4061 apertam
2225 3993 2394 4064 Moysi
2454 3995 2646 4049 faciem
2700 3996 2971 4064 possimus
3030 3994 3290 4063 aspicere,
3351 4002 3408 4048 et

1837 4087 2068 4139 maxime
2105 4086 2159 4139 in
2192 4087 2310 4151 his,
2341 4102 2464 4154 qua:
2491 4103 2635 4141 nunc
2669 4087 2892 4141 recitata
2923 4097 3073 4153 sunt,
3106 4084 3191 4140 vel
3221 4085 3288 4140 de
3315 4099 3407 4139 sa-

1838 4177 2200 4233 cerdotalibus
2239 4179 2591 4244 indumentis,
2622 4179 2705 4233 vel
2729 4179 2794 4234 de
2827 4177 3238 4232 consecratione
3264 4191 3407 4244 pou-

1838 4270 2018 4336 titicis,
2056 4269 2108 4324 in
2147 4271 2346 4340 quibus
2373 4271 2501 4326 talia
2537 4271 2784 4342 quantum
2833 4270 3109 4334 dicuntur,
3146 4277 3204 4323 ut
3239 4271 3404 4323 etiam

1838 4359 1988 4412 illum
2040 4360 2216 4428 ipsum
2265 4361 2543 4417 carnalem
2577 4360 2746 4417 Israel
2800 4362 2867 4416 ab
2909 4362 3166 4417 historica
3204 4359 3405 4413 intelli-

1836 4452 2013 4519 gentia
2057 4454 2274 4522 peuitus
2299 4455 2623 4522 excludant;
2653 4463 2707 4509 et
2729 4454 2850 4507 ideo
2873 4455 2939 4508 ad
2963 4453 3077 4508 hzec
3111 4452 3406 4522 explanan-

126 4558 248 4604 est.
281 4549 444 4604 Sicut
471 4561 525 4603 et
556 4550 622 4604 ad
651 4549 866 4606 Petrum
893 4567 996 4607 vox
1028 4553 1095 4608 de
1125 4554 1260 4608 εωιο
1278 4555 1500 4609 dicit“;
1530 4576 1548 4606 ι
1577 4556 1730 4624 Quod
1765 4545 1806 4599 D
1837 4545 1900 4597 da
1929 4544 2060 4614 (6'1),
2095 4562 2199 4601 non
2240 4548 2460 4601 humani
2497 4548 2698 4614 ingenii
2735 4547 2944 4602 viribus
2987 4545 3268 4600 nitendum
3294 4556 3404 4609 est,

129 4642 291 4696 Deus
318 4641 628 4706 mundavit,
655 4651 709 4696 tu
740 4657 1028 4698 commune
1084 4659 1150 4698 ne
1199 4647 1424 4701 dixeris.
1470 4667 1488 4699 ι
1524 4648 1733 4704 Conse-

123 4743 391 4802 quenter
415 4748 544 4802 ergo
567 4734 610 4787 si
648 4734 867 4804 idquod
904 4735 1241 4790 immundum
1289 4749 1406 4800 est,
1438 4753 1728 4794 corumuue

122 4824 480 4895 appellatur,
513 4825 654 4892 quod
711 4837 957 4880 sancturu
992 4836 1098 4894 est,
1152 4829 1519 4883 nominabitur
1572 4845 1730 4897 sepa-

122 4927 350 4971 ratum.
409 4915 513 4971 Sed
544 4929 598 4972 et
633 4917 764 4972 illud
821 4919 1092 4974 addimus.
1148 4921 1203 4974 Si
1235 4923 1360 4991 quis
1409 4922 1502 4976 Dei
1557 4923 1730 4977 solius

117 5023 343 5064 servus
374 5018 478 5073 est,
511 5009 814 5079 communis
852 5026 958 5066 non
1006 5021 1183 5080 potest
1215 5013 1343 5066 dici.
1392 5011 1447 5066 Si
1474 5012 1594 5082 quis
1632 5028 1730 5064 au-

200 5148 253 5181 ⁶ν
285 5146 404 5200 lsa.
440 5161 549 5200 xw
570 5157 625 5201 ct
653 5163 746 5202 ιιι.
823 5147 869 5181 ⁸⁸
894 5150 1018 5206 Act.
1051 5166 1104 5212 ι.
1135 5151 1224 5207 15.

203 5259 339 5334 (60)
373 5259 530 5334 Eibb.
559 5261 715 5334 editi,
753 5281 771 5313 ‹
809 5265 898 5331 qui
935 5265 986 5318 in
1021 5265 1186 5334 ipsius
1213 5264 1418 5320 labore.
1459 5285 1477 5318 ι

199 5329 336 5396 l6!)
373 5329 496 5391 Ms.,
543 5349 561 5381 ι
603 5332 713 5386 illo.
749 5352 767 5384 δ
804 5329 966 5390 Libb.
991 5329 1124 5390 editi
1179 5355 1199 5388 ι
1232 5337 1382 5393 illud.
1420 5355 1440 5389 ι

199 5401 339 5468 (69.)
373 5400 494 5468 31s.,
527 5420 545 5451 ‹
579 5405 907 5468 pectusculo.
949 5426 966 5456 ι

199 5402 315 5467 (69.
373 5402 494 5460 Msa,
527 5420 545 5451 ‹
579 5405 907 5468 pectusculo.
949 5426 966 5456 ι

198 5402 339 5610 (ϋῦξ
374 5467 461 5522 γει
491 5471 900 5542 inquinamento.
929 5472 1086 5551 Deest
1114 5473 1166 5527 in
1202 5489 1302 5529 ms.

199 5540 309 5610 (64
370 5537 495 5604 Ms.,
529 5561 546 5592 ι
585 5549 642 5594 ιιι
668 5556 765 5609 pro
793 5542 972 5596 cordrs
1003 5545 1302 5610 puritate,c

119 5614 179 5670 Μ
199 5537 338 5615 (64)
370 5537 495 5604 Ms.,
529 5537 642 5594 (ut
668 5556 765 5609 pro
793 5542 972 5596 cordis
1003 5545 1258 5612 puritate,
1285 5554 1336 5599 et
1358 5560 1580 5616 cperam
1605 5565 1729 5619 pro-

187 5623 347 5665 tate.
375 5627 397 5658 ι

187 5625 245 5665 la
258 5623 347 5665 te.
375 5627 397 5658 ι

199 5677 440 5758 (65)__ln
475 5678 850 5758 vetustissimo
905 5681 1095 5758 codice
1129 5682 1608 5753 Sangermanensi,
1637 5691 1730 5758 qui

119 5749 293 5807 totus
333 5749 536 5802 litteris
569 5749 871 5804 uncialibus
914 5751 1152 5818 scriptus
1203 5749 1326 5819 est,
1383 5749 1731 5815 desiderat-ur

120 5826 257 5878 ιιωυ
316 5819 550 5875 humilia
586 5832 761 5887 sexta,
802 5836 902 5877 nec
935 5837 1038 5875 non
1076 5823 1320 5890 septima.
1352 5827 1455 5883 Sed
1500 5838 1730 5894 utraque

1299 5151 1342 5183 ο·
1374 5150 1539 5205 Marc.
1569 5147 1704 5210 v.9.
1734 5109 1741 5120 ’

1836 4637 1930 4689 sed
1979 4637 2318 4694 orationibus
2347 4649 2396 4694 et
2430 4639 2680 4709 precibus
2711 4641 2775 4693 ad
2816 4643 2983 4693 Deum
3015 4637 3170 4692 fusis.
3207 4635 3264 4690 lu
3298 4653 3406 4706 quo

1834 4727 2000 4780 etiam
2055 4729 2218 4782 vestri
2259 4728 2526 4796 adiutorio
2579 4729 2905 4800 indigemus,
2957 4736 3016 4783 ut
3061 4728 3202 4783 Deus
3239 4726 3406 4782 Pater

1836 4817 2000 4874 Verbi
2043 4819 2136 4874 det
2169 4820 2325 4875 nobis
2358 4822 2585 4875 verbum
2629 4820 2682 4874 in
2713 4820 3045 4889 apertionem
3069 4820 3183 4874 oris
3209 4818 3403 4886 nostri,

1837 4925 1890 4969 ut
1919 4914 2191 4984 possimus
2222 4914 2572 4969 considerare
2613 4913 2884 4967 mirabilia
2919 4913 2985 4968 de
3019 4911 3136 4982 lege
3168 4910 3303 4980 ejs.

1905 5008 1960 5065 ‘2.
1992 5008 2086 5062 Est
2122 5022 2250 5076 ergo
2297 5008 2513 5062 initium
2564 5023 2749 5061 eorum
2791 5021 2911 5077 qua:
2966 5007 3128 5062 hodie
3170 5006 3402 5061 recitata

1816 5145 1860 5176 ⁷ο
1894 5144 2065 5199 Levit.
2091 5161 2161 5198 vtt
2187 5154 2240 5199 et
2262 5160 2376 5197 vm.
2451 5144 2493 5173 '”
2527 5143 2566 5197 ll
2594 5143 2719 5198 Cor.
2756 5159 2843 5198 ιιι.

1837 5259 2026 5312 collata
2068 5268 2146 5312 est
2179 5274 2300 5312 cum
2334 5258 2508 5313 tribus
2533 5257 2653 5313 aliis
2687 5272 2822 5313 mss.
2856 5258 3135 5322 Beccensi,
3163 5258 3406 5314 Gemeti-

1833 5331 2006 5390 censi,
2032 5340 2087 5382 ct
2116 5328 2456 5383 Cadornensi.

1908 5399 2018 5471 (66)
2050 5397 2219 5462 Mss.,'
2255 5418 2272 5450 ι
2297 5400 2522 5466 possint.
2547 5418 2566 5451 ι
2620 5397 2779 5471 Libh.
2836 5397 3005 5464 editi,
3043 5408 3396 5471 spossrru‘t.)

1837 5466 1977 5523 Infra
2001 5466 2171 5524 iidem
2227 5484 2378 5531 mss.,
2421 5487 2438 5521 ι
2466 5479 2613 5524 tanto
2643 5469 2821 5525 minor
2849 5477 2953 5522 est.
2985 5486 3006 5520 ο
3043 5466 3196 5522 Libb.
3244 5466 3402 5538 editi,

1837 5557 1854 5590 ι
1884 5548 2032 5594 tanto
2066 5541 2244 5594 minus
2269 5548 2374 5594 est.
2400 5557 2420 5591 ι

1902 5608 2012 5680 (67)
2043 5607 2200 5663 Libb.
2229 5609 2379 5671 editi,
2421 5627 2440 5660 ι
2462 5608 2616 5663 nobis
2647 5608 2712 5680 ad
2746 5609 2860 5680 haec
2890 5607 3230 5680 exponenda,
3256 5625 3274 5658 ι
3307 5608 3402 5680 sed

1828 5677 1962 5737 mss.
1993 5677 2076 5732 'ut
2129 5680 2179 5730 in
2231 5689 2418 5732 nostro
2460 5688 2634 5732 textu.
2680 5677 2822 5732 Infra
2867 5679 3027 5731 iidem
3069 5693 3193 5730 mss.
3224 5720 3238 5745 ,
3292 5696 3310 5728 ι
3346 5678 3413 5734 itt

1830 5749 2191 5820 apertionem.
2223 5768 2241 5800 ι
2277 5747 2435 5804 Libb.
2469 5749 2624 5816 editi,
2666 5767 2684 5800 ι
2710 5748 2762 5802 iu
2788 5747 3215 5816 adapertioncm.
3247 5767 3266 5800 ο
