3876 6500
163 369 254 430 ιω

1287 363 1355 418 IN
1389 361 1763 418 LEVITICUM
1803 361 2084 419 llOMlLlA
2125 363 2210 418 Vl.

3253 369 3362 425 470

169 497 248 538 sus
273 475 524 536 Christus,
560 472 652 527 sed
681 472 772 527 ille
810 488 916 528 non
957 475 1132 530 solum
1176 478 1429 531 sacerdos
1453 515 1468 540 ,
1520 476 1614 529 sed
1645 483 1696 528 et
1725 476 1770 532 A
1801 475 1880 526 sui
1937 475 2106 543 possit
2161 477 2464 532 advertere.
2521 476 2677 531 Lavit
2704 493 2836 549 ergo
2873 493 3021 540 eum,
3062 488 3115 534 et
3163 480 3356 537 induit.

169 570 475 629 sacerdotum
527 565 786 620 sacerdos
815 577 922 632 est,
965 578 1020 622 et
1057 585 1160 622 non
1204 569 1376 622 solum
1419 567 1695 636 pontifex,

167 665 247 721 sed
272 656 569 730 pontificum
603 655 866 724 pontifex,
909 673 1008 713 nec
1041 661 1383 713 sacerdotum
1426 660 1695 729 princeps,

87 811 95 823 ι
166 751 246 806 sed
275 745 507 811 princeps
540 745 844 812 principum
891 749 1256 802 sacerdotum.
1309 750 1461 802 Sicut
1503 759 1556 802 et
1605 764 1697 802 rex

164 857 254 894 non
287 837 470 889 dicitur
499 834 692 903 plebis,
723 836 816 889 sed
845 852 1029 907 regum
1063 854 1179 904 rex,
1216 848 1269 894 et
1304 839 1565 894 Dominus
1592 855 1696 894 non

161 940 452 990 servorum,
483 927 581 978 sed
617 925 878 982 Dominus
919 930 1278 985 dominorum.
1333 931 1520 984 Potest
1569 945 1699 1000 ergo

161 1017 281 1076 fieri.
323 1018 363 1068 si
409 1023 464 1066 et
513 1023 566 1068 tu
621 1014 761 1069 lotus
818 1015 987 1072 fueris
1017 1033 1111 1085 per
1154 1018 1398 1088 Moysen,
1447 1027 1502 1073 et
1533 1019 1698 1072 fueris

160 1109 223 1162 ita
275 1104 538 1170 nmndus,
605 1106 759 1174 quasi
811 1122 968 1177 quem
1026 1109 1236 1178 Moyses
1285 1109 1474 1162 laverit
1515 1119 1698 1164 tantus

160 1203 238 1258 ille
265 1200 367 1271 (74)
399 1215 461 1255 ac
491 1200 631 1264 talis,
665 1211 724 1256 ut
756 1205 931 1272 possis
965 1205 1128 1259 etiam
1162 1207 1444 1279 pervenire
1473 1208 1540 1260 ad
1584 1209 1701 1262 hacc-

159 1291 450 1345 indumenta
481 1305 600 1360 quae
630 1294 837 1362 profert
865 1294 1098 1365 Moyses,
1127 1308 1181 1351 et
1202 1298 1369 1352 stolas
1401 1299 1552 1361 istas,
1577 1301 1695 1369 qui-

162 1381 250 1434 bus
274 1380 435 1433 induit
462 1381 645 1435 Aaron
685 1383 907 1438 fratrem
937 1401 1091 1440 suum
1115 1428 1129 1452 ,
1163 1398 1216 1442 et
1250 1389 1390 1443 filios
1419 1391 1557 1458 ejus.
1594 1391 1697 1445 Sed

158 1485 251 1524 non
282 1469 448 1524 solum
480 1472 807 1529 indumentis
838 1491 972 1545 opus
1003 1488 1085 1532 est
1116 1481 1180 1532 ad
1219 1483 1585 1535 sacerdotales
1620 1485 1698 1536 in-

156 1559 301 1625 fulas,
331 1574 516 1614 verum
559 1571 614 1616 et
649 1565 895 1631 cingulis.
937 1567 1043 1622 Sed
1079 1570 1391 1639 priusquam
1426 1572 1491 1624 de
1521 1575 1699 1641 specie

155 1651 258 1719 ipsa
291 1651 723 1708 indumentorum
769 1656 951 1712 dicere
985 1660 1332 1728 incipiamus,
1369 1664 1526 1716 velim
1567 1681 1700 1718 con~

153 1739 283 1794 ferre
314 1740 398 1793 illa
428 1741 669 1798 infelicia
701 1746 1035 1814 indumenta,
1070 1751 1265 1816 quibus
1297 1754 1502 1820 primus
1536 1755 1696 1809 homo

150 1845 260 1884 cum
306 1843 606 1900 peccasset,
654 1836 870 1891 indutus
917 1848 1017 1904 est,
1052 1854 1172 1892 cum
1203 1841 1285 1894 bis
1319 1844 1522 1897 sanetis
1551 1853 1606 1896 ct
1634 1846 1689 1896 fi-

151 1921 345 1975 delibus
385 1921 736 1980 indumentis.
789 1927 856 1983 Et
895 1929 1109 1997 quidem
1165 1930 1252 1983 illa
1304 1932 1504 1986 dicitur
1557 1935 1694 1990 Dens

148 2012 327 2066 fecisse
355 2031 370 2066 :
409 2031 426 2063 ι
465 2014 622 2070 Fecit
661 2018 829 2082 enim,
873 2020 1050 2090 inquit
1072 2023 1141 2089 3°,
1172 2023 1313 2078 Dens
1344 2026 1552 2079 tunicas
1581 2027 1695 2094 pel-

1800 565 1953 628 Quali
1979 566 2330 620 indumento?
2363 566 2587 631 Tunica,
2619 569 2812 638 inquit,
2840 580 2892 624 et
2927 571 3209 640 prazcinxit
3237 586 3358 625 eum

1798 673 1959 720 zona,
1994 669 2045 709 et
2071 657 2265 709 iterum
2295 658 2511 710 vestivit
2544 673 2665 712 eum
2697 662 2934 715 tunicam
2966 661 3211 725 talarem,
3251 661 3358 729 vel,

1799 757 1856 800 ut
1887 747 2016 800 alibi
2053 747 2299 816 legimus,
2335 749 2672 802 interiorem.
2704 751 2939 814 Duabus,
2975 762 3030 805 ιιι
3063 753 3237 815 video,
3275 761 3362 806 tu-

1799 839 1934 891 nicis
1986 855 2082 906 per
2122 839 2342 909 Moysen
2399 839 2641 894 induitur
2689 845 2949 911 pontifex.
2980 846 3084 899 Sed
3123 846 3250 915 quid
3284 845 3364 898 fa-

1799 930 2004 982 ciemus
2035 932 2174 997 qnod
2223 929 2380 985 Jesus
2417 934 2730 986 sacerdotes
2780 949 2906 987 suos
2949 937 3222 1002 apostolos
3262 951 3362 989 non

1798 1026 1938 1071 stros
1996 1019 2268 1086 prohibuit
2330 1022 2406 1074 uti
2473 1022 2684 1076 duabus
2735 1022 2941 1078 tunicis
2988 1024 3081 1078 “‘I
3134 1025 3360 1080 Dixera-

1798 1123 1919 1160 mus
1957 1110 2097 1176 quod
2136 1109 2346 1180 Moyses
2393 1123 2448 1166 et
2495 1111 2650 1166 Jesus
2675 1153 2689 1176 ,
2741 1115 2790 1166 id
2835 1125 2918 1166 est
2956 1113 3041 1169 lex
3075 1125 3129 1168 et
3187 1116 3364 1171 Evan-

1797 1199 1935 1267 gelia
1986 1201 2087 1254 sibi
2149 1201 2380 1255 invicem
2447 1213 2833 1261 consonarent.
2893 1204 3081 1258 Posset
3133 1207 3364 1264 fortasse
3456 1244 3458 1246 τ

1797 1288 1981 1342 dicere
2026 1289 2224 1356 aliquis
2274 1291 2398 1358 quia
2447 1293 2588 1359 quod
2622 1293 2880 1361 praecepit
2911 1291 3066 1347 Jesns
3112 1294 3245 1348 duas
3279 1305 3363 1348 tu-

1798 1381 1951 1433 nicas
1986 1395 2092 1433 non
2127 1384 2426 1446 habendas,
2460 1398 2568 1436 non
2617 1394 2700 1438 est
2727 1386 3061 1438 contrarium
3096 1387 3196 1455 legi
3218 1427 3232 1449 ,
3269 1390 3363 1442 sed

1797 1470 2094 1539 perfectius
2146 1472 2312 1540 lege,
2372 1475 2516 1527 sicut
2569 1484 2622 1528 et
2684 1490 2806 1528 cum
2865 1476 2951 1530 lex
3013 1477 3364 1534 homicidium

1798 1572 1986 1628 vetat,
2037 1561 2192 1616 Jesns
2245 1573 2423 1616 autem
2473 1566 2639 1618 etiam
2703 1568 3034 1622 iracundiam
3097 1581 3309 1623 resecat
3345 1611 3362 1635 ,

1798 1660 1854 1703 et
1908 1666 2030 1704 cum
2085 1653 2168 1705 lex
2223 1655 2477 1718 prohibet
2529 1655 2852 1708 adulterium
2888 1657 2970 1722 ⁸⁸,
3002 1657 3160 1712 Jcsns
3200 1661 3362 1715 etiam

1800 1745 1959 1813 217
2003 1746 2495 1814 concupiscentiam
2534 1749 2715 1802 cordis
2761 1749 3053 1803 abscindit.
3106 1751 3194 1804 Sic
3235 1766 3365 1819 ergo

1799 1834 2066 1888 videbitur
2097 1842 2150 1885 et
2193 1834 2399 1888 duabus
2448 1837 2520 1889 ibi
2572 1837 2766 1890 ltrnicis
2801 1839 3128 1906 pontificem,
3175 1850 3228 1893 et
3276 1840 3366 1895 hic

1796 1939 1902 1977 una
1941 1928 2212 1995 apostolos
2244 1929 2504 1982 induisse.
2545 1927 2628 1980 Sit
2659 1930 2876 1996 quidem
2917 1932 3080 1982 etiam
3110 1931 3210 1983 iste
3235 1946 3362 1984 sen-

1793 2030 1905 2080 sus,
1936 2019 2232 2084 probabilis
2277 2019 2320 2070 si
2351 2020 2585 2080 videtur,
2613 2034 2711 2088 ego
2752 2029 2928 2073 tamen
2965 2035 3067 2073 non
3102 2021 3242 2074 intra
3275 2022 3369 2074 ltu-

148 2102 317 2169 liceas,
345 2112 398 2157 et
425 2104 601 2160 induit
635 2109 803 2162 Adam
831 2121 883 2165 et
912 2113 1188 2166 mulierem
1214 2115 1348 2184 ejus.
1379 2135 1397 2167 ι
1431 2116 1532 2169 Illa:
1566 2132 1692 2184 ergo

1797 2110 1877 2171 jus
1907 2106 2276 2176 intelligentia:
2324 2109 2628 2178 angustiam
2661 2111 2984 2178 pontificalia
3016 2121 3361 2164 sacramenta

148 2193 327 2246 tunicae
375 2195 440 2250 de
498 2197 730 2266 pellibus
772 2212 936 2256 erant
975 2218 1041 2257 ex
1080 2207 1405 2262 animalibus
1443 2220 1688 2273 sumptze.

146 2280 346 2338 Talibus
367 2285 514 2340 enim
548 2290 828 2357 oportebat
858 2293 1002 2346 indui
1038 2307 1399 2364 peccatorem,
1433 2299 1690 2366 pelliceis,

145 2377 344 2447 inquam
368 2379 509 2454 (75),
539 2384 755 2449 tunicis,
784 2399 904 2455 quae
931 2399 1114 2442 essent
1140 2392 1504 2458 mortalitatis,
1532 2410 1690 2460 quam

145 2483 231 2535 pro
262 2481 481 2537 peccato
517 2488 824 2544 acceperat,
867 2488 919 2533 et
969 2480 1278 2548 fragilitatis
1329 2485 1445 2552 ejus
1473 2501 1592 2555 quae
1625 2501 1691 2540 ex

145 2559 311 2614 carnis
333 2564 687 2632 corruptione
713 2568 982 2634 veniebat,
1016 2571 1293 2626 indicium.
1321 2573 1376 2628 Si
1417 2590 1544 2628 vero
1581 2576 1690 2641 jam

147 2649 276 2705 lotus
307 2652 371 2706 ab
414 2653 508 2708 his
541 2654 710 2711 fueris
735 2696 752 2722 ,
803 2671 858 2713 et
902 2662 1218 2730 purificatus
1250 2680 1344 2732 per
1376 2666 1546 2733 legent
1577 2669 1690 2731 Dei,

146 2740 311 2794 induet
341 2752 391 2797 te
416 2742 636 2814 Moyses
671 2748 981 2804 indumento
1019 2755 1474 2824 incorruptionis;
1526 2758 1598 2810 ita
1635 2767 1694 2811 ut

145 2847 388 2900 nusquam
414 2849 682 2906 appareat
712 2841 989 2911 turpitudo
1030 2853 1141 2910 tua,
1171 2856 1227 2902 ει
1256 2856 1313 2901 ιιι
1338 2849 1694 2903 absorbeatur

142 2923 350 2978 mortale
369 2926 472 2980 hoc
499 2942 529 2980 a
555 2929 687 2985 vita.
1393 2922 1403 2935 ι

202 3012 252 3066 3.
287 3012 584 3073 Videamus
620 3036 750 3091 ergo
790 3025 931 3092 quali
980 3027 1171 3081 ordine
1216 3029 1451 3098 pontifex
1489 3033 1692 3087 consti-

1791 2197 2074 2250 concludo.
2119 2197 2362 2266 Amplius
2391 2199 2520 2250 mihi
2551 2199 2752 2266 aliquid
2778 2215 2842 2252 ex
2873 2201 2970 2251 ista
3011 2201 3181 2252 forma
3207 2201 3356 2254 vide-

1791 2294 1880 2340 tur
1909 2287 2156 2351 ostendi;
2187 2288 2427 2355 pontifex
2459 2299 2563 2352 est,
2588 2291 2676 2358 qui
2707 2291 2985 2343 scientiam
3015 2291 3149 2359 legis
3185 2299 3356 2354 tenet,

1792 2387 1847 2430 et
1883 2375 2308 2444 uniuscujusque
2355 2381 2598 2447 mysterii
2637 2379 2887 2445 intelligit
2916 2381 3175 2444 rationes,
3203 2390 3258 2435 et
3287 2390 3349 2435 ut

1793 2467 2030 2521 breviter
2051 2468 2334 2536 eXpIicem,
2355 2471 2442 2537 qui
2471 2469 2640 2537 legem
2678 2473 3045 2524 etsecundum
3078 2473 3358 2540 spiritum,

1792 2565 1847 2610 ct
1867 2560 2159 2611 secundum
2179 2558 2415 2612 litteram
2437 2559 2822 2614 novit.Sciebat
2842 2576 2970 2630 ergo
2990 2561 3228 2628 pontifex
3249 2562 3355 2624 ille,

1793 2664 1951 2718 quem
1974 2661 2098 2704 tunc
2116 2651 2402 2705 ordinabat
2426 2650 2662 2722 Moyses,
2698 2653 2819 2720 quia
2847 2663 2992 2707 esset
3015 2655 3361 2710 circumcisio

1794 2741 2078 2809 spiritalis,
2104 2744 2355 2794 servabat
2390 2752 2566 2794 tamen
2596 2754 2648 2795 et
2669 2745 3136 2799 circumcisionem
3156 2747 3358 2813 carnis,

1795 2829 1918 2896 quia
1954 2829 2363 2884 incircumcisus
2389 2830 2626 2897 pontifex
2649 2847 2888 2887 essenon
2919 2843 3148 2897 poterat.
3177 2834 3362 2890 Habe-

1796 2920 2032 2988 batergo
2054 2924 2153 2973 istc
2175 2921 2306 2973 duas
2340 2922 2566 2975 tunicas.
2594 2923 2761 2978 Unam
2792 2926 3077 2980 ministerii
3101 2928 3360 2994 carnalis,

1794 3018 1849 3062 et
1878 3010 2035 3063 aliam
2075 3011 2439 3079 intelligentim
2472 3015 2756 3081 spiritalis.
2790 3017 3009 3070 Sciebat
3034 3018 3160 3086 quia
3183 3027 3236 3072 et
3273 3035 3362 3073 sa-

151 3102 302 3157 luam.-
328 3121 343 3160 ε
372 3124 392 3158 ι
421 3107 780 3179 οοηνορενίι,
806 3115 979 3184 inquit
1005 3117 1075 3184 ει,
1105 3117 1318 3190 Moyses
1341 3136 1691 3192 synagogam,
1721 3131 1766 3190 ο
1799 3103 2006 3158 crificia
2053 3105 2320 3172 spiritalia
2355 3104 2536 3159 offerri
2571 3107 2770 3161 debent
2819 3111 2950 3173 Deo,
2983 3109 3244 3165 olferebat
3279 3120 3361 3164 ta-

144 3199 196 3244 et
219 3194 337 3248 dicit
364 3199 432 3251 ad
470 3213 571 3256 eos
604 3219 620 3256 :
653 3203 762 3259 Hoc
785 3215 868 3260 est
902 3209 1120 3261 verbum
1145 3212 1286 3279 quod
1315 3216 1570 3280 praecepit
1595 3216 1692 3268 Do-

144 3280 328 3374 minus.
359 3303 378 3338 ι
412 3285 576 3343 Licet
602 3306 729 3362 ergo
761 3295 1019 3351 Dominus
1049 3299 1113 3352 de
1140 3302 1523 3358 constituendo
1552 3321 1692 3374 pon-

143 3369 274 3427 tifice
315 3381 694 3449 praecepisset,
739 3397 793 3438 et
842 3388 1097 3442 Dominus
1154 3392 1452 3463 elegisset,
1511 3369 1689 3450 tamen

143 3475 457 3523 convocatur
490 3481 547 3524 et
586 3488 878 3547 synagoga.
917 3479 1234 3548 Requiritur
1265 3486 1408 3538 cnim
1455 3486 1506 3538 in
1541 3488 1692 3540 ordi-

140 3555 303 3610 nando
347 3561 640 3616 Sacerdote
684 3576 738 3618 et
791 3572 1078 3635 prrcsentia
1143 3576 1367 3642 populi,
1422 3586 1480 3629 ut
1520 3581 1692 3634 sciant

138 3656 335 3712 omnes,
367 3659 422 3702 et
450 3654 592 3705 certi
641 3656 774 3719 sint,
806 3661 926 3725 quia
982 3665 1070 3730 qui
1121 3667 1464 3731 prmstantior
1513 3679 1691 3725 estex

139 3737 274 3836 omni
324 3742 563 3836 populo,
620 3749 707 3813 qui
752 3750 979 3813 doctior,
1025 3755 1112 3822 qui
1172 3758 1445 3820 sanctior,
1488 3761 1579 3827 qui
1638 3762 1689 3814 in

140 3830 272 3879 omni
300 3830 512 3885 virtute
540 3835 886 3901 eminentior,
932 3840 1019 3895 ille
1062 3843 1280 3910 eligitur
1330 3847 1394 3898 ad
1440 3851 1693 3903 sacerdo-

140 3914 279 3981 tium,
320 3929 373 3974 et
409 3921 520 3976 hoc
559 3937 770 3982 astante
813 3932 1047 4000 pepulo,
1092 3950 1159 3987 ne
1197 3951 1300 4004 qua
1347 3943 1687 4013 postmodum

138 4012 440 4096 retractatio
480 4016 734 4084 cuiquam
762 4061 778 4086 ,
828 4037 893 4075 ne
926 4024 1048 4091 quis
1083 4028 1366 4096 scrupulus
1408 4012 1688 4088 resideret.

135 4091 240 4152 Hoc
266 4111 347 4155 est
372 4114 564 4159 autem
596 4111 741 4176 quod
771 4121 822 4165 et
847 4114 1138 4180 Apostolus
1165 4091 1419 4186 pimcepit
1458 4121 1508 4173 in
1549 4125 1692 4175 ordi-

135 4191 347 4247 natione
376 4199 709 4266 sacerdotis,
743 4203 929 4257 dicens
953 4206 1038 4258 3’:
1075 4225 1094 4257 ι
1131 4207 1353 4277 Oportet
1396 4221 1574 4266 autem
1629 4216 1693 4268 il-

134 4277 233 4334 lum
267 4293 320 4338 et
357 4287 737 4345 testimonium
773 4295 973 4350 habere
1002 4297 1198 4351 bonum
1228 4301 1296 4354 ab
1327 4303 1409 4355 his
1437 4305 1526 4371 qui
1562 4305 1691 4359 foris

133 4382 270 4426 sunt.
295 4394 314 4426 ι
351 4376 470 4448 Ego
519 4390 696 4436 tamen
739 4396 793 4438 et
839 4389 1075 4456 amplius
1103 4389 1302 4456 aliquid
1342 4394 1496 4447 video
1545 4395 1594 4447 in
1627 4411 1691 4450 eo

1801 3209 1922 3248 men
1974 3195 2324 3248 nihilominus
2369 3204 2424 3247 et
2471 3196 2892 3252 carnalia.'Non
2946 3199 3088 3251 enim
3147 3209 3364 3269 poterat

1797 3303 1918 3342 esse
1972 3289 2212 3356 pontifex
2261 3304 2450 3342 eorum
2494 3293 2583 3359 qui
2635 3299 2760 3344 tunc
2795 3302 2972 3354 erant,
3003 3292 3105 3345 nisi
3152 3291 3363 3346 hostias

1800 3379 2126 3433 immolaret.
2154 3379 2228 3432 Ita
2260 3394 2390 3446 ergo
2417 3380 2803 3433 convenienter
2834 3380 2922 3433 ille
2946 3380 3190 3449 pontifex
3226 3382 3360 3434 dua-

1799 3475 1898 3524 bus
1942 3471 2158 3524 indutus
2206 3472 2402 3523 tunicis
2442 3472 2656 3524 dicitur.
2700 3471 2940 3538 Apostoli
2992 3482 3121 3525 vero
3152 3472 3243 3540 qui
3281 3472 3362 3524 di-

1799 3563 1936 3615 cturi
1981 3563 2221 3624 erant",
2268 3579 2287 3612 ι
2319 3562 2440 3627 quia
2486 3562 2531 3614 si
2588 3563 3083 3628 circumcidamini,
3116 3563 3363 3616 Christus

1801 3655 1951 3708 vobis
1980 3656 2109 3708 nihil
2142 3655 2407 3721 proderit,
2435 3671 2454 3704 ι
2490 3662 2542 3706 ει
2572 3654 2661 3722 qui
2694 3652 2891 3706 dicturi
2934 3653 3176 3719 erant“,
3205 3672 3224 3704 ι
3261 3669 3358 3707 nc-

1799 3762 1887 3798 ιιιο
1936 3763 2028 3798 vos
2072 3747 2275 3812 judicet
2322 3748 2372 3798 in
2413 3744 2554 3806 cibo,
2594 3753 2686 3795 aut
2730 3745 2782 3796 in
2831 3755 2980 3812 potu,
3006 3755 3096 3798 aut
3124 3745 3176 3798 in
3207 3754 3361 3813 parte

1799 3839 1901 3890 diei
1945 3838 2087 3902 festi,
2129 3849 2221 3891 aut
2272 3839 2580 3900 ncomenia,
2617 3847 2708 3891 aut
2760 3839 3018 3903 Sabbato,
3069 3851 3190 3905 quae
3235 3846 3362 3892 sunt

1801 3931 1986 3981 umbra
2029 3931 2358 3994 futurorum,
2385 3950 2403 3982 ι
2443 3932 2526 3985 isti
2561 3947 2691 4000 ergo
2721 3940 2778 3983 ut
2810 3931 3119 3998 liujusntodi
3165 3943 3362 3983 secun-

1799 4022 1924 4074 dnm
1977 4022 2209 4075 litteram
2263 4025 2396 4092 legis
2438 4023 2814 4077 observantias
2862 4022 3074 4090 penitus
3111 4019 3360 4089 repudia.

1801 4123 1941 4176 rent,
1974 4127 2071 4164 rrec
2099 4122 2426 4182 occuparent
2463 4112 2753 4181 discipulos
2791 4112 3027 4166 Judaicis
3058 4111 3274 4173 fabulis,
3305 4119 3360 4167 et

1800 4203 2135 4271 imponerent
2160 4203 2244 4258 bis
2267 4204 2474 4273 jngnm,
2511 4205 2652 4271 quod
2700 4217 2873 4270 neque
2903 4203 3028 4272 ipsi,
3064 4215 3237 4271 neque
3262 4216 3361 4271 pa-

1801 4306 1910 4348 tres
1940 4311 2124 4349 corum
2160 4307 2378 4365 portare
2419 4301 2708 4364 potuerunt
2729 4295 2794 4360 ⁸⁷,
2823 4295 3012 4348 merito
3045 4294 3179 4350 duas
3212 4292 3360 4346 tuni-

1799 4404 1891 4444 cas
1933 4391 2134 4442 bahere
2169 4389 2542 4456 prohibentur,
2572 4390 2664 4441 sed
2694 4388 2890 4441 suflicit
2912 4387 2992 4440 eis
3018 4400 3149 4447 una,
3172 4385 3359 4439 ethazc

135 4467 262 4528 quod
288 4467 442 4535 dicit,
471 4475 601 4541 quia
628 4481 946 4531 convocavit
976 4479 1186 4549 Moyses
1209 4497 1432 4537 omnem
1461 4501 1694 4556 synago-
1724 4477 1766 4530 Ι)
1797 4486 2041 4537 interior.
2079 4481 2210 4534 Nam
2250 4482 2404 4534 istam
2443 4498 2561 4552 quae
2595 4481 2728 4534 foris
2756 4490 2856 4542 est,
2890 4488 2945 4532 et
2978 4493 3098 4545 quae
3125 4480 3360 4544 desuper

133 4569 277 4622 gain,
315 4571 368 4613 et
407 4575 544 4630 puto
581 4568 722 4634 quod
762 4584 1059 4624 convocare
1091 4587 1440 4644 synagogam,
1475 4579 1573 4632 hoc
1621 4581 1692 4633 sit

132 4647 376 4716 colligere
401 4670 594 4710 omnes
632 4659 795 4712 animi
823 4672 870 4713 et
894 4663 942 4713 in
975 4679 1136 4715 unum
1165 4679 1492 4735 congregare
1523 4671 1691 4724 virtu-

131 4747 226 4804 tes,
257 4756 313 4798 ttt
348 4761 474 4800 cum
523 4765 704 4804 sermo
753 4753 817 4806 de
870 4757 1296 4811 sacerdotalibus
1334 4764 1692 4816 sacramentis

131 4833 371 4900 habetur,
406 4840 638 4909 vigilent
666 4857 854 4897 omnes
885 4847 1049 4900 animi
1080 4849 1331 4911 virtutes,
1379 4860 1433 4903 et
1476 4852 1693 4906 intentre

130 4923 248 4987 sint.
302 4932 438 4983 nihil
475 4934 529 4984 in
563 4935 643 4988 eis
677 4937 987 5003 sapientiae,
1046 4940 1182 4992 nihil
1219 4941 1462 4993 scientiae
1490 4982 1502 5005 ,
1561 4944 1690 4997 nihil

130 5015 260 5071 desit
307 5021 598 5077 industriae
626 5065 640 5088 ,
690 5028 782 5079 sed
823 5028 965 5080 adsit
1003 5031 1180 5082 omnis
1224 5031 1512 5084 multitudo
1565 5050 1691 5086 sen-

127 5121 296 5177 suum,
333 5114 483 5168 adsit
534 5116 712 5170 omnis
755 5119 1102 5186 congregatio
1139 5132 1446 5174 Sanctarum
1483 5125 1692 5191 cogita-

129 5198 346 5266 tionum,
389 5214 451 5257 ut
484 5207 612 5273 quid
644 5209 716 5261 sit
754 5209 1014 5277 pontifex,
1050 5212 1178 5279 quid
1213 5215 1416 5278 unctio,
1453 5229 1572 5283 qua:
1611 5217 1691 5268 in-

127 5292 375 5349 dumenta
408 5297 574 5365 ejus,
629 5302 918 5357 conferens
973 5305 1114 5359 intra
1174 5309 1471 5360 sacrarium
1511 5308 1690 5364 cordis

189 5427 241 5510 ‘1
261 5431 469 5510 Cenes.
497 5438 705 5510 nt,_2l.
747 5509 752 5510 γ
797 5441 840 5510 Ρ¹
880 5441 1054 5497 Levit.
1093 5461 1207 5510 vui,
1237 5445 1292 5507 4,
1329 5447 1382 5501 5.

132 5501 173 5532 ⁸⁵
205 5503 373 5562 Colat.
436 5525 470 5563 v
493 5547 510 5571 ,
580 5508 635 5566 2.
712 5509 758 5541 ⁸³
780 5509 987 5566 Coloss.
1023 5530 1080 5577 Il,
1113 5501 1206 5568 16.,
1272 5501 1314 5548 έν
1336 5519 1562 5578 Act.xv.
1589 5501 1676 5577 l0;

126 5619 388 5742 ὶηιᾷιιιζιη
429 5623 564 5678 libb.
612 5628 771 5684 editis
821 5631 1005 5694 deest,
1037 5651 1056 5681 ι
1091 5633 1210 5696 ille,
1245 5652 1264 5684 ι
1295 5637 1388 5690 sed
1425 5638 1692 5704 reperitur

243 5710 283 5742 I5
320 5730 334 5742 ι

257 5711 334 5743 55.

192 5760 302 5826 L75)
334 5760 499 5816 Libb.
526 5765 671 5832 editi,
703 5786 720 5818 ι
752 5749 948 5832 inquit,
979 5789 998 5822 ι
1027 5770 1116 5825 sed
1151 5787 1304 5832 mss..
1336 5793 1352 5824 ι
1387 5776 1627 5832 induam.
1662 5797 1681 5830 ι

1505 5448 1550 5479 δ’
1591 5449 1770 5503 l'l‘im.
1805 5455 1863 5493 ιιι
1923 5437 1976 5495 7.

1751 5516 1798 5549 ιε
1824 5510 2022 5562 Matth.
2054 5524 2106 5571 v,
2141 5505 2226 5562 l9.

1797 4587 2041 4643 apparet,
2078 4575 2210 4642 legis
2262 4574 2494 4625 tunicam
2557 4572 2764 4624 nolunt.
2812 4569 2986 4624 Unam
3017 4581 3248 4636 namque
3279 4567 3359 4621 eis

1794 4666 1974 4728 Jesus,
2017 4677 2070 4718 et
2111 4667 2284 4734 ipsam
2336 4666 2652 4717 interiorem
2691 4663 2892 4715 habere
2922 4658 3216 4728 permittit.
3251 4657 3359 4711 lm-

1793 4759 1944 4827 ponit
1978 4757 2089 4826 (7(5)
2135 4768 2314 4808 tamen
2361 4755 2570 4823 Moyses
2604 4752 2839 4821 pontifici
2894 4761 2948 4804 et
3004 4748 3353 4815 humeralem,

1794 4851 1885 4918 qui
1912 4858 2002 4902 est
2038 4849 2384 4900 humerorum
2420 4847 2637 4916 quidam
2673 4859 2739 4898 ex
2769 4842 3228 4896 circumductione
3259 4856 3356 4896 ve-

1794 4942 1894 4994 stis
1936 4949 2183 4993 ornatus.
2240 4938 2460 4991 Humeri
2510 4949 2688 4990 autem
2741 4948 2964 5004 Operum
2993 4932 3234 5002 ﬁguram
3279 4941 3356 4986 to-

1795 5037 1945 5091 nent,
1981 5043 2045 5079 ac
2091 5026 2293 5079 laboris
2324 5025 2541 5080 indicia.
2578 5023 2702 5077 Vult
2728 5038 2860 5092 ergo
2895 5022 3201 5095 pontificem
3231 5034 3358 5075 esse

1794 5117 1958 5169 etiam
1987 5116 2039 5169 in
2072 5116 2327 5184 Operibus
2358 5125 2631 5179 ornatum,
2668 5131 2768 5170 nec
2811 5114 3008 5170 sufﬁcit
3033 5114 3145 5169 sola
3177 5113 3356 5170 scien-

1799 5212 1890 5272 tia,
1927 5210 2054 5277 quia
2091 5228 2108 5258 ι
2133 5209 2220 5276 qni
2267 5208 2460 5261 fecerit
2493 5217 2546 5261 et
2581 5208 2846 5274 docuerit,
2880 5209 2968 5262 hic
3000 5218 3228 5275 magnus
3258 5217 3358 5260 vo-

1797 5302 2011 5354 cabitur
2041 5301 2090 5353 in
2133 5314 2299 5369 regno
2327 5299 2588 5352 caalorum
2607 5300 2672 5354 ³⁸.
2698 5317 2716 5350 ι

2096 5436 2142 5467 ⁸³
2172 5434 2302 5490 Luc.
2338 5449 2422 5500 ιιι,
2459 5435 2548 5491 Η.
2655 5434 2701 5465 ⁸⁸
2733 5432 2924 5490 Matth.
2952 5447 3007 5500 v,
3033 5431 3105 5486 27
3124 5437 3178 5484 et
3199 5439 3356 5500 seqq.

1844 5624 1985 5710 ⁸(76)
2016 5623 2177 5704 Libb.
2206 5623 2359 5690 editi,
2391 5642 2410 5674 ι
2441 5623 2707 5693 imponet;
2736 5641 2755 5676 ι
2790 5637 2893 5679 ms.
2944 5617 3360 5687 Gemeticensis,

1802 5717 1820 5748 ι
1844 5708 2087 5764 imponit.
2112 5713 2130 5746 ι
