3876 6520
480 256 578 310 ιη

1928 259 2088 315 οιιις
2098 259 2252 314 ENIS

3615 269 3711 324 47⁸1

551 373 605 428 4.
655 391 673 424 ι
698 373 762 428 Et
790 375 980 438 cinxit,
1007 375 1181 442 inquit
1203 375 1273 441 ⁸³,
1301 390 1424 430 eum
1457 377 1753 431 secundum
1786 376 2053 433 facturam
2083 384 2131 441 Α
2161 382 2286 450 quia
2326 398 2429 436 non
2465 394 2589 438 aute
2618 383 2751 438 alios
2791 385 3008 450 docere,
3039 400 3198 453 quam
3245 400 3344 440 nos
3385 386 3626 444 instructi
3664 401 3714 448 et

480 461 799 518 humeralis.
826 483 844 515 ι
891 463 1007 518 Jam
1055 473 1110 519 et
1155 468 1406 534 superius
1464 468 1675 522 dixerat
1718 469 1843 539 quia
1881 470 2052 524 cinxit

479 567 603 608 eum
633 569 824 608 zonam
869 568 1035 624 super
1065 556 1326 623 tunicam,
1363 567 1418 612 et
1449 560 1610 613 modo
1647 560 1846 614 iterum
1870 561 2044 630 cingi-

483 655 573 700 tur
597 646 894 701 secundum
939 648 1208 703 facturam
1253 651 1570 707 humeralis.
1604 651 1758 721 Quod
1793 662 1877 707 est
1910 651 2052 707 istud

483 735 679 804 duplex
727 736 1025 806 cingulum,
1078 754 1188 808 quo
1241 741 1602 796 constriCtum
1659 739 1773 795 vult
1821 757 1942 796 esse
1985 756 2052 795 ex

483 826 630 880 0mm
664 836 818 896 parte
873 830 1229 900 pontificem?
1271 832 1616 889 Constrictus
1662 833 1733 887 sit
1779 833 1832 887 in
1863 833 2050 896 verbo,

483 919 817 974 constrictus
849 921 902 974 in
930 937 1118 990 opere,
1145 925 1434 993 expeditus
1464 925 1531 979 ad
1566 924 1767 988 omnia,
1805 925 1938 978 nihil
1963 939 2052 978 re-

483 1009 729 1076 missum,
761 1013 892 1068 nihil
923 1015 1122 1069 habeat
1146 1016 1488 1072 dissolutum.
1518 1016 1814 1073 Accinctus
1839 1018 1909 1072 sit
1938 1017 2053 1070 ani-

485 1101 557 1153 mi
591 1101 904 1170 virtutibus,
947 1107 1278 1162 constrictus
1305 1109 1374 1163 sit
1405 1124 1434 1162 a
1472 1108 1847 1178 corporalibus
1881 1110 2050 1172 vitiis,

397 1207 402 1212 λ
481 1191 688 1247 nullum
733 1196 931 1250 animae
976 1196 1208 1266 lapsum,
1257 1198 1459 1254 nullum
1536 1201 1783 1270 corporis
1842 1203 2048 1265 timeat,

480 1293 716 1354 utroque
744 1288 962 1358 cingulo
991 1304 1209 1360 semper
1243 1301 1428 1346 utatur
1461 1301 1518 1346 ut
1564 1294 1635 1346 sit
1666 1303 1890 1346 sanctus
1922 1308 2050 1345 cor-

485 1388 618 1440 pore
649 1383 708 1428 et
733 1377 945 1445 spiritu.
982 1377 1125 1434 Bene
1151 1391 1333 1435 autem
1364 1391 1419 1436 et
1449 1385 1745 1437 secundum
1782 1383 2048 1439 facturam

483 1461 786 1522 humeralis
835 1468 1092 1539 cingitur.
1122 1471 1456 1528 Secundum
1512 1474 1650 1529 facta
1701 1475 1841 1528 enim
1871 1491 1967 1526 sua
1996 1484 2050 1529 et

481 1557 778 1612 secundum
805 1575 966 1628 opera
1002 1577 1098 1616 sua
1116 1563 1337 1633 cingulo
1373 1565 1590 1618 virtutis
1617 1566 1808 1619 utitur.
1835 1565 1899 1618 Et
1933 1575 2053 1633 post

480 1645 636 1712 hmc,
691 1646 949 1716 inquit”,
1009 1652 1304 1720 «imposuit
1364 1670 1528 1724 super
1582 1669 1702 1708 eum
1755 1655 1990 1725 legium,
2025 1675 2044 1706 ι

481 1735 626 1803 quod
661 1747 744 1792 est
770 1738 1056 1805 rationale,
1099 1760 1118 1792 ‹
1140 1754 1193 1796 et
1228 1744 1481 1811 imposuit
1509 1759 1671 1812 super
1697 1744 1897 1814 logium
1935 1761 2049 1798 ma-

485 1826 915 1893 nifestationem,
957 1842 1010 1886 et
1057 1834 1363 1896 veritatem,
1429 1842 1484 1888 et
1533 1835 1787 1904 imposuit
1829 1837 2044 1890 mitram

482 1931 648 1986 super
688 1930 852 1988 caput
893 1920 1029 1988 ejus.
1058 1940 1076 1972 ι
1128 1923 1236 1978 Sed
1283 1925 1564 1979 videamus
1634 1925 1762 1994 quid
1825 1925 2044 1995 logium,

483 2008 628 2076 quod
657 2018 740 2065 est
768 2012 1054 2078 rationale,
1089 2016 1375 2085 signiticet.
1414 2015 1772 2085 Posteaquam
1828 2019 2048 2074 nuditas

483 2106 622 2153 tecta
654 2107 758 2165 est,
791 2111 846 2155 et
893 2103 1218 2159 indumentis
1254 2106 1524 2176 turpitttdo
1547 2106 1722 2160 velata
1741 2107 1876 2177 (77),
1900 2119 2049 2178 post-

478 2203 708 2257 eaquam
752 2193 999 2250 munitus
1031 2196 1291 2264 operibus
1331 2207 1388 2252 et
1440 2199 1659 2268 cingulo
1705 2208 1934 2268 utroque
1956 2200 2050 2254 tir-

481 2289 660 2333 matus
686 2288 792 2348 est,
823 2281 1022 2353 logium
1058 2286 1129 2351 ei,
1167 2285 1218 2338 id
1265 2295 1348 2342 est
1384 2287 1668 2353 rationale,
1705 2297 1828 2343 tunc
1880 2289 2048 2343 tradi-

481 2374 592 2426 tur.
627 2367 856 2440 Logium
894 2375 1178 2444 sapientia:
1209 2377 1464 2433 indicium
1505 2380 1754 2448 est,quia
1783 2381 2048 2450 sapientia

483 2456 538 2514 in
573 2460 785 2516 ratione
823 2464 1100 2521 consistit.
1136 2465 1242 2520 Sed
1282 2481 1402 2536 qua:
1448 2468 1520 2522 sit
1562 2468 1847 2538 sapientia:
1887 2468 2049 2537 hujus

479 2561 533 2604 ct
563 2552 790 2608 rationis
819 2556 991 2611 virtus
1023 2559 1283 2614 ostendit.
1334 2559 1566 2629 lmponit
1590 2562 1734 2616 enim
1765 2578 1927 2631 super
1963 2579 2050 2617 ra-

482 2643 763 2711 tionalem,
793 2647 1284 2703 manifestationem
1317 2659 1371 2705 et
1403 2651 1708 2706 veritatem.
1752 2652 1868 2708 Non
1900 2654 2046 2708 enim

485 2729 683 2786 sullicit
724 2735 968 2803 pontiﬁci
1016 2735 1219 2793 habere
1267 2740 1626 2807 sapientiam,
1661 2750 1717 2796 et
1759 2743 1898 2798 scire
1931 2759 2050 2800 oms-

481 2821 634 2876 uium
672 2827 955 2888 rationem,
999 2827 1102 2881 nisi
1154 2829 1323 2897 possit
1372 2832 1536 2884 etiam
1585 2833 1782 2902 populo
1824 2833 2048 2889 manife-

484 2919 632 2965 stare
658 2928 780 2980 qute
810 2914 980 2969 novit.
1011 2914 1137 2972 Ideo
1161 2933 1291 2987 ergo
1327 2919 1620 2988 imponitur
1649 2921 1896 2978 rationali
1934 2939 2048 2977 ma-

477 3003 777 3068 nifestatio,
819 3017 879 3060 ut
912 3009 1084 3076 possit
1123 3011 1451 3078 respondere
1509 3012 1654 3066 omni
1694 3016 1935 3083 poscenti
1985 3031 2044 3072 se

477 3089 748 3144 rationem
803 3095 870 3148 de
915 3093 1018 3149 (ide
1049 3104 1104 3150 et
1137 3097 1388 3153 veritate.
1421 3097 1646 3154 Ponitur
1670 3112 1848 3157 autem
1881 3118 2044 3174 super

476 3176 608 3232 illud
642 3191 698 3234 et
743 3183 968 3249 veritas,
999 3195 1056 3240 ut
1092 3188 1196 3240 non
1251 3188 1344 3242 illa
1394 3200 1628 3257 astruat,
1669 3209 1789 3262 qua:
1822 3196 2044 3263 proprio

475 3273 792 3339 excogitare
841 3287 1019 3345 potest
1064 3278 1301 3349 ingenio,
1355 3283 1446 3335 sed
1475 3297 1596 3350 qua:
1627 3286 1829 3339 veritas
1860 3286 2044 3354 habet,

475 3377 578 3416 nec
621 3379 856 3434 unquam
909 3383 937 3421 a
991 3371 1220 3425 veritate
1262 3373 1529 3436 discedat,
1565 3384 1620 3428 ut
1655 3375 1708 3429 iu
1753 3379 1898 3432 omni
1930 3393 2046 3434 ser-

478 3467 642 3507 mone
684 3454 802 3524 ejus
853 3471 1071 3526 semper
1115 3461 1321 3518 veritas
1355 3475 1593 3519 maneat.
1625 3465 1740 3522 Hoc
1787 3476 1869 3523 est
1911 3484 2042 3540 ergo

473 3547 888 3614 superposuisse
944 3550 1193 3604 rationali
1245 3553 1734 3610 manifestatiouem
1768 3566 1820 3612 et
1853 3561 2046 3614 verita-

475 3641 603 3686 tem.
641 3633 890 3692 Infelices
922 3638 1020 3705 illi,
1048 3641 1140 3710 qui
1170 3644 1284 3698 lucc
1317 3642 1557 3714 legentes
1581 3662 1800 3703 omnem
1845 3651 2047 3706 intelli-

473 3725 709 3792 gentiam
762 3744 914 3784 suam
956 3745 1084 3802 erga
1135 3748 1354 3789 sensum
1403 3738 1716 3792 vestimenti
1739 3742 2042 3810 corporalis

470 3813 778 3872 ell'unduntt
809 3819 1002 3876 Dicant
1033 3823 1189 3878 nobis
1217 3825 1375 3893 quale
1399 3837 1482 3881 est
1512 3828 1893 3884 vestimentum
1928 3847 2042 3886 ma-

473 3905 866 3979 nifestatiouis,
916 3923 1010 3968 aut
1050 3916 1421 3972 indumentum
1453 3921 1611 3988 quale
1644 3933 1728 3976 est
1755 3923 2026 3979 veritatis.

477 3996 534 4051 Si
562 3999 686 4067 quis
718 4016 954 4071 unquam
986 4005 1136 4072 vidit,
1168 4007 1212 4061 si
1251 4010 1372 4076 quis
1406 4011 1613 4065 audivit
1648 4013 2041 4069 manifestatio-

475 4105 601 4146 nem
633 4103 690 4148 et
719 4097 1004 4151 veritatem
1037 4101 1353 4156 vestimenta
1390 4105 1678 4168 nominari,
1711 4107 1892 4160 dicant
1940 4123 2036 4161 uo-

477 4182 564 4238 bis
599 4199 720 4254 qua
765 4189 876 4242 sint
917 4191 1172 4246 mulieres
1220 4211 1338 4263 qua:
1383 4196 1484 4250 ista
1535 4200 1784 4265 texerint,
1829 4202 1881 4254 in
1932 4215 2040 4270 quo

480 4274 598 4330 haec
647 4292 882 4348 unquam
914 4284 1027 4336 sint
1055 4285 1304 4341 confecta
1353 4290 1612 4343 textrino.
1642 4292 1745 4345 Sed
1774 4293 1819 4345 si
1851 4308 2037 4346 verum

2155 478 2505 532 rationabiles
2539 492 2661 532 esse
2691 477 2970 535 debemus.
3001 478 3176 546 Super
3219 479 3330 534 hare
3370 489 3551 534 autem
3577 483 3713 539 addi-

2156 575 2244 619 tur
2273 567 2494 631 veritas,
2520 568 2648 635 quia
2677 568 2882 623 veritas
2930 577 3014 622 est
3053 583 3261 622 summa
3304 570 3590 638 sapientia.
3623 570 3714 627 llo-

2155 659 2317 726 uique
2353 658 2614 726 pr0pheta
2646 659 2792 712 hunc
2821 660 3076 714 eumdem
3107 662 3354 714 ordinem
3376 671 3562 715 servat
3589 678 3700 716 cum

2154 746 2352 801 dicit“
2382 761 2396 799 :
2436 765 2454 798 ι
2489 745 2768 801 Seminate
2813 747 2970 802 vobis
3010 749 3078 802 ad
3118 748 3411 816 justitiam,
3440 760 3497 803 et
3528 751 3704 804 metite

2156 837 2392 891 fructum
2433 837 2577 904 vitaz,
2612 838 2916 892 illuminate
2971 840 3126 894 vobis
3170 839 3349 894 lumen
3395 841 3664 897 scientiae.
3690 860 3707 894 ι

2155 928 2319 983 Vides
2345 929 2617 997 quomodo
2649 944 2752 983 non
2807 930 2941 984 dicit
2981 931 3157 998 primo
3187 948 3205 981 ι
3229 931 3538 985 illuminate
3578 932 3715 985 vobis

2154 1019 2331 1073 lumen
2384 1019 2644 1083 scientia,
2673 1037 2693 1072 ι
2741 1020 2834 1073 sed
2884 1021 3058 1090 primo
3089 1039 3108 1072 ‹
3157 1023 3422 1076 seminate
3470 1023 3628 1076 vobis
3657 1022 3713 1074 ad

2147 1110 2434 1180 justitiam,
2464 1129 2483 1162 ι
2521 1120 2575 1164 et
2610 1126 2714 1164 non
2757 1109 2954 1165 sufﬁcit
3000 1111 3292 1177 seminare,
3337 1115 3435 1167 sed
3473 1131 3494 1164 ι
3523 1114 3712 1175 metite,

2154 1201 2349 1270 inquit,
2379 1200 2611 1255 fructum
2643 1202 2788 1262 vitm,
2813 1221 2831 1254 ι
2869 1211 2924 1254 ιιι
2952 1211 3074 1271 post
3109 1202 3221 1257 haec
3253 1204 3473 1272 possitis
3504 1204 3718 1273 implere

2151 1291 2294 1359 quod
2329 1292 2600 1359 sequitur,
2642 1309 2660 1343 ι
2691 1292 2996 1346 illuminate.
3025 1293 3176 1346 vobis
3205 1292 3386 1348 lumen
3419 1295 3714 1349 scientiae.»

2153 1381 2244 1437 Sic
2277 1397 2410 1452 ergo
2447 1383 2613 1450 218
2639 1382 2803 1436 etiam
2850 1383 2940 1436 hic
2982 1383 3282 1452 imponitur
3308 1383 3612 1437 humeralis
3640 1400 3722 1438 or-

2153 1483 2332 1539 natus,
2384 1482 2436 1526 et
2487 1486 2592 1524 non
2639 1470 2837 1525 sufﬁcit
2888 1471 3035 1526 solus
3086 1480 3312 1526 ornatus
3345 1469 3486 1542 (79),
3523 1473 3622 1524 sed
3669 1482 3721 1524 et

2154 1579 2286 1617 zona
2337 1561 2751 1630 constringitur.
2787 1561 2892 1616 Sed
2944 1577 3012 1617 ne
3062 1562 3161 1616 hoc
3194 1563 3411 1631 quidem
3455 1562 3596 1616 satis
3621 1572 3720 1626 est,

2153 1655 2392 1711 secundo
2430 1654 2606 1708 adhuc
2646 1655 2904 1722 cingitur,
2960 1664 3018 1707 ut
3060 1655 3134 1708 ita
3189 1655 3408 1708 demum
3459 1655 3722 1709 rationale

2155 1746 2327 1816 possit
2371 1747 2601 1813 imponi,
2650 1754 2701 1799 et
2747 1747 3010 1813 posthaec
3039 1747 3404 1802 manifestatio
3429 1745 3718 1815 subsequa-

2154 1850 2242 1893 tur
2272 1847 2327 1892 et
2363 1839 2587 1892 veritas.
2618 1837 2711 1892 His
2742 1838 3073 1893 indumentis
3102 1839 3342 1908 pontifex
3371 1848 3581 1894 utatur.
3609 1837 3717 1892 Tali

2150 1940 2344 1998 ornatu
2379 1929 2533 1984 debet
2566 1929 2736 1996 indui,
2769 1930 2858 1997 qui
2893 1931 3252 1984 sacerdotium
3280 1930 3440 1994 gerit.

2223 2026 2275 2079 5.
2318 2023 2424 2079 Sed
2474 2023 2708 2078 nondum
2759 2022 2954 2084 tiuivit,
2997 2031 3053 2075 et
3105 2021 3243 2075 alius
3273 2021 3452 2074 adhuc
3498 2030 3718 2074 ornatus

2153 2113 2436 2168 addendus
2483 2123 2586 2175 est,
2621 2126 2844 2167 necesse
2877 2122 2962 2166 est
3004 2121 3064 2165 ut
3108 2111 3346 2178 accipiat
3369 2110 3537 2164 etiam
3567 2123 3718 2162 com-

2151 2219 2298 2259 nam.
2356 2203 2648 2272 Pr0pterea
2691 2203 2888 2270 accipit
2933 2203 3105 2270 primo
3154 2201 3408 2266 cidarim,
3453 2201 3600 2270 quod
3643 2210 3718 2254 est

2149 2295 2236 2350 vel
2281 2295 2676 2362 operimentum
2731 2294 3001 2362 quoddam
3055 2291 3270 2361 capitis,
3301 2291 3387 2346 vel
3431 2305 3717 2344 ornamen-

2153 2395 2284 2440 tum.
2323 2385 2392 2439 Et
2425 2392 2546 2454 post
2582 2383 2698 2438 haec
2743 2382 3206 2451 superimponitur
3254 2383 3300 2436 ei
3347 2381 3533 2436 mitra.
3583 2385 3715 2434 Ante

2149 2472 2368 2536 faciem,
2410 2472 2461 2524 id
2511 2480 2602 2537 est,
2640 2484 2670 2524 a
2725 2468 2898 2524 fronte
2951 2470 3247 2540 pontiﬁcis,
3295 2469 3500 2525 lamina
3558 2485 3713 2524 aurea

2149 2565 2512 2629 sanctificata,
2536 2565 2588 2618 in
2615 2578 2720 2632 qua
2744 2562 3012 2639 sculptum
3031 2561 3237 2618 dicitur
3255 2560 3582 2618 vocabulum
3604 2561 3710 2616 Dei.

2153 2659 2354 2714 Verum
2383 2657 2490 2711 iste
2512 2657 2707 2726 capitis
2732 2667 2981 2718 ornatus,
3013 2656 3102 2710 ubi
3132 2670 3327 2710 nomen
3367 2655 3464 2709 Dei
3498 2654 3714 2724 imposi-

2156 2760 2270 2805 tum
2305 2749 2528 2815 dicitur,
2567 2756 2687 2816 post
2719 2747 2808 2802 illa
2865 2747 3045 2800 omnia
3076 2747 3277 2816 quibus
3307 2745 3571 2801 inferiora
3602 2762 3711 2799 ror-

2149 2841 2296 2910 poris
2327 2841 2570 2894 membra
2627 2838 2845 2893 fuerant
2898 2848 3182 2903 exornata,
3225 2841 3631 2908 superponitur.
3657 2835 3710 2889 In

2151 2946 2259 3000 quo
2291 2929 2420 2984 mihi
2455 2916 2684 2982 indicari
2712 2928 2947 2991 videtur,
2979 2928 3122 2995 quod
3170 2940 3333 2995 super
3361 2925 3573 2984 omnia,
3601 2939 3710 2993 qua

2070 3055 2112 3114 ο
2149 3021 2216 3076 de
2245 3022 2446 3074 mundo
2481 3018 2564 3072 vel
2594 3019 2661 3073 de
2687 3017 2903 3072 caeteris
2952 3015 3219 3070 creaturis
3265 3014 3480 3078 sentiri,
3511 3023 3606 3067 aut
3635 3015 3710 3066 in-

2101 3103 2112 3134 ⁷
2151 3111 2316 3181 telligi
2357 3120 2603 3180 possunt,
2631 3108 2963 3174 eminentior
3013 3117 3272 3175 tauquam
3322 3103 3568 3160 auctoris
3596 3121 3707 3159 om-

2147 3203 2294 3258 nium
2342 3202 2567 3258 scientia
2622 3200 2716 3256 Dei
2759 3202 2848 3255 sit.
2876 3199 2944 3254 Et
2989 3201 3117 3270 quia
3152 3200 3266 3268 ipse
3285 3207 3454 3266 caput
3478 3208 3565 3252 est
3601 3212 3710 3251 om-

2146 3297 2316 3363 nium,
2350 3297 2471 3351 ideo
2499 3305 2552 3349 et
2577 3304 2803 3348 ornatus
2824 3294 2923 3347 iste
2947 3306 3109 3361 super
3128 3291 3309 3346 omnia
3336 3291 3498 3359 capiti
3528 3304 3708 3359 super—

2145 3388 2386 3456 ponitur.
2414 3385 2556 3439 Nihil
2583 3384 2729 3440 enim
2751 3394 2872 3454 post
2900 3385 3014 3438 tunc
3039 3382 3290 3452 adjicitur
3323 3380 3598 3450 pontiﬁcis
3624 3394 3707 3434 ca-

2145 3477 2265 3547 piti.
2302 3475 2367 3531 Et
2390 3476 2508 3530 ideo
2537 3475 2719 3529 miseri
2745 3483 2872 3527 sunt
2902 3473 2974 3526 illi
3005 3472 3072 3526 de
3102 3471 3297 3540 quibus
3323 3468 3458 3523 dicit
3481 3469 3704 3536 Aposto-

2146 3568 2314 3633 lus“,
2344 3567 2472 3636 quia
2504 3580 2611 3620 non
2663 3573 2845 3619 tenent
2883 3583 2902 3615 ι
2927 3573 3109 3634 caput,
3145 3577 3211 3618 ex
3252 3577 3360 3630 quo
3385 3559 3566 3616 omnis
3589 3559 3706 3627 jou-

2145 3669 2294 3714 ctura
2326 3673 2569 3714 connexa
2595 3665 2649 3711 et
2681 3655 3058 3724 compaginata
3085 3653 3285 3708 crescit
3315 3653 3367 3704 in
3413 3650 3707 3704 incremen-

2147 3760 2259 3805 tum
2290 3750 2382 3804 Dei
2419 3751 2472 3802 in
2507 3747 2723 3816 spiritu.
2757 3764 2776 3798 ι
2812 3744 2917 3799 Sed
2945 3759 3042 3797 nos
3087 3744 3132 3796 si
3183 3743 3324 3796 bene
3354 3737 3709 3794 intelleximus

2144 3841 2266 3910 quis
2301 3841 2370 3894 sit
2407 3838 2708 3894 sacerdotis
2732 3843 2978 3900 ornatus,
3012 3834 3174 3902 quive
3197 3846 3364 3901 super
3409 3829 3592 3884 omnia
3613 3829 3703 3880 hoc

2145 3947 2243 3986 nor
2275 3932 2466 4000 capitis
2509 3929 2648 3997 ejus,
2677 3928 3063 3998 mysteriorum
3100 3925 3412 3978 divinorum
3445 3920 3700 3991 profunda

2146 4026 2432 4088 rimantes,
2464 4037 2568 4076 non
2612 4022 2754 4075 scire
2800 4028 3012 4073 tantum
3053 4019 3168 4076 hmc
3200 4024 3255 4068 et
3283 4014 3494 4077 audire,
3526 4010 3614 4065 sed
3655 4019 3709 4062 et

2145 4113 2368 4182 implere
2411 4112 2786 4166 desideremus
2817 4118 2873 4163 et
2918 4107 3121 4171 facere,
3147 4105 3272 4175 quia
3302 4118 3410 4156 non
3441 4101 3708 4154 auditores

2142 4203 2277 4272 legis
2301 4201 2752 4270 justiticabuntur
2795 4198 2936 4266 apud
2969 4197 3157 4259 Deum,
3193 4194 3288 4248 sed
3319 4191 3572 4247 factores.
3606 4189 3705 4244 Po-

2143 4304 2222 4348 tes
2257 4294 2398 4349 enim
2424 4301 2478 4347 et
2507 4301 2585 4356 tu,
2619 4300 2678 4344 ut
2713 4305 2855 4360 stepe
2884 4288 2991 4357 jam
3027 4288 3286 4349 diximus,
3333 4286 3379 4338 si
3424 4282 3616 4337 studiis
3655 4288 3710 4333 et

470 4366 634 4422 vultis
685 4370 895 4436 audire,
934 4375 1197 4443 sapientia
1229 4389 1311 4430 εει
1355 4392 1478 4446 qua:
1513 4379 1814 4449 hujusmodi
1850 4383 2036 4437 confe-
2069 4392 2116 4450 ι)
2147 4384 2344 4452 vigiliis
2393 4383 2499 4437 tuis
2543 4379 2916 4448 hujuscemodi
2966 4378 3062 4432 tibi
3108 4375 3505 4447 praeparaveris
3554 4373 3708 4425 inda-
3791 4457 3798 4462 ι

470 4458 546 4510 cit
600 4459 939 4518 indumenta.
991 4465 1082 4520 Illa
1137 4466 1476 4522 occultorum
1515 4472 2031 4539 manifestationem,

471 4548 562 4605 illa
593 4554 726 4608 texit
757 4570 936 4612 rerum
959 4558 1201 4613 omnium
1231 4561 1535 4618 veritatem.
1572 4561 1722 4618 Hauc
1749 4579 1880 4634 ergo
1907 4581 2035 4620 ore-

471 4657 592 4697 mus
625 4659 654 4697 a
689 4645 914 4704 Domino
938 4649 1050 4720 (78)
1087 4663 1144 4704 ut
1170 4653 1420 4721 accipere
1465 4669 1792 4720 mereamur,
1830 4667 1885 4710 et
1922 4657 2036 4726 ipsa

475 4749 577 4789 nos
627 4735 826 4794 talibus
874 4742 1236 4798 circumdabit
1286 4746 1635 4800 indumentis.
1681 4749 1785 4801 Sed
1835 4758 1888 4801 et
1924 4750 2037 4817 ipse

471 4824 612 4878 ordo
639 4841 822 4881 rerum
856 4843 1018 4896 quam
1052 4843 1273 4887 sanctus
1305 4834 1398 4901 sit,
1431 4845 1486 4888 et
1531 4850 1694 4904 quam
1746 4838 2033 4904 mirabilis,

466 4914 697 4972 intuere.
734 4916 850 4972 Non
879 4922 1246 4993 antelogium,
1283 4934 1335 4979 et
1367 4935 1550 4994 postea
1589 4928 2029 4996 humerale,quia

467 5020 575 5059 non
599 5014 729 5063 ante
772 5010 1039 5079 sapientia
1085 5029 1246 5082 quam
1296 5031 1482 5083 opera,
1519 5017 1612 5072 sed
1667 5020 1818 5086 prius
1865 5036 2029 5086 opera

466 5097 657 5153 haberi
703 5101 919 5169 debent,
961 5111 1016 5158 et
1057 5114 1250 5173 postea
1291 5109 1581 5174 quaerenda
1629 5110 1898 5180 sapientia
1925 5122 2026 5168 est.

464 5189 606 5246 Tum
643 5193 837 5249 deinde
863 5210 967 5251 non
1002 5207 1128 5252 ante
1158 5197 1528 5254 manifestatio
1551 5215 1712 5269 quam
1741 5205 2025 5273 rationale,

551 5331 596 5366 ⁸⁹
623 5331 798 5388 Levit.
827 5349 942 5398 vnt,
967 5333 1018 5387 7.
1087 5336 1131 5369 ’°
1157 5337 1313 5402 ibid.,
1343 5339 1398 5395 8.

464 5535 518 5578 ω
533 5455 647 5527 (77)
679 5456 880 5514 Omnes
917 5473 1071 5524 mss.,
1119 5476 1138 5510 ι
1161 5459 1358 5515 velata.
1385 5479 1404 5513 ι
1440 5461 1601 5520 Libb.
1634 5467 1784 5533 editi,
1828 5486 1847 5520 ι
1880 5468 2032 5524 vela-

529 5543 570 5578 Γ.
607 5545 626 5578 ι

529 5543 626 5578 Γ.)

2144 4487 2351 4543 menta,
2383 4475 2428 4529 si
2471 4483 2523 4528 te
2552 4474 2804 4537 ablucrit,
2834 4480 2888 4525 et
2921 4472 3178 4524 mundum
3211 4468 3406 4522 fecerit
3432 4479 3607 4520 sermo
3635 4462 3708 4514 lc-

2141 4567 2244 4636 gis,
2275 4575 2329 4620 et
2366 4565 2551 4619 unctio
2597 4563 2936 4626 chrismatis,
2967 4570 3022 4614 et
3063 4559 3239 4627 gratia
3288 4558 3343 4611 in
3379 4567 3430 4610 te
3459 4551 3708 4624 baptismi

2141 4655 2570 4710 incontatninata
2614 4653 2916 4718 duraverit,
2979 4653 3024 4706 si
3076 4651 3300 4705 indutus
3339 4646 3507 4702 fueris
3551 4643 3706 4696 indu‘

2140 4747 2336 4802 mentis
2372 4746 2680 4815 duplicibus
2707 4745 2899 4798 littera!
2935 4759 2999 4797 ac
3044 4742 3300 4811 spiritus,
3331 4740 3379 4794 si
3417 4739 3582 4793 etiam
3610 4737 3707 4787 duo

2140 4839 2358 4908 pliciter
2392 4836 2722 4907 accingaris,
2753 4845 2813 4890 ut
2851 4848 3022 4890 carne
3063 4845 3118 4888 et
3164 4835 3350 4887 animo
3377 4841 3566 4886 castus
3606 4828 3701 4890 sis,

2138 4931 2182 4984 si
2210 4930 2480 4985 humerali
2518 4943 2769 4998 operum,
2799 4937 2853 4980 et
2880 4927 3159 4994 sapientia:
3190 4923 3441 4978 rationali
3469 4921 3706 4982 emeris,

2137 5023 2180 5076 si
2200 5024 2365 5078 etiam
2395 5020 2673 5074 mitratibi
2701 5028 2756 5074 et
2781 5018 2982 5074 lamina
3012 5032 3198 5081 aurea,
3223 5014 3494 5085 plenitudo
3519 5013 3706 5064 scien-

2135 5115 2224 5169 tia:
2252 5113 2344 5168 Dei
2382 5122 2548 5182 caput
2575 5120 2823 5174 coronet,
2860 5111 3002 5165 scito
3031 5119 3083 5162 te
3109 5107 3328 5163 etiamsi
3361 5105 3496 5176 apud
3521 5102 3700 5158 humi-

2135 5222 2234 5262 nes
2286 5206 2457 5261 lateas
2483 5215 2541 5261 et
2575 5203 2867 5274 ignoreris,
2907 5203 3048 5270 apud
3103 5200 3271 5256 Deum
3329 5208 3494 5252 tamen
3541 5206 3708 5262 agere

1494 5340 1700 5399 "Osee.
1734 5361 1787 5413 x,
1821 5345 1910 5400 12.
1987 5348 2032 5379 ⁸³
2059 5347 2176 5404 Col.
2211 5363 2271 5414 ιι,
2307 5349 2391 5404 l9.

2213 5471 2323 5542 (79)
2355 5471 2410 5524 ln
2456 5487 2589 5526 mss.
2621 5472 2794 5536 deest,
2823 5491 2842 5525 ι
2870 5472 3021 5528 solus
3057 5478 3302 5542 ornatus.
3331 5487 3349 5520 ι
3379 5466 3522 5542 intra
3571 5481 3706 5542 mss.

2137 5538 2360 5606 habent,
2401 5551 2498 5595 tet
2539 5544 2679 5599 alius
2731 5543 2906 5599 adhuc
2954 5554 3199 5598 ornatus.
3236 5558 3254 5592 ι
3286 5541 3341 5594 lu
3375 5538 3496 5592 libb.
3540 5540 3702 5592 editis

676 5599 878 5654 Omnes
911 5615 1067 5668 mss.,
1100 5618 1119 5652 ι
1145 5615 1174 5655 a
1200 5600 1450 5660 Domino.
1483 5624 1502 5657 ι
1532 5604 1694 5662 Libb.
1721 5607 1874 5677 editi,
1907 5625 1928 5662 ι
1958 5609 2028 5664 ad
2132 5613 2308 5678 deest,
2345 5596 2587 5685 ialius.»

466 5665 767 5722 Dominum.
795 5689 814 5722 ι
