3876 6496
159 315 262 377 473

1318 314 1387 369 ΙΝ
1424 314 1797 373 LEVlTlCUM
1844 312 2123 370 HOMIIJA
2175 314 2263 369 Vl.

3282 308 3389 364 474

158 435 523 507 pontificatum
558 432 701 491 intra
730 434 923 488 animae
951 443 1052 488 tuae
1081 435 1357 503 templum.
1398 455 1416 487 ι
1436 435 1545 490 Vos
1574 436 1718 491 enim
1750 439 1797 497 Α
1826 434 2122 489 indumenti
2148 433 2404 487 indicium
2430 430 2694 488 castitatis
2722 427 2915 494 videri,
2939 441 3046 497 quo
3071 424 3152 480 vel
3178 424 3384 481 femora

160 526 287 580 estis
320 525 573 593 templum
608 525 699 578 Dei
738 526 869 589 vivi,
903 526 945 580 si
979 526 1201 595 spiritus
1254 527 1343 581 Dei
1402 527 1613 582 habitat
1666 527 1718 581 in

160 615 307 669 vobis
331 615 397 668 ".
430 635 447 667 ι
488 614 614 671 Post
634 615 749 671 haec
782 632 900 684 quae
928 617 994 670 de
1022 618 1435 673 consecratione
1480 618 1597 688 ejus
1640 619 1721 673 dio

160 716 355 760 cuntur
399 714 453 762 et
502 708 568 761 de
618 709 895 774 unctione,
933 709 1166 778 sparsim
1211 725 1242 764 a
1294 710 1452 765 nobis
1482 721 1536 765 et
1580 727 1723 782 saepe

159 798 387 852 disserta
419 809 565 852 sunt.

226 887 278 939 6.
322 887 475 952 Quod
524 896 701 943 autem
760 889 996 946 dicit“:
1041 908 1059 942 ι
1088 889 1155 945 Ει
1204 891 1464 961 applicuit
1512 891 1722 963 Moyses

157 977 296 1033 filios
324 979 529 1044 Aaron,
562 990 616 1034 et
646 980 823 1036 induit
848 996 943 1036 eos
971 983 1203 1044 tunicas,
1230 992 1283 1037 et
1319 984 1603 1054 praecinxit
1625 1001 1721 1041 eos

157 1084 344 1135 zonas,
383 1080 437 1124 et
468 1071 725 1140 imposuit
754 1073 835 1127 eis
883 1074 1118 1140 cidares,
1147 1076 1285 1130 sicut
1325 1077 1583 1146 praecepit
1614 1076 1721 1132 Do-

155 1157 333 1211 minus
374 1158 601 1229 Moysi,»
640 1162 1027 1217 attendendum
1089 1175 1173 1220 est
1209 1182 1326 1236 quae
1363 1169 1433 1222 sit
1467 1168 1721 1224 differen-

156 1246 226 1300 tia
270 1248 460 1303 horum
499 1251 615 1321 (80)
642 1253 1013 1320 sacerdotum,
1043 1258 1109 1311 ad
1153 1258 1357 1327 majora
1391 1264 1719 1317 sacerdotia.

154 1333 277 1389 istis
322 1352 495 1406 neque
528 1339 652 1394 bina
694 1342 1008 1400 indumenta
1064 1347 1370 1413 traduntur,
1418 1365 1592 1418 neque
1618 1352 1721 1406 htt-

153 1426 372 1480 meralis
422 1443 603 1498 neque
656 1432 960 1499 rationalis,
997 1451 1170 1506 neque
1224 1440 1416 1509 capitis
1475 1451 1720 1510 ornatus,

152 1516 255 1570 nisi
300 1526 505 1573 tantum
539 1522 742 1578 cidaris
777 1532 830 1578 et
879 1540 1049 1592 zonae,
1086 1544 1209 1598 quae
1258 1533 1500 1587 tunicam
1552 1536 1722 1590 strin-

152 1616 302 1675 gant.
339 1607 402 1659 Et
447 1610 535 1664 i5ti
574 1627 705 1679 ergo
736 1614 1013 1683 accipiunt
1048 1620 1337 1674 sacerdotii
1381 1624 1632 1691 gratiam,
1667 1635 1723 1681 et

151 1696 239 1751 isti
275 1698 574 1770 funguntur
609 1703 808 1771 oﬂicio,
835 1708 929 1760 sed
961 1723 1064 1762 non
1116 1719 1175 1763 ut
1213 1710 1288 1764 illi
1327 1713 1418 1781 qui
1450 1723 1501 1768 et
1530 1717 1723 1771 hume-

149 1785 250 1840 rali
275 1797 331 1841 et
357 1791 613 1845 rationali
665 1804 894 1849 ornatus
921 1806 1027 1861 est,
1063 1796 1154 1865 qui
1189 1800 1627 1858 manifestatione
1669 1816 1723 1859 et

157 1880 391 1935 veritate
430 1883 758 1952 resplendet,
786 1887 879 1954 qui
932 1902 1112 1943 aureae
1142 1890 1353 1945 laminae
1404 1906 1722 1951 ornamento

148 1969 465 2027 decoratur.
504 1974 656 2030 Unde
691 1978 928 2033 arbitror
967 1982 1111 2036 aliud
1158 1998 1280 2037 esse
1320 1984 1375 2037 in
1425 1990 1723 2043 sacerdOti-

146 2061 254 2117 bus
281 2065 459 2122 ofﬁcio
491 2066 660 2138 fungi,
698 2070 843 2125 aliud
884 2071 1213 2127 instructum
1238 2088 1359 2130 esse
1391 2075 1441 2128 in
1471 2078 1721 2132 omnibus

145 2162 199 2206 et
227 2165 509 2211 ornatum.
537 2158 727 2224 Quiris
773 2163 918 2215 enim
951 2172 1130 2233 potest
1156 2164 1383 2219 solemni
1418 2167 1722 2223 ministerio

146 2242 301 2314 fungi
337 2247 403 2301 ad
432 2250 700 2318 populum,
730 2254 883 2322 pauci
909 2263 1089 2310 autem
1125 2269 1250 2310 sunt
1278 2256 1371 2327 qui
1392 2260 1571 2313 ornati
1602 2276 1719 2314 mo-

149 2336 328 2402 ribus,
362 2339 615 2396 instructi
662 2344 934 2412 doctrina,
965 2349 1230 2417 sapientia
1261 2350 1481 2416 eruditi,
1514 2352 1580 2406 ad
1608 2368 1722 2407 ma-

148 2428 519 2487 nifestandam
588 2436 873 2493 veritatem
937 2455 1115 2494 rerum
1171 2443 1469 2511 peridonei,
1513 2453 1568 2498 et
1625 2446 1719 2514 qui

146 2521 442 2577 scientiam
479 2524 603 2580 fidei
658 2544 763 2583 non
803 2531 923 2584 sine
977 2544 1301 2588 ornamento
1365 2549 1622 2589 sensuum
1667 2546 1721 2592 et

140 2612 507 2669 assertionum
524 2614 733 2686 fulgore
761 2619 1096 2690 depromant‘,
1124 2624 1269 2693 quod
1298 2639 1477 2679 aureae
1504 2625 1721 2682 lamina:

142 2703 308 2772 capiti
343 2705 632 2774 impositus
672 2710 921 2780 designat
951 2724 1199 2769 ornatus.
1235 2715 1412 2770 Unum
1445 2718 1610 2786 igitur
1635 2728 1720 2775 est

141 2793 442 2850 sacerdotii
497 2810 714 2861 nomen,
748 2801 841 2853 sed
888 2817 992 2855 non
1047 2820 1174 2867 una,
1211 2805 1293 2858 vel
1327 2821 1424 2873 pro
1450 2808 1573 2861 vitae
1607 2823 1719 2863 me-

141 2883 275 2952 rito,
309 2886 398 2942 vel
447 2903 545 2957 pro
593 2891 759 2945 animi
793 2893 1088 2949 virtutibus
1121 2896 1379 2965 dignitas.
1413 2898 1481 2953 Et
1516 2899 1638 2955 ideo
1661 2902 1717 2957 in

137 2974 224 3030 his
248 2992 375 3045 quae
410 2979 497 3033 lex
531 2981 711 3036 divina
752 2984 1029 3050 describit,
1064 2986 1223 3040 veluti
1278 2987 1330 3041 in
1380 2990 1599 3058 speculo
1634 2991 1719 3045 itt-

1824 525 2046 593 0periri,
2069 525 2152 578 vel
2188 522 2481 592 constringi
2512 538 2667 577 renes
2693 521 2943 575 videntur
2986 534 3050 573 ac
3090 517 3285 581 lumbi,
3317 532 3388 572 ne

1828 617 1991 683 forte,
2034 617 2278 685 inquam,
2325 631 2429 669 non
2474 628 2687 684 semper
2710 612 2767 667 in
2808 612 2914 666 illis
2944 610 3035 681 qui
3073 620 3197 664 tunc
3226 616 3387 665 erant

1824 708 2159 773 sacerdotes,
2207 707 2304 761 has
2344 718 2524 775 partes
2565 706 2710 758 dicat
2740 717 2860 758 esse
2886 702 3231 757 constrictas.
3268 700 3385 753 Ali-

1824 800 2041 870 quando
2072 800 2214 852 enim
2252 806 2305 853 et
2334 798 2399 851 de
2434 796 2755 865 posteritate
2788 795 3027 864 generis,
3052 802 3105 848 et
3152 795 3220 848 de
3264 806 3391 847 suc-

1824 907 1981 945 cessu
2033 891 2236 945 sobolis
2277 888 2612 957 indulgetur.
2651 886 2756 940 Sed
2788 900 2889 955 ego
2918 885 2969 939 in
3012 882 3387 939 sacerdotibus

1824 980 2080 1036 Ecclesiae
2124 978 2431 1047 huiusmodi
2484 975 2894 1043 intelligentiam
2933 989 3037 1027 non
3073 972 3391 1026 introduxe-

1826 1076 1950 1128 rim.
1978 1072 2150 1126 Aliam
2172 1086 2406 1139 namque
2437 1085 2550 1124 rem
2585 1070 2742 1123 video
2760 1079 3048 1123 occurrere
3077 1064 3391 1135 (8‘2)sacra-

1824 1174 2029 1219 mento.
2069 1162 2233 1231 219
2264 1161 2495 1215 Possunt
2531 1159 2674 1213 enim
2706 1166 2760 1213 et
2791 1157 2843 1211 in
2870 1154 3104 1209 Ecclesia
3128 1154 3387 1208 sacerdo-

1828 1268 1906 1313 tes
1950 1269 2005 1313 et
2057 1261 2312 1313 doctores
2337 1255 2475 1309 ﬁlios
2501 1266 2786 1323 generare,
2816 1250 2955 1303 sicut
2983 1256 3038 1302 et
3068 1246 3155 1300 ille
3190 1247 3278 1314 qui
3304 1245 3387 1298 di-

1825 1349 1983 1404 cebat
2017 1350 2061 1380 θα
2102 1364 2115 1400 :
2155 1364 2173 1398 ι
2218 1345 2405 1400 Εἱιὶοιὶη
2432 1344 2558 1409 mei,
2592 1357 2728 1411 quos
2771 1341 2964 1393 iterum
2996 1336 3264 1406 parturio,
3295 1334 3392 1386 do-

1825 1458 1925 1498 nec
1960 1442 2227 1497 formetur
2256 1440 2504 1496 Christus
2536 1437 2590 1490 in
2633 1436 2804 1490 vobis.
2846 1452 2864 1485 ι
2906 1431 2972 1484 Et
3020 1431 3216 1483 iterum
3258 1425 3395 1480 alibi

1825 1535 1959 1589 dicit
1988 1534 2073 1586 9°:
2117 1551 2136 1585 ς
2167 1531 2409 1586 Tametsi
2447 1528 2612 1583 multa
2645 1526 2809 1581 millia
2848 1525 3261 1593 paedagogorum
3295 1519 3391 1570 ha-

1826 1625 2002 1679 beatis
2052 1625 2107 1678 in
2143 1622 2382 1683 Christo,
2419 1621 2512 1675 scd
2544 1635 2652 1674 non
2698 1616 2896 1671 multos
2926 1623 3131 1683 patres.
3171 1610 3298 1662 Nam
3336 1608 3389 1661 in

1826 1718 2044 1773 Christo
2071 1714 2199 1769 Jesu
2226 1728 2320 1783 per
2347 1712 2696 1781 Evangelium
2730 1723 2830 1779 ego
2867 1722 2966 1761 vos
3015 1703 3201 1774 genui.
3240 1719 3257 1752 ι
3300 1702 3388 1756 Isti

1824 1824 1954 1877 ergo
1983 1808 2231 1861 doctures
2257 1803 2505 1857 Ecclesiae
2537 1803 2589 1855 in
2616 1797 2923 1868 lmjusmodi
2948 1793 3389 1867 generationibus

1826 1894 2180 1966 procreandis
2212 1892 2504 1960 aliquando
2547 1888 2862 1945 constrictis
2894 1884 3245 1941 femoralibus
3275 1880 3388 1952 (85)

1826 1995 2074 2051 utuntur,
2105 1993 2161 2040 et
2200 1982 2471 2036 abstinent
2497 1997 2525 2034 a
2552 1979 2879 2049 generando,
2906 1992 3027 2031 cum
3058 1974 3193 2029 taies
3242 1973 3392 2026 inve—

1826 2079 2008 2133 nerint
2038 2078 2339 2138 auditores,
2372 2075 2424 2128 in
2456 2073 2657 2142 quibus
2686 2073 2861 2125 sciant
2902 2084 2960 2123 se
3007 2067 3242 2121 fructum
3287 2066 3391 2118 ha-

1823 2170 1956 2226 bere
1983 2185 2088 2224 non
2122 2183 2300 2238 posse.
2335 2164 2579 2233 Denique
2606 2172 2661 2217 et
2688 2163 2739 2216 in
2770 2162 2996 2215 Actibus
3026 2161 3386 2229 apostolorum

1826 2261 2064 2315 refertur
2090 2259 2155 2314 de
2202 2257 2546 2327 quibusdam,
2581 2255 2723 2323 quod
2778 2268 2883 2307 non
2933 2261 3226 2322 potuerunt
3256 2249 3388 2321 (84),

1823 2351 2002 2421 inquit
2034 2351 2104 2415 ",
2134 2370 2153 2401 ‹
2205 2350 2258 2403 in
2308 2349 2433 2403 Asia
2463 2346 2689 2400 verbum
2739 2345 2831 2398 Dei
2878 2343 3046 2412 loqui,
3103 2362 3120 2393 ι
3162 2343 3261 2395 hoc
3308 2349 3394 2394 est

1825 2444 2074 2512 imposita
2120 2441 2377 2496 habuisse
2417 2438 2720 2501 ﬁemoralia,
2773 2445 2826 2490 et
2872 2435 3207 2489 continuisse
3231 2448 3291 2487 se
3325 2447 3391 2485 ne

1826 2537 1964 2590 ﬁlios
1994 2536 2346 2605 generarent,
2371 2532 2496 2600 quia
2515 2528 2722 2582 scilicet
2747 2526 2881 2581 tales
2906 2534 3060 2580 erant
3091 2525 3389 2589 auditores,

1824 2628 1877 2681 iu
1931 2627 2126 2696 quibus
2170 2633 2226 2679 et
2274 2637 2461 2677 semen
2519 2620 2741 2688 periret,
2768 2628 2822 2673 et
2852 2633 2954 2671 non
2991 2627 3171 2687 posset
3200 2615 3386 2669 haberi

1821 2718 2115 2774 successio.
2152 2716 2243 2771 Sic
2280 2729 2408 2783 ergo
2446 2713 2697 2768 Ecclesia:
2725 2710 3051 2774 sacerdotes,
3083 2723 3203 2760 cum
3237 2708 3390 2761 inca-

1822 2824 1982 2881 paces
2014 2824 2175 2863 aures
2206 2807 2459 2872 viderint,
2483 2814 2575 2859 aut
2599 2820 2721 2859 cum
2750 2803 3032 2859 simulatos
3067 2800 3175 2871 (85)
3206 2801 3388 2867 inspe-

1820 2902 2002 2955 xerint
2050 2908 2106 2954 et
2158 2898 2469 2969 hypocritas
2515 2898 2811 2959 auditores,
2847 2894 3129 2962 imponant
3172 2905 3390 2958 campe-

1819 3006 1951 3063 stre,
1995 3003 2218 3049 utantur
2241 2991 2611 3054 femoralibus,
2641 3005 2705 3045 ne
2746 2996 2936 3058 pereat
2990 3001 3176 3040 semen
3234 2983 3387 3036 verbi
3434 2981 3445 2997 ‘

138 3070 361 3139 spicere
395 3087 453 3127 se
485 3072 646 3128 debet
680 3076 1048 3144 unusquisque
1071 3080 1413 3133 sacerdotqu
1446 3092 1535 3136 :et
1573 3099 1706 3153 gra-
1743 3101 1786 3158 ο
1822 3089 1940 3153 Dei,
1970 3089 2096 3156 quia
2137 3094 2192 3140 et
2241 3085 2501 3140 Dominus
2548 3084 2735 3136 eadem
2770 3079 2994 3133 mandat
3034 3089 3090 3130 et
3132 3074 3263 3130 dicit
3293 3074 3385 3130 ’δε

135 3162 240 3218 dus
276 3165 462 3219 meriti
512 3166 595 3220 sui
651 3167 775 3221 inde
810 3169 1089 3238 colligere,
1116 3172 1160 3225 si
1208 3187 1267 3226 se
1298 3173 1479 3227 videat
1534 3174 1586 3228 in
1623 3177 1708 3232 bis

135 3254 423 3319 omnibus,
450 3271 569 3326 quae
609 3272 771 3326 supra
812 3260 1185 3328 exposuimus,
1223 3264 1486 3331 positum,
1524 3268 1711 3335 ponti-

136 3349 400 3404 ficalibus
427 3360 680 3405 ornatum
712 3351 822 3422 (8|)
850 3354 1219 3419 ornamentis;
1256 3356 1300 3409 si
1334 3358 1589 3413 conscius
1614 3359 1715 3413 sibi

132 3442 207 3495 sit
237 3442 391 3511 quod
436 3441 518 3496 vel
564 3442 616 3495 in
667 3444 917 3507 scientia,
953 3444 1032 3498 vel
1067 3445 1117 3497 in
1160 3446 1391 3511 actibus,
1422 3449 1502 3502 vel
1542 3451 1593 3502 in
1624 3451 1720 3505 do-

133 3536 324 3589 ctrina
353 3544 538 3590 tantus
569 3552 633 3591 ac
660 3536 782 3591 talis
812 3536 905 3603 sit,
935 3538 1073 3593 sciat
1093 3554 1150 3594 se
1170 3553 1441 3593 summum
1466 3542 1720 3596 sacerdo-

133 3628 272 3681 tium
331 3642 441 3682 non
482 3627 659 3682 solum
694 3629 933 3693 nomine,
966 3631 1057 3684 sed
1100 3640 1154 3685 et
1190 3631 1398 3685 meritis
1446 3633 1717 3688 obtinere.

137 3718 410 3787 Alioquin
461 3718 776 3773 inferiorem
825 3719 927 3774 sibi
976 3722 1201 3790 gradum
1237 3721 1474 3789 positum
1507 3723 1717 3777 noverit

130 3810 363 3865 etiamsi
392 3812 553 3881 primi
594 3827 789 3866 nomen
810 3815 1101 3882 acceperit.
1136 3813 1245 3867 Nos
1269 3828 1401 3869 sane
1428 3831 1532 3869 non
1561 3816 1721 3870 debet

127 3903 427 3972 praeterire
496 3905 660 3958 etiam
702 3906 822 3970 hoc,
863 3906 1005 3975 quod
1054 3915 1231 3975 potest
1285 3923 1315 3962 a
1373 3909 1616 3963 SludiOSO
1650 3907 1722 3963 le-

125 4004 293 4049 ctore
345 3994 600 4063 proferri,
658 3997 709 4050 in
768 4012 877 4066 quo
927 4006 981 4052 et
1030 4012 1128 4066 ego
1163 4013 1303 4067 saepe
1350 4014 1563 4053 mecum
1605 4001 1719 4069 ipse

125 4088 414 4142 haesitavi.
461 4087 517 4141 lu
558 4087 745 4143 Exodo
781 4090 924 4142 enim
967 4088 1177 4159 legens,
1219 4090 1308 4144 ubi
1362 4090 1429 4143 de
1471 4093 1720 4145 sacerdo-

126 4179 351 4235 talibus
381 4182 671 4235 mandatur
709 4182 1038 4236 indumentis
1064 4183 1279 4238 invenio
1300 4195 1422 4239 octo
1449 4200 1568 4240 esse
1595 4200 1719 4255 spe-

122 4272 270 4334 cies,
311 4285 439 4339 quae
468 4272 712 4339 pontifici
766 4285 1169 4340 praeparantur.
1206 4274 1306 4327 Hic
1349 4291 1471 4330 vero
1511 4286 1716 4344 septem

123 4366 523 4421 tantummodo
569 4378 946 4423 numerantur.
982 4368 1222 4438 Requiro
1257 4383 1384 4439 ergo
1439 4370 1566 4437 quid
1620 4371 1713 4433 sit,

1829 3200 1847 3232 ι
1894 3178 2071 3233 Nolite
2101 3179 2318 3232 mittere
2348 3186 2596 3231 sanctum
2632 3174 2878 3237 canibus,
2913 3185 3085 3239 neque
3118 3166 3387 3236 margari-

1819 3279 1903 3325 tas
1940 3279 2151 3325 vestras
2198 3278 2324 3323 ante
2372 3281 2588 3337 porcos,
2635 3280 2703 3320 ne
2748 3266 2887 3319 forte
2932 3261 3254 3317 conculcent
3296 3272 3391 3312 eas

1821 3382 2069 3452 pedibus,
2103 3388 2157 3435 et
2209 3380 2455 3435 conversi
2521 3378 2834 3446 dirumpaut
2869 3389 2986 3428 vos.
3026 3392 3045 3425 ›
3094 3370 3389 3439 Propterea

1821 3488 1950 3542 ergo
1983 3472 2027 3527 si
2056 3472 2179 3541 quis
2209 3471 2325 3524 vult
2365 3468 2607 3539 pontifex
2652 3482 2757 3521 non
2789 3475 2898 3518 tam
2932 3461 3203 3517 vocabulo
3246 3474 3388 3524 esse,

1819 3580 1982 3635 quam
2044 3563 2262 3623 merito,
2318 3561 2561 3615 imitetur
2608 3558 2849 3627 Moysen,
2902 3554 3142 3607 imitetur
3188 3552 3389 3604 Aaron.

1821 3656 1962 3723 Quid
1989 3654 2135 3709 enim
2169 3653 2372 3707 dicitur
2425 3651 2491 3705 de
2541 3649 2655 3703 eis?
2681 3647 2806 3716 quia
2841 3660 2947 3699 non
2995 3643 3278 3697 discedunt
3325 3640 3391 3692 de

1824 3744 2179 3799 tabernaculo
2207 3740 2442 3797 Domini.
2467 3738 2597 3791 Erat
2621 3752 2750 3804 ergo
2786 3735 2994 3804 Moyses
3020 3731 3391 3786 indesinenter

1821 3836 1873 3889 in
1903 3833 2259 3888 tabernaculo
2293 3829 2527 3887 Domini.
2551 3827 2707 3893 Quod
2731 3834 2909 3880 autem
2936 3838 3071 3891 opus
3102 3820 3217 3888 ejus
3245 3818 3391 3872 erat?

1818 3935 1877 3981 ut
1906 3935 1997 3979 aut
2019 3941 2051 3980 ει
2076 3925 2186 3979 Deo
2209 3922 2410 3991 aliquid
2445 3921 2702 3984 disceret,
2743 3926 2838 3971 aut
2864 3916 2979 3984 ipse
3004 3913 3259 3983 populum
3292 3911 3391 3965 do-

1818 4025 1982 4071 ceret.
2019 4013 2142 4068 llaec
2169 4013 2277 4065 duo
2317 4021 2441 4066 sunt
2476 4008 2744 4077 pontificis
2782 4021 2967 4075 opera,
3005 4014 3061 4058 ιιι
3089 4012 3182 4056 aut
3212 4018 3240 4053 a
3284 4002 3391 4054 Deo

1817 4107 1991 4161 discat
2028 4104 2256 4174 legendo
2300 4100 2611 4169 Scripturas
2644 4098 2883 4160 divinas,
2913 4105 2969 4149 et
2997 4093 3191 4162 sacpius
3221 4091 3393 4144 medi-

1819 4196 2007 4257 tando,
2037 4203 2129 4248 aut
2158 4193 2413 4264 populum
2455 4194 2664 4245 doceat.
2722 4186 2827 4242 Sed
2870 4186 2959 4240 illa
3010 4186 3224 4247 doceat,
3272 4195 3392 4251 qua;

1818 4288 1934 4356 ipse
1957 4304 1984 4339 a
2026 4286 2135 4340 Deo
2166 4285 2441 4346 didicerit,
2470 4297 2575 4335 non
2620 4296 2685 4335 ex
2716 4280 2935 4349 proprio
2972 4278 3157 4339 corde,
3192 4275 3274 4329 vel
3322 4289 3387 4327 ex

1817 4378 2053 4432 lmmano
2077 4392 2261 4441 sensu,
2296 4373 2390 4431 sed
2418 4388 2537 4443 qua:
2563 4373 2797 4441 Spiritus
2826 4378 3050 4425 sanctus
3080 4368 3259 4421 docet.
3298 4366 3392 4420 Est

120 4459 279 4526 quod
321 4458 583 4512 omissum
603 4466 709 4513 est.
733 4458 934 4513 Octava
964 4462 1174 4528 species
1202 4460 1272 4514 ibi
1308 4462 1529 4529 ponitur
1560 4479 1711 4515 cam-
1747 4457 1792 4515 θ
1820 4480 1875 4525 ει
1902 4469 2033 4523 illud
2070 4484 2207 4537 opus
2231 4467 2375 4537 quod
2408 4467 2541 4520 facit
2589 4465 2839 4533 Moyses;
2876 4464 2941 4514 ad
2977 4460 3111 4514 bella
3158 4474 3263 4512 ιιοη
3296 4474 3388 4511 va-

116 4562 347 4619 pestre,
384 4551 520 4615 sive,
562 4561 622 4606 ut
657 4552 789 4606 alibi
833 4552 1086 4622 legimus,
1114 4552 1394 4606 fcmoralia
1448 4554 1614 4620 linea,
1650 4555 1716 4609 de
1822 4561 1926 4623 dit,
1958 4575 2064 4615 non
2097 4568 2303 4629 pugnat
2347 4567 2540 4613 contra
2583 4556 2855 4609 inimicos.
2911 4551 3019 4606 Sed
3050 4552 3179 4620 quid
3225 4552 3392 4606 facit?

116 4660 240 4714 quo
294 4643 393 4698 hic
440 4643 585 4697 inter
622 4653 813 4697 caetera
858 4643 1006 4697 siluit
1047 4643 1383 4697 indumenta.
1415 4643 1551 4709 Quid
1586 4659 1716 4714 ergo

1825 4652 1991 4707 Orat:
2028 4661 2082 4706 et
2106 4652 2280 4705 donec
2313 4650 2400 4703 ille
2431 4656 2570 4712 orat,
2603 4646 2771 4700 vincit
2800 4643 3025 4714 populus
3045 4644 3178 4710 ejus.
3212 4642 3267 4695 Si
3307 4658 3390 4696 re-

116 4738 420 4794 dicemus?
468 4736 794 4791 oblivionem
844 4735 1094 4789 dabimus
1151 4734 1204 4788 in
1252 4735 1431 4789 verbis
1477 4734 1751 4803 Spiritus
1821 4740 2464 4797 laxaveritctdimiserit
2494 4753 2712 4803 manus,
2751 4737 2980 4806 populus
3008 4735 3123 4803 ejus
3154 4734 3390 4788 vincitur

115 4831 342 4893 sancti,
392 4839 453 4883 ut
495 4843 623 4884 cum
669 4836 864 4883 caetera
888 4828 1066 4883 omnia
1095 4828 1333 4881 secundo
1358 4827 1715 4891 cuarraverit,

1825 4844 1878 4890 ct
1902 4833 2142 4903 fugatur.
2179 4830 2313 4887 Oret
2340 4846 2468 4899 ergo
2500 4841 2555 4884 et
2601 4828 2856 4884 sacerdos
2895 4827 3149 4882 Ecclesiae
3190 4828 3391 4881 indesi-

113 4942 231 4978 una
259 4938 394 4978 eum
427 4922 637 4992 species
670 4922 916 4992 superius
944 4921 1087 4976 dicta
1119 4922 1377 4976 latuerit?
1399 4921 1513 4975 Non
1540 4924 1716 4977 audeo
1822 4938 2035 4995 neuter,
2063 4938 2123 4982 ut
2146 4928 2329 4981 vincat
2360 4926 2588 4995 populus
2612 4925 2702 4993 qui
2739 4925 2839 4978 sub
2874 4924 2988 4992 ipso
3010 4933 3064 4976 et
3092 4923 3273 4976 hostes
3307 4922 3391 4975 in-

111 5020 245 5072 haec
282 5017 358 5071 de
384 5014 559 5070 sacris
601 5014 804 5069 sentire
824 5014 1190 5068 sermonibus.
1220 5011 1322 5068 Sed
1349 5014 1626 5070 videamus
1651 5036 1717 5075 ne
1824 5021 2066 5076 visibiles
2093 5019 2443 5081 Amalecitas,
2478 5017 2568 5086 qui
2597 5025 2722 5070 sunt
2743 5018 3033 5078 daemones,
3066 5016 3390 5084 impugnan-

110 5109 298 5175 forte,
335 5107 597 5177 quoniam
634 5105 690 5160 in
727 5105 1098 5174 superioribus
1129 5106 1367 5162 diximus
1400 5109 1501 5163 hoc
1546 5126 1716 5179 genus
1824 5124 1905 5171 tes
1931 5130 2023 5168 eos
2051 5114 2140 5183 qui
2176 5113 2364 5165 volunt
2391 5112 2477 5180 pie
2501 5110 2681 5165 vivere
2704 5110 2756 5163 iu
2781 5108 3014 5164 Christo.
3053 5109 3114 5160 Et
3144 5108 3262 5162 ideo
3291 5122 3387 5161 nos

107 5273 158 5305 ﬂ
183 5197 472 5325 ’gilltﬁor.
502 5196 837 5323 v1,646;etl
869 5196 998 5252 Cor.
1033 5213 1117 5264 nt,
1147 5199 1234 5253 16.
1307 5198 1355 5233 ⁸⁸
1374 5199 1548 5258 Levit.
1582 5219 1698 5271 vnt,
1737 5204 1826 5260 15.
1932 5207 2128 5283 "Cal.
2154 5224 2226 5271 tv,
2259 5208 2345 5262 l9.
2419 5206 2508 5260 “1
2543 5204 2667 5259 Cor.
2704 5217 2776 5269 tv,
2812 5201 2896 5255 lii.
2973 5200 3015 5231 ’⁷
3045 5202 3162 5253 Act.
3189 5213 3299 5265 xvr,
3331 5201 3388 5255 6.

259 5287 295 5324 a
395 5308 411 5323 .
443 5284 542 5325 vn.
613 5305 628 5321 .

259 5282 411 5324 attu.
443 5284 542 5337 vn,
573 5282 628 5323 υ.

189 5364 327 5438 (80)
359 5362 563 5420 Omnes
610 5379 769 5432 mss.,
812 5381 832 5416 ‹
857 5363 1073 5419 horum.
1103 5382 1122 5415 ι
1171 5361 1328 5417 Libb.
1378 5362 1530 5429 editt,
1565 5382 1585 5415 ι
1614 5365 1717 5419 ιιιὶ-

108 5452 498 5581 ῃοξὲἶῖλῖοῃ,
531 5524 549 5557 ‹
572 5514 849 5574 ornatmn,
871 5524 891 5558 ι
937 5505 1090 5562 deest
1127 5504 1179 5559 in
1214 5510 1373 5558 antea
1401 5503 1586 5571 editis,
1620 5505 1716 5560 sed

108 5576 419 5646 reperitur
446 5576 500 5628 iu
534 5591 667 5630 mss.

219 5648 332 5709 82)
366 5645 520 5713 Mss.,
552 5666 569 5697 ι
598 5662 912 5703 occurrere.
945 5667 964 5699 ι
1003 5645 1160 5700 Libb.
1186 5642 1341 5706 editi,
1377 5660 1395 5694 ι
1425 5658 1666 5700 currere.
1692 5664 1710 5697 ι

217 5718 328 5787 85)
368 5715 520 5783 Mss.,
551 5734 571 5768 ι
612 5717 984 5775 femoralibus.
1019 5735 1038 5770 ι
1084 5717 1240 5771 Libb.
1276 5714 1429 5777 editi,
1478 5732 1497 5765 ι
1544 5716 1716 5770 teuto-

1817 5367 1989 5422 ribus.
2023 5387 2044 5422 ο

1888 5437 2002 5508 (84)
2034 5436 2089 5493 In
2117 5456 2249 5497 mss.
2274 5436 2537 5493 Gemetic.
2559 5450 2613 5493 et
2637 5436 2887 5508 Beccensi
2916 5434 3133 5504 legitur,
3166 5452 3184 5485 ι
3211 5434 3390 5508 potui-

1815 5505 1957 5564 mus.
1989 5529 2007 5563 ι
2037 5510 2102 5563 Et
2132 5511 2296 5577 infra,
2340 5527 2359 5562 ‹
2406 5510 2741 5565 continuisse
2790 5506 2929 5561 filios
2954 5505 3385 5574 generare,quia

1815 5579 2184 5657 scilicetgctc.
2556 5649 2567 5657 ,
2672 5648 2683 5657 ,
2924 5645 2942 5657 .
2969 5646 2999 5657 ..
3336 5643 3352 5657 .

1888 5649 2002 5718 (85)
2032 5648 2234 5707 Omnes
2287 5666 2441 5717 mss.,
2468 5670 2487 5704 ι
2525 5648 2829 5707 simulatos.
2877 5665 2894 5698 ι
2922 5645 3043 5702 Lib.
3071 5644 3227 5709 editi,
3254 5661 3275 5699 ι
3304 5644 3384 5702 si-

1816 5720 2133 5776 mulatores.
2186 5740 2204 5772 ι
