3876 6518
459 366 563 427 ιτδ

1935 359 2255 421 ORIGENIS

3624 347 3718 402 ΠΕ

458 485 786 542 meditantes
824 485 888 542 in
935 485 1041 551 bis,
1083 495 1139 541 et
1189 486 1304 542 haec
1343 485 1435 542 die
1464 499 1527 541 a-c
1556 493 1717 541 nocte
1743 484 1808 538 ad
1842 497 2013 539 meme

2119 478 2390 544 dotibus,
2425 475 2511 530 vel
2555 473 2898 544 principibus
2929 473 3274 529 sacerdotum
3330 474 3460 530 vitae
3517 477 3721 546 regulas

460 577 596 630 riam
631 585 973 642 revocantes,
997 587 1053 632 et
1074 577 1313 632 orationi
1348 578 1617 631 instantes
1657 591 1720 630 ac
1754 575 2043 646 vigilantes

459 665 513 722 in
547 679 632 728 ea,
662 665 1016 733 deprecemur
1059 665 1349 721 Dominum
1383 675 1443 721 ut
1490 667 1647 721 nobis
1700 667 1815 736 ipse
1849 667 2041 720 borum

455 769 578 823 quze
613 755 846 825 legimus
875 756 1161 812 scientiam
1188 758 1432 813 revelare
1462 758 1734 828 dignetur,
1766 769 1818 812 et
1849 767 2039 813 osten-

455 846 586 900 dere
623 850 898 915 quomodo
941 849 1248 917 spiritalem
1280 849 1455 918 legem
1498 864 1604 903 non
1642 849 1820 904 solum
1857 851 1910 904 in
1959 849 2042 904 in-

453 935 778 1007 telligentia,
806 940 899 993 sed
927 949 981 993 et
1007 940 1059 992 in
1085 941 1299 995 actibus
1329 942 1701 1006 observemus,
1733 950 1792 996 ut
1823 943 2040 1012 spirita-

451 1026 556 1084 lem
571 1031 802 1095 gratiam
821 1036 1079 1099 consequi
1103 1047 1414 1087 mereamur
1442 1034 1729 1089 illuminati
1748 1051 1842 1104 per
1864 1034 2037 1104 legem

451 1116 688 1188 Spiritus
719 1123 918 1189 sancti,
953 1123 1005 1176 in
1035 1122 1400 1179 CbristoJesu
1429 1127 1660 1181 Domino
1685 1137 1892 1190 nostro,
1948 1127 2036 1182 cui

450 1215 533 1262 est
553 1206 722 1278 gloria
743 1220 797 1264 et
826 1209 1112 1280 imperium
1157 1213 1210 1266 in
1243 1213 1442 1268 saecula
1467 1216 1809 1270 saeculorum.
1843 1217 2034 1271 Amen.

1016 1328 1304 1384 HOMILIA
1360 1331 1469 1385 Vll.

450 1416 529 1472 De
557 1434 617 1472 ea
651 1421 790 1488 quod
818 1421 1126 1475 mandatum
1154 1434 1226 1476 est
1263 1425 1441 1476 Aaron
1471 1433 1516 1476 et
1546 1422 1674 1491 ﬁliis
1704 1425 1837 1492 ejus,
1874 1433 1929 1476 ut
1955 1425 2032 1477 ui-

521 1505 644 1542 num
668 1499 720 1542 et
747 1492 968 1544 siceram
1000 1510 1105 1546 non
1147 1493 1350 1557 bibant,
1386 1509 1501 1545 cum
1551 1497 1920 1560 ingrediuntur
1957 1505 2037 1548 ta-

522 1559 866 1613 bernaculum
890 1562 1195 1624 testimonii,
1224 1563 1300 1616 rei
1326 1579 1442 1616 cum
1467 1559 1718 1616 accedunt
1747 1568 1814 1616 ad
1841 1563 2031 1630 altare,

519 1639 567 1682 et
604 1630 666 1702 de
709 1633 1016 1702 pectusculo
1043 1631 1409 1696 apposition-is,
1447 1641 1496 1686 et
1541 1635 1605 1686 de
1642 1634 1854 1686 brachio
1883 1650 2034 1702 sepa-

522 1699 766 1769 rationis,
800 1709 847 1754 et
871 1702 934 1755 de
959 1702 1169 1755 mundis
1201 1712 1248 1756 et
1275 1702 1559 1756 immundis
1589 1699 2032 1769 animalibus,'vel

523 1768 649 1822 cibis
676 1769 741 1821 ⁸⁸.

2144 584 2370 640 ponens,
2407 568 2538 626 dicit
2566 582 2660 622 eos
2689 582 2794 621 non
2832 566 3034 621 debere
3055 581 3176 622 esse
3208 567 3374 638 220
3398 570 3524 624 vino
3561 572 3720 627 multo

2143 660 2470 725 servientes,
2497 659 2592 713 sed
2626 658 2841 713 sobrios
2867 673 2990 714 esse
3021 661 3063 713 ⁸.
3108 657 3393 716 Sobrietas
3425 663 3572 715 enim
3611 677 3716 717 om-

2143 756 2289 806 nium
2319 755 2580 807 virtutum
2615 763 2792 809 mater
2826 762 2931 820 est,
2961 752 3108 808 sicut
3143 757 3456 810 econtrario
3487 758 3717 814 ebrietas

2141 844 2384 899 omnium
2412 846 2696 900 vitiorum.
2727 847 2930 916 Aperte
2961 845 3112 900 enim
3157 851 3543 916 pronuntiavit
3588 853 3717 919 Apo-

2141 937 2314 990 stolus
2343 938 2530 992 dicens
2560 940 2580 970 ⁵
2618 955 2632 992 :
2673 957 2691 989 ι
2736 937 2955 1003 Vinum,
2999 939 3052 992 in
3085 955 3194 1008 quo
3220 950 3302 994 est
3333 941 3576 1006 luxuria,
3614 963 3632 994 ι
3670 956 3719 999 ιιι

2139 1030 2453 1085 ostenderet
2482 1045 2548 1084 ex
2573 1029 2859 1094 ebrietate,
2890 1029 3056 1085 veluti
3103 1029 3527 1102 primogenitam
3560 1034 3718 1088 ﬁliam

2139 1121 2391 1190 generari
2427 1121 2719 1175 luxuriam.
2753 1119 2889 1173 Tum
2925 1129 3190 1191 praeterea
3227 1131 3279 1176 et
3322 1122 3602 1190 Salvator,
3627 1126 3723 1181 Do-

2140 1213 2271 1266 mini
2304 1222 2356 1266 et
2388 1214 2531 1284 regis
2559 1215 2894 1269 auctoritate
2940 1216 3322 1271 sacerdotibus
3360 1218 3526 1271 simul
3559 1229 3614 1272 et
3642 1235 3723 1287 po-

2138 1301 2246 1370 puli
2284 1301 2429 1372 leges
2457 1319 2520 1356 ac
2541 1303 2667 1373 jura
2698 1306 3040 1360 constituens
3071 1323 3082 1358 :
3114 1306 3460 1372 «Attendite,
3491 1310 3717 1378 inquit‘,

2138 1409 2204 1447 ne
2239 1393 2378 1447 forte
2425 1404 2723 1464 graventur
2779 1397 2944 1449 corda
2979 1404 3162 1450 vestra
3224 1396 3278 1450 in
3324 1399 3625 1464 ebrietate,
3670 1413 3718 1456 et

2137 1486 2382 1554 crapula,
2417 1496 2471 1540 et
2500 1489 2553 1540 in
2589 1486 3046 1541 sollicitudinibus
3091 1488 3297 1555 saeculi,
3332 1499 3385 1544 et
3416 1493 3605 1546 veniat
3633 1509 3717 1547 su-

2135 1591 2232 1644 per
2267 1593 2360 1633 vos
2414 1581 2735 1634 subitaneus
2789 1580 3062 1634 interitus.
3111 1599 3131 1634 ι
3187 1585 3437 1639 Audistis
3483 1585 3715 1641 edictum

2136 1668 2300 1740 Regis
2329 1673 2540 1737 aeterni,
2568 1683 2624 1727 et
2662 1673 3068 1728 lamentabilem
3103 1674 3264 1730 ﬁnem
3305 1678 3597 1734 ebrietatis
3637 1682 3714 1736 vel

2136 1763 2376 1834 crapulae
2405 1766 2697 1823 didicistis.
2747 1767 2803 1822 Si
2837 1771 2962 1838 quis
2996 1770 3148 1825 vobis
3177 1771 3386 1838 peritus
3415 1780 3474 1825 et
3502 1773 3716 1842 sapiens

522 1856 685 1913 Plura
713 1859 932 1928 quidem
963 1859 1231 1929 superiori
1259 1862 1490 1917 lectione
1519 1862 1739 1917 fuerunt
1776 1866 2013 1932 recitata,

2130 1855 2374 1908 medicus
2400 1856 2485 1910 bis
2514 1858 2645 1927 ipsis
2676 1859 2858 1914 verbis
2894 1860 3240 1929 praeciperet,
3273 1869 3329 1914 et
3364 1839 3598 1928 diceret,
3631 1862 3714 1916 At-

443 1962 512 2004 cx
543 1950 740 2019 quibus
796 1951 1060 2020 temporis
1101 1953 1369 2009 brevitate
1412 1957 1693 2012 constricti
1725 1972 1892 2026 pauca
1927 1961 2024 2013 ad-

448 2043 668 2097 modum
701 2042 964 2102 diximus.
1006 2042 1124 2099 Non
1173 2045 1318 2100 enim
1355 2063 1500 2103 nunc
1530 2050 1831 2118 exponendi
1882 2049 2026 2105 Seri-

446 2142 653 2203 pturas,
681 2135 773 2189 sed
801 2135 1110 2191 :ediﬁcandi
1148 2136 1425 2194 Ecclesias
1473 2140 1831 2195 ministerium
1881 2143 2024 2211 geri-

448 2243 588 2294 mus,
622 2231 876 2298 quamvis
899 2239 954 2286 et
981 2247 1049 2286 ex
1082 2232 1189 2296 his,
1224 2247 1344 2303 quae
1390 2247 1419 2286 a
1451 2232 1606 2288 nobis
1633 2244 1760 2289 ante
1793 2243 2022 2292 tractata

443 2329 591 2386 sunt,
623 2322 862 2390 prudens
897 2324 1126 2393 quisque
1172 2326 1388 2382 auditor
1417 2326 1698 2382 evidentes
1726 2328 1791 2382 ad
1825 2329 2024 2385 intelli-

441 2415 675 2483 gendum
709 2417 881 2485 possit
903 2417 1129 2471 semitas
1155 2418 1424 2474 invenire.
1451 2419 1517 2474 Et
1540 2421 1660 2476 ideo
1689 2438 1754 2476 ex
1782 2424 1866 2479 bis
1889 2439 2022 2494 quo-

441 2517 571 2572 que,
607 2519 732 2573 quae
781 2521 927 2561 nunc
977 2507 1118 2560 lecta
1176 2517 1324 2576 sunt,
1358 2511 1616 2578 quoniam
1664 2523 1861 2568 cuncta
1915 2531 2020 2572 non

451 2609 762 2663 possumus,
790 2599 967 2668 aliqua
1007 2607 1211 2666 tamen,
1245 2617 1365 2671 qua:
1404 2603 1671 2658 tedilicenl
1720 2608 2017 2675 auditores,

442 2686 592 2740 Velut
626 2689 739 2756 agri
775 2690 942 2759 pleni,
970 2707 1131 2762 quem
1159 2693 1438 2749 benedixit
1465 2694 1742 2762 Dominus,
1771 2697 2022 2758 ﬂosculos

444 2779 784 2849 colligemus.
817 2780 954 2848 Quid
993 2798 1124 2853 ergo
1171 2785 1243 2839 sit
1281 2787 1424 2856 quod
1464 2788 1621 2842 nobis
1650 2806 1789 2845 ntmc
1822 2793 2018 2848 lectum

445 2882 550 2935 est,
582 2873 883 2928 videamus.
926 2893 944 2927 ι
986 2876 1053 2930 Ει
1081 2877 1298 2935 locutus
1325 2890 1405 2936 est
1438 2883 1696 2939 Dominus
1725 2887 1906 2942 Aaron
1939 2889 2022 2942 di-

439 2977 571 3019 cens
605 2980 620 3017 :
657 2963 858 3020 Vinum
882 2976 936 3021 et
969 2957 1358 3026 siceram'non
1402 2974 1600 3031 bibetis
1637 2986 1690 3032 tu
1722 2988 1774 3031 et
1809 2978 1902 3033 ﬁlii
1940 2989 2021 3034 te-

439 3070 584 3123 cum,
636 3072 760 3112 cum
821 3060 1096 3116 intrabitis
1142 3063 1192 3116 in
1239 3067 1644 3126 tabernaculum
1701 3073 2015 3141 testimonii,

439 3155 536 3199 aut
565 3163 694 3202 eum
721 3151 977 3206 acceditis
1001 3152 1068 3208 ad
1097 3153 1290 3220 altare,
1321 3166 1376 3212 et
1410 3173 1513 3213 non
1557 3164 1884 3218 moriemini.
1917 3165 2018 3221 Le-

438 3234 686 3302 gitimum
711 3248 977 3295 aeternum
1018 3241 1070 3294 in
1105 3245 1392 3314 progenies
1425 3259 1654 3316 vestras,
1702 3253 2017 3312 discernere

437 3325 580 3380 inter
630 3329 866 3383 medium
921 3343 1230 3388 sanctorum
1295 3346 1348 3392 et
1398 3343 1913 3409 contaminatorum,
1961 3358 2016 3402 et

436 3416 584 3472 inter
643 3421 876 3474 medium
949 3422 1370 3491 inunundorum,
1444 3440 1499 3485 et
1566 3431 1709 3487 inter
1779 3438 2012 3492 medium

438 3508 784 3573 mundorum,
847 3519 901 3565 et
947 3513 1215 3570 instruere
1276 3519 1417 3573 ﬁlios
1465 3518 1633 3577 Israel
1669 3527 1848 3579 omnia
1879 3527 2013 3597 legi-

433 3597 560 3652 tima
619 3615 738 3667 quae
801 3603 1012 3661 locutus
1056 3618 1138 3662 est
1202 3611 1463 3668 Dominus
1514 3617 1580 3670 ad
1631 3632 1725 3672 eos
1765 3635 1860 3688 per
1897 3637 2014 3676 ma-

430 3705 558 3746 num
615 3693 780 3766 Moysi
831 3698 870 3752 ¹.
916 3719 934 3751 ι
970 3699 1082 3754 Lex
1139 3703 1359 3760 evidens
1411 3707 1592 3776 datur,
1646 3721 1700 3766 et
1758 3716 2013 3769 sacerdo-

433 3782 594 3850 tibus,
636 3795 688 3839 et
733 3788 961 3859 principi
1003 3797 1372 3863 sacerdotum,
1421 3809 1479 3854 ut
1505 3816 1626 3856 cum
1655 3806 2010 3862 acceduntad

428 3872 621 3939 altare,
651 3877 774 3932 vino
791 3881 1119 3949 abstineant,
1145 3895 1200 3941 et
1229 3891 1374 3943 omni
1404 3901 1528 3960 potu
1561 3898 1703 3962 quod
1739 3897 2011 3956 inebriare

429 3975 624 4035 potest,
649 3970 791 4036 quod
826 3969 1124 4041 Scriptura:
1172 3979 1369 4033 divinas
1406 3984 1779 4052 appellatione
1807 4004 2005 4045 verna-

429 4056 576 4123 cula,
610 4060 843 4116 siceram
873 4065 1042 4118 moris
1069 4078 1152 4122 est
1176 4073 1479 4128 nominare.
1507 4073 1636 4130 Vult
1665 4093 1794 4148 ergo
1822 4095 2003 4138 sermo

430 4151 648 4205 divinus
679 4155 889 4210 sobrios
925 4157 974 4210 in
1004 4161 1257 4217 omnibus
1287 4180 1406 4221 esse
1431 4168 1639 4222 Domini
1673 4174 2004 4240 sacerdotes,

431 4247 617 4308 utpote
643 4243 735 4310 qui
765 4247 1090 4304 accedentes
1128 4253 1192 4305 ad
1249 4253 1420 4310 altare
1468 4257 1564 4312 Dei
1603 4275 1759 4315 orare
1788 4278 1883 4332 pro
1909 4279 2005 4333 po-

429 4331 554 4400 pulo
594 4332 852 4402 debeant,
900 4349 954 4394 et
1003 4356 1102 4410 pro
1149 4344 1347 4401 alienis
1393 4348 1722 4407 intervenire
1767 4331 2000 4422 delictis,

425 4424 518 4493 qui
553 4429 858 4495 portionem
897 4432 950 4485 in
987 4442 1128 4490 terra
1159 4453 1266 4492 non
1311 4439 1570 4509 habeant,
1609 4446 1701 4499 sed
1739 4446 1852 4514 ipse
1895 4449 2001 4503 Do-

2125 1946 2330 2000 tendite
2363 1946 2539 2015 vobis,
2590 1965 2658 2002 ne
2692 1952 2836 2021 quis,
2871 1956 3021 2010 verbi
3056 1957 3257 2024 gratia,
3312 1955 3382 2012 de
3432 1959 3603 2025 illius,
3636 1963 3711 2015 vel

2121 2036 2267 2092 illius
2300 2040 2480 2095 herbae
2519 2058 2684 2099 succo
2739 2047 2953 2103 avidius
2986 2060 3169 2104 sumat
3197 2066 3212 2115 ;
3240 2052 3387 2121 quod
3418 2053 3464 2106 si
3495 2052 3708 2117 fecerit,

2123 2131 2335 2186 subitus
2363 2134 2411 2187 ei
2449 2134 2635 2189 veniet
2693 2136 2973 2203 interitus,
3011 2154 3116 2193 non
3153 2140 3345 2194 dubito
3369 2142 3505 2212 quin
3545 2158 3707 2198 unus-

2123 2223 2354 2292 quisque
2399 2226 2632 2294 propriae
2684 2228 2875 2283 salutis
2921 2229 3126 2284 intuitu
3170 2234 3566 2299 prtemonentis
3600 2249 3707 2288 me-

2123 2315 2231 2371 dici
2294 2327 2568 2389 prazcepta
2606 2331 2874 2378 servaret.
2931 2321 3087 2378 Nunc
3138 2339 3268 2378 vero
3319 2327 3707 2382 animarumet

2123 2429 2416 2484 corporum
2479 2418 2744 2484 medicus,
2800 2421 3070 2491 simulque
3119 2434 3176 2478 et
3225 2425 3511 2490 Dominus,
3553 2426 3699 2493 jubet

2123 2505 2409 2564 ebrietatis
2440 2510 2666 2565 herbam
2687 2521 2740 2566 et
2763 2511 2998 2581 crapulm
3031 2512 3332 2580 vitandam,
3362 2518 3615 2573 similiter
3645 2529 3697 2574 et

2122 2597 2555 2653 sollicitudinum
2599 2603 2940 2657 saecularium
2977 2606 3122 2661 velut
3171 2609 3484 2663 mortiferos
3520 2625 3700 2665 succos

2123 2689 2418 2744 cavendos.
2454 2690 2720 2745 Etnescio
2748 2694 2792 2747 si
2820 2697 2944 2764 quis
2979 2709 3223 2754 nostrum
3262 2716 3367 2753 non
3394 2701 3448 2754 in
3473 2701 3558 2755 bis
3587 2717 3702 2756 con.

2123 2779 2381 2846 sumitur,
2411 2781 2491 2835 uti
2525 2797 2593 2837 ne
2629 2785 2862 2841 dixerim
2890 2792 3187 2845 sauciatur.
3220 2792 3316 2846 Est
3358 2809 3491 2865 ergo
3527 2795 3696 2849 ebrie-

2125 2879 2206 2925 tas
2243 2871 2353 2927 vini
2384 2876 2693 2941 perniciosa
2746 2877 2799 2931 in
2833 2880 3107 2945 oumibus,
3158 2884 3270 2938 sola
3326 2901 3559 2956 namque
3597 2897 3692 2949 est,

2123 2976 2243 3030 quae
2271 2962 2435 3018 simul
2457 2979 2581 3020 cum
2612 2983 2842 3038 corpore
2864 2977 2918 3024 et
2941 2973 3178 3028 animam
3211 2975 3446 3030 debilem
3491 2978 3694 3031 reddat.

2121 3052 2178 3106 In
2206 3057 2419 3110 caeteris
2449 3058 2653 3113 etenim
2679 3070 2856 3129 potest
2889 3061 3029 3129 ﬁeri,
3063 3073 3120 3117 ut
3143 3067 3441 3119 secundum
3473 3067 3693 3136 Aposlo-

2124 3143 2234 3198 lum
2259 3161 2382 3201 cum
2411 3148 2723 3205 inﬁrmatur
2747 3167 2965 3223 corpus,
3003 3163 3126 3210 tunc
3179 3158 3353 3226 magis
3391 3168 3580 3227 potens
3620 3161 3687 3213 sit

2122 3237 2370 3304 spiritus,
2401 3249 2456 3293 et
2493 3241 2580 3295 ubi
2621 3241 2665 3295 is
2699 3244 2789 3312 qui
2823 3245 3024 3301 deforis
3065 3258 3148 3301 est
3180 3247 3344 3301 homo
3389 3251 3684 3317 corrumpi-

2123 3335 2229 3393 tur,
2262 3328 2350 3382 ille
2379 3331 2467 3397 qui
2505 3331 2650 3387 intus
2669 3341 2754 3387 est
2794 3345 3082 3390 renovetur
3105 3337 3146 3390 ".
3173 3336 3229 3390 In
3260 3338 3545 3395 ebrietatis
3569 3357 3686 3394 vero

2120 3421 2471 3489 wgritudine,
2513 3439 2708 3492 corpus
2762 3426 2922 3478 simul
2969 3438 3024 3481 et
3071 3428 3251 3482 anima
3306 3433 3681 3502 corrumpitur,

2120 3511 2348 3578 spiritus
2379 3513 2588 3581 pariter
2616 3528 2737 3568 cum
2758 3530 2924 3570 carne
2957 3517 3197 3574 vitiatur.
3224 3520 3419 3574 Omnia
3453 3524 3681 3578 membra

2117 3601 2386 3668 debilitat,
2421 3605 2637 3674 pedem,
2675 3619 2916 3669 manum,
2956 3607 3191 3678 linguam
3230 3612 3473 3677 resolvit,
3507 3614 3679 3668 oculos

2119 3697 2390 3762 tenebrat,
2424 3706 2657 3752 mentem
2711 3699 2860 3754 velat
2904 3700 3108 3756 oblivio
3143 3702 3280 3774 (86),
3313 3705 3384 3758 ita
3416 3714 3472 3758 ut
3511 3706 3674 3760 homi-

2117 3802 2238 3841 nem
2271 3804 2329 3844 se
2363 3793 2574 3845 nesciat
2606 3807 2726 3847 esse
2767 3809 2864 3847 nec
2905 3797 3124 3850 sentiat.
3161 3796 3334 3853 Habet
3384 3815 3513 3870 ergo
3545 3800 3675 3854 istud

2114 3880 2289 3948 primo
2312 3881 2597 3936 dedecoris
2617 3885 2919 3953 corporalis
2941 3887 3199 3952 ebrietas,
3216 3890 3331 3958 jam
3357 3906 3485 3945 vero
3506 3893 3548 3945 si
3568 3893 3673 3946 dis-

2112 3972 2381 4029 cutiamus
2431 3987 2560 4044 quot
2596 3979 2770 4032 modis
2802 3995 2954 4035 mens
2982 3981 3285 4038 inebriatur
3316 3987 3566 4050 humana,
3589 3987 3666 4039 in-

2113 4065 2400 4119 veniemus
2433 4067 2614 4122 ebrios
2631 4069 2796 4123 etiam
2828 4086 2922 4126 eos
2951 4073 3042 4141 qui
3078 4075 3178 4129 sibi
3213 4075 3382 4130 sobrii
3415 4079 3665 4133 videntur.

2118 4152 2399 4210 Iracundia
2435 4157 2667 4212 inebriat
2725 4160 2986 4228 animam,
3023 4163 3177 4217 furor
3226 4180 3357 4221 vero
3404 4181 3520 4220 eam
3558 4168 3663 4237 plus

2111 4261 2273 4316 quam
2314 4248 2518 4302 ebriam
2571 4250 2729 4316 facit,
2767 4253 2814 4306 si
2861 4255 2990 4325 quid
3027 4263 3208 4310 tamen
3259 4272 3379 4312 esse
3423 4258 3662 4312 ebrietate

2108 4342 2338 4410 amplius
2369 4352 2562 4410 potest.
2614 4345 2897 4414 Cupiditas
2949 4357 3006 4402 et
3049 4349 3304 4414 avaritia,
3351 4365 3455 4404 non
3506 4351 3656 4405 solum

2107 4434 2455 4498 cbrium,sed
2507 4444 2562 4488 et
2597 4437 2840 4505 rabidum
2885 4438 3160 4494 hominem
3196 4441 3448 4494 reddunt.
3490 4442 3552 4494 Et
3573 4443 3656 4494 ob-

425 4520 606 4572 minus
637 4523 813 4589 portio
841 4539 1030 4580 eorum
1066 4528 1135 4582 sit
1163 4547 1178 4585 ε
1221 4530 1300 4584 sic
1329 4533 1471 4586 enim
1497 4536 1629 4589 dicit
1651 4538 1715 4591 de
1743 4539 1824 4592 his
1854 4540 1999 4595 seri.
2036 4559 2078 4614 η
2107 4541 2285 4580 scente
2335 4530 2799 4597 concupiscentiae
2873 4531 3146 4586 inebriant
3208 4533 3484 4597 animam,
3538 4534 3660 4587 sicut

420 4616 573 4677 plura
607 4625 619 4662 :
653 4629 669 4662 ι
720 4612 894 4679 Filiis,
947 4617 1123 4688 inquit
1157 4622 1198 4688 ',
1247 4621 1374 4676 Levi
1413 4641 1517 4679 non
1557 4628 1755 4683 dabitis
1787 4643 1991 4700 partem

420 4699 472 4753 in
509 4703 684 4756 medio
737 4707 966 4764 fratrum
1003 4727 1251 4788 suorum,
1286 4717 1413 4785 quia
1456 4733 1555 4788 ego
1600 4723 1777 4788 portio
1803 4739 1992 4778 eorum

419 4789 681 4849 Dominus
717 4796 856 4853 Deus
894 4801 1159 4868 ipsorum.
1209 4825 1227 4857 ι
1266 4808 1391 4862 Vult
1426 4826 1558 4879 ergo
1614 4812 1768 4877 istos,
1799 4817 1995 4884 quibus

421 4883 535 4952 ipse
561 4886 821 4945 Dominus
855 4897 1032 4962 portio
1062 4906 1165 4963 cst,
1209 4899 1422 4956 sobrios
1464 4918 1605 4967 esse,
1637 4883 1879 4973 jejunus,
1914 4909 1996 4961 vi-

415 4976 652 5043 gilantes
685 4981 738 5034 in
773 4986 918 5040 omni
957 4995 1224 5056 tempore,
1270 4994 1504 5048 maxime
1541 5008 1718 5052 autem
1753 5014 1873 5051 eum
1919 5001 1986 5054 ad

411 5072 744 5126 exorandum
776 5074 1082 5144 Dominum,
1108 5083 1592 5140 etsacriﬁcandum
1625 5089 1676 5142 iu
1700 5102 1989 5160 conspectu

409 5159 526 5228 ejus
550 5159 808 5218 altaribus
834 5177 1033 5234 przesto
1062 5182 1208 5227 sunt.
1244 5174 1374 5240 Quae
1399 5179 1652 5233 mandata
1686 5183 1738 5234 in
1769 5159 1980 5239 tantum

413 5253 520 5306 vim
557 5255 640 5309 sui
683 5267 924 5324 servant,
965 5272 1020 5316 et
1066 5267 1214 5318 omni
1247 5268 1592 5324 observantia
1635 5276 1989 5330 custodienda

411 5353 558 5406 sunt,
594 5356 653 5400 ut
685 5358 740 5401 et
765 5349 1059 5419 Apostolus
1093 5355 1208 5409 haec
1244 5358 1431 5412 eadem
1479 5360 1611 5415 Novi
1659 5363 1988 5421 Testatnenti

410 5434 620 5508 legibus
649 5439 829 5497 ﬁrmet
857 5443 899 5501 ³.
930 5443 986 5498 In
1031 5461 1139 5516 quo
1173 5449 1427 5505 similiter
1457 5455 1620 5507 etiam
1661 5456 1776 5524 ipse
1805 5473 1989 5513 sacer-

481 5573 528 5657 ζ’
547 5574 740 5657 _Levit.
766 5587 882 5657 x‘et
918 5595 994 5657 xi.
1013 5649 1035 5657 _
1109 5581 1124 5614 ⁸
1161 5582 1329 5638 Levit.
1354 5600 1407 5657 x,
1434 5585 1467 5639 8
1495 5596 1559 5657 et
1578 5603 1732 5657 seqq.

432 5635 662 5712 “Ephes.
700 5663 752 5712 v,
789 5649 874 5704 l8.
954 5653 974 5683 ο
1012 5635 1410 5720 ιυυᾶἓυζέῑὶζ
1439 5635 1738 5715 *τ’ῗιῖἐῦἶί
1772 5675 1848 5727 ιν,
1899 5635 1988 5717 ᾖὲῖ

481 5757 608 5844 (861
632 5761 813 5818 Codex
839 5764 1215 5844 Ca_domensis,
1252 5789 1269 5822 ι
1302 5773 1495 5828 debilia
1527 5775 1660 5829 ﬁunt
1687 5792 1700 5829 :
1723 5792 1840 5844 pes,
1869 5793 1978 5830 nia-

412 5843 536 5895 nus,
580 5833 754 5902 lingua
785 5838 1052 5905 resoluta;
1089 5842 1274 5898 oculos
1313 5846 1569 5908 tenebrae,
1601 5833 1839 5903 men'tem'
1884 5864 1974 5903 ve-

1847 5592 1867 5621 ¹
1898 5591 2056 5646 Num.
2085 5605 2241 5650 xvm,
2268 5585 2360 5648 9.0,
2419 5595 2472 5638 et
2526 5582 2639 5638 Jos.
2686 5599 2805 5650 xm,
2837 5583 2920 5637 14.

2063 5663 2085 5693 ⁸
2114 5659 2258 5714 l’sal.
2310 5671 2463 5720 χχιιι,
2496 5653 2552 5707 5.

2106 4634 2135 4672 e
2167 4622 2446 4673 contrario
2469 4632 2524 4674 et
2544 4631 2748 4677 sanctae
2774 4624 3652 4692 concupiscentia:inebrianteam,

2101 4712 2192 4765 sed
2245 4712 2511 4766 ebrietate
2565 4724 2752 4768 sancta
2787 4715 2872 4768 illa
2928 4716 2994 4770 de
3042 4731 3148 4785 qua
3191 4718 3409 4772 diccbat
3455 4720 3650 4787 quidam

2099 4818 2412 4860 sanctorum
2446 4806 2507 4858 δε
2551 4825 2568 4857 ι
2611 4805 2678 4860 Et
2723 4806 2974 4876 pucnlmn
3013 4818 3160 4862 tuum
3212 4809 3484 4863 inebrians
3514 4824 3650 4877 quam

2101 4900 2417 4966 pra-clarum
2455 4897 2573 4952 est!
2602 4918 2620 4950 ι
2673 4897 2778 4952 Sed
2805 4900 3146 4967 postmodum
3181 4901 3246 4953 de
3291 4901 3558 4954 ebrietatis
3583 4899 3650 4949 di-

2101 4991 2359 5044 versitate
2386 4991 2710 5054 videbimus,
2731 5005 2877 5044 nunc
2915 4991 3129 5044 interim
3165 4992 3286 5044 vide
3316 5004 3509 5057 quanta
3541 4996 3650 5042 sunt

2099 5095 2216 5148 quae
2242 5080 2511 5133 inebriant
2542 5079 2774 5132 animam
2801 5098 2815 5134 :
2841 5089 2895 5134 et
2926 5080 3158 5136 formido
3183 5079 3418 5134 inebriat
3445 5094 3568 5141 eaut,
3596 5084 3648 5129 et

2097 5190 2229 5228 vana
2266 5173 2529 5242 suspicio.
2562 5173 2764 5226 Invidia
2786 5182 2966 5227 autem
2990 5183 3045 5227 et
3079 5173 3236 5238 livor,
3265 5188 3425 5242 supra
3455 5184 3644 5224 onmem

2093 5266 2409 5320 ebrietatem
2446 5273 2726 5317 macerant
2758 5279 2900 5317 eam.
2937 5263 3042 5317 Sed
3075 5263 3386 5317 enumerari
3419 5279 3511 5316 non
3533 5275 3648 5329 pos-

2091 5367 2218 5412 sunt
2273 5365 2474 5425 quanta
2523 5364 2668 5418 sunt,
2735 5371 2856 5423 qua:
2911 5354 3178 5410 infelicem
3239 5356 3466 5408 animam
3520 5351 3645 5405 vitio

2090 5451 2379 5507 ebrietatis
2419 5445 2676 5501 alliciant.
2717 5445 2871 5501 Nunc
2914 5447 3131 5500 interim
3181 5450 3248 5500 de
3295 5444 3643 5500 sacerdotibus

3018 5582 3038 5614 ³
3059 5581 3078 5634 l
3098 5579 3239 5635 Tim.
3267 5595 3362 5635 vn.
3427 5578 3447 5609 ⁸
3470 5574 3561 5632 Tit.
3590 5588 3641 5631 ι.

2087 5776 2162 5828 lat
2199 5772 2420 5837 oblivio,
2461 5793 2477 5824 ι
2511 5771 2697 5840 sicque
2742 5771 2835 5826 alii
2876 5785 3034 5838 mss.,
3077 5770 3177 5826 nisi
3209 5772 3347 5839 quod
3382 5765 3637 5826 omittunt.

2092 5865 2109 5899 t
2147 5845 2306 5898 fiunt.
2340 5861 2358 5893 ι

3583 6349 3876 6514 .a‘i
