3876 6534
190 382 284 439 477

1301 379 1372 434 ιΝ
1397 373 1726 432 LEVlTlCU
1739 375 1786 428 Μ
1824 375 2106 430 ι-ιοιιιιιει
2147 376 2255 430 vn.

3309 376 3414 427 ΔἹΒ

188 500 478 562 videamus,
513 509 651 565 quos
681 495 1002 552 accedentes
1031 497 1097 550 ad
1128 496 1318 563 altare,
1353 498 1480 550 vino
1508 496 1588 547 lex
1617 510 1752 564 prte-
1780 495 1824 549 Α
1856 503 1913 546 ιιι
1947 494 2019 546 ibi
2052 494 2094 524 ιδ
2128 510 2141 544 :
2179 512 2197 544 ‹
2242 489 2664 546 luebriabuutur
2704 489 2771 544 ab
2815 488 3062 543 ubertate
3093 486 3284 541 domus
3312 495 3418 542 tua:

187 585 314 652 cipit
342 585 638 637 abstinere.
678 583 745 637 Et
774 585 987 653 quidem
1019 597 1279 652 quantum
1314 589 1379 640 ad
1424 586 1746 640 historicum

186 677 417 747 pertinet
443 684 794 745 prmeeptum,
828 675 1096 731 sulliciant
1129 679 1228 731 ista
1267 693 1388 747 quae
1420 679 1561 732 dicta
1601 690 1745 735 sunt.

184 769 453 835 Quantum
500 777 680 822 autem
731 769 798 822 ad
845 769 1252 839 intelligentiam
1298 771 1578 841 mysticam
1627 787 1751 840 spe-

184 869 313 921 ctat,
351 860 403 912 in
437 859 785 926 sequentibus
809 862 1080 915 tenebitur
1107 862 1219 933 (87)
1242 871 1426 916 nostra
1460 861 1746 930 professio,

184 961 323 1016 queo
357 945 650 1000 secundum
685 949 1061 1003 auctoritatem
1092 950 1242 1004 Pauli
1279 951 1529 1019 apostoli,
1565 952 1750 1004 Domi-

182 1055 281 1092 nus
319 1049 371 1092 et
397 1036 646 1093 Salvator
673 1049 856 1094 noster
880 1041 1180 1095 futurorum
1207 1043 1469 1097 bonorum
1507 1043 1748 1112 pontifex

181 1126 387 1181 dicitur
415 1129 459 1182 ’.
503 1130 618 1199 lpse
649 1140 732 1185 est
758 1147 886 1200 ergo
917 1132 1123 1197 Aaron,
1161 1134 1255 1187 tilii
1286 1150 1418 1190 vero
1454 1137 1590 1202 ejus,
1615 1151 1748 1204 apo-

184 1217 310 1272 stoli
344 1220 465 1290 ejus
493 1230 644 1286 sunt,
678 1223 742 1277 ad
774 1240 912 1292 quos
964 1226 1078 1292 ipse
1104 1226 1316 1281 dicebat
1363 1226 1408 1258 ¹⁶
1446 1248 1457 1282 :
1489 1245 1508 1280 ί
1546 1227 1747 1294 Filioli,

180 1310 360 1364 adhuc
399 1312 666 1366 modicum
703 1314 980 1369 vobiscum
1023 1332 1162 1372 sum.
1201 1336 1220 1370 ι
1259 1317 1397 1384 Quid
1441 1332 1570 1386 ergo
1611 1335 1751 1388 pra:-

179 1399 326 1467 cepit
353 1398 442 1454 lett
474 1399 654 1455 Aaron
688 1412 740 1456 et
775 1404 898 1459 [iliis
927 1405 1083 1475 ejus?
1127 1417 1187 1460 ut
1216 1407 1398 1460 vinum
1427 1417 1481 1462 et
1516 1409 1747 1463 siceram

180 1505 289 1544 non
316 1490 525 1556 bibant,
554 1507 675 1546 cum
702 1495 969 1549 accedunt
997 1497 1064 1551 ad
1092 1497 1278 1552 altare.
1300 1499 1591 1554 Videamus
1619 1515 1750 1568 quo-

179 1582 343 1635 modo
375 1582 424 1634 id
453 1597 579 1636 vero
607 1585 848 1652 pontifici
880 1585 1005 1641 Jesu
1032 1588 1255 1645 Christo
1284 1590 1516 1645 Domino
1535 1600 1746 1654 nostro,

177 1681 231 1722 et
260 1672 636 1730 sacerdotibus
651 1675 767 1744 ejus
797 1692 862 1731 ac
890 1677 1037 1744 tiliis,
1069 1683 1276 1738 nostris
1304 1697 1436 1737 vero
1468 1683 1748 1752 apostolis,

177 1763 448 1832 possimus
476 1775 683 1836 aptare.
713 1766 777 1821 Et
799 1771 1232 1840 perspiciendum
1263 1776 1441 1844 primo
1466 1783 1568 1836 est,
1613 1789 1750 1842 quo-

176 1852 340 1906 modo
377 1856 528 1922 prius
550 1857 768 1924 quidem
795 1873 956 1928 quam
999 1863 1223 1918 accedat
1261 1865 1326 1917 ad
1383 1864 1552 1918 altare
1588 1878 1747 1917 verus

176 1939 269 1994 hic
307 1943 574 2010 pontifex,
609 1961 729 2000 cum
760 1952 1140 2006 sacerdotibus
1179 1954 1292 2008 suis
1335 1952 1470 2008 bibit
1508 1954 1693 2007 vinum
1730 1969 1744 2005 :

177 2047 301 2086 cum
336 2048 466 2086 vero
505 2035 696 2106 incipit
725 2039 988 2094 accedere
1024 2041 1090 2095 ad
1113 2041 1304 2107 altare,
1337 2050 1391 2097 et
1437 2041 1651 2110 ingredi
1694 2038 1746 2096 in

179 2121 592 2179 tabernaculum
623 2129 936 2194 testimonii,
968 2132 1204 2185 abstinet
1238 2133 1382 2187 vino.
1422 2133 1589 2188 Putas
1617 2147 1746 2202 pos-

176 2227 370 2270 sumus
406 2216 650 2273 invenire
695 2220 802 2275 tale
848 2221 1050 2292 aliquid
1083 2223 1150 2278 ab
1189 2238 1254 2278 eo
1287 2225 1537 2294 gestum?
1582 2223 1748 2280 Putas

175 2321 469 2376 possumus
494 2309 708 2366 Veteris
750 2312 1102 2370 Instrumenti
1137 2316 1360 2382 formas,
1400 2317 1531 2372 Novi
1558 2318 1750 2376 Testa-

174 2400 345 2453 menti
373 2402 538 2468 gestis
569 2411 624 2457 et
653 2407 996 2463 sermonibus
1022 2411 1316 2479 coaptare?
1354 2411 1670 2478 Possumus,
1702 2415 1748 2468 si

175 2491 486 2562 nosjpsum
523 2493 616 2548 Dei
653 2493 892 2551 Verbum
943 2508 998 2554 et
1046 2500 1238 2569 juvare
1268 2513 1323 2556 et
1365 2503 1633 2572 inspirare
1666 2505 1748 2558 di-

171 2592 392 2652 gnetur.
432 2584 732 2652 Quzerimus
765 2603 895 2659 ergo
931 2593 1205 2660 quomodo
1238 2592 1496 2650 Dominus
1529 2604 1583 2649 et
1636 2594 1754 2650 Sal-

172 2683 335 2732 vator
369 2686 574 2747 noster,
609 2681 699 2750 qui
727 2690 810 2736 est
836 2697 999 2738 verus
1024 2685 1282 2752 pontifex,
1319 2700 1442 2740 cum
1473 2688 1747 2758 discipulis

175 2767 314 2833 suis,
347 2771 438 2838 qui
468 2781 592 2825 sunt
620 2774 734 2827 veri
766 2776 1096 2842 sacerdotes,
1117 2787 1403 2847 antequam
1436 2781 1656 2835 accedat
1681 2781 1745 2835 ad

172 2859 357 2916 altare
390 2860 506 2929 Dei,
533 2865 681 2919 bibat
709 2863 820 2936 (88)
862 2867 1082 2933 vinum;
1139 2883 1262 2923 cum
1309 2884 1438 2924 vero
1488 2871 1748 2926 accedere

173 2954 432 3022 cmperit,
461 2970 564 3009 non
599 2957 768 3012 bibat.
802 2958 1034 3013 Venerat
1068 2960 1120 3015 in
1159 2961 1304 3014 hunc
1345 2961 1604 3015 mundum
1635 2961 1750 3016 Sal-

170 3054 358 3111 vator,
388 3055 446 3100 ut
492 3062 591 3116 pro
619 3050 860 3117 peccatis
891 3053 1093 3107 nostris
1127 3067 1344 3108 carnem
1391 3069 1543 3108 suam
1587 3053 1748 3109 oﬂ‘er—

1849 599 1905 642 et
1939 598 2235 642 torrentem
2263 586 2551 655 voluptatis
2580 595 2682 638 tua:
2710 595 2891 654 potum
2927 583 3079 638 dabis
3110 582 3214 636 illis
3241 578 3410 652 (90).»

1848 680 1906 734 lu
1937 679 2167 734 Jeremia
2199 693 2412 748 quoque
2439 677 2568 731 dicit
2594 676 2850 730 Dominus
2883 676 2926 707 “‘
2953 693 3004 728 ε(
3042 676 3106 730 Ει
3135 674 3414 728 inebriabo

1849 771 2102 841 p0pulum
2128 785 2325 823 meum.
2366 788 2386 816 ι
2423 768 2490 821 Et
2531 768 2706 821 Isaias
2746 767 2880 821 dicit
2923 768 2967 800 “
3007 785 3020 820 :
3060 786 3077 818 ‹
3135 766 3272 820 Ecce
3321 765 3413 834 qui

1850 863 2092 918 serviunt
2125 861 2256 916 mihi
2283 861 2488 925 bibent,
2520 875 2618 914 vos
2649 869 2827 913 autem
2850 859 3066 914 sitietis.
3105 877 3124 909 ι
3154 857 3221 910 Et
3246 855 3414 909 multa

1850 957 1916 1011 de
1944 955 2314 1025 hujuscemodi
2358 952 2621 1007 ebrietate
2653 951 2704 1004 in
2738 950 3041 1019 Scripturis
3079 947 3280 1002 divinis
3330 947 3414 1001 in-

1848 1047 2033 1101 venies
2072 1045 2379 1099 memorari.
2407 1043 2534 1110 Quae
2559 1042 2794 1097 ebrietas
2823 1040 2940 1095 sine
2969 1039 3130 1093 dubio
3153 1052 3250 1106 pro
3285 1051 3418 1107 gau-

1851 1141 1939 1197 dio
1979 1142 2168 1194 anima:
2206 1148 2259 1192 et
2295 1138 2477 1190 lmtitia
2508 1135 2704 1189 mentis
2745 1133 3030 1201 accipitur,
3066 1131 3283 1185 sicutet
3313 1125 3450 1208 ιλιι-.

1848 1235 1902 1290 bi
1944 1233 2263 1287 distinxisse
2304 1245 2401 1284 nos
2465 1228 2834 1292 meminimus,
2887 1224 3030 1278 aliud
3084 1237 3203 1277 esse
3257 1228 3418 1276 nocte

1847 1325 2130 1388 inebriari,
2153 1333 2205 1378 et
2245 1323 2391 1376 aliud
2422 1321 2509 1375 die
2549 1319 2839 1372 inebriari.
3192 1367 3209 1379 ,

1917 1419 1974 1472 2.
2006 1418 2061 1472 Si
2091 1431 2218 1486 ergo
2253 1415 2608 1468 intelleximus
2643 1421 2951 1464 sanctorum
2981 1421 3100 1476 quae
3125 1406 3196 1460 sit
3227 1404 3410 1459 ebrie-

1853 1520 1960 1573 tas,
1997 1519 2052 1564 ct
2092 1507 2362 1576 quomodo
2393 1507 2506 1560 hinc
2539 1519 2634 1573 pro
2662 1501 2844 1556 lastitia
2867 1500 3072 1554 sanctis
3102 1498 3153 1550 in
3189 1495 3420 1564 promis-

1850 1602 2092 1656 sionibus
2126 1602 2282 1654 datur
2307 1637 2323 1662 ,
2361 1598 2638 1652 videamus
2689 1609 2836 1649 nunc
2869 1590 3139 1662 quomodo
3170 1587 3420 1643 Salvator

1853 1702 2035 1748 noster
2067 1708 2171 1746 non
2206 1690 2340 1744 bibit
2368 1689 2550 1744 vinum
2581 1727 2594 1750 ,
2643 1698 2921 1754 usquequo
2955 1683 3102 1736 bibat
3137 1679 3265 1734 illud
3295 1693 3416 1733 cum

1850 1784 2051 1838 sanctis
2084 1797 2278 1836 novum
2329 1781 2382 1834 in
2416 1794 2577 1848 regno
2619 1779 2736 1831 Dei.
2788 1775 3044 1828 Salvator
3092 1785 3244 1825 meus
3276 1770 3422 1838 luget

1849 1875 2010 1932 etiam
2045 1887 2188 1927 nunc
2219 1873 2329 1942 (9|)
2362 1878 2581 1939 peccata
2606 1883 2748 1923 mea.
2782 1865 3029 1920 Salvator
3063 1876 3212 1916 meus
3248 1858 3418 1914 laetari

1850 1981 1956 2020 non
1983 1972 2158 2034 potest
2185 1965 2357 2016 donec
2380 1975 2480 2030 ego
2511 1961 2562 2013 in
2589 1958 2874 2027 iniquitate
2899 1968 3209 2026 permaneo.
3241 1950 3421 2017 Quare

1849 2073 1956 2112 non
1998 2056 2223 2128 potest?
2271 2055 2392 2122 quia
2447 2055 2562 2123 ipse
2596 2062 2677 2106 est
2726 2051 3022 2104 advocatus
3052 2061 3149 2116 pro
3181 2043 3421 2114 peccatis

1849 2148 2049 2203 nostris
2077 2147 2218 2216 apud
2254 2146 2495 2206 Patrem,
2525 2143 2665 2197 sicut
2700 2139 2941 2193 Joannes
2973 2145 3272 2208 symmysta
3303 2135 3418 2202 ejus

1848 2240 2178 2311 praanuntiat
2211 2239 2398 2292 dicens
2447 2236 2487 2268 "
2520 2236 2646 2305 quia
2692 2252 2709 2284 ‹
2741 2243 2792 2287 et
2830 2231 2875 2286 si
2922 2231 3041 2298 quis
3071 2227 3420 2298 peccaverit,

1849 2332 2169 2386 advocatum
2201 2329 2464 2383 habemus
2495 2325 2634 2396 apud
2675 2323 2888 2377 Patrem
2917 2317 3101 2375 Jesum
3143 2316 3420 2372 Christum

1844 2423 2085 2495 justum,
2126 2433 2180 2477 et
2224 2423 2338 2492 ipse
2359 2430 2444 2476 est
2477 2417 2852 2495 repropitiatio
2898 2429 2997 2484 pro
3040 2410 3276 2482 peccatis
3325 2423 3424 2462 no-

1849 2518 2001 2573 stris.
2033 2534 2051 2568 ι
2087 2514 2368 2582 Quomodo
2392 2528 2525 2583 ergo
2553 2519 2729 2581 potest
2761 2509 2869 2576 ille,
2900 2507 2990 2576 qui
3021 2508 3314 2560 advocatus
3339 2509 3424 2556 est

1851 2624 1946 2679 pro
1978 2609 2212 2678 peccatis
2248 2606 2405 2668 meis,
2446 2604 2629 2658 bibere
2658 2602 2843 2655 vinum
2873 2599 3094 2660 laetitiae,
3125 2610 3284 2666 quem
3320 2608 3421 2663 ego

1848 2700 2123 2770 peccando
2153 2698 2456 2752 contristo?
2487 2693 2767 2762 Quomodo
2796 2698 2970 2761 potest
2997 2691 3116 2754 iste,
3147 2687 3236 2757 qni
3268 2701 3424 2739 acce-

1849 2793 1926 2847 dit
1959 2791 2025 2845 ad
2058 2790 2230 2844 altare
2260 2798 2317 2843 ut
2348 2787 2670 2858 repropitiet
2708 2797 2794 2836 me
2815 2771 3183 2851 'peccatorem,
3215 2793 3333 2831 esse
3369 2776 3421 2830 in

1847 2884 2051 2948 laetitia,
2093 2882 2158 2936 ad
2187 2897 2344 2950 quem
2380 2889 2728 2949 peccatorum
2767 2888 3009 2929 meorum
3042 2886 3244 2926 maeror
3280 2884 3425 2926 sem-

1845 2987 1944 3044 per
1972 2972 2260 3028 ascendit?
2294 2970 2826 3039 Vobiscum,inquit,
2875 2969 3001 3022 illud
3037 2967 3216 3020 bibam
3253 2963 3303 3016 iu
3339 2975 3424 3016 re-

1848 3081 1953 3135 gno
2003 3065 2181 3120 Patris
2215 3065 2338 3118 mei.
2376 3064 2624 3130 Quantliu
2675 3078 2772 3117 nos
2815 3077 2919 3116 non
2967 3061 3038 3112 ita
3093 3059 3321 3128 agimus,
3365 3064 3422 3109 ut

171 3147 256 3191 ret
306 3138 551 3193 hostiam
597 3141 727 3194 Deo.
775 3141 924 3196 Hauc
973 3144 1287 3213 priusquam
1333 3144 1572 3212 offerret,
1610 3147 1746 3200 inter

1854 3160 2208 3214 ascendatnus
2241 3157 2306 3210 ad
2340 3171 2586 3225 regnum,
2624 3171 2728 3208 non
2766 3162 2942 3222 potest
2975 3151 3101 3204 illud
3133 3151 3314 3202 vinum
3349 3147 3424 3201 bi-

171 3230 644 3297 dispensatiouum
681 3249 863 3289 moras
901 3236 1084 3289 vinum
1118 3237 1362 3292 bibebat.
1391 3239 1630 3308 Denique
1665 3240 1748 3293 di-

171 3323 411 3377 cebatur
439 3325 599 3380 homo
625 3342 815 3391 vorax,
849 3337 903 3382 et
932 3328 1040 3382 vini
1071 3339 1306 3398 potator,
1335 3332 1541 3386 amicus
1575 3332 1751 3400 publi-

168 3431 464 3482 canorum,
497 3427 549 3472 et
577 3425 940 3487 peccatorum.
976 3419 1079 3474 Ubi
1123 3436 1250 3475 vero
1285 3431 1496 3492 tempus
1534 3425 1752 3478 advenit

168 3508 363 3563 crucis
401 3523 534 3575 sum,
558 3519 612 3564 et
639 3526 963 3567 accessurus
991 3521 1108 3567 erat
1140 3515 1205 3566 ad
1235 3514 1406 3568 altare
1429 3515 1517 3569 ubi
1559 3517 1753 3574 immo-

171 3597 317 3652 laret
349 3599 577 3654 hostiam
611 3603 796 3657 carnis
828 3605 1285 3672 suae,«accipiens,
1330 3605 1504 3675 inquit
1540 3606 1604 3672 “,
1656 3622 1750 3662 ca-

169 3686 362 3754 licem,
398 3690 700 3756 benedixit,
750 3703 800 3748 et
844 3695 986 3749 dedit
1026 3696 1304 3763 discipul's
1357 3697 1471 3751 suis
1521 3697 1746 3754 dicens:

165 3777 442 3848 Accipite,
488 3792 542 3835 et
587 3783 753 3837 bibite
790 3799 858 3839 ex
889 3783 1013 3838 hoc.
1052 3803 1072 3836 ι
1131 3785 1258 3853 Vos,
1310 3787 1509 3856 inquit,
1552 3789 1746 3857 bibite,

168 3872 259 3940 qui
306 3871 421 3942 (εει)
451 3875 613 3928 modo
655 3875 926 3930 accessuri
960 3891 1064 3930 non
1113 3877 1245 3932 estis
1277 3877 1344 3932 ad
1393 3878 1582 3933 altare.
1633 3881 1749 3948 Ipse

167 3972 359 4018 autem
389 3973 642 4034 tanquam
673 3980 992 4021 accessurus
1023 3968 1088 4021 ad
1117 3969 1305 4033 altare,
1339 3969 1475 4025 dicit
1497 3970 1561 4024 de
1590 3987 1648 4027 se
1669 3973 1746 4027 ":

169 4075 189 4108 ί
226 4059 408 4111 Amen
442 4057 562 4114 dico
593 4059 768 4123 vobis,
794 4060 915 4128 quia
950 4075 1056 4113 non
1086 4060 1264 4115 bibam
1299 4062 1364 4116 de
1400 4065 1750 4132 generatione

163 4150 296 4204 vitis
322 4148 507 4217 hujus,
547 4165 824 4219 usquequo
853 4150 1035 4206 bibam
1074 4151 1202 4205 illud
1238 4153 1519 4207 vobiscum
1549 4170 1746 4209 novum

164 4245 218 4298 in
244 4259 422 4314 regno
443 4243 622 4298 Patris
660 4245 788 4300 mei.
825 4263 844 4297 ι
889 4245 945 4298 Si
989 4247 1112 4314 quis
1149 4256 1389 4300 vestrum
1423 4249 1646 4303 auribus
1681 4253 1746 4305 ad

163 4338 510 4392 audiendum
552 4335 853 4406 puriﬁcatis
891 4337 1124 4404 accedit,
1169 4338 1458 4393 inell‘abilis
1501 4341 1745 4412 mysterii

163 4428 458 4482 intueatur
493 4442 774 4482 arcanum.
815 4427 954 4492 Quid
984 4438 1066 4482 est
1093 4429 1236 4496 quod
1271 4429 1400 4482 dicit
1428 4430 1549 4497 quia
1585 4450 1604 4482 ‹
1639 4447 1743 4486 non

1855 3250 1984 3304 bere
2012 3248 2184 3311 solus,
2217 3248 2360 3317 quod
2404 3247 2685 3301 nobiscum
2721 3261 2778 3299 se
2811 3245 2993 3298 bibere
3025 3241 3290 3312 promisit.
3326 3239 3423 3292 Est

1851 3356 1980 3410 ergo
2017 3340 2198 3394 tandiu
2228 3341 2281 3392 in
2314 3351 2567 3400 maerore,
2595 3336 2832 3405 quandiu
2866 3350 2965 3387 nos
2995 3333 3332 3403 persistimus
3365 3328 3420 3382 in

1849 3445 2057 3485 errore.
2093 3429 2149 3482 Si
2181 3430 2324 3483 enim
2358 3427 2646 3498 Apostolus
2677 3427 2846 3494 ipsius
2873 3425 3012 3494 luget
3036 3423 3297 3492 quosdam
3327 3421 3420 3490 qui

1851 3533 1977 3575 ante
2002 3531 2382 3590 peccaverunt
2405 3559 2420 3584 ,
2456 3531 2511 3574 et
2544 3536 2648 3574 non
2685 3528 2912 3589 egerunt
2941 3517 3314 3585 paenitentiam
3366 3513 3420 3566 in

1852 3614 1940 3669 his
1965 3629 2083 3682 qua:
2113 3623 2396 3684 gesserunt
2421 3612 2485 3678 η,
2518 3611 2646 3681 quid
2677 3612 2850 3664 dieam
2891 3610 2955 3662 de
2985 3609 3118 3675 ipso,
3157 3605 3245 3674 qui
3283 3604 3421 3657 [ilius

1851 3704 2048 3759 dicitur
2077 3701 2405 3755 charitatis?
2437 3701 2525 3769 qui
2561 3699 2910 3766 semetipsum
2946 3693 3246 3748 cxinauivit
3290 3705 3420 3759 pro-

1848 3803 1968 3865 pter
2012 3793 2331 3848 charitatem
2367 3805 2532 3859 quam
2584 3788 2817 3842 habebat
2844 3801 2971 3854 erga
3014 3798 3154 3849 nos,
3209 3790 3261 3835 et
3313 3795 3418 3834 non

1849 3885 2101 3956 quaasivit
2128 3899 2248 3953 qum
2285 3897 2379 3936 sua
2411 3890 2556 3944 sunt,
2591 3895 2712 3934 eum
2739 3884 2883 3932 esset
2909 3874 3131 3944 mqualis
3162 3873 3292 3936 Deo,
3327 3871 3419 3925 sed

1849 3975 2094 4045 quaesivit
2124 3988 2242 4043 qua:
2292 3981 2472 4028 nostra
2501 3979 2642 4033 sunt,
2677 3978 2730 4022 et
2758 3978 2979 4036 prepter
3011 3967 3110 4019 hoc
3138 3962 3421 4019 evacuavit

1848 4082 1910 4123 se
1941 4067 1983 4098 ¹⁹
2010 4067 2032 4120 ?
2063 4067 2196 4121 Cum
2237 4079 2366 4132 ergo
2409 4065 2510 4117 ista
2560 4077 2680 4130 quae
2718 4068 2902 4115 nostra
2937 4066 3063 4112 sunt
3106 4055 3418 4126 quaesierit,

1849 4173 1995 4214 nunc
2022 4157 2133 4228 jam
2164 4171 2262 4212 nos
2296 4172 2401 4210 non
2436 4155 2652 4223 qnmrit,
2682 4166 2781 4206 uec
2812 4166 2930 4220 quae
2959 4159 3143 4204 nostra
3172 4157 3301 4204 sunt
3329 4161 3424 4200 co-

1847 4251 2015 4320 gitat,
2048 4263 2145 4303 nec
2180 4249 2246 4302 de
2296 4245 2574 4300 erroribus
2606 4245 2808 4298 nostris
2842 4252 3032 4296 niteret
3058 4280 3073 4304 ,
3107 4255 3208 4293 nec
3235 4237 3420 4307 perdi-

1851 4341 2022 4393 tiones
2055 4330 2264 4392 nostras
2291 4345 2343 4392 et
2376 4337 2729 4390 contritiones
2762 4332 2939 4399 deflet,
2966 4333 3058 4402 qui
3085 4332 3230 4384 ﬂevit
3259 4343 3422 4398 super

1848 4427 2169 4493 Jerusalem,
2200 4439 2253 4482 et
2283 4428 2416 4483 dixit
2444 4428 2508 4482 ad
2542 4442 2660 4481 eam
2689 4426 2772 4480 '°:
2813 4445 2829 4477 ι
2859 4424 3082 4490 Quoties
3116 4422 3258 4478 volui
3290 4436 3422 4476 con-

162 4520 359 4576 bibam
390 4534 457 4574 ex
492 4519 843 4591 generatione
869 4519 996 4573 vitis
1033 4519 1209 4586 hujus,
1247 4536 1532 4590 usquean
1568 4523 1742 4577 bibam
1782 4503 1824 4556 D
1853 4534 2074 4588 gregare
2109 4519 2245 4574 ﬁlios
2292 4530 2412 4573 tuos
2437 4561 2453 4586 ,
2486 4519 2627 4573 sicut
2666 4518 2862 4586 gallina
2904 4525 3199 4585 congregat
3245 4514 3421 4584 pullos

162 4611 304 4665 illud
343 4611 623 4666 vobiscum
650 4625 845 4664 novum
878 4610 930 4663 in
961 4626 1124 4679 regno
1165 4611 1340 4664 Patris
1374 4613 1512 4666 mei?
1548 4631 1564 4663 ι
1599 4613 1747 4668 Dice-

160 4703 367 4757 bamus
417 4703 872 4780 insuperioribus
904 4703 1319 4772 promissionem
1354 4705 1559 4758 sanctis
1593 4709 1744 4763 bonae

158 4795 338 4866 hujus
369 4795 651 4850 ebrietatis
683 4796 885 4862 datam,
907 4811 1029 4850 cum
1065 4796 1255 4849 dicunt
1288 4795 1330 4827 ¹³
1358 4812 1372 4848 :
1411 4814 1429 4846 σ
1471 4797 1536 4849 Et
1570 4813 1743 4865 pocu-

157 4890 274 4943 lum
317 4897 468 4943 tuum
495 4887 788 4949 inebrians,
821 4903 982 4957 quam
1017 4886 1337 4956 praeclarum
1371 4889 1483 4942 est!
1517 4909 1534 4940 ι
1555 4889 1658 4944 Sed
1692 4902 1746 4946 et

157 4981 216 5037 in
241 4978 374 5036 aliis
405 4979 589 5035 multis
605 4979 761 5051 221
789 4977 1080 5048 Scriptura:
1106 4977 1236 5032 locis
1263 4977 1456 5032 similia
1485 4979 1740 5048 legimus,

140 5147 150 5153 -
223 5113 246 5143 ’
279 5108 455 5164 Hebr.
492 5123 568 5174 ιιι,
607 5106 686 5161 li.

151 5179 198 5213 ⁸⁵
228 5181 443 5236 Jerem.
475 5195 622 5240 xxxx,
657 5175 744 5231 M.
819 5175 862 5207 ¹⁶
893 5175 996 5229 Isa.
1030 5192 1148 5240 [.xv,
1180 5178 1265 5232 15.

150 5267 322 5315 xxm,
356 5251 444 5304 57.
521 5248 565 5281 “
595 5247 736 5304 Psal.
770 5262 993 5307 xxxvm,
1024 5247 1074 5298 5'.

226 5350 352 5420 (87)
407 5349 564 5414 Mss.,
603 5367 622 5400 ‹
670 5345 1126 5420 insequentibus
1167 5345 1452 5402 tenebitur.
1507 5365 1527 5399 ι
1574 5345 1728 5402 Libb.

153 5423 320 5476 editi.
346 5440 366 5472 ι
398 5423 451 5473 in
477 5419 849 5486 superioribus
876 5426 1109 5470 tenetur.
1141 5436 1160 5468 ι

231 5490 352 5561 (88)
386 5490 540 5555 Mss.,
576 5507 596 5541 ι
644 5490 813 5561 bibat,
849 5507 868 5541 ι
902 5498 958 5541 et
987 5486 1149 5561 paulo
1165 5495 1306 5555 post,
1334 5503 1355 5538 ι
1390 5500 1496 5540 non
1529 5486 1731 5561 bibam

155 5557 342 5615 Libb.
362 5561 520 5627 editi,
552 5578 571 5614 ι
611 5559 854 5626 bibebat,
889 5576 908 5610 ι
947 5567 1000 5612 et
1031 5557 1188 5627 paulo
1216 5565 1354 5628 post,
1391 5574 1411 5606 ι
1456 5572 1559 5612 non
1590 5557 1743 5612 bibe-

157 5631 358 5772 b32593
389 5700 545 5772 ωδε.
587 5720 605 5753 ι
640 5700 752 5770 qui.
785 5717 803 5750 ι
839 5697 994 5753 Libb.
1021 5697 1172 5772 editi.
1202 5717 1222 5751 ί
1269 5699 1414 5768 Ψιίθ·
1467 5717 1485 5750 ’

236 5769 360 5841 ’90)
410 5771 536 5827 Mss.
586 5779 686 5827 tet
723 5779 1013 5826 torrentem
1063 5769 1352 5823 voluntatis
1405 5778 1505 5824 tuae
1552 5779 1736 5824 uotum

766 5103 811 5138 ¹⁰
828 5103 984 5159 Joan.
1013 5119 1130 5165 xm.
1162 5106 1250 5160 55.
1327 5106 1368 5136 ¹¹
1399 5104 1588 5159 Matth.
1622 5121 1766 5169 xxvr,
1798 5105 1888 5159 27.

1363 5176 1403 5206 ¹⁷
1435 5177 1455 5228 I
1487 5175 1643 5230 Joan.
1676 5193 1734 5242 ιι,
1766 5177 1814 5240 1,
1848 5177 1902 5229 2.

1854 4627 1983 4667 suos
2006 4652 2020 4676 ,
2056 4619 2110 4666 et
2142 4612 2439 4667 noluisti?»
2473 4610 2573 4676 Qui
2608 4624 2736 4679 ergo
2766 4609 2984 4661 vulnera
3017 4618 3198 4661 nostra
3232 4621 3420 4663 susce-

1853 4709 1953 4777 pit,
1989 4715 2042 4761 et
2093 4715 2312 4776 propter
2340 4719 2434 4757 nos
2469 4702 2640 4756 doluit
2690 4713 2942 4771 tanquam
2975 4700 3282 4754 animarum
3322 4714 3421 4754 no-

1855 4810 2087 4854 strarmn
2144 4807 2201 4853 et
2245 4812 2531 4866 corporum
2600 4795 2884 4860 medicus,
2941 4795 3098 4848 modo
3133 4793 3417 4849 vulnerum

1853 4902 2164 4946 nostrorum
2221 4888 2535 4958 putredines
2589 4887 2863 4957 negligit?
2907 4905 2924 4938 ι
2959 4886 3420 4954 Computruerunt

1851 4987 1992 5040 enim
2023 4984 2116 5054 (ut
2145 4984 2218 5037 ait
2250 4983 2517 5052 Propheta
2551 4981 2631 5052 ²¹)
2665 4991 2719 5036 et
2749 4991 3011 5049 corrupta:
3043 4992 3168 5035 sunt
3193 4979 3416 5034 cicatri-

1966 5105 2008 5135 "
2039 5103 2166 5159 ibid.
2199 5104 2289 5160 29.

1996 5176 2037 5207 ³⁸
2068 5176 2108 5228 ll
2138 5176 2261 5230 Cor.
2293 5189 2388 5240 xu,
2414 5176 2504 5228 21.

2368 5105 2410 5136 ¹³
2438 5105 2579 5159 Psal.
2622 5122 2785 5168 χχιιι,
2815 5108 2867 5163 5.
2946 5108 2989 5139 ”
3018 5108 3156 5164 Psal.
3193 5124 3338 5170 xxvr,
3361 5108 3418 5165 9.

2602 5175 2643 5208 '9
2670 5175 2900 5248 Philipp.
2933 5196 2992 5243 ιι,
3029 5180 3078 5234 7.
3154 5178 3200 5210 ⁸⁸
3228 5179 3422 5234 Matth.

1849 5347 2002 5401 dabis
2033 5344 2157 5398 illis.
2191 5361 2209 5395 ι
2245 5341 2401 5397 Libb.
2429 5340 2572 5412 {editi
2612 5359 2631 5392 ι
2659 5348 2714 5394 et
2747 5347 2986 5394 torrente
3019 5334 3270 5392 bonitatis
3311 5342 3412 5390 tua

1845 5416 2054 5486 potabis
2083 5419 2204 5486 _eos.
2240 5432 2258 5464 ι

1917 5486 2026 5555 (91)
2072 5483 2317 5555 Salvator
2343 5497 2501 5555 mens
2541 5479 2678 5555 luget
2707 5479 2866 5532 etiam
2911 5491 3084 5555 .mmc,
3113 5483 3234 5555 etc._
3283 5471 3404 5536 Quo

1845 5543 2233 5609 seusu'dixerit
2262 5552 2520 5616 Origenes
2548 5543 2820 5603 Christum
2851 5546 3018 5612 etiam
3050 5559 3192 5616 nunc
3223 5543 3408 5616 lugere

1844 5637 2059 5694 peccata
2095 5633 2275 5676 nostra
2308 5612 2478 5694 ,_Alfuse
2525 5629 2580 5673 et
2609 5620 2767 5672 docte
2789 5616 2984 5694 _aperit
3018 5615 3228 5694 CLaIiSS.
3266 5612 3407 5668 ﬂue-

1845 5683 1949 5752 titis
1982 5683 2423 5764 Origenimtflib.
2458 5706 2518 5755 ll,
2556 5697 2750 5759 qumst.
2789 5683 3022 5753 5,_uum.
3055 5683 3144 5744 29.
