3876 6522
477 315 583 374 δτι)

1929 334 2250 391 ORIGENIS

3613 347 3702 406 ιω

474 445 574 487 ces
607 443 804 490 nostrte
827 473 845 500 ,
876 450 905 490 a
956 407 1096 495 facie
1139 441 1465 512 insipientia:
1501 459 1722 506 nostras.
1753 471 1771 504 ι
1821 452 1925 507 Pro
1965 455 2050 509 his
2078 456 2121 512 Α
2152 450 2460 508 intellexisti
2495 455 2620 525 quid
2658 457 2729 512 sit
2762 474 2830 515 ex
2861 470 3034 531 parte.
3064 471 3120 518 et
3150 464 3280 534 quid
3298 466 3374 520 sit
3395 481 3464 523 ex
3505 467 3702 538 integro

477 533 609 592 ergo
631 526 879 582 omnibus
905 530 1109 586 assistit
1127 550 1269 590 nunc
1298 538 1464 593 vultui
1526 540 1652 606 Dei,
1688 544 2045 614 interpellans

477 627 580 684 pro
606 618 760 671 nobis
781 657 798 682 ,
832 621 1041 676 assistit
1085 626 1278 694 altari,
1317 640 1374 684 ιιι
1416 635 1914 704 repr0pitiationem
1946 654 2044 708 pro

477 704 635 758 nobis
662 704 851 762 offerat
885 711 1034 765 Deo:
1067 723 1122 768 et
1155 716 1290 772 .ideo
1325 721 1537 779 dicebat
1571 733 1826 796 tanquam
1857 704 2044 788 acces-

475 808 632 849 surus
661 797 728 850 ad
760 798 904 854 istud
935 803 1130 870 altare,
1166 809 1292 875 quia
1314 809 1423 879 jam
1466 832 1485 866 ι
1511 831 1615 870 non
1656 819 1834 873 bibam
1866 823 1932 878 de
1954 839 2043 893 ge-

475 886 751 943 neratione
785 892 915 947 vitis
941 893 1134 964 hujus,
1165 898 1338 957 donec
1382 904 1566 962 bibam
1595 909 1730 966 illud
1758 886 2038 972 vobiscum

469 984 690 1033 novum.
780 981 1070 1054 Exspectat
1099 1004 1231 1060 ergo
1261 1003 1316 1048 ιιι
1347 1011 1747 1071 convertamur,
1784 1017 1842 1061 ut
1871 1009 2038 1079 ipsius

469 1058 751 1125 imitemur‘
766 1073 878 1144 (92)
912 1058 1241 1155 exemplum,
1275 1099 1331 1142 ut
1354 1105 1644 1160 sequamur
1673 1099 1895 1168 vestigia
1923 1103 2039 1172 ejus

466 1162 524 1208 et
551 1154 762 1216 lauetur
799 1165 1079 1224 nobiscum
1104 1213 1120 1238 ,
1153 1186 1207 1230 et
1229 1154 1382 1232 bibat
1410 1180 1591 1235 vinum
1630 1185 1906 1244 nobiscum
1932 1230 1948 1256 ,
1985 1193 2035 1246 in

466 1257 632 1314 regno
660 1250 838 1310 Patris
873 1259 976 1312 SUi.
1008 1260 1164 1318 Nune
1192 1267 1334 1320 enitn
1366 1271 1492 1338 quia
1523 1274 1834 1334 misericors
1868 1294 1951 1336 est
1981 1294 2036 1338 et

465 1337 752 1397 miserator
778 1344 1059 1417 Dominus,
1094 1355 1298 1425 majore
1328 1361 1526 1418 atl‘eclu
1561 1367 1674 1436 ipse
1705 1385 1864 1438 quam
1891 1375 2034 1442 Apo-

459 1430 630 1486 stolus
661 1449 788 1490 suus
834 1437 923 1494 flet
957 1458 1080 1499 cum
1127 1448 1375 1508 fictilibus
1399 1495 1414 1521 ,
1451 1430 1598 1526 cupit
1640 1463 1874 1528 gaudere
1907 1481 2029 1521 cunt

460 1523 821 1587 gaudentibus
854 1531 919 1586 ³².
957 1533 1022 1588 Et
1060 1539 1226 1596 multo
1262 1547 1435 1614 magis
1477 1523 1790 1619 ltiget'ipse
1817 1570 1910 1611 eos
1937 1559 2028 1626 qui

459 1620 586 1668 ante
635 1633 995 1687 peccaverunt
1023 1639 1079 1683 et
1131 1649 1236 1688 non
1280 1651 1503 1707 egerunt
1555 1645 1922 1710 paanitcntiam
1959 1651 2026 1705 ³³.

417 1771 428 1787 Ι
458 1699 644 1774 Neque
671 1711 812 1793 enim
843 1721 1135 1784 putandum
1167 1735 1270 1790 est,
1306 1699 1448 1796 quod
1481 1699 1677 1789 Paitlus
1705 1739 1918 1805 quidem
1951 1699 2027 1794 ιυξ

456 1805 578 1861 geat
607 1814 704 1865 pro
732 1811 1124 1876 peccatoribus,
1156 1825 1209 1868 et
1241 1817 1364 1871 ﬂeat
1392 1835 1490 1888 pro
1521 1823 1965 1894 delinquentibus
1998 1849 2013 1898 ;

455 1882 717 1945 Dominus
765 1905 942 1954 autem
996 1918 1149 1958 meus
1177 1906 1335 1964 Jesus
1377 1913 1645 1971 abstineat
1673 1934 1702 1972 a
1738 1920 1862 1976 ﬂetu
1895 1939 2015 1978 cum

452 1978 664 2033 accedit
697 1985 762 2036 ad
794 1983 1028 2056 Patrem,
1055 2007 1175 2048 cum
1219 1999 1428 2054 assistit
1467 2005 1620 2058 altari
1647 2046 1662 2071 ,
1695 2019 1747 2062 et
1775 2014 2017 2081 repropi-

454 2064 730 2125 tiatiOnem
757 2075 870 2148 (95)
901 2097 998 2148 pro
1028 2085 1185 2140 nobis
1213 2087 1403 2156 offert;
1437 2102 1489 2147 et
1519 2096 1619 2150 hoc
1644 2109 1726 2152 est
1751 2064 2014 2157 acceden-

451 2163 558 2210 tem
585 2164 651 2216 ad
675 2164 844 2224 altare
872 2187 974 2226 non
1001 2176 1182 2233 bibere
1214 2183 1398 2238 vinum
1426 2185 1646 2255 lmtitiae,
1673 2196 1797 2264 quia
1829 2198 2010 2255 adhuc

446 2260 792 2316 peccatorum
839 2274 1148 2324 nostrorum
1182 2277 1572 2337 amaritudines
1607 2260 1831 2352 patitur.
1889 2291 2005 2348 Non

445 2343 558 2397 vult
586 2359 716 2419 ergo
744 2354 892 2410 solus
925 2359 978 2412 in
1015 2376 1180 2432 regno
1209 2367 1300 2422 Dei
1333 2370 1518 2429 bibere
1545 2377 1752 2445 vinum,
1784 2399 1881 2439 nos
1912 2401 2010 2441 ex-

441 2447 672 2503 spectat.
715 2443 806 2501 sn-
835 2451 981 2506 enim
1015 2456 1149 2511 dixit
1176 2459 1250 2514 ’δε
1289 2480 1309 2514 «
1345 2463 1525 2522 Donec
1555 2443 1890 2533 bibam-illud
1919 2495 2007 2535 vo-

440 2526 672 2588 biscum.
699 2553 720 2587 ι
757 2536 864 2594 Nos
897 2559 1082 2600 sumus
1115 2549 1278 2618 igitur
1302 2556 1415 2623 qtti,
1444 2560 1606 2615 vitam
1637 2575 1873 2622 nostram
1911 2587 2006 2626 ne-

439 2617 732 2693 gligentes,
765 2628 1004 2689 laetitiam
1037 2638 1178 2696 illius
1199 2643 1562 2706 demoramur.
1593 2653 1882 2725 Exspectat
1907 2678 2004 2720 nos

443 2718 505 2762 ιιι
534 2711 678 2768 bibat
705 2717 771 2774 de
800 2723 1151 2790 generatione
1178 2734 1304 2790 vitis
1331 2738 1510 2806 hujus.
1543 2711 1716 2809 Cujus.
1735 2749 1899 2806 vitis?
1931 2753 2001 2808 ll-

436 2795 541 2855 lins
571 2809 756 2875 utique
779 2814 931 2881 cujus
960 2819 1073 2887 ipse
1120 2835 1235 2880 erat
1282 2795 1451 2896 figura
1487 2835 1675 2892 dicens
1703 2841 1781 2896 ἐξ
1838 2861 1856 2895 t
1889 2845 2000 2916 Ego

436 2901 559 2944 sum
585 2894 734 2962 vitis,
761 2916 852 2957 vos
873 2906 1142 2974 palmites.
1167 2931 1186 2965 ι
1225 2894 1375 2980 Unde
1400 2921 1594 2978 iterum
1624 2926 1756 2984 dicit
1783 2931 1850 2997 “,
1873 2894 1998 3003 quia

440 2995 464 3031 ιι
485 2988 704 3053 sanguis
731 3006 883 3050 meus
913 3012 1039 3055 vere
1065 3013 1149 3057 est
1175 3017 1356 3074 potus,
1379 3022 1433 3066 et
1459 3029 1587 3072 caro
1616 3033 1732 3073 mea
1763 3037 1891 3080 vere
1915 3037 2000 3081 est

432 3073 660 3159 cibust»
718 3082 856 3139 Vere
883 3091 1025 3145 enim
1060 3093 1112 3147 in
1162 3102 1425 3168 sanguine
1460 3121 1576 3161 uva:
1623 3109 1757 3166 lavit
1803 3117 1995 3172 stolam

432 3177 604 3220 suam.
637 3172 774 3236 Quid
815 3191 946 3250 ergo
985 3186 1107 3239 est?
1137 3187 1424 3259 Exspectat
1470 3197 1735 3258 laetitiam.
1771 3206 1998 3273 Quando

429 3265 748 3326 exspectat?
768 3265 900 3324 Cum
923 3287 1391 3348 consummavcro,
1419 3287 1611 3358 inquit,
1634 3308 1768 3362 opus
1795 3312 1990 3355 meum.

430 3347 656 3411 Quando
686 3371 1023 3422 consummat
1048 3370 1148 3425 hoc
1172 3378 1350 3443 opus?
1377 3377 1602 3445 Quando
1634 3400 1719 3442 me
1752 3391 1842 3457 qui
1871 3409 1990 3448 sunt

1207 3438 1221 3443 _
1386 3438 1420 3445 _
1671 3438 1716 3442 ,-
1758 3438 1842 3457 τ--

430 3438 672 3507 ultimus,
703 3459 758 3500 et
789 3456 1018 3521 nequior
1045 3463 1288 3519 omnium
1321 3454 1701 3541 peccatorum,
1737 3492 1994 3536 consum-

425 3537 626 3584 matum
655 3533 846 3593 fecerit
873 3553 928 3596 et
953 3549 1250 3612 perfectum
1271 3595 1286 3620 ,
1319 3533 1449 3613 tunc
1483 3575 1820 3622 consummat
1855 3586 1990 3640 opus

421 3632 600 3678 suum.
629 3623 782 3684 Nunc
806 3635 949 3688 enim
973 3639 1149 3697 adhuc
1176 3643 1551 3715 imperfectum
1575 3665 1659 3712 est
1691 3674 1824 3730 opus
1849 3623 1986 3731 ejrus,

1252 3711 1268 3715 -
1618 3711 1624 3712 γ
1702 3711 1823 3730 γη
1853 3711 1986 3731 -σ---ν

418 3711 591 3768 donec
621 3731 725 3786 ego
758 3737 950 3782 ntaneo
981 3729 1349 3800 imperfectus.
1397 3743 1642 3818 Denique
1678 3752 1846 3810 donec
1888 3771 1987 3828 ego

418 3815 526 3856 non
561 3819 680 3861 sum
710 3811 954 3871 subditus
982 3820 1144 3888 Patri,
1187 3843 1287 3883 nec
1322 3831 1439 3900 ipse
1466 3837 1664 3894 dicitur
1693 3841 1837 3898 Patri
1869 3811 1985 3904 esse

414 3892 711 4003 subjectus.
751 3899 867 3956 Non
895 3911 1038 3974 quod
1070 3912 1183 3980 ipse
1213 3892 1547 3985 subiectione
1576 3892 1982 4003 indigeat

1089 3978 1104 3980 _
1310 3978 1327 3985 _
1531 3978 1538 3979 ,
1577 3978 1809 3998 new---
1844 3978 1980 4003 ηρ...

414 3978 672 4050 Patrem,
723 3993 812 4046 sed
859 4012 955 4064 pro
989 4017 1072 4054 me
1093 4040 1108 4065 ,
1159 4005 1211 4059 in
1244 4024 1350 4078 quo
1379 4029 1513 4083 opus
1539 4033 1694 4073 suum
1743 4028 1980 4083 nondum

413 4087 843 4151 consummavit,
879 4090 993 4158 ipse
1031 4097 1231 4154 dicitur
1271 4119 1374 4158 non
1405 4123 1526 4164 esse
1555 4113 1846 4180 subjectus.
1889 4122 1982 4178 Sic

410 4168 557 4220 enim
591 4170 818 4241 legimus
847 4179 914 4244 ⁸⁷,
937 4187 1189 4251 quoniam
1221 4206 1416 4262 corpus
1445 4212 1631 4255 sumus
1657 4203 1893 4274 Christi,
1923 4224 1978 4266 et

411 4261 652 4315 membra
700 4281 766 4319 ex
817 4280 992 4338 parte.
1029 4275 1166 4342 Quid
1217 4261 1394 4338 autem
1441 4300 1524 4342 est
1565 4296 1710 4360 quod
1745 4261 1976 4357 dicit'ex

407 4358 583 4415 parte,
611 4354 911 4416 videamus.
939 4364 1051 4434 Ego
1080 4384 1224 4426 nunc
1246 4417 1261 4440 ,
1295 4377 1450 4432 verbi
1479 4354 1672 4452 gratia,
1701 4390 1972 4458 subjectus

2144 558 2264 598 esse
2293 544 2617 612 subjectum,
2646 551 2762 604 redi
2794 568 2939 606 nunc
2967 563 3022 608 et
3051 555 3118 608 ad
3151 556 3222 620 id,
3255 559 3401 625 quod
3433 559 3501 613 tle
3537 559 3700 626 subje-

2141 633 2324 689 ctione
2351 635 2563 692 Domini
2587 642 2990 709 proposuimus:
3010 655 3064 699 et
3087 647 3209 700 vide
3229 649 3355 717 quia
3380 665 3504 704 cum
3526 667 3702 709 omnes

2141 738 2338 792 corpus
2364 727 2556 797 ipsius,
2585 739 2642 784 et
2669 732 2910 788 membra
2942 738 3361 806 essedieamur,
3392 742 3564 798 donec
3590 757 3700 800 sunt

2141 814 2309 884 aliqui
2343 817 2394 872 in
2449 822 2602 878 nobis
2630 862 2646 888 ,
2680 825 2772 894 qui
2809 829 3047 880 nondum
3079 831 3320 899 perfecta
3373 834 3700 904 subjectione

2140 907 2370 978 subjecti
2401 923 2547 978 sunt,
2581 916 2694 983 ipse
2727 917 2926 986 dicitur
2956 934 3061 973 non
3099 936 3220 976 esse
3250 923 3548 992 subjectus.
3577 928 3698 984 Cum

2140 1011 2269 1052 vero
2299 1007 2759 1060 consummaverit
2787 1022 2925 1076 opus
2954 1025 3112 1065 suum
3151 1014 3286 1086 (94).
3315 1026 3364 1071 et
3397 1019 3699 1075 universam

2140 1098 2448 1146 creaturam
2474 1109 2625 1149 suain
2646 1100 2712 1152 ad
2744 1113 3007 1154 summam
3032 1103 3381 1171 perfectionis
3395 1111 3697 1178 adduxerit,

2141 1187 2265 1235 tunc
2294 1183 2409 1252 ipse
2436 1185 2647 1242 dicetur
2673 1188 2948 1259 subjectus
2978 1192 3030 1245 in
3053 1193 3155 1259 his,
3178 1211 3314 1264 quos
3337 1201 3578 1256 subdidit
3609 1203 3701 1258 Pa-

2140 1271 2230 1336 tri,
2262 1282 2317 1327 et
2350 1274 2403 1327 in
2437 1279 2635 1346 quibus
2666 1299 2803 1353 opus
2841 1290 2983 1357 quod
3015 1293 3062 1347 ei
3095 1292 3256 1349 Pater
3287 1297 3541 1364 dederat,
3574 1317 3698 1356 coo-

2134 1365 2444 1436 sunnnavit,
2475 1381 2531 1426 ut
2562 1373 2632 1428 sit
2657 1375 2822 1456 Deus.
2846 1383 3025 1437 omnia
3081 1385 3132 1440 in
3167 1389 3444 1445 omnibus.
3505 1393 3697 1450 Verum

2133 1451 2247 1507 haec
2292 1471 2550 1524 quorsum
2596 1451 2890 1532 spectant?
2939 1483 2998 1528 ut
3053 1476 3419 1549 intelligamus
3453 1482 3508 1536 id
3557 1488 3696 1554 quod

2130 1556 2288 1611 supra
2319 1552 2671 1606 tractavimus
2697 1593 2714 1619 ,
2744 1563 3014 1626 quomodo
3043 1579 3148 1619 non
3180 1568 3317 1623 bibit
3350 1571 3544 1625 vinum
3622 1576 3698 1630 vel

2130 1639 2396 1706 quomodo
2427 1641 2562 1694 bibit
2591 1655 2878 1717 antequam
2930 1653 3152 1710 intraret
3191 1657 3245 1712 in
3275 1659 3698 1731 tabernaculum,

2131 1732 2418 1794 antequam
2469 1737 2754 1793 accederet
2801 1741 2868 1794 ad
2925 1743 3122 1802 altare.
3175 1748 3292 1805 Non
3334 1752 3472 1808 bibit
3520 1766 3697 1812 autem

2129 1828 2295 1880 nunc,
2329 1819 2454 1887 quia
2487 1825 2694 1880 assistit
2722 1829 2910 1896 altari,
2938 1843 2993 1888 et
3033 1837 3182 1907 luget
3211 1854 3433 1908 peccata
3469 1860 3625 1910 mea;
3649 1859 3698 1904 et

2125 1916 2340 1961 rursum
2397 1911 2546 1968 bibet
2595 1920 2872 1987 posthaec,
2923 1939 3048 1988 cum
3097 1931 3344 1999 subjecta
3397 1937 3450 1990 ei
3501 1937 3696 1994 fuerint

2121 1998 2327 2064 omnia,
2354 2011 2410 2056 et
2434 2004 2653 2063 salvatis
2681 2013 2931 2068 omnibus
2957 2032 3022 2071 ac
3047 1998 3320 2077 destructa
3353 2037 3532 2082 morte
3578 2044 3695 2098 pec-

2121 2090 2250 2152 cati,
2282 2091 2422 2146 ultra
2443 2094 2558 2165 jam
2596 2106 2965 2160 necessarium
2992 2124 3100 2164 non
3126 2115 3235 2167 erit
3259 2113 3463 2171 offerre
3493 2118 3694 2175 hostias

2120 2193 2220 2247 pro
2250 2192 2498 2250 peccato.
2530 2187 2681 2246 Tunc
2708 2193 2852 2248 enim
2888 2199 2993 2252 erit
3022 2203 3282 2268 gaudium
3313 2216 3371 2260 et
3398 2207 3610 2273 latitia,
3643 2223 3693 2264 et

2119 2281 2245 2328 tunc
2282 2293 2300 2327 t
2331 2279 2682 2336 exsultahunt
2714 2300 2837 2342 ossa
2872 2289 3160 2349 ltumiliata
3193 2297 3258 2362 ⁸⁸,
3293 2316 3312 2346 ι
3356 2308 3410 2353 et
3447 2300 3690 2371 implebi-

2117 2370 2203 2418 tur
2235 2365 2362 2422 illud
2393 2373 2532 2437 quod
2559 2375 2819 2444 scriptum
2845 2389 2928 2436 est
2956 2383 3037 2438 ”:
3092 2403 3112 2437 ι
3139 2387 3400 2459 Aufugiet
3431 2365 3609 2459 dolor,
3636 2407 3687 2450 et

2058 2457 2060 2459 ’
2115 2452 2333 2508 tristitia
2354 2496 2370 2523 ,
2402 2467 2456 2512 et
2485 2463 2740 2530 gemitus.
2773 2486 2793 2519 ι
2828 2469 2934 2525 Sed
2963 2482 3019 2526 et
3043 2474 3173 2532 illud
3203 2452 3316 2534 non
3346 2485 3684 2555 omittamus,

2112 2546 2254 2613 quod
2293 2563 2397 2602 non
2429 2551 2602 2607 solum
2635 2557 2703 2611 de
2739 2559 2920 2616 Aaron
2955 2565 3154 2621 dicitur
3181 2579 3239 2624 ut
3271 2587 3378 2627 non
3408 2576 3561 2631 bibat
3604 2584 3682 2632 vi-

2111 2649 2259 2700 num,
2298 2640 2390 2692 sed
2427 2649 2482 2696 et
2505 2643 2573 2698 de
2599 2645 2725 2702 filiis
2758 2652 2877 2720 ejus
2899 2669 3022 2708 cum
3055 2657 3437 2728 ingrediuntur
3463 2667 3531 2722 ad
3555 2684 3675 2723 sano

2111 2734 2218 2785 cta.
2265 2727 2512 2787 Nondum
2562 2738 2706 2790 enim
2757 2755 3076 2811 receperunt
3120 2727 3367 2807 laetitiam
3418 2771 3573 2813 suam
3609 2777 3672 2816 ne

2109 2820 2334 2886 apostoli
2368 2825 2582 2892 quidem
2613 2828 2759 2898 (95),
2789 2835 2883 2888 sed
2914 2846 2968 2889 et
2998 2838 3097 2908 ipsi
3131 2853 3487 2913 exspectant,
3519 2861 3580 2904 ut
3609 2863 3662 2906 et

2107 2922 2209 2979 ego
2239 2911 2439 2970 laetitia:
2464 2932 2649 2974 eorum
2680 2925 2955 2994 particeps
3000 2930 3145 2986 liam.
3185 2933 3371 3007 Neque
3406 2942 3553 2997 enim
3578 2944 3673 3000 de-

2105 3002 2361 3060 cedentes
2402 3008 2528 3065 hinc
2555 3017 2770 3084 sancti,
2805 3021 3064 3079 continuo
3106 3025 3316 3098 integra
3358 3035 3668 3093 meritorum

2050 3137 2072 3161 ,
2104 3107 2329 3149 suorum
2356 3101 2576 3166 praemia
2603 3118 3028 3178 consequuntur;
3057 3116 3150 3168 sed
3172 3131 3492 3188 exspectant
3510 3127 3666 3180 etiam

2101 3197 2220 3250 nos,
2251 3184 2379 3241 licet
2405 3203 2700 3260 morantes,
2729 3197 2852 3253 licet
2876 3201 3110 3260 desides.
3138 3206 3254 3263 Non
3272 3184 3433 3266 enim
3457 3226 3538 3271 est
3569 3220 3665 3275 illis

2099 3275 2342 3342 perfecta
2373 3279 2580 3349 its-tilia,
2615 3287 2788 3342 donec
2815 3305 2914 3359 pro
2940 3299 3222 3355 erroribus
3261 3308 3464 3362 nostris
3493 3310 3664 3365 dolent

2095 3373 2154 3418 et
2180 3365 2368 3437 lugent
2405 3385 2592 3430 nostra
2628 3391 2870 3447 peccata.
2907 3384 3021 3445 Hoc
3051 3385 3284 3448 fortasse
3314 3397 3446 3452 tnihi
3471 3401 3658 3458 dicenti

2092 3499 2198 3539 non
2246 3490 2455 3548 credas.
2501 3494 2632 3561 Quis
2683 3501 2828 3553 enim
2874 3517 2974 3573 ego
3003 3520 3120 3560 sunt
3147 3547 3164 3572 ,
3213 3513 3304 3579 qui
3341 3517 3656 3575 confirmare

2091 3582 2413 3636 sententiam
2455 3588 2585 3639 tanti
2623 3591 2887 3660 dogmatis
2916 3597 3178 3653 audeam?
3228 3604 3324 3656 sed
3359 3607 3534 3662 habeo
3555 3613 3640 3670 ho-

2091 3685 2208 3723 rum
2241 3681 2432 3726 testem
2457 3714 2474 3738 ,
2508 3677 2573 3730 de
2601 3695 2710 3747 quo
2761 3698 2865 3736 non
2910 3697 3064 3753 potes
3093 3690 3362 3749 dubitare.
3410 3696 3654 3767 Magister

2088 3761 2231 3815 enim
2261 3765 2500 3832 gentium
2534 3780 2616 3822 est
2645 3770 2697 3823 itt
2729 3771 2831 3827 title
2865 3785 2918 3829 et
2951 3779 3177 3836 veritate
3202 3787 3485 3853 apostolus
3517 3790 3646 3843 Pau-

2089 3852 2191 3908 lus.
2224 3854 2343 3923 lpse
2370 3857 2536 3926 igitur
2565 3861 2628 3914 ad
2666 3862 2922 3921 llebrzeos
2948 3872 3199 3928 scribens
3223 3852 3248 3940 ,ί
3280 3892 3406 3931 cum
3435 3896 3648 3936 enume-

2084 3953 2263 3998 rasset
2289 3959 2481 4001 omnes
2520 3960 2738 4006 sanctos
2771 3965 2986 4022 patres,
3018 3963 3107 4026 qui
3140 3977 3236 4030 per
3270 3966 3432 4020 fidem
3455 3968 3646 4036 justiti-

2082 4031 2189 4084 cati
2213 4041 2359 4099 sunt,
2389 4037 2591 4091 addidit
2620 4051 2741 4108 post
2762 4045 2946 4099 omnia
2973 4046 3139 4102 etiam
3171 4051 3309 4107 hoc:
3361 4074 3379 4105 ι
3405 4031 3509 4110 8έά
3541 4059 3641 4122 isti,

2080 4121 2256 4191 inquit
2281 4125 2326 4156 ³⁸
2348 4164 2367 4191 ,
2396 4142 2585 4184 omnes
2620 4133 2985 4190 testimonium
3019 4139 3282 4198 habentes
3322 4161 3423 4214 per
3453 4150 3598 4202 fidem
3621 4190 3635 4212 .

2079 4213 2313 4268 nondum
2341 4220 2573 4273 assecuti
2605 4232 2734 4276 sunt
2762 4229 3261 4298 repromissionem,
3296 4236 3408 4291 Deo
3436 4256 3528 4309 pro
3555 4257 3641 4295 uo-

2079 4303 2162 4357 bis
2210 4307 2404 4362 melius
2436 4311 2641 4380 aliquid
2692 4319 3047 4384 providente,
3100 4325 3174 4377 uti
3221 4343 3290 4380 ne
3347 4330 3464 4384 sine
3494 4335 3638 4387 nobis

2077 4395 2466 4461 perfectionem
2517 4417 3002 4474 consequerentur.
3042 4431 3060 4464 ι
3128 4415 3290 4471 Vides
3343 4434 3474 4491 ergo
3521 4425 3634 4491 quia

1481 4444 1505 4449 -
1657 4444 1669 4452 υ
1797 4444 1970 4458 --ην-
2077 4444 2466 4461 (vnn-vnum
2519 4444 3002 4474 νν--υωιι-υυηιυι.
3042 4444 3060 4464 1
3139 4444 3290 4471 nuc:
3343 4444 3474 4491 ergo
3521 4444 3633 4491 (μηδ

406 4453 524 4494 sum
559 4444 667 4500 Deo
696 4456 987 4510 secundum
1029 4462 1300 4531 εβίτίιυιη,
1334 4468 1436 4525 hoc
1464 4484 1545 4527 est
1581 4482 1860 4547 proposito
1917 4497 1971 4540 et
2003 4468 2048 4522 Β
2076 4496 2352 4556 exspectat
2377 4491 2552 4548 adhuc
2571 4493 2866 4565 Abraham,
2899 4511 3090 4570 utqua‘.
3106 4508 3341 4573 perfecta
3366 4525 3490 4566 sunt
3517 4530 3633 4567 con-

406 4530 719 4573 vnlnntgtn-
757 4547 848 4573 Ωιι..
879 4552 1110 4573 ,........i:__
1147 4553 1190 4573 2,.
1247 4572 1254 4573 ,
1299 4571 1307 4573 -
1721 4570 1729 4573 -

405 4530 720 4603 voluntate;
756 4547 849 4598 sed
876 4552 1110 4615 quandiu
1145 4553 1196 4607 in
1232 4571 1316 4612 me
1347 4575 1473 4615 caro
1504 4570 1840 4637 concupiscit
1871 4578 1966 4629 ad-

401 4635 592 4680 versus
638 4631 926 4705 spiritum,
972 4653 1025 4696 ct
1057 4647 1281 4714 spiritus
1327 4655 1585 4712 adversus
1629 4676 1870 4729 carnem,
1910 4677 1964 4720 ct

400 4721 638 4774 nondum
673 4730 820 4793 potui
858 4736 1129 4804 subjicere
1165 4758 1384 4800 carnem
1422 4751 1659 4819 spiritui,
1691 4756 1962 4824 subjectus

400 4810 616 4876 quidem
650 4830 766 4873 sum
821 4821 930 4877 Deo
953 4864 970 4890 ,
1002 4843 1185 4886 verum
1220 4851 1324 4890 non
1367 4853 1434 4892 ex
1453 4810 1682 4913 integro
1712 4885 1727 4911 ,
1763 4851 1856 4902 sed
1899 4865 1964 4905 ex

398 4912 573 4967 parte.
631 4905 687 4960 Si
739 4922 916 4968 autem
952 4929 1180 4985 potuero
1224 4928 1392 4982 etiam
1427 4946 1647 4988 carnem
1705 4951 1878 4992 meam
1910 4951 1966 4997 et

395 4995 575 5049 omnia
613 5001 852 5057 membra
890 5022 1004 5061 mea
1053 5011 1103 5063 in
1139 5022 1546 5076 consonantiam
1589 5026 1814 5094 spiritus
1849 5039 1961 5084 tra~

394 5085 546 5152 here,
575 5089 738 5162 222
766 5104 891 5152 tunc
913 5102 1152 5168 perfecte
1182 5107 1405 5164 videbor
1431 5129 1552 5170 esse
1579 5117 1870 5185 subjectus.
1903 5121 1959 5177 Si

461 5207 506 5238 ²¹
536 5210 804 5300 κΙιι,
842 5216 941 5300 ﬁni;
1002 5219 1131 5300 "ull
1155 5222 1394 5292 Cor.xn,
1426 5229 1516 5283 2|.
1587 5233 1631 5266 ”
1662 5233 1812 5288 Matt.
1850 5253 1995 5300 xxvu,
2033 5241 2124 5296 9.9.

2070 4588 2352 4648 sequatur.
2410 4581 2700 4653 Exspectat
2731 4600 2784 4643 et
2830 4591 2982 4648 lsaac
3008 4606 3062 4648 et
3108 4595 3320 4667 Jacoh,
3355 4613 3411 4657 et
3459 4621 3632 4661 omnes

2065 4671 2340 4740 prapheta:
2383 4687 2702 4743 exspectant
2750 4695 2848 4736 nos
2896 4694 2954 4738 ut
3002 4687 3283 4744 nobiscum
3343 4696 3626 4764 perfectam

2062 4761 2446 4820 beatitudinem
2466 4770 2948 4843 capiant.Propter
2978 4776 3090 4832 haec
3102 4797 3232 4850 ergo
3252 4761 3417 4840 etiam
3441 4800 3628 4857 myste-

2073 4853 2211 4907 rium
2238 4856 2364 4910 illttd
2397 4858 2450 4911 in
2480 4857 2721 4915 ultimam
2747 4864 2885 4918 diem
2924 4867 3073 4924 dilati
3097 4872 3284 4940 judicii
3313 4853 3620 4931 custoditur.

2075 4943 2250 4998 Unum
2276 4946 2419 5000 enim
2437 4963 2634 5018 corpus
2662 4962 2764 5014 est,
2793 4957 2935 5022 quod
2947 4956 3232 5024 iustificari
3261 4975 3621 5035 exspectatur,

2068 5051 2230 5089 untnn
2274 5040 2413 5106 quod
2480 5056 2766 5111 resurgere
2816 5047 3013 5104 dicitur
3046 5053 3098 5106 in
3139 5053 3368 5121 judicio.
3430 5057 3613 5113 tLicet

2067 5130 2211 5184 enim
2249 5132 2361 5187 sint
2412 5135 2579 5188 multa
2613 5139 2851 5194 membra
2873 5183 2891 5207 ,
2930 5121 3020 5199 sed
3053 5137 3217 5202 unum
3251 5165 3476 5221 corpus,
3507 5168 3613 5204 non

2227 5245 2272 5276 ⁸⁸
2294 5242 2454 5302 Joatt.
2481 5260 2573 5308 xv.
2597 5248 2654 5305 5.
2725 5252 2772 5283 ¹⁶
2798 5251 2952 5309 Joan.
2987 5271 3057 5320 Vl,
3091 5258 3180 5314 56.
3257 5262 3305 5293 ’τ
3331 5262 3347 5315 l
3374 5262 3488 5317 (lor.
3511 5277 3612 5326 ιιι,

387 5277 479 5332 27.
556 5277 963 5350 εερεειιριηυ.
1034 5291 1079 5322 υ
1118 5277 1530 5363 usumin:
1605 5277 2066 5372 ao'i't'é'tii-faftl'és".

387 5441 402 5456 .
460 5373 740 5464 φῆμις..
778 5399 797 5432 ι
824 5390 883 5436 ιιι
909 5383 1074 5454 ipsius
1101 5387 1394 5448 imitentur.
1430 5415 1448 5447 ι
1477 5396 1632 5454 Libb.
1658 5401 1811 5464 editi,
1853 5421 1871 5453 ι
1896 5416 1951 5458 et
2059 5422 2208 5461 num.
2253 5408 2338 5464 16.

384 5445 557 5512 ipsms
586 5445 880 5506 imiiemur‘
913 5445 941 5504 ἱ
1431 5445 1440 5447 ἡ
1477 5445 1632 5454 -ψη
1660 5445 1811 5464 πω,
1854 5445 1869 5453 ‘
1897 5445 1951 5458 ν.
2059 5445 2239 5548 ,ψὲθέἢ
2259 5445 2525 5535 ιῇὀηάαω
2576 5486 2713 5538 enim
2758 5504 3059 5556 receperunt
3090 5491 3326 5549 Ιαιιῖιίαιη
3364 5513 3496 5551 “mm
3537 5514 3608 5551 κε

457 5512 566 5556 {93‘
623 5517 729 5556 Mcc
834 5539 854 5556 ι
911 5527 1404 5556 ὀη-Αηὲιπηιξλ..-κ,
1490 5555 1493 5556 ,
1573 5539 1592 5556 ι’
1616 5540 1648 5556 ο.
1673 5542 1685 5556 ι
1834 5544 1866 5556 ι.
1900 5546 1913 5556 .
2249 5548 2279 5556 ..
2404 5553 2412 5556 .
2441 5552 2450 5556 -

457 5512 774 5600 (93)._Ms_s.,
834 5539 854 5572 ι
911 5527 1429 5597 repmpitiationem.
1486 5555 1505 5589 ι
1570 5539 1727 5599 Libb.
1783 5544 1950 5610 editi,

457 5596 899 5649 )roptltattonem.
939 5614 958 5647 ι

2129 5512 2238 5548 μιν)
2277 5512 2525 5535 nuuuum
2576 5512 2713 5538 erum
2758 5512 3058 5556 receperunt
3090 5512 3326 5549 ιίιιιιιιαιη
3364 5513 3496 5551 suam
3537 5514 3608 5551 ne

2107 5548 2279 5630 testati
2322 5552 2530 5616 quidem
2557 5594 2572 5617 ,
2609 5559 2882 5649 etc..QtltIis
2919 5562 2998 5649 sit
3049 5568 3312 5649 genuinus
3347 5568 3450 5649 hoc:
3478 5569 3608 5620 loco

1264 5585 1269 5586 ,
1292 5585 1428 5588 ..-μη
1486 5585 1498 5589 -
1570 5585 1727 5599 _..,..,.
1784 5585 1950 5610 V“...’
2055 5585 2274 5606 ιινυσουιι
2322 5585 2530 5616 quque!"
2557 5594 2572 5617 ν
2609 5585 2715 5608 CIC.
2750 5585 2882 5623 ρΙΙΙδ
2928 5585 2998 5614 BH
3049 5585 3312 5629 gellllltllis

390 5597 412 5633 ι
441 5585 899 5651 propitiationem.
939 5585 987 5647 ι’
1073 5585 1087 5597 ’
2053 5615 2301 5685 Origenis
2331 5634 2556 5686 sensus,
2595 5628 2768 5691 aperit
2801 5629 3025 5689 lluetius
3073 5632 3371 5704 Origenian.
3405 5640 3485 5694 lib.
3534 5651 3604 5702 ιι,

458 5653 568 5704 (9“
627 5657 756 5704 Cum
791 5679 910 5704 πει-η
955 5675 1387 5704 rnncenmann-m-n'o
1438 5693 1568 5704 ιιι-ι·-
1619 5699 1764 5704 -υ---η
1874 5697 1883 5704 -
2072 5703 2082 5704 ί
2159 5703 2162 5704 ν
2206 5696 2217 5704 ‘
2284 5690 2332 5704 "
2587 5695 2643 5704 ”“

2055 5653 2143 5670 υιι
2186 5653 2301 5671 bula
2331 5653 2556 5686 ῡῡιιθιιδ,
2595 5653 2620 5675 ὀί
2665 5656 2666 5663 ι

458 5653 582 5757 (9:),
791 5679 910 5742 ἷκτο
951 5675 1387 5757 ξι⁰⁷Ῐ⁸²⁸ηέ¹η⁰νενί¹
1417 5693 1568 5757 ,εἶναι
1613 5699 1792 5749 suum,
1836 5697 1942 5742 etc.
2053 5653 2242 5754 quagst.
2279 5690 2372 5757 il,
2401 5709 2549 5745 num.
2581 5653 2666 5749 ili).

458 5738 498 5757 In
534 5739 562 5757 ΙΙ
588 5739 617 5757 η
703 5740 900 5757 ..ΔΙ-ιιι.-
1003 5754 1039 5757 ..-
1057 5755 1156 5757 __,.,

386 5719 618 5780 Consule
655 5727 903 5787 lluetium
949 5719 1384 5807 Origeninnorum
1416 5719 1509 5805 ιιιῖ.
1539 5765 1601 5820 ll,
1627 5719 1876 5822 qumsifl
1894 5719 1941 5826 ἶ,
