3876 6498
260 180 316 207 Α..

194 337 284 396 ιει

194 464 356 528 potest
385 456 566 515 dicere
603 463 793 520 oculus
829 471 1035 534 manui,
1067 469 1180 527 Non
1217 489 1276 530 es
1310 479 1440 533 mihi
1487 497 1741 536 necessa-

195 550 268 603 ria
296 548 359 611 ³⁸,
385 566 404 600 ι
435 552 598 605 etiam
633 554 675 607 si
704 571 868 612 sanus
914 562 981 615 sit
1040 565 1248 630 oculus,
1279 577 1331 624 et
1367 569 1472 624 non
1527 573 1598 626 sit
1631 583 1743 627 tur-

192 641 356 694 batus.
384 640 652 708 Quantum
680 649 914 714 pertinet
958 653 1023 706 ad
1058 655 1372 720 videndum,
1407 661 1450 713 si
1486 662 1661 716 desint
1693 664 1739 718 ei

160 712 164 716 1
193 732 383 800 reliqua
430 712 715 801 membra,
745 754 866 808 qua:
901 742 1006 796 erit
1037 747 1192 801 oculo
1239 747 1469 804 laetitia?
1499 763 1594 806 aut
1622 769 1740 820 qua:

190 821 444 874 videbitur
489 837 609 879 esse
654 828 917 896 perfectio
946 833 990 886 si
1033 851 1224 893 manus
1264 854 1366 894 non
1409 842 1648 898 haheat?
1691 846 1737 900 si

187 913 339 981 pedes
365 912 562 978 desint,
587 925 680 969 aut
709 919 912 988 reliqua
948 927 1186 980 membra
1216 945 1320 982 non
1352 931 1575 985 adsint?
1601 932 1734 998 Quia

185 1013 236 1056 et
265 1004 305 1057 si
337 1013 417 1057 est
447 1009 762 1073 przecellens
784 1012 963 1082 aliqua
994 1017 1134 1071 oculi
1167 1020 1357 1089 gloria,
1385 1022 1435 1075 in
1465 1039 1533 1077 eo
1562 1025 1736 1079 maxi-

187 1109 263 1148 me
291 1104 394 1159 est,
420 1105 478 1150 ιιι
512 1099 592 1151 vel
621 1100 734 1168 ipse
760 1101 866 1158 dux
897 1106 971 1158 sit
999 1111 1265 1176 corporis,
1296 1112 1378 1166 vel
1413 1125 1730 1169 caeterorum

183 1189 535 1242 membrorum
587 1208 690 1245 non
726 1195 1010 1252 deseratur
1049 1199 1256 1258 oliiciis.
1298 1202 1411 1258 Hoc
1429 1215 1608 1260 autem
1635 1225 1732 1262 nos

180 1293 266 1345 per
315 1276 458 1332 illam
527 1280 832 1340 Ezechielis
889 1289 1166 1358 propheta:
1222 1294 1483 1348 visionem
1544 1299 1728 1352 doceri

179 1376 318 1434 puto,
344 1385 464 1422 cum
494 1372 624 1428 dicit
647 1390 1074 1448 congreganttum
1095 1397 1154 1435 os
1171 1384 1236 1436 ad
1253 1400 1335 1450 os,
1357 1395 1404 1440 et
1421 1387 1726 1455 juncturam

177 1457 236 1510 ad
260 1456 562 1523 juncturam
589 1502 606 1526 ,
657 1455 712 1518 et
749 1482 971 1532 nervos,
1006 1484 1068 1522 ac
1100 1475 1298 1538 venas,
1337 1484 1390 1528 et
1418 1477 1636 1542 pellem,
1663 1497 1728 1536 ac

175 1548 371 1618 singula
421 1551 552 1607 locis
605 1556 718 1610 suis
771 1573 894 1614 esse
943 1564 1264 1630 reparanda.
1316 1567 1554 1638 Denique
1607 1573 1726 1628 \ide

172 1639 290 1705 quid
320 1639 471 1692 addit
502 1645 798 1711 propheta:
840 1665 858 1700 t
890 1647 1023 1705 Ossa
1048 1689 1063 1714 ,
1101 1652 1274 1721 inquit
1299 1656 1342 1686 ³¹
1368 1696 1383 1721 ,
1412 1658 1534 1720 ista,
1565 1679 1586 1711 ι
1621 1677 1724 1716 non

170 1730 292 1783 dixit
321 1745 510 1787 omnes
553 1735 798 1793 homines
841 1751 1002 1808 sunt,
1049 1747 1145 1798 sed
1186 1745 1358 1814 dixit,
1414 1768 1432 1801 ι
1460 1766 1580 1805 ossa
1623 1755 1720 1808 iSta

1291 356 1362 412 ΙΝ
1400 357 1774 418 LEVITICUM
1809 363 2094 425 HOMILIA
2134 371 2248 432 VII.

3305 393 3412 450 I82

1770 489 1818 546 Α
1845 502 1968 541 cum
1988 489 2066 544 εει
2089 508 2108 541 ι
2130 491 2528 562 Dispersasunt
2551 511 2674 554 ossa
2699 512 2878 558 nostra
2903 493 3062 564 secus
3081 508 3405 570 infernum.»

1846 576 1983 642 Quia
2019 594 2152 649 ergo
2181 582 2430 651 dispersa
2459 597 2638 652 erant,
2661 603 2946 662 propterea
2970 598 3102 654 dicit
3125 616 3222 671 per
3241 604 3405 661 alium

1843 672 2163 738 prophetam
2179 673 2222 706 ³⁸
2245 691 2260 728 :
2285 693 2304 725 ι
2329 676 2703 749 Congregctur
2741 701 2804 740 os
2847 689 2912 742 ad
2943 705 3024 755 os,
3071 702 3124 746 et
3150 692 3405 761 junctura

1840 763 1906 813 ad
1934 762 2270 830 juncturam,
2308 775 2360 818 et
2399 771 2574 834 nervi,
2615 781 2670 825 et
2713 787 2884 843 venae,
2919 787 2972 833 et
3006 781 3193 849 pelles.
3219 801 3238 835 ι
3271 785 3404 842 Cum

1838 853 1980 906 enim
2017 855 2118 910 hoc
2146 855 2350 910 factum
2393 857 2575 921 fuerit,
2613 874 2740 917 tunc
2773 869 2992 923 «omnia
3033 871 3133 926 ista
3176 876 3398 933 dicent:

1840 941 2088 1009 Domine,
2110 946 2233 1013 quis
2259 947 2453 1002 similis
2478 950 2612 1003 tibi?
2635 950 2882 1020 Eripiens
2910 959 3122 1029 inopem
3146 965 3211 1017 de
3240 982 3398 1021 manu

1835 1029 2075 1088 fortioris
2109 1035 2302 1102 ejus”.
2335 1055 2354 1089 ι
2406 1039 2837 1112 Unumquodque
2871 1050 3012 1103 enim
3063 1068 3124 1107 os
3171 1069 3236 1108 ex
3282 1057 3400 1113 istis

1833 1124 2046 1178 ossibus
2078 1127 2232 1195 inops
2265 1140 2408 1194 erat,
2456 1141 2511 1185 et
2555 1136 2895 1190 atterebatur
2942 1139 3182 1200 fortioris
3214 1163 3394 1204 tnanu.

1832 1212 1946 1267 Non
1982 1217 2126 1269 enim
2161 1219 2393 1275 habebat
2431 1222 2742 1288 juncturam
2789 1230 3096 1300 charitatis,
3133 1253 3237 1292 non
3269 1258 3395 1294 ner-

1831 1320 1925 1360 vos
1964 1309 2258 1376 patientize,
2294 1329 2396 1368 non
2430 1331 2598 1372 venas
2642 1321 2823 1376 vitalis
2868 1326 3054 1390 animi,
3085 1338 3140 1380 et
3172 1329 3290 1385 fidei
3319 1336 3394 1386 vi-

1827 1412 2036 1466 gorem.
2075 1401 2177 1456 Ubi
2217 1418 2348 1460 vero
2393 1409 2539 1462 venit
2573 1413 2661 1478 qui
2713 1413 2954 1482 dispersa
3006 1420 3307 1490 colligeret,
3336 1437 3394 1481 et

1827 1488 1917 1556 qni
1954 1490 2218 1558 dissipata
2248 1495 2624 1566 conjungeret,
2653 1505 2976 1577 consocians
3020 1523 3082 1563 os
3113 1488 3180 1564 ad
3221 1528 3304 1581 os,
3335 1499 3412 1569 et,

1819 1579 2132 1646 juncturam
2176 1585 2240 1637 ad
2270 1586 2602 1657 juncturam,
2634 1593 2904 1650 aedificare
2949 1601 3113 1671 cmpit
3142 1579 3386 1664 sanctum

2252 1822 2264 1834 ,
2505 1822 2535 1832 γ,
2592 1822 2682 1826 πε
2739 1822 3050 1834 ---νηυην
3100 1822 3381 1853 νιν-...ηιμ

167 1822 352 1875 domus
381 1822 544 1879 lsrael
576 1836 676 1882 est.
707 1846 728 1880 ι
780 1830 1014 1888 Habebis
1057 1850 1188 1905 ergo
1220 1838 1460 1894 la2titia‘m
1509 1841 1574 1898 de
1621 1845 1722 1901 bac
1755 1845 1795 1898 Β
1825 1863 1970 1915 sunt,
2006 1864 2063 1907 nt
2095 1858 2434 1914 manifestior
2463 1860 2616 1918 ﬁeret
2647 1869 2918 1934 pontificis
2953 1873 3055 1927 mei
3106 1876 3384 1945 ingressus

174 1916 272 1945 ‘51..
309 1916 589 1945 .Ihuu-Jn-u-
647 1922 688 1945 αἱ
724 1921 886 1945 ι’--Αμῗ-
919 1942 958 1945 λ-
988 1940 998 1945 -
1050 1941 1060 1945 -
1181 1931 1213 1945 ⁸
1274 1935 1285 1945 ⁵
1542 1939 1553 1945 “
1646 1942 1656 1945 “
1822 1941 1832 1945 “

174 1916 274 1968 vita
308 1916 610 1982 discedens,
645 1922 688 1976 si
722 1921 890 1981 fueris
911 1940 1150 1986 sanctus.
1181 1931 1286 1987 Sed
1324 1945 1451 1990 tunc
1478 1939 1579 1992 erit
1609 1942 1720 2010 ple-

167 2021 228 2058 na
257 2006 442 2062 laetitia
471 2049 488 2074 ,
519 2027 642 2067 cum
681 2016 882 2071 nullum
936 2021 1028 2074 tibi
1080 2027 1438 2083 membrorum
1473 2037 1717 2102 corporis

160 2098 316 2151 deest.
349 2098 700 2170 Exspectabis
724 2109 865 2162 enim
894 2119 946 2162 tu
973 2112 1124 2177 alios,
1150 2116 1292 2170 sicut
1313 2129 1365 2172 et
1387 2120 1506 2189 ipse
1533 2098 1719 2192 exspe-

158 2193 318 2242 elatus
347 2202 434 2243 es.
465 2190 615 2258 Quod
640 2195 686 2248 si
719 2198 834 2260 tibi,
861 2201 952 2268 qui
982 2207 1281 2260 membrum
1315 2225 1394 2275 es,
1433 2227 1538 2265 non
1569 2215 1716 2271 vide-

157 2279 237 2324 tur
264 2287 384 2329 esse
435 2279 669 2344 perfecta
699 2283 881 2340 laetitia
930 2289 974 2342 si
1018 2291 1159 2346 desit
1193 2296 1336 2350 aliud
1370 2303 1710 2372 membrum;

153 2375 342 2430 quanto
369 2371 543 2436 magis
591 2373 850 2434 Dominus
882 2391 938 2435 et
971 2382 1218 2441 Salvator
1245 2399 1428 2445 noster
1453 2433 1468 2456 ,
1501 2396 1588 2461 qui
1617 2412 1710 2450 ca-

153 2463 239 2520 put
268 2465 319 2510 et
343 2471 537 2514 auctor
564 2473 646 2518 est
681 2469 844 2524 totius
870 2477 1140 2542 corporis,
1163 2494 1265 2532 non
1287 2482 1388 2536 sibi
1418 2486 1708 2551 perfectam

152 2543 269 2598 dicit
301 2562 425 2602 essr
457 2551 697 2610 hetitiam
724 2598 740 2623 ,
776 2563 950 2618 donec
984 2566 1184 2636 aliquid
1214 2585 1279 2625 ex
1327 2575 1582 2632 membris
1616 2581 1709 2634 de-

147 2651 256 2692 esse
287 2646 509 2710 corpori
547 2662 648 2701 suo
679 2651 866 2707 videt?
901 2655 966 2709 Et
1002 2669 1288 2727 propterea
1324 2663 1465 2722 forte
1509 2673 1710 2728 oratio-

149 2743 257 2782 nem
291 2730 550 2790 fundebat
577 2741 641 2793 ad
675 2739 911 2810 Patrem,
947 2748 1131 2805 dicens
1160 2753 1238 2809 "z
1264 2774 1283 2806 ι
1318 2757 1475 2814 Pater
1498 2772 1704 2831 sancte,

145 2817 366 2886 glorifica
407 2841 495 2879 me
524 2829 609 2882 illa
637 2831 829 2902 gloria,
864 2853 1022 2906 quam
1056 2843 1214 2897 habui
1251 2849 1388 2915 apml
1437 2860 1488 2904 te
1523 2854 1706 2921 prius-

144 2927 290 2978 quam
317 2920 554 2973 nmndns
602 2933 762 2979 esset.
794 2947 814 2980 ι
871 2930 986 2984 Non
1019 2933 1129 2986 vult
1157 2951 1286 3005 ergo
1320 2939 1441 2994 sine
1472 2950 1521 2996 te
1562 2945 1702 2999 reci-

144 3015 258 3068 pere
284 3005 582 3073 perfectam
613 3013 838 3080 gloriam
873 3035 1047 3085 suam,
1104 3022 1206 3078 hoc
1241 3034 1326 3080 est
1355 3028 1474 3084 sine
1505 3033 1701 3105 populo

141 3103 249 3156 suo,
278 3096 366 3160 qui
395 3107 487 3149 est
519 3114 716 3169 corpus
747 3104 883 3172 ejus,
921 3118 974 3162 et
1007 3112 1097 3179 qni
1128 3122 1259 3167 sunt
1292 3096 1528 3174 membra
1559 3096 1694 3190 ejus.

141 3179 253 3236 Vult
291 3187 442 3242 enim
482 3189 534 3244 in
568 3193 670 3249 isto
705 3212 932 3267 corpore
963 3202 1214 3260 Ecclesia:
1247 3221 1358 3262 sua:
1385 3220 1438 3264 et
1483 3212 1535 3266 in
1577 3215 1696 3270 istis

139 3273 380 3332 membris
410 3283 594 3350 populi
624 3287 704 3338 sui
731 3328 746 3350 ,
779 3289 888 3358 ipse
921 3293 1064 3354 velut
1095 3297 1276 3351 anima
1319 3300 1606 3370 habitare;
1639 3317 1697 3362 ut

134 3379 309 3420 οιιιιιεε
361 3382 566 3435 ιιιοιιιε,
599 3384 761 3445 atque
797 3383 976 3436 omnia
1006 3400 1168 3454 opera
1202 3393 1496 3448 secundum
1525 3396 1695 3466 ipsius

136 3457 318 3511 haheat
364 3462 742 3533 voluntatem;
789 3481 847 3526 ut
881 3490 1005 3528 vere
1039 3479 1372 3548 compleatur
1425 3485 1478 3539 in
1539 3490 1696 3546 nobis

134 3543 251 3601 illud
278 3553 560 3619 propheta:
584 3557 785 3614 dictum
803 3561 874 3616 ar:
895 3583 913 3614 ι
933 3543 1194 3624 llabitabo
1223 3572 1272 3624 in
1299 3573 1400 3640 eis,
1429 3587 1483 3630 et
1506 3543 1694 3635 amni:

133 3635 261 3692 labo.
300 3666 320 3693 ο
368 3642 528 3701 Νιιιιε
586 3661 766 3706 autem
823 3653 995 3712 donec
1049 3661 1270 3729 perfecti
1331 3682 1436 3720 non
1505 3686 1692 3729 smnus

129 3744 323 3797 omnes,
379 3737 478 3790 sed
526 3739 700 3794 adhuc
730 3758 919 3802 sumus
953 3750 1002 3802 in
1035 3756 1273 3819 peccatis
1301 3796 1316 3822 ,
1351 3773 1412 3812 ex
1446 3772 1605 3828 parte
1634 3765 1686 3818 in

128 3823 273 3878 nobis
305 3835 388 3880 est
417 3867 434 3890 .
469 3839 526 3882 et
574 3830 694 3886 ideo
728 3853 747 3884 ι
771 3851 837 3889 ex
883 3851 1037 3907 parte
1069 3846 1270 3901 scimus
1297 3888 1311 3913 ,
1352 3860 1404 3905 et
1435 3868 1497 3905 ex
1535 3846 1696 3924 parte.

125 3917 512 3984 prophetamus
547 3921 622 3988 ³⁸,
659 3943 679 3976 ι
717 3927 888 3982 donec
933 3933 1054 4000 quis
1089 3940 1372 4002 pervenire
1412 3956 1685 3999 mereatur

123 4006 182 4058 ad
209 4008 346 4062 illam
374 4026 718 4079 mensuram,
752 4034 912 4086 quam
949 4022 1082 4077 dicit
1119 4027 1406 4096 Apostolus
1437 4034 1512 4088 ”:
1553 4055 1571 4087 ι
1597 4037 1682 4091 V‘i-

123 4109 182 4147 vo
209 4110 385 4154 autem
406 4103 522 4172 jatn
555 4122 659 4160 non
693 4125 811 4178 ego,
845 4113 974 4166 vivit
1006 4131 1132 4170 vero
1163 4119 1212 4172 in
1244 4137 1328 4175 tne
1358 4123 1624 4183 Christus.
1655 4149 1675 4181 ι

119 4187 189 4242 Ex
225 4203 374 4260 parte.
420 4210 554 4259 ergo
584 4237 598 4258 ,
635 4208 690 4251 ut
735 4201 866 4256 dicit
898 4205 1219 4276 Apostolus,
1256 4228 1399 4267 nunc
1436 4221 1673 4274 membra

117 4281 225 4348 ejus
250 4298 463 4347 sumus,
517 4298 572 4340 et
603 4305 664 4342 ex
693 4301 844 4358 parte
882 4310 1004 4349 ossa
1033 4297 1149 4367 ejus
1178 4317 1382 4360 sumus.
1415 4307 1545 4363 (tum
1575 4327 1675 4365 au-

116 4382 211 4426 tem
245 4377 544 4446 conjuncta
578 4380 776 4434 fuerint
805 4399 925 4438 ossa
960 4388 1024 4439 ad
1057 4404 1200 4458 ossa,
1235 4403 1287 4446 et
1310 4394 1576 4462 juncturze
1607 4404 1674 4456 ad

109 4461 386 4530 jnnctnras
419 4469 560 4541 (96).
595 4475 888 4526 secundum
925 4476 1026 4532 hoc
1055 4481 1194 4547 quod
1223 4461 1384 4553 supra
1415 4488 1667 4558 diximus,

112 4564 230 4610 tunc
255 4559 424 4612 etiam
451 4560 569 4628 ipse
597 4561 739 4616 dicet
775 4567 841 4618 de
873 4569 1026 4623 nobis
1050 4570 1177 4625 illud
1206 4577 1576 4645 prOpheticnm
1605 4585 1668 4638 '7:

113 4664 128 4694 ι
148 4648 330 4701 Oumia
353 4666 484 4704 ossa
512 4666 628 4705 mea
653 4654 831 4708 dicent
851 4675 862 4710 :
881 4657 1126 4727 Domine,
1150 4665 1269 4732 quis
1293 4666 1482 4723 similis
1500 4674 1627 4728 tibi?
1647 4694 1664 4726 ι

104 4743 282 4799 Oumia
313 4763 558 4819 namque
585 4769 704 4807 ossa
739 4757 838 4807 ista
873 4756 1186 4826 loquuntur,
1215 4769 1269 4814 et
1303 4761 1559 4830 hymnum
1589 4770 1671 4823 di-

103 4845 240 4902 curt,
273 4847 328 4892 et
357 4843 568 4908 gratias
594 4855 762 4914 agunt
796 4847 921 4900 Deo.
949 4846 1309 4906 Meminerunt
1335 4855 1479 4908 enim
1511 4857 1670 4915 bene—

104 4924 200 4978 licii
254 4927 399 4997 ejus,
434 4941 491 4986 et
520 4933 638 4986 ideo
679 4952 698 4985 ι
731 4939 908 4990 omnia
937 4953 1057 4993 ossa
1092 4955 1207 4994 mea
1235 4943 1451 5000 dicent:
1485 4948 1668 5005 Domi-

100 5029 196 5079 ne,
231 5019 354 5086 quis
385 5019 587 5076 similis
619 5023 755 5077 tibi?
796 5025 1043 5094 Eripiens
1072 5043 1364 5098 pauperem
1400 5035 1466 5090 de
1498 5053 1661 5093 manu

99 5101 328 5161 fortioris
356 5108 504 5176 ejus.
539 5128 558 5162 ι
611 5112 683 5166 De
711 5113 828 5167 istis
856 5114 1071 5169 ossibus
1104 5130 1224 5170 cum
1257 5119 1434 5174 adhuc
1477 5134 1662 5179 essent

94 5192 244 5266 223
263 5195 540 5268 dispersa,
559 5211 844 5272 antequam
870 5204 1084 5259 veniret
1106 5207 1194 5275 qui
1218 5223 1277 5262 ea
1307 5211 1581 5280 colligeret
1608 5225 1664 5270 et

1821 1941 1874 1994 in
1909 1955 2092 1997 sancta
2127 1964 2232 2000 non
2268 1947 2504 2005 bibentis
2535 1953 2715 2009 vinum
2767 1974 3046 2030 usquequo
3078 1941 3381 2027 sacerdotio

1817 2031 2148 2103 fungeretur.
2198 2038 2323 2096 Post
2357 2041 2470 2096 lucc
2505 2053 2680 2099 tamen
2710 2047 2861 2103 bibc‘t
2889 2052 2998 2123 (97)
3039 2056 3242 2124 vinum,
3278 2067 3371 2118 sed

1817 2127 2000 2180 vinum
2043 2145 2262 2197 novum,
2292 2141 2347 2186 et
2387 2134 2570 2189 vinum
2623 2153 2819 2192 novum
2868 2142 2918 2195 in
2958 2145 3094 2199 coelo
3134 2163 3293 2216 novo,
3323 2162 3380 2208 et

1817 2219 1869 2273 in
1905 2237 2038 2276 nova
2073 2233 2243 2290 terra,
2273 2235 2327 2280 et
2372 2229 2428 2282 itt
2474 2246 2613 2284 novo
2644 2233 2880 2301 homine,
2913 2252 3032 2291 cum
3067 2241 3376 2302 hominibus

1814 2312 1986 2371 novis.
2017 2323 2073 2367 et
2117 2330 2236 2370 cum
2271 2317 2355 2372 his
2386 2321 2477 2388 qui
2510 2331 2732 2376 cantant
2761 2325 2808 2379 ei
2853 2330 3122 2385 canticum
3150 2349 3370 2394 novum.

1813 2400 1972 2457 Vides
1992 2420 2141 2472 ergo,
2167 2410 2291 2476 quia
2317 2411 2648 2480 impossibile
2671 2425 2755 2470 est
2782 2417 2849 2472 de
2873 2435 3009 2473 nova
3039 2422 3146 2477 vite
3173 2436 3372 2481 novum”

1812 2496 2056 2562 pocolum
2092 2499 2199 2552 bibi
2233 2513 2299 2554 au
2333 2517 2421 2566 eo,
2443 2505 2540 2572 qui
2573 2507 2750 2561 adhuc
2781 2507 2996 2566 indutus
3023 2522 3108 2567 est
3133 2526 3376 2571 veterem

1809 2586 2082 2642 hominem
2105 2606 2226 2644 cum
2253 2595 2464 2648 actibus
2491 2597 2626 2650 suis.
2663 2597 2880 2677 cNemo
2908 2603 3074 2666 enim,
3109 2605 3366 2677 inquit“,

1807 2678 1972 2732 mittit
1998 2682 2177 2736 vinum
2209 2698 2402 2738 novum
2451 2686 2504 2739 in
2541 2672 2948 2746 tttres'veteres.
2975 2710 2996 2745 ι
3029 2695 3085 2750 Si
3119 2698 3199 2752 vis
3238 2707 3375 2770 ergo

1807 2771 1863 2816 et
1896 2773 1946 2816 tu
1992 2765 2176 2821 bibere
2215 2770 2281 2824 de
2312 2770 2413 2827 ltoe
2439 2788 2578 2830 novo
2609 2777 2753 2842 vino,
2789 2780 3068 2849 innovare,
3099 2793 3150 2838 et
3183 2787 3270 2842 die
3317 2788 3361 2820 δ’

1800 2856 1942 2924 quia,
1973 2857 2062 2912 ιΕι
2087 2860 2130 2914 si
2161 2863 2394 2918 exterior
2438 2865 2600 2921 homo
2641 2877 2824 2923 noster
2855 2876 3241 2943 corrumpitur,
3268 2880 3370 2935 sed-

1803 2947 1892 3014 qui
1929 2949 2072 3003 intus
2103 2961 2186 3005 est
2213 2965 2502 3010 renovatur
2531 2957 2598 3012 de
2623 2959 2710 3014 die
2729 2961 2781 3015 in
2807 2963 2971 3022 diem.
2999 2985 3019 3017 ι
3055 2967 3122 3021 Ει
3145 2969 3362 3037 quidem

1801 3037 1868 3093 de
1896 3039 1981 3094 his
2008 3041 2338 3102 suﬂicienter
2365 3050 2591 3107 dictum.
3371 3101 3373 3104 -

1869 3128 1924 3183 5.
1962 3130 2126 3185 Multa
2153 3145 2282 3188 sunt
2303 3145 2359 3190 et
2380 3138 2508 3205 alia,
2539 3156 2658 3210 qua:
2689 3145 2916 3201 recitata
2949 3151 3224 3220 sunt(98).
3251 3151 3370 3208 Sed'

1801 3221 2054 3288 quoniam
2091 3237 2285 3281 cuncta
2334 3245 2438 3284 non
2492 3249 2798 3301 possumus,
2830 3238 3140 3309 eligendum
3177 3255 3256 3300 est
3291 3249 3368 3301 de.

1797 3313 1990 3381 quibus
2021 3315 2203 3371 dicere
2251 3319 2567 3381 debeamus.
2620 3326 2686 3379 Et
2737 3332 2991 3397 quoniam
3038 3334 3164 3402 quid
3211 3347 3361 3393 esset

1795 3403 2004 3473 bibere,
2039 3419 2094 3462 et
2129 3426 2233 3464 non
2265 3413 2452 3469 bibere
2489 3418 2666 3472 viuum
2710 3436 2810 3490 pro
2841 3425 3049 3482 viribus
3098 3429 3352 3499 diximus,

1795 3507 1938 3548 nunc
1967 3497 2094 3565 quid
2125 3499 2196 3553 sit
2220 3502 2381 3556 etiam
2418 3509 2701 3564 comedere
2733 3516 3104 3581 pectusculum
3131 3534 3352 3589 separa-

1796 3584 1975 3645 tionis.
2007 3597 2056 3640 et
2095 3589 2372 3646 brachium
2401 3595 2709 3664 ablationis,
2747 3601 3044 3661 videamus.
3079 3606 3206 3663 Post
3238 3610 3353 3666 haec

1791 3674 1858 3729 de
1896 3678 2128 3744 mundis,
2161 3692 2216 3734 et
2241 3682 2554 3748 innnundis,
2585 3689 2665 3742 vel
2693 3689 2851 3756 cibis,
2885 3693 2968 3747 vel
3004 3695 3350 3762 animalibus.

1789 3763 2106 3834 inqnantum
2141 3768 2402 3826 Dominus
2449 3773 2680 3842 dederit,
2711 3789 2764 3832 et
2811 3783 3068 3850 temporis
3115 3786 3348 3853 spatium

1787 3851 1970 3918 fuerit,
1987 3855 2333 3912 disseremus.
2359 3860 2498 3915 Dicit
2530 3877 2658 3932 ergo
2691 3861 2966 3935 Scriptura
2984 3867 3062 3921 “:
3088 3886 3107 3918 ι
3131 3851 3366 3927 Ρεειιιεο,

1785 3943 1960 3998 culum
1998 3951 2411 4016 segregationis,
2443 3961 2497 4006 et
2551 3953 2828 4007 brachium
2876 3955 3164 4012 ablationis
3194 3975 3368 4023 man-_

1784 4033 2009 4090 ducabis
2041 4038 2092 4090 in
2129 4039 2245 4095 loco
2273 4050 2486 4108 sancto,
2529 4051 2581 4096 tu
2606 4053 2659 4098 et
2690 4045 2784 4098 filii
2817 4045 2910 4109 tui,
2941 4057 2994 4100 et
3029 4049 3220 4102 domus
3257 4062 3344 4103 tua

1784 4131 2000 4189 tecum;
2036 4126 2331 4197 legitimum
2365 4133 2505 4186 enim
2537 4135 2653 4198 tibi,
2683 4145 2736 4190 et
2764 4135 3062 4206 legitimum
3088 4140 3210 4194 [iliis
3241 4143 3346 4196 tuis

1781 4216 1962 4270 datum
1995 4227 2079 4272 est
2110 4220 2177 4273 de
2206 4222 2489 4278 sacrificiis
2520 4227 2846 4282 salutaribus
2879 4229 3112 4284 filiorum
3156 4232 3342 4299 Israel,

1775 4307 2056 4363 brachium
2086 4309 2396 4377 ablationis,
2419 4323 2470 4368 et
2497 4317 2864 4384 pectusculum
2891 4321 3334 4389 scgregationis.»

1773 4397 1894 4452 Non
1921 4413 2077 4452 omne
2101 4404 2492 4469 pectusculntn,
2530 4409 2918 4476 segregationis
2945 4420 3027 4464 est
3050 4423 3337 4480 peetuscu-

1703 4532 1748 4589 Β
1774 4481 1922 4552 lum;
1955 4505 2054 4544 nec
2085 4506 2246 4546 omne
2277 4494 2557 4550 brachium
2582 4499 2871 4553 ablationis
2895 4509 2948 4554 et
2974 4503 3339 4570 scparationis

1776 4587 1861 4632 est
1891 4581 2192 4637 brachium.
2242 4584 2346 4640 Sed
2396 4589 2648 4655 quoniam
2701 4591 2765 4643 ad
2817 4591 3104 4646 Dominum
3156 4611 3334 4651 meum

1774 4665 1954 4724 Jesum
1979 4687 2263 4747 personam
2294 4679 2567 4744 pontificis
2598 4681 2992 4747 revocavimus,
3015 4693 3068 4738 et
3096 4685 3162 4739 ad
3192 4687 3356 4744 ﬁlios'

1775 4757 1889 4826 ejus
1938 4741 2155 4818 sanctos
2201 4768 2500 4835 apostolos,
2560 4771 2841 4826 videamus
2889 4777 3162 4844 quomodo
3220 4779 3337 4850 ipse

1774 4850 1994 4918 quidem
2051 4857 2422 4922 pectusculum
2470 4864 2865 4934 segregationis
2914 4871 3226 4937 manducat,
3281 4883 3363 4927 et:

1775 4938 1866 4994 filii
1903 4942 2042 5010 ejus,
2085 4945 2174 4999 alii
2220 4957 2398 5002 autem
2433 4966 2536 5004 non
2586 4968 2775 5010 omnes
2822 4968 3045 5026 possunt
3079 4975 3363 5030 segrego»

1771 5030 1934 5086 tionis
1977 5037 2346 5103 pectusculum
2402 5042 2749 5102 manducare.
2812 5046 2950 5114 Quid
3007 5049 3172 5120 igitur
3226 5062 3331 5115 est,

1767 5123 1909 5188 quod
1941 5137 1970 5176 a
2003 5123 2162 5179 rebus
2184 5127 2432 5184 omnibus
2453 5143 2788 5202 segregatur,
2812 5151 2912 5191 nec
2934 5147 3018 5192 est
3039 5153 3325 5193 commune

1767 5227 1888 5266 cmn
1939 5215 2180 5284 reliquis,
2230 5217 2332 5271 nisi
2385 5220 2495 5274 sola
2553 5227 2856 5280 substantia
2908 5227 3230 5282 Trinitatis?
3270 5228 3325 5282 Si

93 5299 447 5359 congregaret
482 5290 531 5344 in
557 5307 747 5358 unum,
779 5294 984 5350 dictum
1012 5305 1094 5350 est
1125 5307 1178 5352 et
1205 5298 1331 5354 illud
1377 5305 1658 5371 propheti-
1765 5321 1894 5376 ergo
1922 5307 2216 5380 intelligam
2248 5312 2466 5380 quidem
2501 5315 2766 5371 rationem
2811 5317 3016 5386 mundi,
3059 5334 3166 5374 non
3197 5334 3325 5388 pos-

152 5461 193 5494 ³⁸
225 5463 241 5520 Ι
274 5465 403 5522 Cor.
454 5483 551 5533 xu,
581 5468 672 5525 20.

781 5474 826 5506 ³⁸
861 5474 1055 5529 Ezech.
1093 5491 1299 5542 xuvu,
1351 5477 1436 5534 11.

90 5531 131 5563 ³⁸
157 5534 331 5590 Galat.
371 5554 431 5602 tt,
471 5531 559 5593 20.

671 5543 716 5575 ³⁷
745 5541 886 5598 Psal.
918 5561 1099 5607 xxxiv,
1132 5546 1218 5601 10.

151 5723 258 5801 (ἓξ)
293 5725 427 5801 biss.
461 5743 482 5778 ι
504 5729 808 5801 juncturas.
838 5752 856 5784 ι
889 5734 1041 5787 Libb.
1071 5735 1222 5798 editi,
1255 5735 1656 5801 «juncturam.»

152 5792 257 5856 {97)
292 5795 456 5860 Mss"
495 5792 712 5858 (bibet.
747 5821 766 5854 ι
797 5803 953 5858 Libl).
981 5805 1110 5858 editi
1133 5845 1148 5864 ,
1185 5792 1220 5856 ι’
1252 5792 1408 5860 bibit.
1441 5825 1461 5858 ι

1549 5482 1594 5514 ³³
1624 5482 1777 5540 Joan.
1811 5503 1940 5555 xvtt,
1974 5490 2062 5545 5|.

1329 5548 1373 5622 ξκ
1397 5549 1541 5622 Psal.
1594 5569 1717 5622 cn,

87 5602 125 5631 ιι
157 5604 347 5660 Mulli].
393 5623 477 5691 ιιι,
520 5611 608 5666 t7.
680 5612 725 5645 δ’
756 5613 953 5670 ILCor.
992 5602 1182 5682 ιν,ἰ6.
1257 5602 1708 5686 ’διενίιῖιξῖιῐζ

2834 5497 2919 5550 ³⁵1
2957 5498 3079 5550 (lor.
3117 5511 3233 5557 xm,
3269 5497 3324 5552 9.

2171 5494 2214 5525 ³⁸
2241 5495 2412 5552 Levit.
2450 5513 2596 5564 χχιι,
2633 5497 2720 5552 12.
2834 5497 2919 5550 ³⁵1
2957 5498 3079 5550 (lor.
3117 5511 3233 5557 xm,
3269 5497 3323 5552 9.

2171 5568 2213 5618 it.
2248 5581 2449 5633 xxxvu,
2507 5570 2560 5634 7,
2604 5570 2657 5624 8.
2773 5567 2819 5598 ⁸⁸
2850 5568 3182 5634 i'sal.xxxtv,
3221 5565 3323 5624 10.

1780 5557 1830 5636 7..
1946 5560 1990 5592 ³⁹
2015 5562 2213 5618 Ezeclt.
2248 5581 2449 5633 xxxv”,
2507 5570 2560 5635 7,
2586 5557 2657 5624 ⁷8.

1838 5747 1950 5819 (93)
1987 5750 2099 5806 Duo
2129 5767 2282 5820 tuss.,
2318 5771 2346 5831 ι¹
2375 5755 2647 5810 recitanda
2675 5763 2819 5840 sunt.
2855 5770 2874 5805 ι
