3876 6520
545 356 646 416 ιδδ

1989 357 2316 418 ORIGENIS

3632 377 3698 434 481

544 479 648 534 sim
680 486 859 534 autem
914 477 1076 532 etiam
1109 477 1176 533 de
1213 477 1322 535 Deo
1366 477 1669 551 intelligere
1718 481 1859 537 sicut
1891 483 2109 554 dignum
2141 488 2186 544 Α
2217 483 2510 554 dicatquis
2566 484 2893 551 auditorum,
2945 483 3055 540 Cur
3100 484 3210 540 vim
3268 482 3394 543 facis
3451 488 3704 564 Scriptum

541 583 648 635 est.
687 587 858 641 neque
890 571 1127 625 revelata
1174 572 1304 626 mihi
1349 571 1514 627 fuerit
1547 574 1773 628 scientia
1813 575 1930 640 Dei,
1964 592 2117 629 man-

545 665 684 720 duco
729 665 944 734 quidem
999 661 1396 731 pectusculum,
1444 664 1539 719 sed
1592 679 1696 718 non
1739 665 2112 734 pectusculum

543 758 955 826 segregationis.
1002 756 1230 810 Etiamsi
1278 766 1506 825 potuero
1554 757 1752 824 dicere,
1800 757 1921 826 Ipse
1961 760 2106 812 enim

545 851 676 904 mihi
705 849 850 902 dedit
877 850 1116 902 omnium
1157 865 1278 919 quae
1325 859 1451 903 sunt
1497 849 1777 903 scientiam
1813 863 2020 915 veram,
2057 860 2117 904 ut

543 941 709 994 sciam
741 941 1007 995 rationem
1054 942 1262 1003 mundi,
1301 951 1355 995 et
1391 941 1647 994 virtutem
1695 940 2114 1008 elementorum,

543 1033 754 1086 initium
784 1043 839 1085 et
868 1032 1059 1097 finem,
1092 1032 1437 1087 medietatem
1473 1045 1798 1102 temporum,
1836 1045 2116 1100 permuta-

544 1127 750 1180 tionum
805 1125 1234 1187 vicissitudines,
1270 1135 1323 1179 et
1365 1126 1751 1179 conversiones
1789 1135 2113 1194 temporum,

543 1217 670 1270 anni
724 1216 982 1282 circulos,
1038 1225 1091 1270 et
1135 1216 1414 1270 stellarum
1464 1217 1894 1285 dispositiones:
1925 1218 2113 1270 horum

542 1309 790 1363 omnium
830 1308 1078 1370 scientia,
1114 1309 1239 1376 quia
1279 1308 1620 1362 rationabilis
1652 1317 1754 1371 est,
1813 1308 2113 1377 pectusculi

546 1399 702 1454 cibus
733 1409 838 1462 est,
867 1399 961 1453 sed
1007 1415 1109 1453 non
1147 1399 1442 1469 pectusculi
1481 1400 1894 1467 segregationis.
1929 1399 1984 1452 Si
2019 1416 2118 1452 au-

545 1501 651 1544 tem
681 1500 907 1560 potuero
937 1491 1004 1544 de
1048 1491 1154 1543 Deo
1185 1493 1391 1543 sentire
1435 1505 1556 1558 quae
1594 1489 1807 1558 magna,
1840 1504 1958 1558 qua:
1983 1505 2113 1543 san-

543 1593 652 1648 cta,
691 1597 810 1652 quae
857 1596 984 1636 vera
1030 1589 1155 1634 sunt
1203 1589 1257 1634 et
1305 1591 1536 1647 secreta,
1593 1590 1719 1635 tunc
1774 1582 2114 1636 mandueabo

543 1673 911 1744 pectusculum
961 1672 1375 1742 scgregationis,
1407 1688 1526 1726 eum
1558 1673 1632 1735 id,
1665 1674 1808 1741 quod
1859 1674 1928 1727 ab
1963 1673 2111 1728 omni

543 1779 796 1823 creatura
833 1765 1036 1820 eminet
1078 1775 1132 1819 et
1175 1776 1516 1836 segregatur,
1551 1781 1846 1836 agnovero.
1897 1765 2114 1822 Primus

543 1877 672 1932 ergo
702 1860 1072 1930 pectusculum
1105 1860 1246 1912 istud
1280 1874 1442 1912 verus
1477 1860 1718 1929 pontifex
1751 1875 1902 1914 meus
1931 1876 2114 1915 come-

544 1951 643 2002 dit.
697 1948 979 2012 Quomodo
1031 1947 1588 2015 comedititNemo,
1647 1951 1904 2020 inquit“,
1964 1953 2115 2006 novit

542 2039 782 2104 Patrem,
824 2038 926 2091 nisi
983 2037 1172 2094 Filius.
1198 2056 1216 2090 ι
1259 2038 1508 2093 Secundo
1542 2041 1594 2092 in
1643 2039 1761 2095 loco
1791 2042 2114 2096 manducant

541 2139 597 2184 ct
624 2130 715 2183 filii
735 2130 895 2198 ,ejus.
936 2148 953 2180 ‹
979 2128 1149 2183 Nemo
1173 2129 1317 2183 enim
1349 2129 1496 2183 novit
1522 2129 1763 2196 Patrem,
1793 2132 1894 2185 nisi
1922 2132 2110 2197 Filius,

539 2228 597 2273 et
619 2218 704 2272 cui
739 2217 970 2272 voluerit
1002 2217 1170 2271 Filius
1199 2217 1464 2271 revelare.
1488 2236 1507 2270 ι
1547 2218 1753 2284 Quibus
1785 2227 1961 2271 autem
1993 2218 2114 2274 aliis

537 2309 640 2378 nisi
674 2309 937 2379 apostolis
975 2311 1088 2364 suis
1127 2309 1367 2366 revelat?
1408 2309 1514 2364 Sed
1543 2317 1599 2364 et
1644 2309 1924 2363 brachium
1955 2326 2114 2379 sepa-

540 2402 790 2467 rationis,
820 2402 904 2456 vel
940 2403 1256 2468 ablationis,
1302 2403 1444 2457 sicut
1488 2411 1542 2456 et
1573 2403 1823 2471 superius
1853 2403 2111 2468 diximus,

539 2503 700 2549 actus
727 2504 855 2548 sunt
882 2504 936 2546 et
963 2509 1130 2562 opera
1163 2493 1521 2548 eminentiora
1563 2494 1800 2559 caeteris,
1848 2498 1975 2563 quae
2005 2495 2114 2547 uti-

539 2601 644 2655 que
675 2587 882 2654 primus
912 2585 1025 2656 ipse
1059 2585 1310 2640 Salvator
1340 2595 1393 2638 et
1430 2584 1690 2640 Dominus
1726 2599 1878 2639 meus
1921 2585 2113 2654 imple-

539 2679 636 2731 vit.
667 2677 946 2742 Quomodo
974 2676 1252 2745 implevit?
1288 2694 1307 2727 ι
1335 2675 1501 2740 Meus,
1537 2675 1796 2744 inquit”,
1827 2677 1982 2730 cibus
2007 2686 2111 2743 est,

539 2775 598 2822 ut
625 2767 818 2822 faciam
849 2767 1178 2821 voluntatem
1202 2768 1316 2836 ejus
1340 2767 1430 2836 qui
1461 2781 1548 2820 me
1579 2766 1745 2831 misit,
1765 2775 1817 2821 et
1836 2767 2111 2836 perﬁciam

541 2875 677 2930 Opus
723 2859 901 2930 ejus.»
941 2858 1074 2914 Cum
1125 2874 1255 2929 ergo
1306 2859 1436 2912 facit
1491 2857 1831 2913 voluntatem
1864 2859 1980 2929 ejus
2020 2860 2111 2926 qui

537 2952 687 3006 misit
713 2967 858 3017 eum,
889 2952 942 3005 in
987 2953 1088 3006 hoc
1118 2967 1225 3006 non
1265 2952 1658 3021 pectusculum,
1701 2952 1794 3006 sed
1827 2953 2111 3008 brachium

537 3043 898 3112 separatiouis
940 3044 1198 3098 comedit.
1239 3043 1508 3097 Similiter
1557 3054 1737 3098 autem
1775 3053 1830 3099 et
1879 3045 2110 3114 apostoli

540 3135 676 3203 ejus,
710 3151 830 3189 cum
883 3134 1088 3190 faciunt
1119 3150 1255 3204 opus
1286 3135 1654 3204 evangelistae,
1699 3145 1754 3190 et
1802 3135 2111 3192 efﬁciuntur

541 3227 774 3296 operarii
807 3226 1246 3290 inconfusibiles,
1279 3237 1428 3281 recte
1476 3237 1772 3282 tractantes
1802 3243 2109 3285 sermonem

540 3319 813 3382 veritatis,
863 3319 1225 3387 separationis
1254 3319 1334 3372 vel
1366 3317 1658 3372 ablationis
1705 3319 1987 3374 brachium
2021 3337 2116 3375 co-

542 3411 784 3466 medunt.
829 3409 918 3466 Vis
945 3411 1120 3464 adhuc
1162 3411 1374 3480 planius
1404 3413 1588 3464 videre
1619 3414 1890 3480 quomodo
1921 3412 2114 3466 Salva-

545 3513 630 3557 tor
659 3502 1018 3572 separationis
1047 3501 1326 3556 brachium
1355 3503 1792 3556 comedat?Audi
1818 3505 1947 3572 quid
1969 3506 2110 3558 dicat

539 3598 605 3649 ad
630 3591 883 3649 Iudaeos:
919 3611 937 3646 ι
963 3592 1020 3648 Si
1049 3593 1175 3658 feci,
1211 3593 1466 3662 inquit“,
1499 3609 1668 3664 opera
1703 3596 1756 3648 in
1791 3597 1962 3661 vobis,
1995 3613 2112 3665 qua:

538 3689 723 3744 nullus
753 3689 892 3744 alius
925 3688 1071 3752 fecit,
1108 3704 1205 3758 pro
1246 3702 1357 3756 quo
1399 3688 1588 3741 horum
1626 3689 1788 3743 vultis
1835 3703 1918 3742 me
1963 3691 2112 3743 occi-

538 3780 709 3836 dere?
754 3800 772 3833 ι
802 3778 965 3834 Vides
1006 3783 1280 3850 quomodo
1316 3783 1431 3851 ipse
1487 3796 1610 3834 vcrc
1651 3783 1946 3836 manducat
1989 3781 2115 3834 bra-

538 3872 724 3926 chium
755 3873 1131 3941 separationis.
1157 3873 1249 3940 qui
1279 3888 1441 3940 opera
1474 3883 1580 3925 tam
1611 3884 1887 3945 segregata
1921 3885 1975 3929 et
2005 3884 2110 3927 tam

536 3962 790 4018 sublimia
824 3962 973 4027 fecit,
1004 3978 1166 4032 quam
1202 3965 1380 4018 nullus
1410 3967 1547 4020 alius
1577 3967 1726 4022 fecit.

615 4053 670 4106 4.
706 4053 811 4108 Sed
833 4052 944 4121 jam
972 4056 1250 4110 videamus
1278 4056 1454 4124 aliqua
1481 4058 1643 4110 etiam
1673 4073 1737 4110 ex
1771 4058 1877 4124 his,
1905 4075 2024 4129 quae
2046 4060 2112 4115 de

537 4144 776 4208 mundis,
809 4152 969 4212 atque
1001 4144 1314 4212 immundis,
1351 4146 1435 4199 vel
1477 4145 1544 4200 de
1579 4146 1734 4213 cibis,
1780 4148 1860 4201 vel
1901 4151 2113 4202 anima-

542 4236 682 4289 libus
720 4236 860 4288 lecta
889 4244 1044 4300 sunt;
1077 4244 1131 4289 et
1162 4236 1303 4290 sicut
1331 4237 1383 4290 in
1412 4237 1795 4307 explanatione
1842 4241 2016 4310 poculi
2047 4242 2112 4296 de

537 4326 730 4379 umbra
775 4325 1122 4380 ascendimus
1166 4326 1232 4379 ad
1269 4328 1554 4381 veritatem
1601 4329 1866 4397 spiritalis
1909 4332 2108 4400 poculi,

539 4418 610 4472 ita
667 4417 828 4472 etiam
886 4418 952 4473 de
1007 4418 1145 4472 cibis
1212 4419 1302 4488 qui
1365 4433 1462 4488 per
1517 4422 1761 4474 umbram
1821 4423 2108 4488 dicuntur,

2140 3178 2185 3236 C

2216 573 2484 628 Animalia
2511 576 2787 642 dicuntur,
2815 577 3071 630 animalia
3101 576 3481 645 intelligantur.
3527 583 3588 639 Ne
3612 603 3702 660 ergo

2219 667 2415 735 aliquis
2462 667 2575 721 haac
2639 667 2926 737 depravari
2973 668 3212 721 humano
3274 671 3447 724 credat
3489 673 3704 744 ingenio,

2219 758 2505 829 apostolica
2556 759 2608 812 in
2639 761 2716 812 eis
2746 758 3048 813 auctoritas
3069 759 3339 833 evocanda
3363 768 3452 816 est.
3483 763 3593 818 Audi
3616 785 3702 834 (τ’ςο

2217 850 2448 918 primum
2500 853 2743 906 omnium
2810 853 3007 908 Paulus
3059 849 3125 906 de
3200 851 3279 906 eis
3336 853 3546 922 qualiter
3584 858 3687 911 dicat

2223 959 2240 992 ι
2276 941 2474 996 Omnes
2505 946 2674 1010 enim,
2726 945 2902 1014 inquit
2926 943 2995 1011 ⁸⁷,
3027 958 3124 1011 per
3155 957 3303 998 mare
3333 945 3636 1012 transierunt,
3670 961 3704 1002 el

2217 1045 2406 1086 omnes
2435 1035 2485 1086 in
2518 1034 2754 1106 Moysem
2791 1033 3048 1103 baptizati
3072 1042 3198 1087 sunt
3224 1033 3276 1086 iu
3301 1033 3433 1087 nube
3459 1044 3506 1088 et
3530 1035 3572 1089 in
3594 1040 3703 1105 mari,

2199 1134 2271 1176 'et
2320 1140 2507 1178 otnnes
2549 1124 2792 1178 eamdem
2825 1140 3009 1181 escam
3066 1123 3364 1194 spiritalem
3410 1127 3700 1182 manducare-

2220 1227 2367 1280 runt,
2399 1228 2451 1271 et
2480 1233 2668 1272 omnes
2697 1219 2945 1273 eumdem
2970 1226 3152 1288 potum
3182 1217 3472 1287 spiritalem
3502 1218 3702 1276 biberunt.

2216 1307 2482 1362 Bibehant
2515 1318 2693 1362 autem
2725 1310 2791 1363 de
2815 1309 3048 1379 spiritali
3075 1319 3436 1377 consequente
3455 1323 3540 1364 eos
3563 1323 3701 1378 petra:

2218 1409 2371 1467 petra
2411 1411 2594 1452 autem
2653 1385 2770 1453 erat
2809 1400 3084 1455 Christus.
3125 1419 3145 1452 ι
3204 1399 3404 1454 Paulus
3452 1400 3549 1455 ba'c
3581 1402 3704 1463 dicit;

2218 1490 2480 1545 llcbrmus
2508 1507 2575 1545 ex
2611 1491 2871 1556 Hebraeis,
2927 1493 3223 1547 secundum
3256 1492 3426 1560 legem
3457 1490 3704 1557 Pharisaeus,

2215 1593 2269 1637 et
2303 1585 2494 1640 doctus
2526 1600 2682 1640 secus
2710 1588 2875 1655 pedes
2915 1586 3250 1650 Gamalielis,
3300 1587 3392 1653 qui
3436 1586 3591 1656 utique
3614 1604 3705 1642 nuu-

2215 1691 2379 1744 quam
2410 1677 2633 1731 auderet
2668 1676 2966 1745 spiritalem
3001 1679 3209 1741 escam,
3253 1687 3309 1732 et
3358 1677 3612 1744 spiritalem
3640 1695 3706 1748 po-

2217 1774 2329 1818 ttnn
2359 1765 2652 1834 appellare,
2692 1767 2792 1822 nisi
2828 1769 2972 1823 hunc
3011 1783 3131 1822 esse
3176 1781 3394 1822 sensum
3458 1766 3707 1836 legislatoris

2223 1872 2319 1926 per
2350 1859 2599 1912 traditam
2631 1858 2734 1912 sibi
2769 1859 3068 1914 verissima:
3095 1859 3362 1914 doctrinae
3386 1857 3627 1912 scientiam
3652 1861 3707 1912 di-

2224 1949 2464 2003 dicisset.
2497 1949 2649 2004 Unde
2671 1957 2725 2004 et
2752 1949 2880 2004 illud
2905 1951 3070 2018 addit,
3125 1959 3382 2020 tanquam
3413 1951 3656 2015 conlidens,
3675 1962 3708 2005 et

2224 2050 2406 2095 certus
2436 2042 2502 2094 de
2535 2041 2778 2096 ciborum
2813 2043 3026 2097 ratione
3055 2045 3406 2106 mundorum,
3441 2042 3514 2096 vel
3544 2042 3708 2098 immun-

2223 2132 2436 2197 (lorum,
2466 2133 2610 2200 quod
2645 2147 2748 2184 non
2788 2132 3082 2187 secundum
3126 2132 3384 2195 litteram,
3438 2134 3522 2187 sed
3559 2135 3709 2200 spirita-

2225 2225 2347 2279 liter
2378 2225 2716 2279 observanda
2762 2226 2896 2290 sint,
2929 2233 2984 2280 et
3025 2225 3157 2281 dicit
3196 2225 3242 2258 ⁸⁸
3279 2241 3294 2278 :
3335 2242 3354 2276 ‹
3391 2223 3462 2279 Ne
3490 2226 3590 2293 quis
3628 2242 3710 2294 ergo

2223 2314 2545 2381 vosjudicet
2591 2316 2643 2369 in
2674 2316 2820 2381 cibo,
2869 2325 2962 2370 aut
3005 2317 3056 2370 in
3092 2325 3241 2384 potu,
3272 2325 3367 2369 aut
3401 2315 3451 2368 in
3491 2325 3616 2383 parte
3642 2317 3708 2370 diei

2223 2406 2366 2474 festi,
2425 2416 2519 2460 aut
2568 2406 2892 2470 neomeuim,
2942 2416 3034 2461 aut
3073 2407 3424 2462 sabbatorum
3474 2405 3590 2474 (99),
3631 2422 3709 2474 que

2223 2509 2347 2552 sunt
2378 2499 2567 2552 umbra
2598 2499 2921 2552 futurorum.
2959 2517 2978 2550 ι
3031 2497 3192 2553 Vides
3219 2513 3356 2568 ergo
3389 2498 3711 2568 quomodohet

2223 2591 2426 2658 omnia,
2465 2605 2582 2660 qua:
2609 2591 2674 2644 dc
2702 2589 2836 2644 cibis
2864 2590 2945 2644 vel
2973 2599 3098 2659 potu
3129 2591 3372 2659 loquitur
3401 2590 3603 2659 Moyses,
3619 2589 3714 2643 Pau-

2223 2682 2328 2748 lus,
2382 2683 2472 2752 qui
2520 2683 2716 2738 melius
2755 2683 2857 2737 ista
2897 2683 3160 2738 didicerat
3207 2698 3373 2753 quam
3417 2684 3469 2738 hi
3506 2684 3580 2751 qui
3617 2698 3711 2736 nunc

2217 2775 2426 2844 jactant
2469 2791 2527 2830 se
2573 2790 2693 2830 esse
2731 2775 3010 2842 doctores,
3049 2777 3228 2830 omnia
3280 2777 3397 2831 haec
3441 2779 3602 2830 umbra
3629 2776 3714 2828 dicit

2223 2883 2342 2923 esse
2368 2868 2693 2922 futurorum.
2729 2868 2793 2922 Et
2827 2867 2966 2929 ideo,
3001 2869 3139 2922 sicut
3170 2868 3428 2929 diximus.
3455 2869 3514 2921 ab
3534 2867 3613 2922 hac
3638 2885 3714 2920 um-

2224 2960 2318 3015 bra
2350 2959 2414 3014 ad
2447 2961 2729 3016 veritatem
2755 2959 3014 3014 debemus
3044 2961 3367 3016 ascendere.
3399 2961 3714 3014 Christianiscl

2224 3067 2254 3106 a
2283 3051 2611 3107 Christianis
2641 3052 2720 3122 (Ι)
2762 3065 2944 3106 sermo
2981 3059 3083 3116 est,
3128 3051 3330 3122 quibus
3374 3053 3712 3121 apostolicorum

2223 3145 2490 3199 dictorum
2523 3143 2687 3198 chara
2715 3157 2835 3197 esse
2860 3143 3018 3199 debet
3058 3145 3386 3198 auctoritas.
3433 3143 3484 3197 Si
3507 3143 3608 3212 quis
3629 3156 3714 3194 vero

2222 3235 2533 3306 arrogantia
2585 3234 2822 3288 tumidus
2857 3235 3151 3302 apostolica
3197 3235 3348 3288 dicta
3385 3233 3716 3288 conteuulitaut

2221 3328 2451 3397 spernit,
2480 3328 2596 3396 ipse
2619 3327 2836 3381 viderit.
2893 3328 3022 3381 Mihi
3052 3339 3252 3389 autem,
3296 3329 3440 3382 sicut
3472 3327 3566 3381 Deo
3596 3337 3633 3379 et
3657 3325 3716 3377 Do-

2223 3420 2374 3474 mino
2429 3426 2614 3472 nostro
2661 3417 2787 3472 Jesu
2849 3417 3088 3481 Christo,
3143 3417 3216 3472 ita
3274 3427 3332 3472 et
3390 3417 3616 3486 apostolis
3644 3415 3717 3478 ejus

2222 3509 2501 3564 adhaerere
2539 3511 2742 3565 bonum
2773 3519 2881 3573 est,
2921 3517 2975 3562 et
3021 3525 3084 3564 ex
3133 3509 3334 3564 divinis
3397 3507 3718 3577 Scripturissc-

2222 3604 2456 3657 cundum
2489 3603 2730 3671 ipsorum
2760 3603 3108 3657 traditionem
3141 3601 3542 3672 intelligentiam
3563 3613 3715 3669 capere.

2221 3693 2337 3746 Erit
2368 3704 2548 3747 autem
2590 3703 2952 3762 opportunum
2983 3690 3220 3746 fortasse
3246 3703 3481 3760 tempus,
3527 3690 3563 3744 si
3595 3699 3715 3742 tamen

2224 3786 2316 3840 Dei
2341 3785 2592 3840 voluntas
2636 3786 2688 3838 in
2717 3785 2820 3838 hoc
2866 3782 3064 3847 fuerit,
3114 3793 3168 3839 et
3202 3799 3390 3839 rerum
3435 3782 3718 3852 tranquillius

2220 3876 2385 3931 fuerit
2421 3877 2718 3942 (nescimus
2776 3877 2919 3931 enim
2980 3875 3108 3944 quid
3171 3876 3352 3944 pariat
3399 3885 3713 3943 superventun

2221 3969 2380 4039 dies),
2409 3977 2467 4022 ut
2505 3968 2664 4022 etiam
2701 3983 2768 4023 ex
2814 3968 2996 4023 Veteri
3053 3967 3409 4022 Testamento
3439 3967 3719 4035 assignenlus,

2221 4061 2513 4116 secundum
2557 4061 2608 4114 id
2651 4065 2795 4128 quod
2847 4060 3105 4129 apostolis
3150 4060 3328 4113 visum
3371 4069 3479 4122 est,
3527 4058 3717 4112 rationem

2222 4157 2468 4210 ciborum
2510 4152 2587 4221 (‘2)
2631 4151 2978 4216 mundorum,
3027 4152 3112 4204 vel
3157 4151 3568 4212 immundorum,
3601 4150 3668 4200 sed
3687 4157 3721 4198 ct

2221 4244 2557 4307 animalium,
2603 4242 2686 4296 vel
2727 4245 2927 4304 avium,
2981 4241 3064 4294 vel
3105 4241 3362 4311 piscium,
3406 4241 3470 4293 de
3507 4238 3661 4307 quibus
3687 4237 3718 4286 in

2170 4396 2186 4407 κ
2222 4335 2337 4405 lege
2376 4333 2654 4396 scribitur,
2688 4331 3099 4402 intelligentiam
3150 4333 3215 4386 ad
3259 4324 3511 4388 homines
3549 4331 3722 4383 referen-

2221 4428 2365 4480 dam.
2418 4425 2524 4480 Sed
2565 4440 2709 4480 nunc
2766 4426 3024 4493 quoniam
3067 4424 3264 4479 latiore
3299 4426 3379 4478 uti
3420 4421 3720 4494 explanatione

537 4510 894 4564 ascendamus
930 4511 996 4564 ad
1028 4526 1123 4565 eos
1149 4513 1239 4580 qui
1273 4528 1369 4583 per
1391 4513 1643 4582 spiritum
1681 4515 1790 4567 veri
1825 4526 1953 4570 sunt
1979 4518 2107 4571 cibi.
2145 4536 2190 4592 ο
2222 4534 2325 4572 non
2365 4526 2448 4571 est
2488 4525 2722 4585 tempus,
2775 4517 2988 4570 duobus
3042 4515 3345 4570 luminibus
3399 4515 3720 4584 apostolorum.

539 4600 645 4655 Sed
676 4603 741 4655 ad
773 4603 888 4656 haae
918 4603 1316 4672 investiganda,
1371 4605 1672 4673 Scriptura:
1709 4605 1908 4660 divina:
1956 4607 2108 4661 testi-

539 4694 736 4746 moniis
766 4693 1087 4762 indigemus,
1139 4711 1207 4750 ne
1234 4697 1357 4765 quis
1404 4707 1558 4764 putet
1602 4700 1810 4765 (amant
1836 4700 1980 4752 enim
2015 4699 2112 4753 ho-

540 4785 716 4840 mines
767 4801 1033 4841 exacuere
1060 4780 1273 4858 linguas
1312 4805 1440 4844 suas
1474 4799 1534 4843 ut
1577 4791 1837 4862 gladium)
1868 4807 1934 4846 ne
1961 4794 2107 4861 quis,

540 4877 784 4946 inquam,
819 4888 988 4946 putet,
1021 4883 1164 4947 quod
1193 4895 1292 4950 ego
1321 4883 1425 4934 vim
1470 4881 1661 4935 faciam
1709 4881 2006 4951 Scripturis
2032 4885 2111 4938 di-

537 4969 701 5034 vinis,
729 4981 783 5023 et
811 4985 874 5022 ea
903 4985 1022 5039 quae
1047 4973 1112 5025 de
1141 4973 1488 5039 animalibus,
1527 4973 1994 5040 quadrupedibus,
2025 4975 2108 5029 vel

537 5063 700 5118 etiam
727 5065 938 5127 avibus,
972 5065 1320 5133 autpiscibus
1354 5065 1591 5129 mundis,
1633 5065 1747 5118 sive
1796 5066 2107 5134 immundis,

535 5156 589 5210 in
618 5155 732 5224 lege
764 5155 1094 5220 referuntur,
1124 5156 1287 5229 224
1319 5150 1385 5211 ad
1418 5159 1666 5212 homines
1693 5157 1927 5222 traham,
1956 5173 2010 5214 et
2043 5161 2108 5216 de

534 5246 845 5302 hominibus
873 5247 988 5301 haec.
1008 5248 1151 5302 dicta
1170 5265 1290 5302 esse
1313 5253 1638 5321 contingam.
1667 5250 1943 5307 Fortassis
1963 5253 2106 5309 enim

609 5383 654 5417 ν’
685 5385 878 5440 Matth.
904 5399 978 5450 xi,
1016 5379 1108 5438 2'7.
1181 5385 1226 5416 ’⁵⁸
1253 5383 1409 5441 Joan.
1436 5400 1508 5450 IV,
1537 5384 1628 5442 54.
1708 5385 1752 5417 ⁵⁸
1775 5384 1929 5444 Joan.
1957 5402 2012 5455 Χ,
2048 5387 2137 5448 52.

607 5529 716 5600 (99)
747 5531 859 5584 Duo
889 5547 1042 5590 mss..
1072 5551 1091 5583 ‹
1129 5531 1374 5586 sabbato.
1405 5552 1424 5584 ι

607 5601 903 5672 (ηοιιιηεε
928 5618 1085 5672 tuss.,
1126 5621 1144 5653 ι
1181 5604 1523 5666 Christianis,
1554 5615 1656 5656 eta
1686 5603 2036 5660 Christianis.
2081 5625 2099 5660 ι

536 5670 692 5726 Lilib.
721 5672 874 5734 editi,
911 5690 930 5722 ι
964 5670 1284 5735 Christiani,
1315 5685 1367 5728 et
1395 5674 1459 5726 ad
1497 5675 1857 5730 Christianas.
1904 5694 1923 5728 ι

607 5743 684 5819 (ξ)
712 5741 868 5819 Libb.
903 5752 1062 5819 antea
1092 5745 1245 5806 editi,
1284 5763 1300 5794 ο
1330 5749 1641 5819 secundum
1676 5762 1794 5800 eam
1823 5762 1942 5817 qua:
1971 5761 2104 5814 apo-

537 5814 690 5868 stolis
716 5814 826 5866 visa
854 5821 937 5867 est
963 5815 1251 5880 rationem,
1295 5816 1562 5882 ciborum,
1607 5837 1626 5869 ι
1658 5828 1790 5885 etc.,
1833 5814 1926 5874 Sed
1969 5833 2102 5873 mss.

2217 4611 2378 4664 Petro
2416 4619 2471 4664 et
2507 4608 2673 4663 Paulo
2715 4610 2942 4662 testibus
2985 4608 3225 4662 contenti
3256 4609 3451 4663 simus.
3487 4607 3546 4660 Et
3568 4605 3720 4674 quidem

2219 4703 2419 4758 Paulus
2455 4717 2576 4771 quae
2597 4701 2854 4762 senserit,
2893 4699 3000 4769 jam
3054 4701 3404 4768 protulimus.
3440 4700 3611 4753 Petrus
3637 4707 3724 4745 vero

2217 4796 2491 4863 apostolus
2512 4809 2633 4848 cum
2671 4803 2814 4847 esset
2840 4793 2891 4844 in
2921 4790 3116 4861 Joppe,
3138 4802 3194 4845 et
3217 4807 3379 4846 orare
3410 4792 3577 4851 vellet,
3596 4799 3723 4840 ascen-

2220 4890 2297 4943 dit
2350 4888 2405 4942 in
2457 4887 2738 4956 superiora
2779 4885 2846 4936 ‘9.
2880 4884 2990 4954 Ego
3047 4896 3226 4940 tamen
3259 4896 3313 4940 et
3346 4885 3451 4940 hoc
3503 4884 3648 4952 ipsum
3671 4876 3722 4945 β)

2218 4981 2358 5050 quod
2399 4980 2570 5034 noluit
2611 4979 2661 5032 in
2704 4977 3053 5033 inferioribus
3087 4992 3267 5044 orare,
3322 4978 3417 5032 sed
3457 4965 3723 5030 ascenditad

2219 5072 2522 5142 superiora,
2577 5069 2931 5125 non-frustra
2980 5071 3086 5126 dici
3126 5071 3358 5139 accipio.
3418 5068 3588 5136 Neque
3620 5059 3723 5114 enim

2218 5166 2352 5220 tanti
2392 5163 2618 5235 apostoli
2661 5163 2948 5219 consilium
2981 5179 3046 5218 ex
3075 5161 3350 5244 superﬂuo
3391 5161 3644 5229 superiora
3667 5152 3727 5203 de

2195 5257 2347 5329 .legit
2395 5257 2463 5312 ad
2510 5257 2798 5325 orandum,
2861 5257 2979 5320 sed,
3011 5267 3272 5326 quantum
3315 5271 3418 5326 ego
3449 5249 3727 5308 arbitratum

2220 5392 2264 5424 "
2306 5391 2328 5445 1
2361 5392 2490 5451 Cor.
2529 5409 2583 5458 x,
2628 5393 2662 5447 2
2713 5402 2769 5448 et
2803 5407 2953 5462 seqq.
3034 5389 3076 5423 “
3101 5389 3219 5446 Col.
3252 5385 3425 5456 11,16.
3499 5385 3540 5416 “
3571 5383 3650 5436 Art
3685 5390 3724 5429 ιο

2215 5549 2274 5594 ut
2306 5541 2357 5594 in
2389 5549 2580 5596 nostro
2613 5549 2784 5596 textu.

2284 5611 2362 5682 (ὃ)
2389 5611 2526 5666 Male
2564 5613 2616 5665 in
2649 5621 2807 5665 antea
2837 5609 2998 5664 editis
3045 5608 3313 5682 legitur,_t
3351 5619 3480 5676 ergo
3513 5599 3725 5682 statiuis}

2213 5670 2317 5736 hoc
2343 5670 2539 5751 ipsum,
2582 5701 2599 5732 ι
2628 5691 2757 5740 etc.,
2786 5682 3004 5734 omissis
3043 5670 3124 5733 his
3148 5670 3348 5742 verbis,
3391 5670 3546 5730 (non
3574 5670 3726 5725 frustra

2215 5754 2322 5808 dici
2352 5755 2583 5823 accipio,
2620 5772 2638 5804 ι
2679 5766 2799 5821 qua:
2829 5751 3149 5822 supplentur
3175 5763 3205 5804 e
3233 5764 3363 5803 mss.
