3876 6508
160 337 252 399 ι85
1244 339 1314 396 IN
1350 340 1724 399 LEVITICUM
1768 341 2056 399 HOMILIA
2099 331 2230 401 VII.

3270 349 3376 407 £86

161 459 500 517 ostenderetur
542 455 684 524 quod
719 453 915 514 Petrus
955 458 1082 528 quia
1118 471 1368 515 mortuus
1427 471 1546 515 erat
1580 479 1700 516 cum
1731 467 1775 523 Α
1807 466 2080 518 manebat.
2119 463 2280 518 Venit
2337 478 2468 535 ergo
2528 465 2857 535 Caesaream,
2916 468 3122 525 invenit
3181 473 3376 528 inultos

161 548 371 610 Christo,
399 559 519 613 qua:
565 560 788 599 sursum
833 557 959 602 sunt
997 551 1296 617 quaerebat,
1332 553 1420 606 ubi
1454 554 1702 608 Christus

160 650 232 695 est
259 640 304 692 in
331 636 544 690 dextera
579 637 670 690 Dei
700 638 902 692 sedens
924 639 992 704 ⁸⁸,
1034 652 1088 693 et
1113 655 1216 694 non
1247 657 1366 710 quae
1391 657 1555 711 super
1597 654 1703 697 ter-

161 747 280 786 rain.
305 727 427 781 llluc
458 729 807 793 ascendebat,
843 731 906 783 ad
943 730 1032 783 illa
1063 741 1226 796 tecta,
1256 734 1321 787 ad
1347 733 1432 786 illa
1464 734 1699 806 fastigia,

159 823 216 876 de
255 818 437 888 quibus
493 818 626 871 dicit
663 828 717 872 et
756 818 1014 874 Dominus
1067 821 1110 852 ’ί
1171 837 1182 870 :
1240 840 1259 873 ι
1314 823 1414 889 Qui
1447 826 1499 879 in
1558 837 1700 884 tecto

155 922 245 976 est,
274 925 369 964 non
405 909 698 964 descendat
753 911 943 965 tollere
975 913 1177 980 aliquid
1208 916 1272 967 de
1317 917 1493 969 domo.
1538 936 1556 968 ι
1599 918 1700 973 De-

154 1003 296 1070 nique
330 1006 384 1050 ut
421 998 563 1052 scias
605 999 729 1066 quia
766 1015 872 1054 non
909 1001 1025 1054 htec
1060 1003 1356 1070 suspiciose
1385 1003 1568 1072 (4)'de
1600 1007 1701 1063 Pe-

150 1107 228 1150 tro
275 1091 517 1155 dicimus,
568 1093 692 1159 quia
735 1092 802 1145 ad
848 1094 1128 1161 superiora
1170 1097 1586 1162 conscenderit,
1629 1114 1697 1153 ex

149 1181 580 1250 consequentibus
611 1183 960 1251 approbabis.
1007 1203 1025 1236 ι
1075 1186 1356 1251 Ascendit,
1416 1189 1593 1258 inquit
1625 1191 1694 1256 δ’,

147 1276 207 1330 ad
229 1272 518 1342 superiora,
557 1282 614 1324 ut
653 1281 853 1334 oraret,
881 1283 937 1327 et
981 1275 1112 1329 vidit
1136 1275 1330 1328 cmlum
1373 1289 1640 1344 apertum.
1671 1299 1690 1332 ι

145 1364 366 1421 Nondum
389 1363 485 1416 tibi
517 1363 728 1416 videtur
755 1362 948 1418 Petrus
976 1366 1040 1418 ad
1070 1366 1346 1435 superiora
1384 1383 1488 1421 non
1519 1371 1692 1424 solum

142 1469 368 1525 corpore,
421 1454 513 1508 sed
557 1463 736 1507 mente
759 1469 822 1508 ac
860 1456 1056 1524 spiritu
1098 1458 1515 1511 conscendisse?
1545 1479 1564 1508 ‹
1605 1459 1697 1513 Vi-

143 1551 229 1614 dit,
267 1545 436 1614 inquit
476 1545 544 1608 ’3,
610 1543 804 1599 ecelum
862 1557 1130 1614 apertum,
1182 1557 1235 1602 et
1291 1563 1384 1603 vas
1424 1551 1692 1619 quoddam

140 1638 319 1710 deponi
348 1644 407 1689 ut
435 1634 658 1689 linteum
691 1636 744 1689 in
789 1643 1012 1702 terram,
1055 1632 1107 1691 in
1159 1654 1264 1707 quo
1307 1650 1464 1693 erant
1499 1639 1689 1696 omnia

137 1728 510 1802 quadrupedia,
544 1737 598 1783 et
633 1729 866 1796 reptilia,
897 1739 951 1784 et
990 1730 1227 1785 volatilia
1272 1733 1416 1795 cmli,
1450 1744 1504 1787 et
1544 1735 1690 1789 audi-

135 1828 201 1877 vit
226 1837 402 1879 vocem
435 1823 704 1878 dicentem
738 1825 839 1878 sibi
882 1839 895 1876 :

136 1916 416 1979 manduca;
473 1933 492 1965 ι
530 1916 595 1970 de
630 1916 715 1970 his
758 1917 875 1970 sine
915 1916 1080 1970 dubio
1134 1916 1407 1982 imperans
1458 1917 1689 1970 mandu-

132 2007 302 2062 caudis
323 2006 781 2077 quadrupedibus,
804 2016 858 2062 et
883 2007 1248 2076 serpentibus,
1271 2017 1324 2061 et
1352 2008 1683 2072 volatilibus,

131 2112 239 2166 qua:
263 2099 600 2164 superposita
626 2097 793 2151 linteo
826 2097 892 2150 ad
932 2113 1054 2150 eum
1085 2097 1300 2151 caelitus
1329 2107 1456 2150 sunt
1486 2099 1682 2152 delata.

128 2185 294 2238 Atille
335 2201 347 2237 :
380 2203 398 2236 ι
448 2187 693 2250 Domine,
722 2186 900 2254 inquit
930 2187 999 2251 ⁵⁸,
1034 2196 1086 2238 ιιι
1113 2187 1221 2241 scis
1251 2187 1377 2256 quia
1411 2203 1682 2256 nunquam

127 2289 394 2328 commune
438 2283 534 2328 aut
564 2276 896 2346 immundum
926 2276 1164 2330 introivit
1194 2277 1245 2331 in
1279 2293 1341 2332 os
1377 2295 1580 2333 meum.
1617 2279 1684 2333 Et

127 2381 243 2432 vox,
269 2365 462 2434 inquit,
511 2368 575 2420 ad
607 2382 728 2420 eum
762 2370 1001 2421 secundo
1034 2386 1048 2421 :
1095 2368 1246 2432 Quod
1280 2369 1421 2424 Deus
1452 2373 1686 2423 munda-

123 2459 211 2522 vit,
238 2465 288 2509 ιιι
327 2471 620 2513 commune
647 2472 713 2511 ne
739 2458 973 2522 dixeris;
1002 2469 1054 2510 et
1088 2459 1194 2512 hoc
1233 2460 1434 2512 factum
1463 2470 1543 2514 est
1586 2476 1683 2530 per

127 2558 216 2603 ter.
249 2548 311 2601 Et
348 2557 471 2618 post
506 2551 626 2615 hoc,
683 2551 888 2619 inquit,
921 2560 1198 2619 receptant
1247 2561 1332 2604 est
1360 2551 1585 2605 linteum
1624 2555 1678 2608 in

121 2641 281 2694 etelis.
332 2657 352 2690 ι
409 2641 488 2694 De
544 2642 760 2696 mundis
804 2643 891 2696 hic
923 2652 977 2698 et
1033 2643 1328 2697 immundis
1357 2643 1682 2700 animalibus

122 2732 244 2786 ratio
274 2741 371 2786 est.
409 2733 489 2786 De
517 2733 734 2801 quibus,
776 2749 956 2787 rerum
989 2735 1216 2789 scientia
1250 2735 1465 2790 caelitus
1512 2737 1680 2790 doce-

123 2832 201 2876 tur
227 2825 506 2891 apostolus
529 2827 784 2893 quoniam
814 2827 1030 2894 quidem
1057 2826 1474 2881 eminentiorem
1519 2843 1597 2894 se,
1627 2837 1682 2883 et

118 2913 361 2979 majorem
391 2930 508 2968 non
549 2916 785 2990 habebat
810 2918 860 2969 in
897 2916 1086 2981 terris,
1113 2925 1166 2969 et
1191 2917 1415 2971 docetur
1439 2933 1544 2971 non
1571 2933 1680 2972 una

114 3019 238 3058 voce
259 3021 356 3060 nec
380 3021 490 3059 una
518 3007 746 3070 visione,
776 3009 868 3060 sed
901 3008 1062 3062 trina.
1088 3005 1203 3076 Ego
1229 3022 1327 3062 nec
1352 3008 1452 3062 hoc
1479 3008 1677 3076 ipsum,

113 3099 240 3166 quod
285 3099 445 3152 tertio
488 3097 606 3152 haec
654 3099 926 3165 dicuntur,
970 3100 1146 3154 otiose
1173 3100 1375 3154 dictum
1413 3101 1672 3170 suscipio.

113 3188 282 3243 Tertio
335 3191 381 3244 ei
436 3191 665 3255 dicitur,
710 3202 766 3245 et
807 3206 902 3260 per
954 3191 1107 3244 illiilli
1158 3193 1413 3247 omnibus
1468 3194 1627 3248 nol-is
1659 3211 1674 3249 :
1705 3166 1748 3222 Ο

115 3301 129 3329 ι
171 3282 316 3348 Quod
346 3282 496 3336 Deus
526 3285 826 3348 inundavit,
879 3293 931 3337 tu
965 3299 1259 3338 commune
1293 3298 1359 3338 ne
1395 3285 1618 3338 dixeris.
1654 3302 1674 3338 ι

107 3373 226 3438 Quae
267 3374 412 3428 enim
474 3376 794 3440 inundavit,
847 3391 952 3430 non
1002 3378 1103 3432 sub
1147 3390 1255 3431 una
1313 3377 1679 3445 appellatione

107 3467 446 3532 inundantur,
489 3481 668 3536 neque
708 3468 808 3524 sub
846 3470 1110 3532 secunda,
1141 3469 1236 3524 sed
1271 3469 1372 3524 nisi
1408 3478 1464 3524 et
1521 3469 1679 3524 tertia

104 3557 381 3627 appellatio
414 3560 754 3623 nominetur,
808 3575 968 3614 nemo
1010 3561 1327 3615 inundatur.
1371 3560 1483 3616 Nisi
1529 3560 1678 3616 enim

106 3651 152 3704 in
179 3651 354 3719 Patre,
382 3662 440 3706 et
462 3651 628 3718 Filio,
655 3661 709 3706 et
729 3652 931 3722 Spiritu
956 3663 1146 3708 sancto
1169 3653 1339 3708 [ueris
1363 3657 1675 3720 mundatus,

102 3744 323 3798 mundus
353 3759 480 3799 esse
520 3759 623 3798 non
654 3745 878 3814 poteris.
904 3744 1205 3814 Propterea
1245 3760 1375 3813 ergo
1418 3760 1540 3814 quae
1577 3760 1677 3814 pro

100 3835 480 3890 emundatione
513 3834 965 3901 ostendebantur,
1009 3851 1115 3888 non
1147 3835 1339 3898 semel,
1382 3849 1554 3902 neque
1584 3835 1680 3889 ite-

100 3943 230 3992 rum,
257 3927 350 3982 sed
404 3926 577 3981 tertio
618 3925 996 3990 ostenduntur,
1051 3933 1105 3978 et
1145 3925 1306 3978 tertio
1347 3926 1677 3994 praecipiun-

99 4029 195 4071 tur.
235 4016 409 4071 Erant
440 4031 582 4085 ergo
629 4017 810 4070 omnia
854 4016 906 4069 in
954 4016 1046 4070 illo
1080 4017 1245 4070 linteo
1279 4015 1674 4084 quadrupedia,

95 4118 144 4161 et
175 4107 408 4177 reptilia,
439 4120 503 4162 et
532 4105 780 4160 volucres
810 4106 960 4159 coeli.
996 4107 1056 4159 Et
1091 4116 1212 4174 post
1236 4107 1350 4160 hcec
1377 4105 1674 4174 cogitabat,

96 4199 282 4266 inquit,
323 4201 470 4252 intra
528 4195 878 4260 semetipsum
934 4195 1148 4259 Petrus,
1206 4195 1335 4260 quid
1369 4196 1470 4248 hoc
1509 4203 1672 4248 esset.

97 4291 156 4343 Et
178 4292 352 4345 adhuc
397 4305 466 4344 eo
512 4289 792 4360 cogitante
823 4296 1276 4357 supervenerunt,
1309 4286 1482 4354 inquit
1512 4286 1580 4352 ⁵⁵,
1618 4287 1671 4340 hi

94 4387 176 4452 qui
203 4400 228 4436 a
262 4383 530 4438 Cornelio
569 4383 888 4436 centurione
915 4380 1063 4432 missi
1090 4384 1303 4432 tuerant
1330 4391 1394 4431 ex
1429 4378 1528 4430 hac
1546 4377 1676 4432 civi-

97 4475 312 4545 tate(5),
347 4476 398 4530 id
426 4485 515 4528 est
545 4490 573 4525 a
606 4473 854 4526 Caesarea
894 4471 942 4522 in
969 4468 1158 4538 Joppe.
1184 4468 1256 4521 lbi
1293 4481 1522 4534 namque
1553 4473 1672 4520 erat
1703 4501 1746 4555 D

91 4567 294 4632 Petrus,
313 4579 370 4622 et
397 4567 791 4635 hospitaliatur
816 4563 954 4631 apud
978 4562 1250 4613 Simonem
1271 4558 1562 4626 quemdam
1584 4573 1671 4611 co-

94 4662 330 4714 riarittttt.
370 4660 526 4714 Bene
559 4667 736 4710 autem
774 4655 962 4708 Petrus
979 4653 1118 4720 apud
1145 4652 1438 4704 curiarium
1469 4657 1667 4712 manet,

91 4748 229 4801 illum
258 4746 611 4808 fortasse,de
627 4759 732 4812 quo
754 4740 1066 4795 dicitJaeob
1082 4741 1150 4803 ⁸⁸,
1170 4740 1292 4807 quia
1319 4756 1335 4788 ι
1361 4739 1498 4806 pelle
1519 4747 1676 4792 meet

90 4855 242 4894 carne
272 4839 442 4909 225
474 4836 723 4891 induisti.
749 4854 767 4886 ι
792 4833 897 4888 Sed
923 4834 1034 4886 haec
1063 4833 1113 4884 in
1132 4845 1355 4886 excessu
1389 4830 1530 4882 dicta
1547 4830 1676 4884 sint.

90 4932 298 4986 Interim
341 4925 751 5000 superveniunt
790 4923 879 4992 qui
925 4922 1074 4976 missi
1111 4922 1324 4974 fuerant
1357 4935 1385 4972 a
1417 4917 1676 4973 Cornelio

88 5021 146 5073 ad
176 5020 399 5075 Petrum
430 5035 446 5071 :
484 5031 628 5086 quos
662 5013 751 5066 ille
795 5013 1116 5080 suscipiens,
1150 5011 1300 5064 audit
1347 5010 1414 5064 ab
1443 5009 1523 5062 eis
1555 5023 1676 5077 quae

88 5110 182 5164 sibi
219 5107 524 5164 Cornelius
556 5103 794 5157 mandat.
826 5101 890 5153 Et
921 5099 1254 5153 descendens
1279 5100 1345 5153 de
1375 5096 1673 5167 superiori-

87 5201 201 5268 bus,
240 5199 397 5253 venit
433 5195 508 5250 ad
547 5192 878 5248 Cornelium.
930 5191 1239 5256 Descendit,
1271 5191 1399 5245 dicit
1444 5208 1458 5244 :
1495 5190 1674 5244 adhuc

84 5301 222 5357 enim
276 5301 557 5357 deorsum
608 5303 728 5350 erat
778 5292 1087 5355 Cornelius,
1127 5297 1182 5341 et
1219 5289 1270 5340 in
1321 5281 1671 5338 inferioribus

146 5450 189 5480 ⁵ο
211 5447 544 5509 Coloss.ut,
576 5442 626 5496 1.
704 5436 1111 5509 "Matthaxtv,
1141 5429 1225 5483 l7.

85 5537 134 5583 ι,
161 5519 245 5576 Η.
325 5518 371 5550 ⁵⁷
401 5516 541 5571 Act.
577 5529 632 5579 x,
660 5511 753 5567 28.

146 5637 218 5710 (4)
254 5638 412 5705 Mss.,
455 5655 476 5710 ᾳ
522 5637 719 5692 otiose.
752 5654 817 5710 i___
916 5702 948 5710 η
1072 5696 1195 5710 in.
1321 5709 1330 5710 ί
1374 5707 1387 5710 _
1423 5691 1435 5710 ι
1465 5687 1627 5710 ηψπ

249 5691 891 5780 festivitateetclllinc
916 5696 1393 5780 liqi_tet_0_rigenem
1423 5691 1590 5744 hasce
1617 5691 1668 5741 in

84 5770 380 5835 Le‘vi’tit'utu
413 5777 679 5833 ltoutilias
707 5776 968 5829 thsat‘eae
1006 5770 1284 5824 imbuisse.

1307 5429 1354 5462 δ’
1379 5431 1499 5481 Act.
1559 5440 1612 5485 χ.
1646 5423 1700 5487 9,
1729 5422 1818 5475 Η.

829 5495 875 5542 δὲ
899 5494 1244 5567 Mantum,
1281 5499 1371 5553 47.
1423 5498 1468 5529 αθ
1492 5497 1618 5552 cur.
1651 5508 1704 5560 v,
1723 5494 1744 5547 ι
1765 5494 1812 5547 l.

1804 555 1942 621 apud
1979 553 2290 608 Cornelium
2349 567 2723 624 congregatos,
2757 559 2822 613 ’et
2885 560 2962 614 ait
3012 561 3077 612 ad
3131 575 3224 615 eos
3256 570 3377 630 post

1804 644 2023 698 multa:
2072 663 2089 695 ‹
2133 645 2200 699 Ει
2253 645 2418 710 mihi,
2471 647 2742 715 inquit",
2806 651 3042 706 ostendit
3103 649 3242 705 Dens
3277 665 3373 704 ne-

1805 734 2008 787 minem
2057 749 2400 788 communem
2456 746 2550 788 aut
2606 736 2939 791 immundum
2986 740 3168 794 dicere
3199 740 3376 794 homi-

1804 834 1947 875 nem.
1985 837 2006 871 ι
2045 819 2158 875 Νοη
2200 821 2416 875 videtur
2441 823 2536 876 tibi
2569 822 2762 880 Petrus
2809 826 3083 894 apostolus
3123 830 3366 898 quadru-

1801 911 1957 979 pedia
2010 911 2096 964 illa
2129 913 2334 979 omnia,
2363 921 2417 967 et
2448 915 2688 982 reptilia,
2741 925 2795 968 et
2845 917 3083 972 volatilia
3133 920 3370 974 dilucide

1799 1002 1867 1054 ad
1915 1003 2188 1057 hominem
2242 1006 2612 1073 transtulisse,
2652 1017 2705 1062 et
2748 1010 2994 1065 homines
3029 1012 3368 1068 intellexisse

1798 1105 1860 1145 ea
1891 1107 2012 1161 quae
2040 1094 2141 1148 sibi
2174 1093 2226 1148 in
2267 1093 2434 1150 linteo
2461 1097 2678 1152 caelitus
2710 1098 2860 1167 lapso
2894 1099 3109 1156 fuerant
3137 1103 3368 1159 demon-

1801 1181 2014 1234 strata?

1868 1269 1918 1322 5.
1961 1269 2068 1324 Sed
2106 1270 2340 1327 fortasse
2378 1275 2524 1328 dicat
2553 1275 2789 1346 aliquis:
2820 1278 2894 1333 De
2924 1279 3368 1350 quadrupedibus

1796 1359 2037 1426 quidem,
2075 1371 2128 1414 et
2159 1363 2462 1431 reptilibus,
2493 1373 2548 1419 et
2574 1367 2766 1422 avibus
2792 1370 3069 1424 reddidisti
3101 1371 3175 1442 (6)
3207 1375 3372 1430 ratio-

1761 1486 1764 1492 ς
1796 1463 1939 1512 nem,
1972 1453 2113 1517 quod
2132 1453 2387 1508 homines
2423 1455 2652 1527 intelligi
2686 1457 2954 1525 debeant;
2992 1462 3055 1514 da
3099 1465 3260 1517 etiam
3303 1466 3371 1520 de

1795 1541 1880 1594 his
1910 1557 2030 1609 quae
2055 1544 2105 1596 in
2146 1546 2299 1612 aquis
2333 1556 2478 1602 sunt.
2515 1547 2784 1614 Quoniam
2821 1551 3040 1620 quidem
3085 1553 3170 1608 lex
3201 1557 3366 1610 etiam

1796 1631 1860 1684 de
1902 1630 2036 1699 ipsis
2078 1635 2275 1687 munda
2311 1651 2433 1690 csse
2463 1639 2732 1706 quaedam,
2767 1650 2819 1694 et
2853 1641 2954 1694 alia
2986 1643 3227 1713 designat
3259 1645 3366 1698 im-

1797 1723 2018 1786 munda,
2047 1725 2179 1777 nihil
2217 1727 2267 1779 in
2301 1727 2386 1782 his
2417 1736 2475 1781 ut
2501 1730 2684 1784 verbis
2711 1735 2847 1785 meis
2897 1735 3152 1789 credatur
3199 1753 3366 1807 expo-

951 1824 1146 1895 Surge,
1201 1824 1380 1890 Petro,
1423 1826 1608 1880 occide
1634 1835 1688 1880 οι
1721 1812 1762 1869 Β
1791 1826 1904 1877 sco,
1943 1815 2044 1867 nisi
2086 1825 2254 1870 testes
2280 1819 2504 1872 idoneos
2533 1820 2756 1874 dedero.
2783 1821 2957 1890 lpsum
2994 1825 3144 1880 vobis
3179 1828 3366 1882 Domi-

1799 1916 1927 1953 num
1959 1910 2012 1955 et
2036 1901 2375 1958 Salvatorem
2397 1914 2644 1960 nostrum
2667 1908 2849 1964 Jesum
2870 1911 3142 1966 Christum
3170 1923 3362 1971 testem

1794 1992 1989 2045 horum
2027 2003 2082 2047 et
2133 2007 2410 2051 auctorem
2446 1997 2602 2063 dabo,
2639 2004 2911 2070 quomodo
2957 2004 3134 2071 pisces
3185 2006 3365 2061 homi-

1793 2101 1887 2138 nes
1921 2101 2044 2139 esse
2079 2087 2353 2141 dicantur.
2383 2107 2402 2141 ι
2442 2089 2632 2146 Simile
2690 2100 2773 2146 est
2795 2133 2810 2158 ,
2893 2095 3068 2162 inquit
3097 2095 3146 2128 ⁵⁸
3178 2136 3194 2162 ,
3275 2111 3364 2153 re-

1791 2193 1954 2246 gnum
1986 2178 2253 2233 caelorum
2301 2181 2403 2234 reti
2437 2181 2607 2238 misso
2651 2183 2704 2238 in
2735 2200 2906 2249 mare,
2943 2189 3082 2255 quod
3115 2203 3182 2241 ex
3211 2189 3360 2245 omni

1789 2284 1987 2338 genere
2031 2270 2260 2340 piscium
2309 2271 2535 2343 colligit,
2589 2284 2642 2329 et
2689 2291 2813 2329 cum
2864 2277 3123 2344 repletum
3173 2277 3362 2346 fuerit,

1791 2361 2042 2416 sedentes
2090 2377 2252 2430 supra
2282 2362 2436 2417 littus
2471 2365 2712 2418 condunt
2745 2381 2839 2421 eos
2865 2369 2956 2435 qui
2987 2370 3111 2422 boni
3146 2377 3271 2423 sunt
3303 2372 3352 2425 it.

1788 2450 1958 2516 vasis,
1998 2452 2087 2520 qui
2117 2462 2298 2507 autem
2346 2453 2496 2518 mali,
2538 2454 2687 2510 foras
2734 2457 3034 2511 mittuntur.
3073 2478 3092 2510 ι
3128 2461 3362 2514 Eviden-

1788 2550 1870 2597 ter
1907 2543 2126 2598 edocuit
2159 2559 2253 2599 eos
2283 2546 2379 2614 qui
2425 2547 2633 2602 retibus
2659 2547 2839 2618 colligi
2874 2549 3128 2603 dicuntur
3157 2552 3358 2620 pisces,

1787 2635 1869 2688 vel
1901 2637 2071 2691 bonos
2102 2637 2350 2692 homines
2381 2653 2522 2703 esse,
2571 2639 2656 2694 vel
2694 2641 2882 2697 malos.
2912 2640 3004 2695 isti
3038 2657 3168 2711 ergo
3210 2653 3361 2713 sunt,

1787 2727 1875 2794 qni
1903 2729 2198 2782 secundum
2225 2728 2462 2798 Moysem
2486 2730 2661 2796 pisces
2685 2730 2764 2784 vel
2799 2731 2981 2784 mttndi
3012 2732 3090 2786 vel
3123 2733 3360 2787 immun-

1788 2819 1837 2873 di
1874 2819 2246 2873 nominantur.
2291 2819 2385 2874 His
2418 2821 2580 2888 igitur
2607 2837 2672 2874 ex
2703 2820 3024 2876 auctoritate
3053 2823 3354 2891 apostolica

1786 2914 1948 2972 atque
1978 2907 2294 2976 evangelica
2351 2909 2742 2978 comprobatis,
2777 2911 3053 2965 videamus
3085 2915 3358 2980 quomodo

1785 2998 2160 3067 unusquisque
2197 3000 2478 3054 hominum
2513 3001 2599 3055 vel
2646 3002 2895 3066 mundus,
2931 3003 3015 3056 vel
3049 3004 3357 3059 immundus

1785 3091 1956 3158 possit
1981 3092 2218 3146 ostendi.
2257 3092 2448 3149 Omnis
2496 3093 2658 3148 homo
2705 3093 2867 3148 habet
2915 3093 3149 3162 aliquem
3195 3096 3248 3149 in
3295 3111 3356 3150 se

1782 3181 1983 3245 cibum,
2016 3197 2177 3250 quem
2221 3183 2503 3237 accedenti
2566 3183 2631 3236 ad
2686 3198 2744 3236 se
2794 3185 3041 3250 proximo
3099 3185 3353 3253 pitebeat.

1781 3270 1897 3326 Non
1929 3272 2075 3326 enim
2108 3282 2287 3341 potest
2319 3273 2457 3338 ﬁeri,
2509 3281 2566 3326 ut
2603 3287 2724 3326 cum
2771 3275 3169 3328 accesserimus
3201 3277 3357 3328 adin-

1782 3364 1954 3418 vicem
1987 3379 2086 3418 nos
2117 3364 2391 3430 homines,
2427 3373 2482 3420 et
2531 3365 2967 3418 conseruet-imus
3019 3380 3354 3433 sermonem,

1782 3470 1889 3509 non
1923 3456 2183 3524 aliquem,
2214 3455 2295 3509 vel
2327 3470 2393 3508 ex
2430 3456 2803 3524 responsione,
2835 3456 2918 3509 vel
2949 3471 3012 3509 ex
3047 3457 3354 3527 interroga-

1784 3544 1951 3608 tione,
1989 3543 2072 3597 vel
2106 3557 2172 3597 ex
2205 3543 2384 3612 aliquo
2425 3552 2576 3613 gestu
2620 3552 2714 3597 aut
2745 3545 3021 3611 capiamus
3065 3546 3206 3598 inter
3256 3561 3355 3600 nos

1781 3642 2018 3703 gustum,
2061 3643 2154 3687 aut
2202 3637 2564 3702 praebeamus.
2620 3633 2687 3686 Et
2749 3635 2795 3687 si
2840 3634 3056 3703 quidem
3116 3639 3355 3691 mundus

1781 3727 1941 3780 homo
1988 3735 2093 3789 est,
2128 3733 2183 3779 et
2211 3725 2366 3780 bonae
2395 3724 2594 3778 mentis
2643 3725 2709 3790 is,
2753 3725 2818 3778 de
2866 3740 2972 3794 quo
3002 3734 3215 3796 gustum
3258 3742 3352 3782 ca-

1781 3819 1982 3888 pimus,
2021 3818 2277 3872 mundum
2313 3818 2581 3874 sumimus
2611 3819 2813 3874 cibum.
2857 3817 2914 3871 Si
2947 3831 3080 3872 vero
3121 3818 3352 3870 immun-

1780 3911 1881 3964 dus
1908 3911 1976 3964 sit
2011 3925 2169 3978 quem
2209 3911 2596 3981 contingimus,
2644 3919 2699 3964 ct
2748 3910 3086 3963 immundum
3141 3911 3347 3976 cibum,

1779 4002 2078 4056 secundum
2113 4016 2176 4055 ea
2211 4015 2328 4070 qua:
2361 4018 2525 4070 supra
2562 4002 2706 4056 dicta
2760 4009 2909 4064 sunt,
2966 4000 3251 4056 sumimus.
3285 4000 3350 4054 Et

1779 4101 2090 4160 propterea,
2120 4103 2270 4160 puto,
2301 4092 2579 4160 apostolus
2615 4091 2811 4146 Paulus
2843 4092 2913 4146 de
2944 4091 3160 4156 talibus,
3203 4093 3349 4146 velut

1781 4183 2070 4236 immundis
2108 4182 2460 4250 animalibus,
2509 4185 2643 4239 dicit
2673 4185 2718 4217 ⁸³
2756 4203 2769 4238 :
2812 4203 2830 4236 ι
2870 4185 3006 4239 Cum
3040 4183 3345 4251 hujusmodi

1779 4285 1879 4326 nec
1907 4273 2086 4326 cibum
2112 4289 2349 4328 sumere.
2395 4295 2414 4328 ›
2451 4276 2648 4331 Verum
2684 4287 2742 4330 ut
2786 4276 3092 4330 evidentius
3120 4277 3216 4330 tibi
3252 4292 3347 4342 pa-

1779 4373 1987 4417 tescant
2021 4364 2086 4418 ad
2120 4365 2451 4420 intellectum
2489 4382 2609 4437 qua:
2651 4367 2902 4428 dicimus,
2939 4367 3007 4420 de
3055 4366 3347 4434 majoribus

1778 4470 2054 4509 sumamus
2087 4457 2416 4525 exemplum,
2446 4467 2506 4511 tit
2540 4458 2666 4511 inde
2702 4456 2961 4525 paulatim
3009 4457 3344 4509 descenden-

1780 4559 1858 4602 tes
1885 4563 2054 4617 usque
2095 4549 2161 4601 ad
2195 4548 2452 4602 inferiora
2496 4548 2798 4602 veniamus.
2829 4547 3090 4601 Dominus
3123 4554 3177 4599 et
3227 4543 3346 4600 Sal-

1778 4648 1933 4692 vator
1983 4649 2166 4693 noster
2188 4640 2418 4693 dicit“:
2459 4658 2478 4691 ε
2519 4639 3109 4694 Nisimattdncaverilis
3127 4655 3345 4696 carnem

1777 4747 1966 4796 meam,
2003 4742 2056 4784 et
2079 4731 2324 4786 biberilis
2355 4733 2670 4799 sanguinem
2709 4747 2898 4794 meum,
2928 4748 3034 4784 non
3084 4733 3348 4788 habebitis

1779 4824 1942 4876 vitam
1978 4823 2030 4876 iit
2057 4823 2208 4877 vobis
2241 4823 2394 4891 ipsis.
2432 4823 2571 4876 Caro
2615 4836 2730 4875 mea
2770 4837 2898 4877 vere
2961 4833 3042 4876 est
3089 4823 3262 4886 cibus,
3294 4833 3350 4877 et

1778 4913 2000 4980 sanguis
2031 4926 2182 4966 meus
2213 4927 2338 4967 vere
2373 4922 2456 4967 est
2487 4922 2665 4981 potus.
2708 4931 2726 4964 ι
2760 4909 2919 4965 Jesus
2955 4927 3084 4981 ergo
3115 4913 3239 4980 quia
3269 4922 3350 4966 to-

1781 5012 1866 5056 tus
1899 5019 1965 5057 ex
2011 5013 2122 5058 toto
2157 5005 2392 5058 mundus
2419 5012 2527 5069 est,
2574 5011 2685 5058 tota
2719 5002 2836 5070 ejus
2865 5017 2994 5057 caro
3039 5003 3192 5057 cibus
3240 5011 3347 5068 est,

1778 5103 1832 5150 et
1863 5103 2007 5151 totus
2056 5097 2278 5166 sanguis
2312 5098 2427 5166 ejus
2478 5105 2634 5167 potus
2675 5107 2791 5162 est;
2847 5098 2972 5167 quia
3019 5111 3181 5153 omne
3212 5112 3348 5166 opus

1779 5185 1896 5253 ejus
1931 5195 2176 5241 sanctum
2209 5198 2312 5256 est,
2347 5197 2402 5244 et
2455 5190 2630 5244 omnis
2667 5205 2846 5244 sermo
2885 5187 3000 5256 ejus
3043 5201 3202 5242 verus
3239 5195 3344 5241 est.

1782 5276 2072 5347 Propterea
2101 5293 2233 5349 ergo
2261 5291 2315 5334 et
2340 5296 2469 5335 caro
2493 5280 2609 5350 ejus
2640 5296 2800 5335 verus
2825 5290 2907 5334 est
2938 5280 3110 5341 cibus,
3141 5286 3194 5331 et
3225 5293 3348 5330 san-

1895 5422 1940 5454 ⁶³
1981 5422 2112 5476 ibid.
2191 5423 2236 5455 5‘
2265 5424 2418 5488 ibid.,
2462 5424 2528 5478 14
2559 5432 2612 5478 et
2640 5437 2792 5492 seqq.
2870 5419 2916 5450 ⁵⁵
2949 5416 3077 5473 ibid.
3150 5412 3340 5480 "10b:

1892 5492 1934 5524 °°
1959 5492 2116 5552 Joan.
2142 5509 2218 5559 vr,
2245 5495 2312 5549 54
2340 5505 2395 5548 et
2417 5495 2508 5549 56.

1780 5690 1828 5744 ὁ.
1954 5613 2153 5670 Omnes
2184 5630 2336 5684 mss.,
2370 5633 2390 5667 ς
2421 5611 2716 5669 reddidisti.
2751 5629 2768 5662 ι
2798 5607 2951 5662 Libb.
2973 5602 3126 5671 editi,
3158 5618 3178 5655 ι
3219 5600 3342 5656 red-

1820 5707 1850 5742 u
1876 5702 2035 5742 unus.
2075 5704 2092 5736 ι

1820 5702 2035 5742 ItlllliUS.
2075 5704 2092 5736 ι
