3876 6530
547 404 651 467 187

1953 407 2271 468 ORIGENIS
3615 429 3687 479 688

548 527 666 598 guis
696 524 810 593 ejus
837 532 1098 578 verusest
1113 521 1586 592 petas.-Czrrnibus
1611 523 1752 579 enim
1774 535 1830 580 et
1853 525 2114 594 sanguine
2144 529 2188 585 Α
2217 523 2346 578 cidit
2371 524 2395 574 ν
2422 539 2442 574 ι
2477 520 2576 588 Qui
2612 533 2718 575 non
2771 520 2972 588 habet,
3027 519 3198 590 inquit
3232 522 3302 588 “,
3348 525 3573 595 gladium,
3601 550 3691 589 ren-

548 617 698 672 verbi
734 615 818 670 sui
855 625 1109 683 tanquam
1147 616 1348 669 mundo
1376 615 1497 670 cibo
1545 631 1608 672 ac
1659 626 1812 687 potu,
1865 626 2013 684 potat
2060 626 2115 671 ct

548 707 727 761 reficit
765 720 925 760 omne
965 704 1245 759 hominum
1276 720 1467 774 genus.
1503 706 1752 762 Secundo
1777 709 1828 762 in
1864 708 1965 762 hoc
1994 708 2111 760 loco

547 804 672 865 post
722 797 870 851 illius
903 812 1144 860 carnem,
1179 781 1616 854 mundus'cibus
1664 809 1747 854 est
1787 800 1999 862 Petrus,
2059 809 2115 853 et

548 887 766 952 Paulus,
805 897 861 943 et
886 902 1076 942 omnes
1104 889 1352 956 apostoli.
1382 888 1568 944 Tertio
1601 891 1720 944 loco
1743 890 1988 958 discipuli
2023 905 2117 943 eo-

547 997 664 1034 rum
695 999 708 1034 :
740 990 793 1034 et
824 981 904 1034 sic
961 981 1331 1048 unusquisque
1391 996 1489 1050 pro
1538 983 1840 1050 quantitate
1897 981 2116 1035 merito-

508 1109 513 1113 -
547 1089 690 1136 rum,
726 1072 808 1126 vel
845 1087 1097 1126 sensuum
1142 1075 1415 1142 puritate,
1460 1073 1708 1140 proximo
1743 1086 1842 1126 suo
1882 1071 2115 1125 mundus

543 1164 772 1220 eilicitur
800 1165 1144 1221 cibus..ll;ec
1188 1166 1280 1234 qui
1317 1165 1505 1218 audire
1548 1164 1743 1229 nescit,
1795 1164 2114 1232 detorqueat

545 1255 820 1320 fortassis,
866 1267 919 1310 et
953 1266 1168 1309 avertat
1220 1257 1461 1311 auditum
1505 1256 1804 1310 seet-udum
1850 1256 1988 1316 illos,
2021 1255 2110 1321 qui

543 1349 796 1402 dicebant
827 1349 867 1379 ⁸¹
917 1367 930 1400 :
975 1367 992 1398 ι
1030 1349 1311 1415 Quomodo
1350 1347 1501 1400 dabit
1547 1347 1701 1401 nobis
1759 1346 1847 1400 hic
1894 1361 2110 1398 carnem

544 1451 700 1489 suam
739 1437 1109 1492 manducare?
1135 1438 1266 1503 Quis
1293 1446 1468 1506 potest
1499 1437 1685 1491 audire
1714 1437 1875 1490 eum?
1910 1437 1975 1490 Et
1999 1437 2112 1492 dis—

543 1537 829 1579 cesserunt
859 1525 926 1579 ab
955 1542 1041 1581 eo.
1087 1544 1107 1578 ι
1143 1525 1246 1580 Sed
1276 1541 1370 1580 vos
1397 1527 1440 1580 si
1471 1525 1565 1579 lilii
1593 1524 1722 1578 estis
1759 1524 2033 1588 Ecelesiae,
2064 1525 2108 1578 si

543 1617 870 1684 evangelicis
920 1617 1109 1672 imbuti
1153 1617 1448 1688 mysteriis,
1485 1617 1531 1670 si
1583 1614 1818 1669 Verbum
1850 1630 1980 1669 caro
2029 1616 2110 1668 fa-

543 1719 690 1762 ctum
725 1709 936 1763 habitat
968 1711 1018 1762 itt
1055 1710 1225 1771 vobis,
1260 1708 1535 1778 agnoscite
1555 1723 1674 1776 quce
1703 1707 1958 1767 dicimus,
1983 1709 2108 1775 quia

546 1800 756 1854 Domini
802 1810 950 1862 sunt,
1015 1816 1080 1854 ne
1141 1799 1280 1852 forte
1319 1799 1409 1868 qui
1473 1799 1685 1867 ignorat
1737 1797 2106 1866 ignoretur“.

2215 615 2304 669 dat
2336 614 2572 667 tunicam
2607 629 2760 667 suam
2806 623 2862 669 et
2901 623 3047 668 emat
3071 613 3323 683 gladium.
3357 635 3375 667 ι
3403 617 3524 673 Ecce
3548 634 3592 676 et
3615 625 3692 680 hac

2217 703 2396 760 littera
2434 705 2709 774 Evangelii
2741 715 2848 770 est,
2884 705 2980 760 sed
3031 705 3252 760 occidit.
3288 705 3344 761 Si
3376 724 3490 765 vero
3528 715 3690 781 spirita-

2214 796 2340 851 liter
2361 811 2480 851 eam
2515 797 2806 866 suscipias,
2840 813 2944 851 non
2972 798 3194 864 occidit,
3229 800 3322 853 sed
3344 810 3421 854 est
3443 802 3490 856 iu
3521 820 3571 858 ea
3607 811 3690 876 Spi.

2218 889 2352 942 ritus
2380 886 2678 940 vivificaris.
2709 887 2774 941 Et
2799 887 2918 942 ideo
2953 887 3067 942 sive
3105 876 3158 944 in
3191 889 3330 961 lege.
3360 892 3462 946 sive
3491 895 3536 948 in
3570 896 3692 955 Eran-

2215 977 2370 1046 geliis
2389 991 2506 1045 quae
2532 977 2812 1043 dicuntur,
2843 979 3162 1047 spiritaliter
3186 981 3414 1049 suscipe,
3453 986 3557 1052 quia
3585 1007 3600 1038 ι
3619 992 3691 1057 spi-

2217 1067 2388 1121 ritalis
2423 1065 2676 1132 dijudicat
2703 1069 2908 1132 omnia,
2941 1070 3056 1136 ipse
3088 1085 3221 1126 vero
3265 1087 3294 1125 a
3331 1075 3522 1129 nemine
3554 1078 3693 1146 dijudi—

2216 1160 2428 1212 dicatur
2459 1160 2526 1212 ⁸⁸.
2571 1178 2589 1209 ι
2633 1159 2698 1213 Ut
2747 1175 2876 1231 ergo
2907 1161 3165 1224 diximus,
3211 1153 3383 1217 omnis
3421 1171 3557 1220 homo
3582 1169 3691 1226 habet

2218 1249 2268 1302 in
2305 1264 2364 1303 se
2386 1249 2619 1319 aliquem
2656 1251 2859 1316 cibum,
2885 1267 2952 1306 ex
2983 1267 3090 1320 quo
3120 1255 3210 1322 qui
3239 1258 3522 1324 sumpserit,
3555 1261 3590 1313 si
3607 1266 3690 1330 qui-

2215 1341 2335 1394 dem
2366 1342 2538 1396 bonus
2572 1352 2675 1407 est,
2702 1353 2755 1397 et
2783 1345 2849 1398 de
2878 1345 3020 1398 bono
3056 1347 3308 1402 thesauro
3337 1351 3498 1402 cordis
3519 1353 3584 1405 sui
3608 1371 3692 1422 pro-

2217 1432 2320 1485 fert
2351 1435 2509 1498 bona,
2556 1437 2812 1489 mundum
2849 1437 3025 1490 cibum
3059 1439 3263 1504 pra'bet
3289 1442 3514 1507 proximo
3532 1459 3624 1500 suo.
3652 1449 3689 1502 Si

2216 1538 2341 1577 vero
2378 1525 2569 1586 malus,
2621 1535 2674 1577 et
2729 1525 2936 1595 profert
2986 1529 3147 1593 mala,
3213 1530 3524 1586 immundum
3564 1539 3689 1592 cibum

2215 1618 2415 1684 praebet
2447 1618 2692 1685 proximo
2720 1634 2838 1673 suo.
2874 1619 3054 1674 Potest
3080 1622 3223 1674 enim
3254 1623 3376 1690 quis
3412 1627 3624 1683 innocens
3655 1642 3690 1684 et

2215 1717 2399 1763 rectus
2426 1708 2612 1772 corde,
2665 1705 2919 1762 mundum
2961 1711 3159 1764 animal
3202 1713 3320 1768 ovis
3348 1716 3518 1780 videri,
3543 1729 3586 1773 et
3601 1737 3692 1788 pre-

2214 1801 2342 1854 here
2378 1800 2613 1855 audienti
2638 1815 2695 1854 se
2723 1801 2900 1854 cibum
2932 1803 3188 1857 mundum
3224 1812 3466 1875 tanquam
3485 1813 3593 1874 ovis,
3612 1827 3691 1881 qua

545 1891 834 1958 Agnoscite
863 1891 986 1958 quia
1023 1890 1206 1957 figura":
1234 1899 1382 1953 sunt,
1407 1904 1528 1958 quae
1563 1889 1616 1942 in
1654 1889 1853 1941 divinis
1889 1887 2112 1941 volumi-
2141 1873 2182 1927 Β
2212 1900 2295 1945 est
2321 1892 2516 1945 animal
2551 1894 2827 1947 mundum.
2860 1895 3124 1950 Similiter
3142 1909 3195 1949 et
3222 1898 3276 1950 in
3309 1873 3518 1954 caeteris.
3539 1873 3689 1959 Eiideo

547 1980 704 2035 nibus
735 1983 934 2049 scripta
986 1992 1135 2044 sunt,
1179 1990 1235 2036 et
1289 1982 1410 2037 ideo
1450 1991 1706 2050 tanquam
1756 1981 2025 2050 spiritales
2057 1992 2112 2036 et

541 2091 644 2129 non
677 2086 928 2144 tanquam
960 2075 1208 2129 carnales
1237 2074 1570 2139 examinate,
1599 2084 1654 2127 et
1681 2073 1958 2143 intelligite
1988 2090 2107 2140 qua:

539 2167 810 2220 dicuntur.
853 2166 909 2220 Si
955 2167 1097 2220 enim
1133 2167 1290 2235 quasi
1347 2166 1595 2220 carnales
1647 2166 1746 2218 ista
1807 2166 2102 2231 suscipitis,

535 2255 734 2311 laedunt
763 2273 879 2320 vos,
904 2266 957 2312 et
987 2273 1092 2311 non
1123 2257 1292 2312 alunt.
1325 2255 1422 2312 Est
1453 2258 1598 2311 enim
1631 2265 1685 2310 et
1717 2257 1768 2310 in
1801 2257 2105 2326 Evangeliis

535 2347 715 2402 littera
743 2365 864 2418 qua:
887 2350 1108 2416 occidit,
1135 2365 1242 2404 non
1281 2349 1452 2403 solum
1488 2351 1540 2403 in
1575 2350 1752 2403 Veteri
1784 2349 2101 2402 Testamen-

536 2449 592 2494 to
611 2442 864 2496 occidens
889 2443 1068 2496 littera
1099 2441 1537 2510 deprehenditur.
1555 2439 1648 2494 Est
1668 2451 1720 2493 et
1745 2440 1796 2494 in
1820 2439 1967 2494 Novo
1996 2440 2104 2494 Te-

537 2542 805 2588 stamento
830 2534 1008 2587 littera
1039 2573 1055 2599 ,
1087 2549 1207 2602 quae
1256 2532 1470 2586 occidat
1511 2545 1658 2594 eum,
1692 2531 1782 2599 qui
1835 2547 1940 2584 non
1993 2531 2104 2599 Spi-

538 2624 769 2678 ritaliter
791 2639 911 2691 quae
936 2625 1188 2678 dicuntur
1210 2624 1526 2679 adverterit.
1551 2623 1606 2678 Si
1631 2623 1776 2676 enim
1805 2621 2102 2676 secundum

540 2713 782 2767 litteram
812 2715 1062 2783 sequaris
1100 2715 1201 2767 hoc
1259 2715 1430 2783 ipsum
1459 2713 1599 2781 quod
1637 2712 1838 2765 dictum
1889 2721 1974 2764 est
2008 2709 2054 2741 ⁸³
2085 2727 2099 2764 :

543 2821 564 2855 ι
602 2803 714 2858 Nisi
751 2804 1206 2859 manducaveritis
1258 2819 1476 2858 carnem
1531 2818 1706 2856 meam
1743 2800 1842 2872 (7),
1872 2812 1925 2854 et
1953 2800 2104 2855 bibe-

538 2894 662 2949 ritis
689 2896 1005 2964 sanguinem
1025 2905 1254 2956 meum,»
1275 2895 1474 2947 occidit
1507 2895 1618 2947 hzec
1647 2893 1848 2972 littera,
1878 2892 1974 2946 Vis
2006 2891 2101 2944 tibi

535 2994 591 3039 et
623 2985 788 3040 aliam
817 2986 884 3041 de
908 2986 1197 3055 Evangelia
1235 2985 1504 3055 proferam
1543 2985 1806 3048 litteram,
1842 2998 1963 3052 quae
2007 2997 2102 3038 oc-

605 3145 651 3178 “
676 3144 833 3202 Joau.
865 3161 939 3212 vt,
971 3147 1064 3212 55,
1090 3145 1177 3210 6|,
1205 3145 1293 3200 67.
1370 3143 1414 3176 "
1441 3145 1458 3199 l
1489 3143 1616 3200 Cor.
1650 3159 1760 3206 xw,
1790 3143 1881 3200 58.

533 3329 676 3403 quod
687 3333 889 3403 dictum
932 3342 1047 3403 est:
1069 3329 1190 3403 isi
1212 3332 1884 3403 manducaueritiscarnem
1907 3347 2098 3394 meam,

533 3399 642 3458 etc.
677 3402 730 3455 Id
778 3416 936 3454 unum
975 3401 1250 3471 signiﬁcat
1278 3402 1380 3454 hoc
1423 3400 1542 3471 loco
1578 3399 1838 3471 Origenes
1877 3415 2096 3454 carnem

531 3472 737 3527 Christi
767 3485 871 3523 non
902 3470 1217 3524 manilucari
1243 3485 1392 3524 more
1421 3470 1648 3522 aliorum
1674 3470 1920 3524 ciborum
1954 3471 2098 3524 circa

532 3553 816 3596 externum
842 3541 1166 3611 symbolum.
1201 3539 1313 3594 lloc
1343 3541 1472 3594 nihil
1501 3539 1730 3607 pertinet
1765 3539 1831 3611 ad
1861 3554 2098 3611 retusa--

531 3620 812 3666 cramento
859 3607 1222 3664 eucharistico
1256 3611 1723 3677 comprehensam.
1776 3607 1904 3662 Vide
1955 3609 2098 3663 llue-

534 3684 664 3734 tittm
698 3678 1130 3749 Origenariorum
1160 3680 1254 3733 lib.
1280 3695 1339 3744 ll,
1362 3689 1554 3749 quaest.
1587 3679 1669 3749 li.
1702 3694 1851 3733 num.
1881 3679 1935 3731 2.

603 3749 678 3820 (8)
711 3747 856 3814 Mss},
933 3767 952 3801 ι
989 3765 1282 3816 summum,
1320 3768 1338 3801 ι
1403 3748 1553 3803 Libb.
1597 3748 1751 3811 editi,
1798 3765 1817 3798 ‹
1850 3747 2096 3817 οιιιιιίρο-

533 3830 765 3875 tentem.
793 3836 812 3868 ι

602 3889 679 3959 (9)
703 3887 763 3959 Si
785 3886 1247 3959 veroassideamns
1275 3885 1492 3959 (inerte,
1503 3896 1608 3942 etc.
1632 3887 1707 3959 Ex
1735 3885 1836 3940 hoc
1865 3885 2094 3959 aliisque

531 3955 800 4025 similibus
829 3955 958 4008 locis
981 3957 1189 4010 clariss.
1217 3957 1438 4009 lluetius
1457 3956 1893 4025 Origenianorum
1916 3955 2090 4017 Ιιὺζιι,

530 4024 827 4096 qttmstJ‘d,
848 4040 993 4078 nutu.
1023 4026 1079 4089 2,
1113 4027 1300 4094 probat
1328 4041 1431 4078 non
1455 4024 1618 4080 semel
1639 4025 1704 4079 ab
1724 4024 2099 4096 Origenelitte-

535 4094 704 4150 ralem
743 4095 1037 4161 Scriptura:
1076 4110 1293 4148 sensum
1328 4097 1686 4162 pessntudari,
1725 4094 1852 4148 licet
1897 4097 2094 4149 ibidem

532 4181 680 4220 num.
705 4164 739 4218 4
757 4165 1105 4234 agnoscatab
1123 4166 1307 4218 eodem
1325 4165 1613 4232 aliquando
1629 4179 1779 4234 suam
1799 4164 1990 4234 litterae
2015 4166 2098 4218 tli-

532 4232 1053 4305 gnitatem'scrvari.
1083 4234 1345 4305 Cteterum
1382 4235 1520 4286 idetn
1544 4232 2095 4305 pecea\'it__'l‘ertullia;

531 4302 635 4358 nus
663 4305 759 4359 lib.
777 4319 806 4356 v
829 4302 1080 4356 adversus
1103 4303 1576 4370 Marcionem,cap.
1606 4303 1661 4364 5,
1687 4302 1929 4356 scribens
1961 4303 2094 4356 nihil

533 4385 640 4428 tam
677 4373 1081 4440 contemptibile
1103 4389 1246 4439 esse,
1267 4389 1427 4441 quam
1451 4373 1694 4426 ciborum
1725 4372 2092 4438 exceptionem

531 4445 1266 4538 per.MO);sern.|:ra’ceptam.
1303 4442 1668 4538 'l‘olera‘b‘ilius.
1679 4441 2093 4538 itlnft‘lfl'jh‘ngd

533 4510 858 4568 Plutarchus
894 4510 1057 4568 homo
1097 4510 1368 4567 ethnicus
1393 4514 1444 4566 in
1478 4510 1850 4580 Symposiacou
1879 4510 1972 4564 lib.
2012 4527 2085 4577 tv,

1986 3143 2032 3174 ⁸³
2059 3142 2216 3197 Joan.
2242 3154 2321 3204 vr,
2351 3138 2440 3194 54.

606 3262 687 3385 ('3)
709 3260 766 3315 Si
794 3262 934 3316 enim
968 3262 1253 3316 secundum
1283 3261 1511 3314 litteram
1537 3260 1770 3323 sequaris
1801 3263 1897 3314 hoc
1928 3262 2100 3328 ipsum
2128 3267 2171 3326 ο

609 3351 637 3385 ο
696 3333 889 3385 dictum
932 3342 1004 3385 est
1028 3349 1047 3385 :
1069 3329 1190 3385 Nisi
1212 3332 1648 3384 manducaveritis
1676 3347 1884 3384 carnem
1907 3347 2098 3385 meam.

2213 1983 2389 2038 omnis
2423 1983 2603 2048 homo,
2665 1995 2722 2038 ιιι
2761 1986 3015 2052 diximus,
3071 2003 3192 2042 cum
3242 1988 3473 2058 loquitur
3514 1994 3691 2062 proximo

2209 2091 2328 2140 suo,
2357 2085 2412 2129 et
2434 2079 2546 2130 sive
2583 2077 2746 2148 226
2786 2081 3005 2146 prodest
3055 2080 3103 2134 ei
3149 2095 3214 2134 ex
3263 2084 3574 2138 sermonibus
3598 2087 3687 2150 suis,

2210 2160 2323 2214 sive
2346 2169 2522 2223 nocet,
2560 2171 2617 2214 et
2651 2163 2906 2214 mundum
2947 2164 3018 2228 ei,
3049 2172 3142 2216 aut
3183 2165 3506 2220 immundum
3529 2165 3690 2222 efﬁcitur

2212 2246 2435 2311 animal,
2467 2261 2532 2301 ex
2564 2249 2758 2316 quibus
2784 2249 2865 2303 vel
2887 2251 3098 2305 mundis
3127 2253 3413 2316 utendum,
3434 2256 3508 2309 vel
3528 2256 3691 2310 immun-

2204 2337 2287 2393 dis
2315 2340 2632 2408 praacipitur
2663 2340 3067 2396 abstinendum.
3104 2343 3160 2399 Si
3191 2349 3478 2400 secundum
3506 2349 3614 2403 hanc
3635 2352 3688 2401 in-

2208 2431 2557 2501 telligentiam
2586 2433 2830 2488 dicamus
2863 2435 3026 2488 Deum
3061 2451 3333 2491 summum
3368 2439 3437 2510 (8)
3480 2439 3598 2508 leges
3628 2443 3691 2494 lio-

2207 2522 2442 2576 miuibus
2494 2523 2890 2592 promulgasse.
2947 2533 3073 2593 puto
3125 2527 3270 2596 quod
3308 2529 3457 2597 digna
3495 2530 3691 2583 videbitur

2209 2613 2394 2667 divina
2431 2612 2713 2680 majestate
2745 2614 3028 2681 legislatio.
3063 2615 3118 2671 Si
3153 2633 3282 2672 vero
3323 2621 3614 2676 assideamus
3638 2623 3694 2675 lit-

2211 2713 2336 2759 tera:
2351 2703 2448 2777 (9),
2482 2713 2533 2758 el
2562 2707 2856 2759 secundum
2893 2707 3013 2772 hoc,
3055 2709 3136 2763 vel
3163 2711 3308 2778 quod
3367 2709 3564 2778 Judzeis,
3585 2714 3690 2766 veliti

2206 2798 2348 2864 quod
2394 2796 2552 2866 vulgo
2599 2797 2812 2850 videtur
2835 2799 3166 2868 accipiamus
3198 2817 3322 2868 qua:
3347 2803 3399 2856 in
3426 2804 3529 2872 lege
3553 2806 3690 2874 scripta

2205 2898 2352 2953 sunt,
2382 2891 2643 2944 erubesco
2671 2891 2852 2946 dicere
2883 2902 2937 2945 et
2959 2893 3230 2961 confiteri,
3261 2898 3388 2965 quia
3438 2899 3552 2953 tales
3592 2900 3691 2970 leges

2205 2981 2413 3036 dederit
2448 2982 2606 3036 Deus.
2639 2982 2973 3037 Videbantur
3022 2985 3164 3039 enim
3209 2988 3388 3058 magis
3418 2989 3694 3059 elegantesct

2542 3136 2586 3171 “
2619 3137 2752 3194 Luc.
2777 3155 2887 3196 xxu
2910 3139 3018 3208 ,36.
3123 3143 3166 3175 "
3196 3143 3214 3198 Ι
3239 3142 3369 3200 Cor.
3405 3163 3457 3212 tt,
3482 3146 3555 3202 l5.

2205 3256 2459 3381 igeribus
2476 3253 2675 3310 Justini
2713 3261 2989 3330 martyris,
3020 3276 3268 3346 respons.
3300 3265 3367 3318 ad
3384 3280 3470 3333 qu.
3493 3265 3691 3332 55,:tqae

2283 3327 2456 3379 lianus
2489 3325 2608 3380 loco
2635 3342 2795 3381 sunra
2845 3332 3032 3381 citato-
3065 3330 3314 3381 ALm'mii
3345 3336 3517 3381 nntltis
3560 3337 3689 3381 bestiis

2283 3327 2456 3379 lianus
2489 3325 2608 3403 loco
2635 3342 2795 3403 supra
2845 3325 3033 3396 citato,
3065 3325 3314 3403 Aigyptii
3345 3325 3517 3388 multis
3559 3325 3689 3392 besiiis

2208 3398 2272 3450 ad
2306 3396 2568 3465 praesagia
2594 3399 2904 3472 utebantur,
2935 3396 3241 3469 cunctaque
3278 3405 3518 3456 animalia
3555 3419 3691 3472 prater

2207 3481 2380 3541 suem,
2421 3481 2578 3541 quem
2619 3471 3083 3541 exsecrabantur,
3133 3487 3355 3541 quoque
3410 3471 3689 3527 vescebantur

2206 3535 2342 3600 solo,
2375 3535 2692 3614 adorabat“.
2739 3539 2848 3590 lino
2893 3549 2946 3592 et
2993 3535 3164 3614 ipsum
3218 3535 3371 3614 suem
3408 3543 3690 3614 aluEgyptiis

2207 3605 2481 3656 nonnullis
2505 3606 2784 3658 adoratum
2811 3623 2933 3661 esse
2954 3605 3105 3662 teétis
3133 3621 3216 3664 est
3242 3612 3462 3664 historia
3493 3605 3688 3668 Barlaami

2203 3676 2342 3752 apud
2373 3674 2763 3752 Damascenum
2791 3677 3019 3752 cap._27_.
3046 3679 3173 3734 Item
3196 3683 3260 3734 de
3285 3680 3577 3752 JEgyptiaca
3590 3687 3687 3736 circa

2205 3744 2306 3796 ltoc
2331 3742 2529 3796 animal
2547 3742 2893 3812 indulgentia
2920 3747 3178 3802 habemus
3205 3742 3525 3806 sententiam
3543 3754 3688 3807 Eudoxi

2201 3815 2386 3886 eodem
2411 3811 2612 3886 Alliam
2642 3811 2840 3883 capite,
2875 3827 3035 3886 atque
3061 3822 3464 3876 Auaxandridis
3487 3838 3635 3876 versus
3656 3827 3687 3876 in

2199 3883 2442 3959 Athenzei
2470 3881 3061 3959 lleipnosophistis,'lib.
3097 3905 3189 3955 \‘ll,
3230 3906 3283 3959 p.
3326 3891 3449 3957 9.99,
3473 3893 3576 3947 300.
3600 3893 3689 3946 llinc

2204 3952 2387 4031 itaque
2417 3952 2639 4031 vetitum
2661 3953 2861 4009 Judazis
2879 3961 3152 4031 porcinam
3177 3952 3463 4014 comedere
3490 3985 3502 4018 ;
3533 3965 3628 4016 hinc
3645 3965 3687 4016 ad

2205 4023 2599 4075 itntnutnlarum
2626 4038 2906 4077 numerum
2943 4027 3125 4080 relatae
3150 4031 3454 4084 animantes
3493 4035 3688 4085 universa

2202 4106 2324 4168 qum
2351 4107 2462 4168 pro
2507 4095 2762 4168 praesagis
2807 4097 3148 4168 habebantur
3172 4100 3341 4152 :‘hinc
3369 4117 3430 4154 ex
3463 4104 3689 4168 pecudibus

2204 4161 2303 4239 diis
2325 4159 2726 4239 @gyptiortnn,
2762 4167 3153 4239 mansuetiores
3191 4159 3482 4239 saetilieiis
3505 4184 3550 4224 et
3585 4173 3688 4239 dapi-

2203 4228 2301 4306 bus
2336 4228 2607 4298 deputata:
2634 4233 3000 4306 fue_rttttl,ali;e
3026 4251 3153 4289 vero
3187 4228 3685 4306 iutpurat'utnnomine

2197 4297 2449 4379 donatur:
2491 4317 2596 4369 quo
2646 4303 2819 4379 cultus
2868 4305 3084 4373 indigna
3127 4297 3498 4379 iudicarentur
3534 4324 3584 4364 ea
3608 4325 3688 4379 qua

2196 4372 2606 4447 apponebantur
2631 4372 2892 4447 altaribus
2913 4384 2967 4447 et
2988 4372 3208 4447 mensis,
3240 4393 3464 4447 quaeque
3483 4382 3544 4434 ab
3564 4372 3688 4447 epulis

2199 4441 2528 4506 itnpuritatis
2555 4457 2714 4495 causa
2752 4443 3130 4507 ejiciebantur.
3171 4441 3438 4502 Praeclare
3465 4441 3686 4503 Tertullia-

2197 4521 2295 4586 n_us
2331 4509 2424 4586 lib.
2457 4526 2492 4586 ιι
2515 4581 2525 4586 _
2547 4523 2730 4586 contra
2754 4513 3117 4586 ΔΜανεὶογιιιιηι,
3146 4530 3266 4586 cap.
3305 4518 3366 4572 l8
3396 4537 3408 4570 :
3440 4539 3458 4570 ι
3490 4519 3602 4572 Etsi
3630 4519 3687 4571 lex

531 4567 869 4656 problemate
909 4582 985 4656 5,
1009 4599 1179 4654 agens
1225 4585 1292 4638 de
1328 4567 1637 4656 .lud‘mroi'tnit
1664 4569 1988 4656 abstinentia
2021 4567 2086 4636 ab

2201 4575 2392 4656 aliquid
2421 4579 2854 4656 cibishdetrahit,
2891 4593 2945 4636 et
2969 4567 3265 4656 immunda
3284 4567 3686 4656 prbuit-nimiam:

531 4649 628 4707 esu
662 4655 841 4706 carnis
867 4649 1067 4718 suillae,
1091 4655 1366 4708 censuerit
1415 4651 1626 4704 fabulas
1655 4649 1824 4702 vidi-ri
1857 4649 1998 4717 leges
2023 4666 2086 4704 ac

531 4726 666 4776 ritus
696 4721 878 4790 populi
911 4721 1140 4785 Judaici,
1189 4725 1291 4776 nisi
1344 4724 1388 4775 is
1421 4721 1615 4774 habeat
1654 4720 1892 4773 rationes
1918 4736 2084 4786 quas-

530 4793 651 4846 dam
705 4806 920 4861 graves,
968 4808 1103 4859 qttas
1147 4809 1251 4846 non
1310 4792 1518 4845 aderat.
1549 4791 1856 4861 Atquinon
1893 4790 2087 4861 desunt

529 4859 790 4927 ejusmotli
824 4861 1064 4916 rationes
1094 4863 1288 4932 partim
1315 4859 1798 4932 pltysicze!,_partim
1831 4859 2083 4932 morales.

531 4932 792 5000 l’ltysicas
823 4933 1079 4998 quasdam
1100 4929 1258 4985 affert
1294 4929 1512 4986 sanctus
1540 4930 1774 4982 Thomas
1793 4929 1978 5000 prima
1999 4944 2086 5000 se-

533 4996 722 5070 cundae
745 4996 937 5070 qumsl.
963 5000 1083 5065 102,
1113 5011 1216 5055 art.
1236 5002 1290 5064 (ἱ,
1311 5009 1706 5070 tangunturque
1735 5012 1764 5050 a
1792 4996 2083 5070 Philarcho

530 5068 650 5124 loco
676 5065 835 5139 supra
867 5070 1055 5136 citato,
1099 5083 1154 5125 et
1188 5071 1348 5135 alibi;
1401 5065 1487 5124 cui
1537 5065 1762 5138 adiunge
1805 5065 2080 5122 Elianum

527 5139 625 5194 lib.
657 5157 687 5194 ι
720 5141 792 5193 De
819 5141 1062 5205 auintal.,
1115 5155 1233 5209 cap.
1269 5141 1354 5194 16.
1389 5139 1618 5193 Morales
1663 5151 1948 5209 sumuntur
1991 5147 2083 5190 aut

527 5223 593 5264 es
626 5211 983 5264 animantium
1021 5207 1308 5274 instinctu,
1334 5213 1400 5263 de
1423 5210 1619 5277 quibus
1648 5207 1810 5258 inulta
1840 5217 1892 5261 et
1928 5211 2078 5261 varia

532 5279 716 5334 videre
741 5290 822 5334 est
846 5280 1132 5350 passimiu
1180 5282 1388 5334 sanctis
1414 5279 1670 5350 Patribus
1701 5285 1758 5330 et
1785 5278 1937 5350 apud
1958 5278 2081 5331 Ari-

529 5359 701 5404 steam
736 5347 955 5404 libXDe
984 5348 1134 5402 LXX
1166 5350 1561 5418 Interpretibys,
1608 5348 1754 5400 circa
1800 5347 2032 5418 medium
2061 5388 2076 5414 ,

527 5434 688 5488 quem
719 5420 891 5475 locum
925 5421 1133 5489 profert
1160 5415 1421 5474 Eusebius
1461 5415 1756 5489 Prteparat.
1794 5417 2076 5485 evangelio.

531 5484 628 5543 lib.
676 5506 789 5557 vttt,
822 5484 941 5560 cap:
976 5491 1039 5554 9,
1079 5501 1132 5546 et
1162 5490 1300 5559 apud
1330 5489 1608 5560 l_’hilonem
1637 5484 1877 5560 Judaeum
1899 5484 2074 5554 saepe;

528 5570 618 5614 aut
672 5575 738 5616 ex
775 5555 1260 5616 eonsttetudinibits
1304 5556 1702 5629 ASgyptiorum,
1742 5555 2078 5629 nimiumque

526 5643 680 5703 vana:
710 5633 854 5703 genti
887 5624 1787 5703 addictorum}Iehraeorum.‘Nam
1823 5634 1880 5678 ut
1921 5627 2078 5703 docet

527 5696 784 5770 Origenes
807 5702 900 5756 lib.
928 5717 976 5754 tv
1003 5699 1197 5754 Contra
1217 5697 1444 5770 Celsum,
1462 5696 1820 5770 'l‘lteodoritus
1835 5705 2023 5770 quast.
2046 5696 2070 5749 1

526 5766 580 5820 in
618 5766 934 5835 Eeviticum,
963 5781 1017 5826 et
1049 5785 1294 5826 sermone
1313 5767 1390 5821 De
1407 5766 1702 5835 sacriﬁciis,
1743 5775 1871 5821 tom.
1898 5766 1986 5832 IV,
2019 5783 2072 5835 p.

527 5835 654 5906 584,
687 5841 824 5906 585;
856 5851 1043 5896 auctor
1086 5840 1494 5907 liesponsiouum
1527 5839 1596 5892 ad
1647 5839 1984 5902 orthodoxos,
2018 5839 2072 5891 in

2191 4650 2349 4699 tnalia
2374 4663 2492 4720 qua:
2529 4651 2818 4718 aliquando
2845 4653 3128 4707 benedicta
3157 4650 3307 4720 sunt,
3332 4659 3595 4712 consilium
3621 4671 3686 4710 et-

2189 4719 2431 4796 ereenda:
2477 4722 2828 4776 continentiae
2864 4723 3126 4792 intellige,
3165 4735 3220 4778 et
3255 4719 3440 4783 frenos
3464 4728 3686 4796 impositos

2191 4784 2263 4838 illi
2289 4787 2424 4854 gulae
2441 4804 2692 4858 agnosce,
2713 4806 2832 4858 qua:
2845 4784 3185 4866 cum_panem
3212 4798 3398 4850 ederet
3414 4784 3685 4866 angelorum,

2187 4867 2507 4933 cncutneres
2555 4871 2620 4933 et
2651 4875 2885 4929 pcpones
2945 4861 3324 4933 IEgyptiorum
3381 4861 3684 4920 desiderabat.

2186 4925 2431 5002 Agnosce
2463 4931 2622 5002 simul
2652 4925 2734 4984 et
2767 4925 3244 5002 countibus-gula,
3279 4936 3486 4989 libidini
3527 4937 3687 4990 scilicet

2184 5007 2347 5075 atque
2385 4998 2610 5075 Ιιιξιιινίςιε
2654 5012 3020 5075 prospectum,
3047 4998 3166 5070 quae
3193 5007 3306 5058 fere
3345 5006 3540 5059 ventris
3565 5005 3688 5075 casti-

2184 5069 2403 5145 gatione
2433 5069 2750 5140 frigescunt.
2782 5069 3228 5145 ’Manducaverat
3261 5077 3406 5128 enim
3433 5074 3628 5145 populus
3649 5081 3687 5124 ri

2184 5135 2414 5212 biberat,
2446 5135 3058 5212 etfsurrexeratludere.
3086 5143 3320 5198 Proinde
3340 5157 3396 5198 ut
3419 5135 3470 5199 ἐι
3499 5135 3686 5212 pecuni:

2183 5207 2347 5282 ardor
2394 5211 2825 5277 restiugueretur
2864 5225 2928 5264 ex
2967 5222 3143 5280 parte,
3179 5227 3284 5282 qua
3338 5217 3404 5268 de
3442 5207 3594 5267 vietus
3625 5229 3686 5262 nr-

2184 5279 2434 5332 cessitate
2452 5292 2729 5347 causatur,
2753 5279 3112 5349 pretiostirum
3135 5279 3383 5337 ciborum
3409 5284 3606 5337 ambitio
3620 5289 3687 5334 de-

2183 5354 2493 5422 t_racta_est.
2530 5350 2811 5405 Postremo
2854 5360 2912 5403 ut
2960 5351 3172 5406 facilius
3199 5355 3360 5407 homo
3392 5356 3455 5407 ad
3489 5356 3685 5422 jejunu-

2182 5416 2306 5468 dum
2339 5417 2449 5490 Deo
2477 5420 2829 5486 fortnaretur,
2875 5424 3061 5488 paucis
3090 5433 3145 5476 et
3178 5438 3284 5477 non
3313 5416 3553 5490 gloriosis
3579 5423 3684 5474 escis

2179 5487 2620 5564 {I§SIt_efacttts,_et
2649 5491 2781 5564 nihil
2806 5487 3221 5564 deflautior‘ibus
3257 5487 3564 5546 esuriturus.
3592 5511 3609 5542 ι
3631 5491 3684 5564 bs

2181 5555 2266 5609 his
2294 5559 2476 5627 itaque
2503 5562 2786 5615 dicendum
2810 5570 2892 5616 est
2923 5576 3048 5615 cum
3088 5561 3256 5618 Judaei
3286 5566 3452 5618 certis
3472 5565 3590 5616 cibis
3611 5562 3682 5611 ab-

2179 5627 2383 5683 stinere
2404 5629 2680 5696 jubentur,
2711 5631 2803 5684 Dei
2831 5633 2884 5684 in
2913 5631 3138 5686 ferendo
3163 5635 3418 5689 mandato
3440 5648 3534 5688 non
3559 5630 3682 5684 fuisse

2178 5697 2458 5778 consilium
2489 5713 2547 5754 ut
2573 5703 2743 5778 solam
2767 5701 2898 5771 legis
2923 5701 3170 5778 litteram
3197 5713 3491 5770 servarent,
3515 5702 3598 5756 sed
3617 5713 3669 5770 po

2179 5771 2286 5824 tius
2307 5776 2364 5823 ut
2392 5771 2457 5825 ad
2481 5771 2734 5841 pratcepti
2767 5787 2965 5828 causas
2987 5773 3350 5830 attendereut.
