3876 6502
175 329 265 386 889

1312 328 1378 385 ΙΝ
1417 329 1795 387 LEVITICUM
1836 331 2119 386 HOMlLlA
2160 334 2273 389 VII.

3315 343 3410 396 £90

179 442 503 504 rationabiles
535 443 813 498 hominum
860 445 1028 515 leges,
1069 445 1222 500 verbi
1269 448 1466 517 gratia,
1495 448 1577 501 vel
1623 449 1733 502 Ro-
1759 449 1806 508 Α
1838 444 2200 515 disciplinam,
2239 455 2295 499 et
2323 446 2570 517 ahjecisti
2600 464 2882 507 sermones
2931 469 3079 509 meos
3111 464 3231 524 post
3271 468 3338 512 te.
3381 480 3401 513 ι

177 550 462 597 manorum,
488 536 568 588 vel
610 536 1041 601 Atheniensium,
1069 538 1150 591 vel
1176 537 1731 593 Lacedaemoniorum.

176 631 226 685 Si
255 642 373 681 vero
402 626 695 681 secundum
724 628 859 680 hanc
885 627 1323 697 intelligentiam,
1354 645 1516 698 quam
1565 630 1730 685 docet

173 718 420 779 Ecclesia.
447 718 750 786 accipiatur
792 717 884 771 Dei
918 717 1023 783 lex,
1058 729 1186 771 tunc
1214 720 1377 787 plane
1411 734 1601 774 Omnes
1634 722 1732 774 hu-

173 826 343 867 manas
374 811 738 877 supereminet
770 810 935 878 leges,
967 820 1022 863 et
1053 825 1183 865 vere
1211 812 1303 865 Dei
1336 812 1418 864 lex
1460 828 1584 867 esse
1617 827 1733 867 cre-

173 907 339 959 detur.
370 901 553 969 Itaque
580 902 665 955 his
692 902 762 954 ita
789 902 1102 970 pra‘missis,
1129 903 1377 971 spiritali.
1409 912 1466 956 ut
1494 919 1731 958 commo-

175 996 397 1055 nuimus,
431 991 784 1058 intelligentia
816 991 883 1044 de
918 993 1130 1045 mundis
1176 1003 1230 1046 et
1278 992 1567 1048 immundis
1610 994 1729 1047 ani-

172 1087 386 1142 malibus
417 1085 597 1151 aliqua
633 1083 1087 1152 perstringamus.

257 1178 307 1231 6.
351 1194 371 1228 ι
430 1176 637 1240 Omne,
692 1177 863 1243 inquit
936 1176 1002 1240 “,
1059 1191 1219 1245 pecus
1278 1177 1421 1244 quod
1472 1177 1724 1246 ungulam

175 1270 376 1331 dividit,
415 1280 467 1322 et
500 1268 729 1337 ungulas
766 1269 947 1331 habet,
977 1278 1027 1322 et
1062 1269 1270 1322 reducit
1305 1270 1724 1325 ruminationem

167 1362 215 1417 in
244 1360 544 1430 pecoribus,
578 1360 695 1413 haec
749 1361 1163 1414 manducahitis.
1212 1359 1481 1416 Praeterea
1520 1365 1588 1417 ab
1642 1365 1726 1419 his

168 1468 262 1507 non
294 1451 707 1517 manducabitis,
748 1466 866 1519 qua:
898 1451 1157 1506 reducunt
1198 1456 1640 1516 ruminationem,
1671 1467 1726 1512 et
1766 1484 1769 1489 ν

170 1559 268 1599 non
309 1542 559 1597 diVidunt
584 1542 834 1612 ungulas,
857 1551 908 1596 et
940 1544 1136 1598 habent
1173 1547 1413 1616 ungulas.
1451 1549 1720 1613 Cainelus,

163 1635 405 1703 quoniam
454 1634 662 1688 reducit
709 1634 1155 1698 ruminationem,
1208 1648 1263 1692 et
1309 1640 1560 1708 ungulam
1612 1656 1717 1694 non

164 1721 355 1784 dividit,
404 1721 739 1775 immundum
781 1723 883 1777 erit
924 1723 1023 1777 hoc
1058 1727 1230 1780 vobis.
1272 1728 1337 1781 Et
1370 1730 1546 1798 lepus,
1586 1745 1720 1799 quo-

1840 536 1896 591 In
1925 552 2031 604 quo
2073 537 2353 592 evidenter
2395 540 2635 595 ostendit
2675 543 2837 599 istum
2883 548 3242 601 ruminantem
3286 553 3406 623 qui-

1838 625 1982 687 dem,
2038 625 2129 679 sed
2183 624 2436 694 ungulam
2488 643 2593 683 non
2640 632 2995 701 dividentem,
3042 649 3094 689 et
3147 637 3263 691 ideo
3312 639 3407 693 im-

1836 717 2071 768 mundus
2126 728 2207 769 est
2264 718 2571 787 quicunque
2631 732 2714 776 est
2768 726 2908 779 talis.
2964 726 3029 780 Et
3081 728 3275 784 iterum
3323 742 3405 785 est

1835 805 1993 873 alius,
2048 807 2126 860 vel
2170 822 2234 861 ex
2298 809 2384 862 his
2445 812 2533 877 qui
2595 820 2747 867 extra
2802 816 3114 886 religionem
3163 830 3405 877 nostram

1832 906 1978 957 sunt,
2026 898 2108 951 vel
2152 913 2215 952 ex
2251 899 2334 953 his
2371 902 2460 968 qui
2506 903 2782 958 nobiscum
2828 916 2988 974 sunt;
3037 911 3132 979 qui
3160 912 3408 970 dividuo.

1832 987 2048 1055 quidem
2104 990 2353 1055 ungulas,
2398 1002 2453 1045 et
2508 994 2579 1048 ita
2634 996 2891 1053 incedunt
2932 1000 2983 1053 in
3019 1001 3121 1057 viis
3164 1004 3296 1069 suis,
3350 1016 3407 1059 ut

1831 1086 1985 1129 actus
2032 1093 2158 1133 suos
2193 1081 2258 1133 ad
2305 1080 2544 1136 futurum
2596 1087 2851 1141 saeculum
2883 1100 3210 1159 pneparent.
3238 1093 3404 1148 .Multi

1830 1168 1993 1237 227
2019 1170 2163 1222 enim
2190 1171 2262 1225 ita
2288 1181 2338 1226 et
2368 1189 2435 1226 ex
2460 1174 2795 1245 philosophis
2821 1179 3059 1247 sapiunt,
3089 1192 3142 1237 et
3167 1181 3405 1238 futurum

1829 1272 1948 1311 esse
1965 1257 2227 1326 judicium
2250 1260 2497 1315 credunt.
2530 1262 2890 1319 Immortalem
2915 1281 3149 1336 namque
3169 1272 3404 1325 animam

1827 1350 2089 1413 sentiunt,
2119 1360 2174 1403 et
2203 1353 2691 1408 remunerationem
2734 1357 2888 1411 bonis
2914 1360 3214 1430 quibusque
3261 1368 3406 1430 posi-

1828 1449 1937 1494 tam
1974 1441 2325 1495 conlitentur.
2387 1442 2499 1499 Hoc
2541 1455 2597 1500 et
2634 1447 3012 1505 haereticorum
3050 1454 3290 1507 nonnulli
3322 1455 3402 1508 fa-

1829 1532 2002 1597 ciunt,
2047 1542 2101 1584 et
2157 1542 2416 1599 quantum
2452 1537 2656 1603 expetit
2689 1537 2823 1608 (10),
2858 1539 3100 1594 timorem
3126 1540 3290 1595 futuri
3313 1542 3404 1611 ju-

1827 1623 1953 1676 dicii
1989 1634 2203 1692 gerunt,
2240 1634 2293 1678 et
2331 1636 2483 1681 actus
2518 1644 2646 1683 suos
2685 1641 2939 1700 tanquam
2970 1634 3025 1687 in
3058 1635 3238 1689 divino
3267 1650 3403 1691 exa-

1828 1714 1973 1768 mine
2020 1718 2373 1786 requirendos
2418 1720 2631 1773 cautius
2683 1730 3000 1791 temperant.
3066 1725 3170 1780 Sed
3210 1728 3401 1781 horum

163 1813 294 1865 niani
326 1811 539 1865 reducit
580 1814 1021 1881 ruminationem,
1058 1829 1113 1870 et
1143 1820 1400 1885 ungulam
1438 1836 1543 1875 non
1575 1823 1715 1876 divi-

1826 1815 2056 1885 uterque
2111 1823 2216 1861 non
2255 1809 2509 1873 ruminat,
2552 1826 2650 1865 nec
2700 1824 2920 1869 revocat
2967 1817 3401 1875 ruminationem.

160 1903 252 1967 (lit,
284 1903 615 1957 immundum
671 1904 771 1958 hoc
804 1905 906 1957 erit
934 1906 1114 1973 vobis;
1155 1919 1206 1961 et
1231 1910 1559 1977 herinacius,
1590 1913 1719 1981 quia

164 1996 360 2050 reducit
389 1997 829 2060 ruminationem,
858 2007 913 2050 ct
956 2000 1206 2068 ungulam
1244 2018 1348 2056 non
1383 2005 1593 2071 dividit,
1624 2007 1722 2060 im-

162 2087 409 2139 mundum
454 2085 554 2140 hoc
604 2087 776 2151 vobis,
825 2098 879 2141 et
924 2103 1067 2153 sues,
1105 2111 1123 2142 ι
1150 2105 1253 2147 etc.
1289 2094 1537 2149 Decernit
1593 2113 1721 2167 ergo

163 2191 223 2231 ne
250 2177 645 2231 manducentnr
672 2178 977 2244 huiusmodi
1018 2182 1295 2249 animalia,
1329 2200 1451 2254 qua:
1476 2203 1541 2241 ex
1568 2200 1721 2255 parte

160 2270 401 2323 videntur
430 2284 553 2325 esse
588 2273 805 2337 munda,
844 2282 899 2327 et
925 2290 987 2328 ex
1021 2286 1174 2344 parte
1217 2277 1491 2334 intmunda
1532 2298 1545 2334 :
1582 2282 1722 2337 sicut

158 2363 386 2416 camelus
416 2377 480 2414 ex
512 2377 576 2417 eo
606 2366 748 2432 quod
794 2366 1051 2431 ruminat,
1104 2371 1331 2423 mundus
1375 2372 1620 2435 videtur;
1653 2388 1717 2427 ex

157 2467 214 2505 eo
241 2460 418 2504 autem
458 2454 600 2520 quod
633 2455 861 2522 ungulas
894 2457 1094 2511 divisas
1128 2475 1233 2513 non
1265 2461 1448 2525 habet,
1477 2462 1717 2517 immun-

155 2545 245 2597 dus
271 2544 490 2597 dicitur.
530 2544 655 2599 Post
704 2547 817 2601 haec
848 2548 957 2616 jam
1008 2553 1250 2604 nominat
1294 2562 1348 2606 et
1385 2553 1620 2621 leporem
1666 2566 1719 2608 et

155 2635 506 2698 herinacium,
544 2638 637 2689 sed
687 2646 740 2691 et
772 2638 918 2706 ipsos
975 2642 1103 2694 dicit
1173 2644 1447 2698 ruminare
1477 2646 1715 2713 quidem,

154 2723 239 2777 sed
285 2726 515 2795 ungulas
547 2742 651 2781 non
692 2728 954 2782 dividere.
986 2729 1162 2781 Alium
1194 2745 1322 2784 vero
1353 2732 1595 2786 ordinem
1640 2732 1719 2785 la-

152 2816 221 2870 cit
253 2831 444 2871 eorum
470 2859 483 2881 ,
522 2822 611 2887 qui
668 2821 979 2873 ccontrario
1035 2821 1287 2891 ungulam
1329 2823 1540 2890 quidem
1578 2824 1717 2878 divi-

151 2909 291 2973 dunt,
332 2908 433 2963 sed
473 2926 576 2964 non
627 2911 924 2967 ruminant.
976 2910 1215 2965 Primum
1267 2928 1393 2982 ergo
1435 2916 1717 2969 videamus

149 3002 231 3068 qui
260 3012 381 3056 sunt
425 3003 535 3066 isti,
568 3004 662 3072 qui
714 3004 1007 3068 ruminant,
1046 3014 1099 3057 et
1146 3021 1289 3075 ungo
1318 3020 1403 3058 am
1445 3007 1713 3073 dividunt,

148 3107 275 3160 quos
313 3094 553 3148 mundos
592 3094 846 3167 appellat.
885 3096 995 3164 Ego
1024 3096 1263 3149 arbitror
1303 3097 1450 3148 illum
1481 3097 1585 3151 dici
1624 3113 1716 3150 ru-

1826 1897 1942 1953 Non
1972 1901 2115 1954 enim
2149 1916 2209 1956 ea
2247 1917 2367 1971 quae
2401 1904 2451 1957 in
2484 1905 2597 1975 lege
2628 1907 2719 1961 Dei
2758 1910 2957 1978 scripta
3000 1925 3128 1967 sunt
3153 1915 3400 1980 audiens,

1831 1993 2146 2059 meditatur,
2180 2008 2243 2049 ac
2270 2006 2489 2049 revocat
2517 1998 2582 2052 ad
2614 2000 2864 2054 subtilem
2898 2011 2954 2056 et
2988 2004 3286 2071 spiritalem
3317 2009 3400 2060 in-

1826 2081 2179 2151 telligentiam
2237 2102 2250 2138 :
2305 2087 2397 2139 sed
2430 2089 2611 2141 statim
2664 2100 2720 2142 ut
2775 2092 3011 2148 audierit
3052 2096 3275 2166 aliquid,
3308 2111 3402 2155 aut

1826 2176 2144 2235 contenmit.
2180 2186 2271 2230 aut
2302 2179 2553 2247 despicit,
2605 2198 2705 2237 nec
2737 2187 2960 2254 requirit
2988 2189 3077 2256 qui
3120 2191 3169 2242 in
3199 2192 3402 2245 vilim-i-

1826 2263 1924 2319 bus
1953 2268 2135 2321 verbis
2180 2270 2444 2337 pretiosus
2495 2271 2661 2328 lateat
2704 2289 2917 2331 sensus.
2980 2278 3048 2333 Et
3082 2280 3278 2335 habent
3312 2284 3399 2338 isti

1826 2354 2162 2409 dividentem
2226 2360 2444 2426 quidem
2501 2364 2780 2431 ungulam,
2830 2368 2924 2421 sed
2982 2370 3397 2426 ruminationem

1827 2460 1933 2497 non
1966 2459 2241 2501 revocant.
2281 2449 2358 2503 Tu
2387 2461 2588 2515 autem,
2617 2457 2708 2524 qui
2740 2458 2820 2510 vis
2843 2473 2961 2513 esse
2993 2463 3243 2529 mundus,
3272 2480 3398 2518 con-

1827 2537 2133 2591 venientem
2182 2540 2383 2597 haheto
2415 2544 2602 2608 vitam,
2649 2561 2937 2604 consonam
2968 2562 3019 2605 et
3047 2552 3308 2621 scientiae,
3340 2570 3396 2611 et

1824 2637 1979 2682 actus
2011 2630 2305 2710 intellectui
2349 2651 2361 2686 :
2397 2644 2457 2688 ut
2489 2636 2562 2689 sis
2593 2638 2645 2689 in
2682 2649 2912 2707 utroque
2955 2644 3205 2710 mundus,
3253 2658 3309 2700 ut
3340 2658 3395 2702 et

1823 2733 2046 2774 revoces
2097 2708 2535 2792 ruminationem,
2583 2740 2637 2783 et
2664 2730 2917 2798 ungulam
2950 2735 3177 2797 dividas,
3216 2741 3308 2793 sed
3338 2751 3393 2794 et

1824 2812 2053 2879 ungulas
2084 2822 2141 2865 ut
2170 2817 2459 2885 producas,
2492 2819 2606 2873 sive
2656 2819 2901 2888 abjieias.
2941 2818 3304 2891 Requiramus
3331 2834 3384 2880 et

1822 2901 1982 2969 hujus
2033 2906 2110 2957 rei
2142 2907 2537 2975 testimonium,
2568 2912 2843 2979 quomodo
2872 2913 3094 2981 ungulas
3144 2917 3396 2983 produci-

1822 3009 1961 3060 mus,
1991 2997 2099 3062 vel,
2124 3005 2180 3050 ut
2218 2997 2343 3052 alibi
2404 3000 2624 3070 legitur,
2668 3001 2971 3069 abjicimus.
3016 3004 3284 3074 Scriptum
3311 3018 3396 3064 est

1821 3084 1873 3139 in
1904 3087 2359 3145 Deuteronomio:
2394 3110 2411 3141 ι
2434 3090 2512 3156 Si,
2558 3092 2813 3162 inquit”,
2859 3096 3059 3151 exieris
3098 3100 3161 3150 ad
3193 3099 3390 3154 bellum

148 3159 369 3250 minare,
406 3187 499 3253 qui
523 3159 745 3256 ορθὶῇέη
772 3187 863 3241 dm
898 3187 1161 3251 εοίθηιίθε,
1192 3196 1247 3242 οι
1276 3188 1327 3240 in
1356 3188 1475 3258 lege
1504 3188 1712 3242 Domini
1743 3159 1788 3217 (ἶ
1822 3177 2110 3233 adversum
2146 3180 2394 3234 inimicos
2430 3191 2566 3245 tuos,
2594 3194 2645 3237 et
2674 3184 2872 3239 videris
2898 3185 2969 3240 ibi
2999 3186 3274 3243 mulierem
3307 3190 3395 3245 de-

146 3276 435 3330 meditatur
463 3278 549 3331 die
572 3293 635 3331 ac
668 3287 845 3333 nocte.
892 3278 998 3331 Sed
1029 3278 1152 3331 audi
1195 3280 1464 3347 quomodo
1507 3280 1712 3333 dictum

142 3378 260 3423 est:
311 3389 329 3420 ι
371 3371 479 3436 Qui
537 3372 748 3433 dividit,
814 3372 1005 3440 inquit,
1060 3371 1331 3439 ungulam,
1392 3380 1444 3423 et
1496 3378 1715 3424 revocat

144 3463 577 3516 ruminationem.
619 3482 636 3514 ι
675 3464 913 3517 ltevocat
957 3479 1086 3533 ergo
1135 3462 1576 3527 ruminationem,
1621 3463 1711 3529 qui

144 3566 202 3605 ea
230 3568 347 3621 qua:
373 3555 675 3607 secundum
709 3554 943 3606 litteram
977 3553 1125 3620 legit,
1153 3562 1369 3605 revocat
1394 3553 1460 3606 ad
1494 3566 1710 3606 sensum

145 3642 457 3711 spiritalem,
493 3655 549 3697 et
576 3645 642 3698 ah
680 3644 877 3697 inlimis
922 3654 974 3697 et
1009 3642 1374 3697 invisiliillbus
1414 3644 1480 3696 ad
1535 3643 1715 3697 invisi-

147 3732 265 3787 hilia
298 3744 351 3789 et
384 3734 582 3787 altiora
610 3734 948 3790 conscendit.
983 3734 1089 3788 Sed
1136 3734 1179 3787 si
1213 3732 1491 3787 mediteris
1538 3733 1708 3802 legem

144 3824 398 3887 divinam,
422 3835 481 3877 et
508 3838 570 3877 ea
600 3838 719 3892 qua:
742 3822 898 3892 legis,
927 3823 994 3876 ad
1026 3820 1276 3875 subtilem
1312 3830 1367 3875 et
1395 3822 1461 3874 ad
1496 3820 1711 3889 spirita-

144 3916 241 3970 lem
283 3914 698 3984 intelligentiam
730 3929 972 3978 revoces,
1006 3917 1113 3968 vita
1148 3923 1325 3968 autem
1355 3924 1441 3969 tua
1470 3924 1525 3967 et
1555 3922 1710 3967 actus

140 4006 211 4059 tui
258 4021 363 4060 non
407 4014 541 4059 sunt
576 4005 732 4070 tales,
778 4013 837 4057 ut
877 4004 1114 4059 habeant
1165 4006 1549 4059 discretionem
1589 4005 1710 4057 vitae

137 4098 413 4165 prazsentis
440 4106 500 4149 et
543 4093 738 4150 futurae
782 4094 938 4162 hujus
980 4096 1158 4149 saeculi
1192 4104 1244 4149 et
1294 4095 1475 4150 saeculi
1522 4109 1714 4163 super-

136 4193 385 4259 venturi;
419 4191 465 4246 si
514 4205 621 4243 non
663 4191 763 4243 ista
792 4189 1127 4258 competenti
1160 4189 1367 4241 ratione
1404 4188 1706 4251 discernas,

138 4293 189 4337 et
209 4284 441 4349 dividas,
472 4281 712 4338 camelos
747 4296 807 4335 es
844 4289 1155 4343 tortuosus;
1211 4278 1301 4347 qui
1333 4292 1455 4332 cum
1503 4276 1711 4331 intelle-

135 4379 269 4423 ctum
299 4372 587 4440 acceperis
619 4388 682 4423 ex
728 4369 1081 4424 meditatione
1110 4372 1241 4441 legis
1286 4372 1449 4440 hujus
1490 4369 1708 4431 divinae,

135 4477 235 4516 non
283 4464 522 4529 dividis,
566 4478 744 4533 neque
802 4478 1050 4534 segregas
1094 4463 1383 4534 praesentia
1421 4472 1476 4518 et
1510 4463 1710 4529 futura,

133 4572 229 4612 nec
257 4567 552 4629 angustam
584 4557 724 4612 viam
757 4573 786 4610 a
813 4557 897 4611 via
925 4557 1157 4627 spatiosa
1188 4556 1449 4612 secernis.
1479 4554 1583 4611 Sed
1613 4555 1713 4609 ad-

136 4648 235 4705 huc
262 4650 615 4705 manifestius
638 4651 780 4720 quod
818 4650 1015 4703 dicitur
1052 4649 1424 4718 explanemus.
1452 4647 1591 4701 Sunt
1618 4648 1712 4715 qui

130 4752 417 4796 assumunt
467 4750 854 4795 testamentum
901 4738 992 4793 Dei
1037 4755 1138 4808 per
1181 4754 1241 4793 os
1285 4752 1474 4801 suum,
1504 4746 1710 4791 etcum

133 4830 298 4901 legem
330 4832 430 4886 Dei
466 4832 524 4886 in
548 4847 642 4885 ore
673 4832 927 4894 habeant,
970 4830 1075 4884 vita
1106 4839 1162 4884 et
1200 4838 1354 4883 actus
1382 4828 1466 4882 sui
1496 4826 1652 4891 longe
1679 4840 1710 4880 a

131 4921 302 4973 serhis
358 4932 560 4974 eorunt
612 4925 667 4970 et
720 4914 1067 4970 sermonibus
1120 4912 1455 4979 discrepant.
1511 4910 1704 4963 Dicunt

127 5013 264 5063 enint
286 5019 341 5065 et
368 5025 482 5063 non
516 5007 746 5071 faciunt;
774 5008 840 5059 de
861 5004 1058 5073 quibus
1079 5009 1133 5056 et
1152 5000 1426 5069 Propheta
1460 4999 1591 5053 dicit
1615 4997 1657 5027 “’
1688 5015 1701 5051 :

130 5121 147 5151 ε
185 5099 475 5157 Peecatori
508 5110 685 5153 autem
727 5096 866 5151 dixit
908 5095 1050 5148 Deus
1096 5114 1107 5149 :
1158 5094 1339 5157 Quare
1384 5098 1439 5142 tu
1476 5103 1703 5143 enarras

121 5194 358 5261 justitias
388 5207 570 5253 meas,
595 5188 915 5249 etassumis
955 5194 1338 5241 testamentum
1381 5196 1559 5236 meum
1600 5194 1696 5248 per

120 5301 178 5340 os
209 5286 406 5340 tuum?
449 5303 469 5335 ι
507 5283 665 5337 Vides
712 5295 842 5351 ergo
870 5279 1141 5349 quomodo
1188 5278 1276 5331 ille
1314 5276 1574 5338 ruminat,
1609 5274 1697 5342 qui

121 5386 512 5431 testamentum
555 5374 646 5427 Dei
711 5374 871 5426 habet
915 5372 966 5424 itt
1008 5384 1104 5424 ore
1150 5384 1270 5423 suo.
1322 5366 1427 5421 Sed
1480 5366 1608 5435 quid
1648 5365 1698 5418 in

119 5468 485 5536 sequentibus
519 5467 586 5519 ad
618 5479 739 5519 eum
770 5462 969 5518 dicitur
999 5461 1043 5493 ⁸⁸
1072 5461 1093 5513 ?
1120 5479 1137 5512 ι
1179 5459 1259 5513 Tu
1307 5470 1488 5511 autem
1533 5456 1695 5510 odisti

182 5590 226 5621 ⁸⁵
256 5589 441 5644 Levit.
465 5604 543 5653 χι,
572 5590 603 5643 5
624 5598 679 5641 et
709 5602 860 5655 seqq.
937 5584 978 5614 ⁸⁷
999 5579 1139 5635 I’sal.
1170 5592 1315 5643 xux,
1345 5574 1431 5629 16.

187 5730 297 5800 uno,
323 5726 492 5787 3155.,
530 5742 547 5775 ι
573 5723 806 5793 expedit.
833 5741 850 5773 ι
886 5718 1043 5773 Libh.
1070 5715 1224 5781 editi,
1256 5732 1273 5765 ι
1302 5717 1524 5783 spectat.
1554 5727 1573 5761 ι

395 5817 678 5879 ΡΑτιιοι..
726 5815 845 5876 Gn.
890 5812 1031 5891 XII.

1511 5573 1555 5605 ⁸⁸
1578 5573 1708 5629 ibid.
1744 5572 1829 5628 17.

1824 3280 1949 3320 cora
1978 3268 2181 3336 specie,
2227 3279 2280 3323 et
2314 3272 2654 3339 concupieris
2698 3286 2840 3337 eam,
2873 3290 3113 3331 assumes
3159 3292 3299 3344 eam,
3340 3289 3396 3335 et

1824 3359 1983 3413 rados
2019 3375 2235 3414 onmem
2290 3361 2456 3428 pilum
2488 3364 2678 3430 capitis
2725 3367 2862 3434 ejus,
2891 3377 2945 3421 et
2995 3370 3218 3437 ungulas
3250 3372 3389 3440 ejus,

1822 3460 1877 3503 et
1926 3452 2116 3505 indues
2143 3467 2262 3505 eam
2313 3453 2651 3509 vestimentis
2703 3457 3055 3526 lugubribus;
3098 3472 3151 3515 et
3184 3464 3393 3517 sedebit

1826 3541 1877 3593 in
1908 3542 2069 3595 domo
2097 3543 2287 3607 lugens
2322 3554 2528 3612 patrem
2580 3561 2758 3610 suum,
2798 3561 2852 3603 et
2882 3560 3106 3606 matrem
3132 3570 3306 3620 suam,
3337 3567 3393 3613 et

1823 3631 2041 3685 domum
2092 3643 2371 3701 paternam
2405 3649 2581 3701 suam,
2633 3647 2689 3691 et
2735 3651 2855 3708 post
2889 3642 3103 3713 triginta
3148 3646 3262 3700 dies
3286 3649 3392 3702 erit

1824 3722 1918 3777 tibi
1953 3738 2107 3779 uxor.
2140 3743 2158 3775 ι
2224 3724 2329 3778 Sed
2362 3741 2503 3780 nunc
2553 3742 2658 3782 non
2691 3730 2792 3784 hoc
2822 3743 2906 3786 est
2947 3737 3300 3804 propositum,
3332 3749 3391 3794 ut

1823 3814 1937 3868 haec
1961 3830 2080 3884 quae
2111 3816 2162 3869 in
2199 3818 2567 3874 testimonium
2602 3831 2787 3877 vocata
2816 3836 2959 3888 sunt,
2990 3828 3385 3898 explantentur;

1820 3904 1913 3957 sed
1940 3914 2227 3973 propterea
2253 3906 2507 3974 diximus,
2539 3912 2662 3978 quia
2694 3924 2747 3967 et
2776 3915 2861 3967 hic
2898 3917 2961 3970 de
2996 3920 3205 3988 ungulis
3234 3937 3389 3976 men-

1820 3997 1895 4050 tio
1927 3998 2065 4050 facta
2115 4005 2217 4051 est.
2262 3998 2646 4056 Verumtamen
2680 4012 2732 4057 et
2782 4020 2881 4074 ego
2906 4007 3218 4077 frequenter
3242 4014 3389 4068 exivi

1820 4087 1886 4141 ad
1916 4088 2114 4142 bellum
2142 4099 2329 4143 contra
2360 4090 2609 4147 inimicos
2640 4109 2809 4161 meos,
2840 4106 2893 4150 et
2927 4100 3029 4153 vidi
3064 4101 3135 4155 ibi
3166 4102 3220 4156 in
3250 4119 3391 4172 prae.

1819 4178 1938 4231 dam
1976 4178 2253 4233 mulierem
2284 4183 2483 4233 decora
2511 4184 2710 4250 specie.
2756 4185 3100 4259 Quarcunque
3125 4195 3267 4249 enim
3296 4197 3391 4252 be-

1818 4282 1887 4322 ne
1909 4278 1965 4323 et
2015 4268 2417 4324 rationabiliter
2443 4272 2584 4327 dicta
2636 4274 2938 4335 invenimus
2968 4284 3107 4351 apud
3138 4285 3389 4344 inimicos

1818 4371 2049 4427 nostros,
2105 4364 2148 4417 si
2208 4361 2338 4429 quid
2389 4370 2528 4431 apud
2574 4366 2692 4423 illos
2746 4372 3021 4440 sapienter
3053 4384 3107 4431 et
3153 4379 3391 4435 scienter

1818 4455 2019 4509 dictum
2078 4456 2323 4525 legimus,
2375 4472 2591 4528 Oportet
2644 4477 2740 4517 nos
2786 4465 3045 4521 mundare
3093 4468 3169 4530 id.
3217 4480 3273 4525 et
3321 4475 3387 4529 ab

1812 4545 2035 4600 scientia
2068 4560 2189 4613 qua:
2220 4548 2358 4614 apud
2392 4549 2514 4604 illos
2549 4560 2633 4604 est
2662 4551 2875 4608 auferre
2900 4564 2954 4608 et
2988 4570 3236 4614 resecare
3263 4575 3386 4615 om-

1791 4650 1875 4709 .ne
1902 4635 2045 4704 quod
2072 4645 2377 4690 emortuum
2408 4649 2463 4693 et
2494 4640 2656 4695 inane
2681 4651 2785 4706 est,
2815 4643 2916 4699 hoc
2942 4646 3085 4699 enim
3116 4658 3244 4704 sunt
3270 4666 3387 4704 om-

1804 4739 1905 4779 nes
1952 4726 2129 4795 capilli
2164 4728 2358 4795 capitis
2391 4740 2445 4783 et
2492 4731 2704 4800 ungula:
2754 4734 2995 4790 mulieris
3024 4751 3090 4791 ex
3136 4740 3387 4795 inimico-

1808 4831 1926 4869 rum
1957 4816 2145 4885 spoliis
2174 4828 2488 4887 assumptte,
2514 4830 2570 4874 et
2599 4822 2670 4874 ita
2697 4824 2914 4878 demum
2938 4824 3120 4883 facere
3145 4844 3265 4884 eam
3296 4848 3386 4887 no-

1807 4905 1890 4959 bis
1926 4920 2173 4969 uxorem,
2209 4922 2330 4959 cum
2377 4908 2489 4975 jam
2524 4910 2657 4965 nihil
2686 4926 2750 4966 ex
2784 4913 2888 4969 illis
2918 4931 3036 4983 qua:
3066 4933 3163 4987 per
3193 4920 3385 4979 inlide-

1812 4996 2015 5049 litatem
2070 5008 2282 5051 mortua
2317 4998 2588 5064 dicuntur,
2643 5002 2916 5069 habuerit,
2964 5007 3097 5062 nihil
3131 5010 3183 5064 in
3208 5015 3385 5082 capite

1813 5086 2006 5139 habeat
2060 5093 2356 5147 mortuum,
2390 5085 2523 5142 nihil
2559 5089 2611 5143 in
2653 5092 2920 5159 manibus,
2956 5104 3014 5149 ut
3046 5112 3220 5167 neque
3260 5116 3383 5157 sen-

1810 5176 1980 5241 sibus,
2015 5192 2187 5245 neque
2219 5177 2453 5241 actibus,
2484 5180 2820 5237 immundum
2848 5184 3074 5255 aliquid,
3109 5200 3201 5245 aut
3236 5208 3382 5246 mor-

1813 5278 1963 5321 tuum
1998 5278 2171 5336 gerat.
2232 5267 2377 5322 Nihil
2408 5271 2549 5325 enim
2584 5273 2843 5329 mundum
2889 5277 3093 5334 habent
3125 5282 3380 5338 mulieres

1810 5360 2048 5415 hostium
2089 5368 2423 5426 nostrorum,
2462 5363 2587 5431 quia
2643 5365 2787 5420 nulla
2839 5379 2922 5423 est
2951 5370 3090 5439 apud
3138 5370 3257 5426 illos
3284 5388 3374 5428 sa-

1808 5452 2028 5524 pientia,
2065 5449 2151 5503 cui
2184 5450 2521 5508 immunditia
2544 5454 2722 5525 aliqua
2751 5472 2857 5513 non
2884 5458 2949 5515 sit
2985 5460 3239 5518 admista.
3275 5461 3378 5522 Ve-

1906 5570 1949 5601 ”
1974 5568 2129 5623 Deut.
2156 5583 2268 5635 χχι,
2302 5568 2389 5623 10.

3089 5801 3162 5865 16
