3876 6518
500 317 594 372 ιρι

1949 316 2266 376 ORIGENlS
2961 271 2964 274 ἢ
3609 327 3684 383 ιρξ

501 433 594 489 lim
640 442 821 488 tamen
869 433 1112 488 dicerent
1153 433 1282 488 mihi
1314 433 1483 490 Judaei
1511 437 1784 506 quomodo
1815 438 1952 507 apud
1983 454 2076 493 eos
2110 444 2152 500 Α
2180 449 2334 508 raptu
2369 440 2574 494 vivunt.
2619 439 2712 494 Hae
2762 447 2886 494 sunt
2917 439 3132 505 animae,
3163 452 3281 509 qua:
3325 441 3586 495 secundum
3611 447 3684 501 hoc

503 526 608 580 ista
644 534 949 580 serventur.
1011 523 1149 589 Quid
1182 539 1379 590 causze,
1430 526 1558 595 quid
1590 528 1819 583 rationis
1866 536 1952 583 est
1983 530 2078 584 de-

503 616 701 669 calvari
735 614 1036 679 mulierem,
1067 623 1122 668 et
1147 615 1372 686 ungulas
1399 614 1515 683 ejus
1546 617 1729 672 demi?
1762 617 1918 674 Verbi
1947 635 2077 673 cau-

504 723 587 767 sa.
616 720 877 774 ponamus
913 710 1055 774 quod
1088 707 1160 760 ita
1199 707 1467 762 invenerit
1521 722 1642 763 eam
1680 709 1725 764 is
1757 710 1847 778 qui
1880 712 2078 766 dicitur

504 799 797 861 invenisse,
831 808 887 850 ut
914 813 1090 866 neque
1120 799 1361 869 capillos,
1398 815 1572 870 neque
1601 801 1827 872 ungulas
1858 803 2074 868 habeat,

501 893 630 961 quid
658 891 872 954 habuit,
908 891 1050 960 quod
1084 893 1379 946 secundum
1414 895 1583 964 legem
1616 896 1835 950 demere
1863 895 2079 963 jubere-

503 983 626 1037 tnr?
662 979 768 1036 Nos
800 995 930 1035 vero
957 983 1154 1050 quibus
1183 983 1372 1038 militia
1417 986 1677 1052 spiritalis
1707 996 1808 1052 est,
1845 996 1898 1041 et
1928 1002 2074 1040 arma

501 1087 609 1127 non
646 1072 911 1138 carnalia,
946 1074 1040 1126 sed
1073 1075 1316 1141 potentia
1358 1075 1466 1129 Deo
1497 1077 1564 1129 ad
1593 1077 1917 1130 destruenda
1947 1093 2078 1131 con-

500 1163 642 1225 silia,
692 1161 886 1216 tlecora
928 1165 1122 1217 mulier
1166 1164 1208 1216 si
1249 1172 1460 1232 reperta
1507 1163 1672 1216 fuerit
1698 1164 1836 1232 apud
1874 1164 2075 1230 hostes,

501 1266 556 1311 et
591 1257 926 1312 rationabilis
972 1256 1152 1325 aliqua
1190 1255 1496 1323 disciplina,
1552 1257 1655 1310 hoc
1687 1259 1846 1310 modo
1893 1255 2079 1321 puriﬁ-

503 1349 749 1403 cabimus
797 1341 917 1403 eam
973 1364 1080 1416 quo
1112 1348 1363 1416 superius
1394 1347 1654 1401 diximus.
1693 1347 1915 1417 Oportet
1949 1362 2078 1416 ergo

505 1452 627 1493 cum
656 1439 746 1507 qui
782 1440 1012 1492 mundus
1047 1448 1153 1504 est,
1191 1454 1298 1492 non
1336 1437 1506 1491 solum
1560 1438 1798 1492 dividere
1827 1438 2074 1508 ungulas,

505 1537 558 1581 et
607 1542 712 1582 non
766 1527 940 1582 solum
995 1528 1276 1595 praesentis
1333 1526 1514 1582 sazculi
1562 1540 1616 1582 et
1643 1527 1806 1580 futuri
1841 1539 1996 1582 actus
2025 1537 2078 1581 et

504 1629 668 1683 opera
717 1615 1051 1682 discernere,
1101 1615 1192 1670 sed
1230 1624 1283 1669 et
1333 1615 1560 1685 ungulas
1598 1617 1917 1684 producere,
1971 1617 2074 1680 vel,

504 1717 563 1759 ut
593 1705 719 1760 alibi
765 1706 1015 1774 legimus,
1067 1705 1324 1775 abjicere,
1377 1717 1436 1784 ut
1483 1706 1834 1772 puriﬁcantes
1866 1722 1963 1761 nos
2009 1709 2076 1761 ab

504 1798 762 1868 operibus
792 1799 1040 1862 mortuis,
1077 1813 1487 1866 permaneamns
1519 1798 1570 1852 in
1607 1799 1738 1854 vita.

577 1894 628 1947 7.
672 1893 797 1947 lla‘c
824 1893 1038 1961 quidem
1087 1891 1412 1958 generaliter
1440 1891 1579 1944 dicta
1628 1893 1736 1945 sint
1764 1892 1829 1946 de
1866 1893 2077 1945 anima-

506 1985 646 2039 libus
678 2001 692 2039 :
726 1984 812 2038 illa
844 1998 971 2037 vero
1011 1998 1130 2052 qua:
1182 1983 1234 2036 in
1263 1983 1418 2051 aquis
1464 1991 1613 2044 sunt,
1645 1984 1770 2052 quia
1806 1984 2076 2044 dicuntur,

503 2075 769 2145 siquidem
797 2074 1033 2128 habeant
1077 2074 1269 2141 pinnas
1299 2081 1351 2125 et
1382 2087 1664 2146 squamas,
1695 2074 1888 2125 munda
1922 2087 2076 2135 esse;

503 2169 547 2221 si
580 2183 707 2223 vero
736 2183 842 2221 non
870 2167 1128 2232 habeant,
1183 2166 1480 2228 immunda,
1517 2153 1613 2219 nec
1641 2166 1725 2218 edi
1760 2167 1985 2229 debere;
2019 2165 2081 2218 il-

502 2259 592 2314 lud
622 2261 677 2315 in
725 2259 810 2314 his
835 2257 1160 2320 ostenditur,
1207 2269 1265 2310 ut
1295 2258 1336 2310 si
1374 2257 1496 2324 quis
1537 2265 1620 2309 est
1655 2255 1706 2308 in
1747 2257 1902 2323 aquis
1936 2257 2076 2321 istis,

502 2364 558 2410 et
590 2355 642 2410 in
672 2353 806 2408 mari
849 2353 971 2406 vitze
997 2351 1177 2418 huius,
1208 2361 1370 2419 atque
1400 2350 1450 2402 in
1482 2348 1734 2402 (luctibus
1767 2348 1949 2402 δωριῆί
1983 2363 2078 2416 po-

503 2447 664 2507 situs,
715 2454 892 2497 tamen
931 2443 1123 2496 debeat
1159 2441 1292 2494 satis
1321 2455 1502 2508 agere,
1542 2449 1598 2491 ttt
1639 2455 1744 2492 non
1776 2440 1826 2492 in
1858 2440 2082 2508 profun-

505 2539 588 2592 dis
613 2535 797 2606 jaceat
825 2550 1112 2604 aquarum,
1163 2536 1303 2588 sicut
1351 2540 1478 2585 sunt
1523 2531 1610 2586 isti
1648 2533 1824 2599 pisces
1873 2531 1964 2599 qui
2001 2532 2080 2584 di-

503 2638 702 2683 cuntur
750 2642 855 2681 non
906 2626 1106 2693 habere
1160 2627 1353 2694 pinnas
1402 2637 1574 2694 neque
1621 2638 1896 2692 squamas.
1952 2622 2078 2676 llaec

506 2734 740 2788 namque
766 2735 956 2772 eorum
1006 2725 1198 2771 natura
1231 2717 1563 2786 perhibetur,
1602 2723 1659 2768 ιιι
1696 2716 1747 2768 in
1781 2714 1901 2768 imis
1941 2730 2081 2768 sem-

506 2826 604 2882 per
633 2822 684 2864 et
717 2809 863 2864 circa
890 2797 1070 2877 ipsum
1100 2823 1313 2863 ccenmn
1353 2807 1701 2861 demorentur
1721 2845 1736 2870 ,
1787 2805 1928 2859 sicut
1956 2816 2081 2858 sunt

508 2901 780 2971 anguilla),
831 2911 884 2953 et
917 2900 1042 2954 huic
1071 2898 1289 2965 similia,
1342 2913 1462 2968 quae
1494 2915 1596 2952 non
1632 2906 1854 2968 possunt
1887 2912 2080 2951 ascen-

509 2995 638 3048 dere
665 2995 728 3045 ad
761 3007 913 3059 aqua:
939 2991 1330 3054 summitatem,
1367 3005 1538 3059 neque
1589 2992 1656 3043 ad
1687 2988 1803 3057 ejus
1835 2989 2080 3059 superio-

510 3101 566 3138 ra
599 3084 902 3153 pervenire.
933 3080 1010 3136 llli
1045 3097 1172 3136 vero
1203 3082 1381 3152 pisces
1415 3083 1504 3152 qui
1541 3082 1777 3150 pinnulis
1799 3081 2078 3150 juvantur,

509 3192 573 3230 ac
612 3176 858 3244 squamis
909 3174 1246 3235 muniuntur,
1283 3174 1585 3226 ascendunt
1635 3172 1806 3240 magis
1832 3172 1896 3224 ad
1925 3186 2085 3239 supe-

510 3267 679 3331 riora,
709 3276 764 3320 et
791 3264 904 3318 aeri
931 3263 1060 3318 huic
1091 3263 1384 3316 viciniores
1419 3262 1572 3328 liunt,
1624 3263 1772 3315 velut
1801 3261 1892 3329 qui
1925 3261 2087 3314 liber-

513 3368 678 3414 tatem
705 3358 928 3427 spiritus
951 3366 1217 3425 quazrant.
1257 3353 1404 3408 Talis
1427 3363 1509 3407 est
1538 3368 1668 3423 ergo
1689 3362 1910 3408 sanctus
1936 3351 2087 3420 quis-

510 3468 638 3521 que,
671 3453 795 3521 quia
847 3451 988 3503 intra
1021 3446 1156 3503 retia
1207 3447 1327 3502 lidei
1369 3447 1682 3512 conclusus,
1725 3447 1896 3500 bonus
1925 3443 2085 3514 piscis

507 3559 540 3598 a
574 3543 856 3598 Salvatore
887 3539 1200 3593 nominatur
1241 3558 1254 3594 :
1303 3539 1392 3609 qui
1428 3539 1590 3592 etiam
1623 3538 1854 3590 mittitur
1885 3536 1934 3588 in
1970 3549 2082 3597 vas,

507 3639 672 3692 veluti
719 3639 912 3706 pinnas
964 3635 1170 3688 habens
1205 3641 1260 3686 et
1293 3646 1568 3700 squamas.
1631 3627 1744 3682 Non
1799 3628 1942 3682 enim
1992 3628 2085 3680 ha-

507 3729 715 3786 buisset
745 3729 957 3796 pinnas,
993 3741 1095 3779 non
1129 3726 1521 3778 resurrexisset
1547 3722 1613 3776 de
1641 3736 1798 3776 emno
1833 3720 2087 3774 incredu-

507 3819 702 3884 litatis,
736 3832 834 3871 nec
863 3817 932 3870 ad
965 3826 1081 3869 rete
1113 3815 1231 3869 lidei
1269 3814 1623 3883 pervenisset,
1658 3812 1758 3866 nisi
1789 3812 1969 3882 pinnis
1999 3810 2087 3863 ad-

503 3907 653 3977 jutus
685 3907 751 3961 ad
803 3907 1078 3973 superiora
1116 3907 1373 3958 venisset.
1417 3903 1556 3968 Quid
1609 3912 1690 3957 est
1738 3901 2084 3971 autemquod

511 4011 567 4056 et
595 4014 852 4068 squamas
904 3999 1106 4052 habere
1158 3997 1394 4049 dicitttr?
1447 4003 1704 4062 tanquam
1737 3996 1826 4063 qui
1865 4005 2085 4062 paratus

510 4096 584 4149 sit
610 4102 790 4146 vetera
843 4090 1156 4143 indumenta
1194 4089 1482 4155 deponere.
1526 4085 1589 4139 lli
1620 4085 1763 4138 enim
1806 4087 1894 4153 qui
1924 4100 2085 4152 squa-

510 4199 630 4238 mas
679 4195 784 4234 non
839 4179 1060 4242 habent,
1098 4179 1248 4232 velut
1296 4193 1360 4230 ex
1410 4177 1618 4246 integro
1649 4179 1828 4230 carnei
1879 4183 2085 4230 suntet

514 4274 612 4330 toti
648 4271 917 4336 carnales,
966 4268 1058 4337 qui
1090 4269 1361 4336 deponere
1395 4267 1530 4320 nihil
1575 4275 1823 4336 possunt.
1861 4264 1918 4318 Si
1962 4266 2083 4334 quis

511 4379 640 4434 ergo
687 4363 854 4418 habet
899 4361 1115 4429 pinnas,
1169 4359 1364 4428 quibus
1410 4358 1477 4411 ad
1530 4359 1811 4426 superiora
1853 4357 2080 4418 nitatur,

2109 1789 2158 1849 B

2180 530 2420 596 quidem,
2451 529 2591 598 quod
2625 529 2977 583 rationabiles
3002 538 3056 583 et
3083 528 3298 582 imbutae
3329 528 3484 598 228
3511 543 3612 584 sunt
3640 537 3684 588 li-

2179 619 2459 674 beralibus
2508 619 2785 683 institutis,
2842 621 2927 674 vel
2983 619 3396 673 rationabilibus
3429 621 3688 690 disciplinis,

2179 712 2420 766 volatilia
2449 713 2726 766 videntur.
2767 713 2977 781 Legunt
3021 714 3165 766 enim
3223 720 3277 764 et
3315 712 3589 779 requirunt,
3630 720 3688 771 vel

2181 802 2248 854 de
2295 803 2505 855 ratione
2537 802 2681 863 coeli,
2729 804 2816 856 vel
2864 805 3137 872 quomodo
3169 803 3394 856 nmndus
3427 802 3509 856 Dei
3556 807 3690 870 proti-

2181 894 2364 947 dentia
2389 894 2751 962 gubernetur;
2784 895 3079 949 secundum
3111 895 3224 947 haec
3248 908 3372 960 ergo
3397 893 3601 947 volatilia
3624 914 3690 950 no-

2181 987 2476 1037 minantur.
2521 984 2576 1038 Si
2607 1000 2736 1038 vero
2761 984 3066 1052 hujusmodi
3088 983 3338 1036 homines
3367 983 3532 1051 inique
3552 997 3692 1052 agant,

2180 1085 2235 1129 et
2285 1085 2471 1130 contra
2525 1076 2694 1145 legem
2757 1073 2981 1140 faciant,
3033 1073 3292 1143 diripiant
3327 1075 3595 1142 proximos,
3637 1088 3692 1142 ut,

2180 1181 2301 1218 cum
2359 1165 2412 1218 in
2463 1166 2642 1218 verbis
2689 1179 2812 1219 esse
2859 1165 3106 1218 videatur
3145 1164 3376 1217 eruditio
3408 1165 3690 1230 cmlestis,iu

2181 1255 2397 1310 actibus
2430 1255 2670 1309 carnalia
2703 1265 2757 1308 et
2789 1265 2998 1308 mortua
3029 1270 3194 1324 opera
3227 1265 3433 1321 gerant,
3462 1265 3590 1309 recte
3614 1257 3695 1309 vul-

2184 1358 2330 1401 tures
2383 1345 2466 1400 vel
2500 1347 2695 1414 aquilae
2732 1347 2945 1400 dicendi
2994 1357 3142 1409 sunt,
3179 1360 3300 1414 quae
3340 1345 3404 1398 de
3433 1346 3629 1399 excelsis
3649 1350 3693 1400 ad

2181 1451 2374 1491 carnes
2409 1448 2648 1492 mortuas
2678 1451 2742 1491 ac
2790 1437 3007 1498 loetidas
3039 1437 3386 1491 delabuntur.
3430 1436 3503 1488 Ad
3536 1437 3618 1490 huc
3639 1455 3696 1492 re-

2180 1530 2400 1584 ferenda
2443 1540 2528 1584 est
2573 1541 2628 1584 et
2672 1529 2950 1599 accipitris
3003 1523 3290 1598 rapacitas,
3344 1537 3396 1582 et
3440 1538 3695 1583 eteteroruta

2179 1624 2456 1688 omnium;
2487 1639 2552 1678 ex
2585 1625 2802 1692 quibus,
2836 1623 3080 1694 qua-dam
3111 1633 3236 1678 sunt
3269 1622 3497 1676 volatilia
3537 1627 3696 1690 rapaci-

2184 1715 2281 1768 tati
2309 1715 2600 1779 studentia,
2648 1717 2893 1785 quaedam
2931 1731 3060 1769 vero
3088 1731 3192 1769 non
3233 1725 3340 1770 tam
3387 1716 3694 1782 rapacitatem,

2183 1823 2344 1876 quam
2393 1808 2782 1864 obscuritatem
2833 1819 2890 1864 et
2943 1809 3198 1866 tenebras
3233 1807 3486 1861 amantia.
3524 1807 3698 1859 «Omnis

2182 1899 2324 1953 enim
2373 1900 2463 1968 qui
2516 1901 2655 1954 male
2691 1901 2822 1970 agit,
2875 1901 2989 1953 odit
3034 1899 3232 1963 lucem,
3269 1908 3325 1953 et
3373 1913 3472 1955 non
3517 1901 3633 1949 venit
3653 1899 3697 1950 ad

2183 1990 2355 2046 lucem
2379 1993 2444 2056 ⁷¹,
2473 2013 2492 2044 ι
2528 2000 2582 2044 ttt
2613 2002 2737 2044 sunt
2786 2001 3000 2045 noctua:
3029 2002 3084 2045 et
3115 1990 3538 2058 vespertilioncs,
3561 2001 3603 2041 et
3627 2003 3698 2041 ca:-

2185 2093 2297 2137 tera
2329 2100 2449 2153 qum
2483 2085 2566 2138 lex
2600 2084 2972 2153 pronuntiavit
3003 2084 3302 2138 immunda.
3346 2083 3384 2134 A
3423 2083 3593 2149 quibus
3616 2098 3697 2133 0m-

2184 2174 2346 2228 nibus
2397 2175 2625 2243 spiritali
2665 2190 2766 2229 nos
2800 2175 3143 2228 observantia
3180 2172 3697 2236 cu$t0dieutes,etci-

2184 2266 2308 2318 bum
2358 2280 2420 2318 ex
2473 2265 2688 2318 mundis
2719 2263 3043 2318 animalibus
3091 2271 3436 2332 appetentes,
3469 2263 3606 2315 etiam
3631 2262 3698 2327 ipsi

2183 2359 2300 2424 puri
2350 2355 2648 2410 ellieiemur
2697 2366 2748 2410 et
2797 2355 3006 2420 mundi,
3047 2369 3143 2422 per
3169 2353 3442 2410 Christum
3479 2351 3700 2404 Dominum

2183 2459 2430 2502 nostrum
2481 2467 2493 2502 :
2550 2465 2647 2518 per
2701 2463 2858 2517 quem
2901 2455 2985 2503 est
3037 2447 3147 2502 Deo
3198 2446 3348 2500 l’atri
3390 2461 3506 2499 cum
3551 2444 3702 2512 Spiritu

2185 2552 2376 2597 sancto
2425 2542 2592 2611 gloria
2627 2553 2681 2595 et
2728 2542 3016 2612 imperium
3064 2541 3118 2595 in
3169 2540 3370 2595 saecula
3426 2537 3700 2594 saculorum.

2183 2639 2378 2690 Amen.

2753 2704 3030 2760 llOlllLlA
3062 2704 3195 2758 Vill.

2184 2800 2260 2856 De
2285 2815 2344 2853 eo
2367 2800 2505 2869 quod
2535 2799 2784 2866 scriptum
2813 2810 2887 2852 est
2909 2800 2954 2830 ⁷¹
2982 2815 2998 2851 :
3030 2817 3047 2847 ‹
3073 2795 3266 2849 Mulier
3289 2807 3598 2869 quacunque
3615 2807 3703 2869 cort-

2254 2863 2444 2937 cepeh’t
2488 2863 2685 2931 senten,
2727 2878 2775 2921 et
2825 2870 3077 2937 pepererit
3124 2866 3446 2937 "tusculum,
3493 2863 3701 2937 immunda

2254 2932 2351 2992 erit
2383 2948 2574 3004 septem
2619 2932 2862 3000 diebus.)
2892 2932 2942 2989 et
2988 2947 3050 2989 ne
3080 2935 3477 2988 diversitalibus
3517 2932 3644 2997 lepnr
3662 2946 3702 2980 ac

2253 3008 2709 3075 puriﬁcationibus
2737 3008 2952 3076 leprosi.

2257 3102 2308 3154 l.
2350 3100 2615 3154 Medicum
2666 3100 2771 3154 dici
2822 3100 2872 3152 in
2903 3097 3199 3165 Scripturis
3231 3095 3438 3150 divinis
3475 3091 3702 3146 Dominus:

2191 3201 2436 3246 nostrum
2465 3190 2646 3245 Jesum
2674 3189 2972 3252 Christum,
3007 3189 3168 3242 etiam
3203 3187 3380 3254 ipsius
3409 3182 3597 3238 Dowiui
3619 3196 3708 3234 seu-

2192 3283 2360 3337 tentia
2414 3283 2790 3350 perducemur,
2864 3282 3004 3333 sicut
3055 3280 3185 3334 dicit
3234 3279 3288 3332 in
3351 3269 3704 3344 Evangeliis":

2196 3389 2213 3421 ι
2239 3370 2354 3425 Non
2392 3371 2632 3440 indigent
2679 3371 2798 3424 sani
2848 3371 3076 3433 medico,
3118 3370 3212 3423 sed
3239 3369 3331 3438 qui
3373 3366 3506 3420 male
3542 3363 3707 3417 habent.

2190 3461 2304 3515 Non
2331 3462 2475 3514 enim
2506 3461 2625 3515 veni
2652 3473 2850 3514 vocare
2869 3459 3066 3527 justus,
3098 3459 3190 3513 sed
3219 3469 3531 3528 peccatores
3556 3457 3599 3508 in
3628 3467 3709 3522 ptr-

2190 3553 2542 3605 nitentiam.)
2609 3550 2799 3606 Omnis
2851 3561 3029 3604 autem
3079 3551 3320 3604 medicus
3370 3566 3437 3604 ex
3479 3549 3707 3602 herbarum

2189 3642 2367 3697 succis
2402 3641 2483 3695 vel
2537 3640 2816 3704 arborum,
2855 3641 2938 3693 vel
2986 3640 3148 3695 etiam
3197 3641 3536 3694 metallorum
3581 3638 3705 3694 venis.

2190 3732 2276 3786 vel
2323 3733 2681 3786 animantium
2713 3731 2940 3789 naturis.
2994 3733 3275 3800 profutura
3308 3730 3611 3800 corporibus
3632 3743 3709 3780 me-

2189 3824 2489 3879 dicamenta
2520 3825 2816 3892 componit.
2863 3825 2968 3878 Sed
3002 3824 3196 3877 herbas
3229 3825 3365 3878 istas
3392 3824 3440 3878 si
3473 3824 3582 3892 quis
3614 3821 3710 3872 forte

2188 3928 2481 3984 antequam
2529 3930 2628 3986 pro
2663 3917 2872 3969 ratione
2916 3915 3050 3969 artis
3081 3925 3481 3984 componantur
3516 3913 3709 3982 aspiciat,

2187 4008 2449 4075 siquidem
2503 4007 2555 4060 in
2586 4008 2756 4076 agris,
2789 4015 2883 4059 aut
2921 4008 3218 4067 montibus,
3256 4009 3410 4060 velut
3454 4006 3615 4059 fenum
3640 4001 3712 4052 vile

2187 4099 2469 4153 conculcat
2515 4112 2570 4152 et
2623 4098 2883 4166 praeterit.
2947 4099 3003 4151 Si
3061 4113 3188 4152 vero
3237 4113 3334 4152 eas
3384 4098 3522 4150 intra
3569 4090 3711 4148 medici

2186 4188 2429 4243 scholam
2463 4188 2759 4258 dispositas
2790 4201 2885 4256 per
2916 4189 3166 4241 ordinem
3199 4188 3433 4252 viderit,
3484 4186 3595 4239 licet
3619 4183 3711 4234 odu-

2189 4295 2301 4333 rem
2349 4281 2586 4345 tristem,
2638 4279 2835 4332 fortem
2872 4288 2921 4333 et
2968 4287 3242 4333 austerum
3285 4279 3538 4340 reddant,
3581 4285 3712 4327 tamen

2184 4372 2552 4440 suspicabitur
2576 4384 2669 4426 eas
2694 4384 2838 4424 cura:
2867 4370 2950 4425 vel
2978 4371 3197 4425 remedii
3230 4371 3438 4440 aliquid
3467 4368 3714 4425 continere,

512 4457 742 4511 mundus
773 4465 877 4510 est.
917 4453 1017 4521 Qui
1053 4467 1178 4506 vero
1204 4466 1309 4504 non
1343 4449 1503 4504 habet
1533 4449 1749 4516 pinnas,
1784 4449 1878 4504 sed
1913 4449 1965 4500 in
2002 4447 2081 4500 in-

2188 4463 2397 4517 etiatnsi
2435 4461 2669 4516 nondum
2702 4476 2842 4528 quae,
2877 4461 2959 4513 vel
2989 4461 3163 4529 qualis
3190 4462 3260 4515 sit
3306 4460 3557 4516 sanitatis
3581 4471 3632 4510 ac
3657 4468 3714 4504 re-

510 4553 800 4608 ferioribus
847 4559 1143 4621 permanet,
1201 4547 1336 4602 etin
1388 4561 1544 4601 coeno
1577 4560 1790 4615 semper
1813 4555 2077 4609 versatur,

512 4648 820 4704 immundus
869 4655 972 4702 est.
1017 4642 1282 4698 Similiter
1328 4651 1507 4696 autem
1552 4641 1616 4696 de
1663 4641 1874 4696 avibus.
1917 4638 2120 4706 «Non,

513 4738 885 4800 manducabis,
939 4738 1110 4804 inquit
1157 4738 1226 4801 "°,
1270 4738 1402 4798 haec,
1444 4735 1570 4803 quia
1604 4733 1876 4786 immunda
1920 4741 2078 4793 sunt;

513 4831 774 4901 aquilam,
827 4839 882 4883 et
914 4829 1200 4894 vulturem,
1227 4848 1244 4878 ι
1285 4838 1338 4882 et
1368 4837 1564 4880 cmtera
1615 4826 1698 4878 his
1726 4824 1947 4878 similia.
1988 4822 2082 4876 llis

509 4921 713 4977 etenim
741 4920 928 4974 avibus
960 4934 1175 4986 semper
1222 4925 1556 4972 mortuorum
1610 4929 1893 4983 corporum
1932 4914 2085 4968 cibus

513 5021 618 5073 est,
651 5021 706 5064 ct
735 5026 800 5062 ex
837 5011 1063 5064 mortuis
1097 5007 1451 5062 cadaveribus
1484 5007 1689 5060 vivunt.
1731 5005 1930 5060 Omnes
1956 5021 2085 5073 ergo

514 5102 602 5169 qui
637 5099 941 5166 huiusmodi
973 5100 1137 5153 vitam
1175 5109 1366 5169 gerunt
1396 5099 1652 5152 immundi
1682 5097 1910 5152 habendi
1939 5106 2082 5151 sunt.

516 5192 629 5263 Ego
657 5203 784 5262 puto
833 5200 889 5246 et
917 5192 1032 5246 illos
1069 5193 1119 5244 in
1177 5191 1259 5245 his
1291 5190 1579 5254 nominari,
1633 5190 1723 5258 qui
1775 5189 1965 5243 alienis
2003 5189 2085 5242 itt-

514 5285 719 5340 cubant
772 5287 1038 5339 mortibus
1071 5294 1124 5337 et
1176 5293 1291 5337 arte
1322 5286 1552 5351 quadam
1584 5282 1662 5336 vel
1699 5282 1888 5335 fraude
1921 5291 2086 5335 testa-

515 5387 698 5433 menta
738 5375 1053 5445 subjiciunt.
1097 5374 1415 5443 llujusmodi
1445 5375 1584 5429 cnim
1615 5374 1879 5439 homines,
1911 5374 2086 5427 vultu-

515 5480 601 5521 res
625 5473 679 5519 et
709 5465 901 5536 aquila:
929 5465 1126 5519 merito
1172 5465 1532 5532 appellantur,
1562 5463 1710 5516 velut
1753 5473 2084 5517 mortuormn

512 5560 867 5614 cadaveribus
919 5558 1211 5611 inhiantes.
1271 5557 1395 5611 Scio
1443 5555 1633 5610 etalia
1679 5553 1938 5618 volatilia,
1969 5570 2088 5624 qua:

586 5719 631 5750 "
653 5717 824 5773 Levit.
868 5737 937 5786 lit,
976 5721 1058 5774 l5.
1135 5719 1360 5774 "Joan.
1390 5719 1583 5786 "1,20.

1660 5719 1703 5751 τ’
1726 5716 1902 5774 Levit.
1929 5733 2005 5774 xu
2032 5727 2084 5775 et
2111 5735 2228 5774 xut.

2190 4555 2351 4608 medii
2386 4554 2576 4617 virtus,
2613 4553 2915 4622 agnoverit.
2980 4550 3106 4606 llmc
3141 4552 3205 4606 de
3241 4552 3612 4605 communibus
3637 4558 3715 4597 tne-

2191 4647 2326 4701 dicis
2362 4646 2614 4700 diximus.
2667 4642 2803 4698 Veni
2839 4659 2980 4698 nunc
3021 4644 3088 4698 ad
3122 4641 3306 4697 Jesum
3348 4643 3609 4696 caelestem
3637 4652 3715 4690 me-

2191 4740 2391 4804 dicum,
2423 4740 2561 4792 intra
2595 4739 2660 4792 ad
2695 4739 2836 4792 hanc
2866 4739 3157 4792 stationem
3187 4736 3475 4791 medicinae
3519 4734 3620 4801 ejus
3641 4731 3715 4784 Ec-

2193 4831 2431 4896 clesium,
2468 4831 2588 4885 vide
2615 4830 2691 4884 ibi
2733 4831 3098 4899 languentium
3123 4830 3308 4896 jacere
3342 4827 3713 4882 multitudinem.

2195 4921 2354 4974 Vertit
2387 4923 2602 4988 mulier,
2649 4938 2768 4992 quae
2817 4939 2881 4978 ex
2909 4933 3062 4992 partu
3114 4925 3394 4976 immunda
3441 4922 3614 4975 eﬂ'ecta
3642 4925 3717 4970 est.

2193 5013 2346 5066 venit
2393 5013 2659 5082 lcprosus,
2711 5017 2801 5083 qui
2834 5026 2984 5067 etttra
3034 5026 3209 5070 castra
3250 5023 3532 5082 separatus
3553 5016 3717 5072 estpr»

2195 5101 2534 5157 immunditia
2585 5105 2772 5172 leprae,
2824 5113 3077 5173 quaerunt
3121 5119 3150 5156 a
3207 5105 3424 5158 medico
3473 5098 3718 5154 remedium

2192 5194 2464 5260 quomodo
2515 5206 2800 5258 sanentur,
2843 5195 3116 5264 quomodo
3157 5194 3520 5255 mundentur;
3548 5198 3596 5242 et
3626 5184 3718 5252 quia

2191 5281 2347 5339 Jesus
2377 5286 2464 5340 hic
2511 5289 2602 5355 qui
2641 5288 2880 5342 medicus
2910 5289 3130 5356 est,ipse
3165 5296 3246 5340 est
3290 5295 3347 5339 et
3383 5284 3605 5338 Verbum
3633 5275 3718 5338 Dei.

2192 5376 2350 5444 aegris
2383 5379 2495 5432 suis
2521 5393 2628 5433 non
2675 5381 2967 5434 herbarum
2997 5380 3198 5444 succis,
3229 5379 3322 5432 sed
3356 5378 3628 5430 verborum
3653 5381 3715 5420 sa-

2194 5470 2489 5524 cramentis
2538 5471 2927 5526 medicamenta
2975 5470 3270 5540 conquirit.
3311 5469 3448 5536 Quae
3473 5466 3719 5520 verborum

2195 5559 2589 5615 medicamenta
2629 5561 2674 5616 si
2729 5563 2852 5630 quis
2906 5562 3160 5616 incultius
3191 5577 3285 5630 per
3315 5560 3484 5614 libros
3513 5564 3717 5623 tanquam

2306 5717 2350 5750 ⁷³
2375 5717 2565 5773 Matth.
2599 5733 2669 5778 Ix,
2703 5715 2791 5782 12,
2819 5717 2906 5772 l5.
