3876 6498
225 357 319 414 49⁸5

1361 353 1428 407 IN
1468 346 1843 408 LEVITICUM
1883 349 2166 406 HOMILIA
2201 351 2334 408 VIII.

3357 355 3457 409 494

223 462 331 540 per
354 481 505 539 agros
537 468 716 524 videat
747 481 868 524 esse
913 469 1182 538 dispersa,
1244 471 1501 540 ignorans
1546 470 1787 540 singulo-
1817 473 1862 529 A
1898 493 1916 524 ι
1950 467 2050 528 Ubi
2080 483 2260 528 autem
2299 472 2445 526 venit
2475 471 2752 540 plenitudo
2780 479 3102 543 temporum,
3135 471 3278 525 misit
3319 470 3458 524 Dens

223 574 330 614 rum
356 558 618 612 dictorum
653 559 928 623 virtutem,
959 567 1017 612 ut
1049 560 1172 613 vilia
1212 561 1325 615 haec
1351 570 1406 616 et
1442 561 1646 614 nullum
1671 575 1786 615 ser-

223 649 385 704 monis
440 648 642 702 cultum
697 649 975 713 habentia,
1028 652 1348 719 praeteribit.
1413 652 1514 717 Qui
1557 667 1686 704 vero
1718 666 1784 705 ex

221 740 388 808 aliqua
413 750 566 807 parte
589 739 842 794 didicerit
869 741 1174 795 animarum
1199 743 1336 811 apud
1363 743 1635 796 Christum
1665 753 1785 796 esse

221 836 549 898 medicinam,
607 834 862 904 intelliget
911 833 1155 902 profecto
1199 849 1266 887 ex
1303 835 1386 888 his
1421 834 1575 888 libris
1605 835 1695 903 qui
1731 837 1781 889 in

220 926 452 982 Ecclesia
491 927 809 990 recitantur,
845 933 1101 994 tanquam
1135 940 1199 978 ex
1227 926 1372 991 agris
1398 936 1451 978 et
1483 925 1779 990 montibus,

215 1018 480 1074 salutares
533 1017 730 1070 herbas
779 1030 1052 1069 assumere
1085 1023 1538 1084 unumquemque'
1562 1016 1777 1080 debere,

215 1123 518 1166 sermonum
559 1105 824 1161 duntaxat
854 1107 961 1161 vim
991 1123 1007 1172 ;
1061 1114 1120 1160 ut
1149 1105 1194 1162 si
1222 1106 1344 1175 quis
1373 1105 1445 1160 illi
1475 1105 1585 1178 (ll)
1613 1118 1694 1162 est
1725 1108 1778 1162 in

216 1202 388 1257 anima
433 1199 678 1268 languor,
712 1213 817 1252 non
872 1207 980 1251 tam
1017 1198 1306 1252 exterioris
1341 1197 1549 1252 frondis
1576 1207 1632 1253 et
1652 1215 1777 1254 cor-

215 1293 329 1348 ticis
357 1305 519 1361 quam
567 1289 714 1344 succi
763 1289 1040 1343 interioris
1078 1289 1267 1344 hausta
1298 1290 1499 1343 virtute
1528 1300 1775 1345 sanetur.

151 1417 154 1420 ~
213 1383 493 1439 Videamus
525 1398 656 1454 ergo
686 1383 969 1436 adversum
1017 1380 1416 1435 immunditiam
1465 1389 1674 1448 partus,
1724 1391 1780 1436 et

213 1475 578 1545 contagionem
630 1474 812 1541 leprae,
863 1486 1102 1540 prtrsens
1158 1471 1273 1526 lucc
1323 1471 1480 1526 lectio
1512 1488 1673 1540 quam
1704 1474 1779 1527 di-

211 1580 377 1629 versa,
427 1573 480 1617 et
518 1579 679 1633 quam
718 1562 866 1616 varia
901 1561 1337 1629 puriﬁcationum
1377 1561 1769 1618 medicamenta

212 1657 477 1713 conﬁciat.

273 1748 323 1801 9..
371 1766 391 1798 ‹
430 1748 492 1801 Ει
525 1747 730 1801 locutus
783 1754 881 1809 est,
914 1745 1178 1814 inquit“,
1225 1747 1479 1802 Dominus
1505 1749 1570 1802 ad
1623 1748 1774 1819 Moy-

1891 565 2086 619 Filium
2116 580 2296 626 suum,
2323 562 2526 618 factum
2561 581 2626 619 ex
2664 565 2910 630 muliere,
2946 564 3145 619 factum
3173 565 3272 618 sub
3317 564 3456 632 lege,

1893 658 1950 703 ut
1974 664 2070 704 eos
2103 651 2194 718 qui
2225 651 2324 704 sub
2355 649 2474 719 lege
2499 661 2660 705 erant
2719 653 3046 717 redimeret;
3093 670 3110 704 ι
3166 653 3458 721 responde-

1890 741 2071 796 bimus
2105 741 2177 804 ei,
2211 742 2337 810 quia
2377 741 2429 793 in
2457 741 2558 795 hoc
2585 743 2880 810 Apostolus
2915 743 3193 798 mulierem
3225 759 3329 798 non
3357 758 3458 812 pro

1890 831 2194 900 corruptela
2225 831 2589 898 integritatis,
2617 832 2710 886 sed
2742 846 2838 900 pro
2896 847 3054 888 sexus
3107 835 3308 889 indicio
3361 849 3460 888 no-

1891 925 2231 990 minavit;ut
2259 924 2384 993 quia
2423 924 2640 978 dicebat
2675 924 2871 979 Filium
2902 926 2992 981 Dei
3027 927 3458 990 missum,simnl

1887 1025 1940 1072 et
1972 1016 2101 1070 illud
2137 1016 2278 1085 quod
2313 1017 2591 1070 communi
2625 1018 2870 1072 omnium
2899 1018 3149 1088 ingressu
3200 1017 3258 1072 in
3315 1021 3459 1075 hunc

1887 1110 2144 1160 mundum
2179 1107 2291 1175 (l5)
2318 1106 2578 1170 venisset,
2607 1109 3036 1176 exponeret.Est
3057 1125 3219 1178 porro
3248 1123 3302 1166 et
3322 1121 3460 1170 aeta-

1889 1199 1957 1252 tis
1985 1197 2126 1252 istud
2157 1197 2510 1263 vocabulum,
2561 1199 2680 1267 ejus
2723 1199 2932 1254 scilicet
2961 1240 2976 1262 ,
3029 1217 3135 1268 qua
3197 1202 3461 1257 feminino

1885 1288 2038 1342 sexui
2074 1290 2139 1343 de
2163 1289 2319 1342 annis
2355 1288 2654 1357 pubertatis
2681 1291 2982 1354 exceditur,
3018 1301 3072 1346 et
3105 1293 3171 1346 ad
3217 1294 3268 1347 id
3320 1303 3458 1348 tem-

1885 1393 2005 1447 pus,
2035 1394 2141 1448 quo
2172 1381 2367 1434 habilis
2397 1379 2516 1431 viro
2545 1378 2794 1434 videatur
2825 1398 2969 1446 esse,
3008 1385 3274 1439 transitur
3319 1385 3455 1454 (16).

1885 1469 2038 1526 Sicut
2060 1476 2112 1525 et
2148 1476 2458 1529 econtrario
2487 1477 2571 1530 vir
2600 1476 2907 1545 appellatur
2929 1477 2972 1531 is
3009 1477 3102 1546 qui
3137 1477 3456 1532 adolescen-

1887 1563 1974 1617 tiae
1999 1571 2211 1631 tempus
2238 1569 2557 1632 excesserit,
2585 1569 2802 1623 etiamsi
2831 1583 3055 1623 uxorem
3088 1569 3326 1623 nondum
3363 1570 3462 1625 ha-

1883 1654 2027 1718 beat,
2058 1654 2212 1722 cujus
2239 1657 2325 1709 vir
2355 1672 2475 1712 esse
2504 1659 2752 1724 dicatur;
2809 1674 2918 1729 quo
2949 1660 3170 1713 nomine
3194 1659 3459 1729 appellari

1883 1744 2056 1798 solent
2087 1747 2248 1800 etiam
2282 1748 2357 1811 hi,
2384 1763 2517 1817 quos
2545 1750 2793 1804 femineae
2841 1751 3184 1805 admistionis
3248 1752 3458 1806 macula

209 1854 294 1894 sen
322 1839 508 1892 dicens
543 1857 555 1890 :
587 1838 832 1905 Loquere
877 1837 1002 1890 ﬁliis
1047 1836 1230 1902 Israel,
1283 1848 1339 1892 et
1369 1839 1515 1893 dices
1542 1839 1606 1892 ad
1635 1849 1772 1893 eos:
1813 1820 1853 1878 Β
1885 1837 2032 1891 nulla
2071 1840 2411 1910 perstringit.
2452 1841 2508 1895 Si
2565 1857 2693 1912 ergo
2765 1851 2911 1897 recte
2962 1843 3162 1898 dicitur
3221 1845 3302 1898 vir
3360 1859 3459 1912 pro

208 1929 390 1982 Mulier
424 1944 758 1999 quaecunque
810 1930 1121 1999 conceperit
1168 1944 1376 1995 semen,
1414 1940 1466 1984 et
1510 1933 1778 2000 pepererit

207 2023 522 2084 masculum,
565 2020 841 2074 iuununda
871 2024 975 2076 erit
1003 2031 1208 2090 septem
1240 2022 1448 2076 diebus.
1481 2041 1499 2074 ι

205 2113 496 2184 Παρέλκειν
532 2112 639 2183 (12)
675 2112 814 2176 δόξει
846 2113 906 2164 τό
935 2129 948 2142 ·

209 2229 226 2262 ι
282 2209 408 2262 Ἐὰν
455 2207 875 2279 σπερματισθῇ,
929 2225 946 2258 ι

205 2300 633 2370 προ-τασσόμενον
661 2299 754 2351 τοῦ
774 2315 788 2329 ”
803 2318 822 2347 ‹
844 2300 953 2352 Καὶ

200 2393 324 2465 τέκῃ
357 2393 544 2462 ἄρσεν.
574 2412 591 2442 ι
655 2392 794 2445 Ἀλλ’
830 2393 952 2460 ἐφί-

203 2503 355 2556 στημι
394 2487 602 2556 μήποτε
630 2487 715 2538 ἵνα
744 2502 954 2556 προφη-

199 2579 355 2641 τικῶς
411 2580 444 2648 ἡ
497 2579 686 2649 Μαρία
741 2577 840 2630 οὐκ
889 2579 954 2630 ὲκ

199 2672 284 2726 τοῦ
303 2673 738 2744 ἐσπερματίσθαι
762 2671 953 2725 τεκοῦ-

202 2785 263 2820 σα
294 2769 485 2838 ἄρσεν,
519 2769 590 2837 μὴ
631 2766 857 2838 νομισθῇ
888 2768 949 2819 ἀ-

198 2860 466 2934 κάθαρτος
514 2855 649 2914 εἶναι
689 2878 947 2931 γεγεννη-

199 2957 316 3009 κυῖα
337 2953 435 3007 τὸν
461 2954 705 3024 Σωτῆρα,
735 2955 948 3024 εἴρηται

197 3049 310 3102 ὅλον
354 3046 534 3100 τοῦτο.
600 3045 848 3099 Ἐδύνατο
896 3045 951 3097 δὲ

195 3142 284 3193 καὶ
301 3141 374 3212 μὴ
396 3137 795 3210 προσκειμένου
817 3137 911 3189 τοῦ
932 3154 944 3166 ·

200 3252 216 3284 t
245 3235 334 3287 ἐὰν
365 3231 772 3302 σπερματισθῇ,
805 3250 822 3280 ι
866 3248 946 3283 νο-

194 3320 361 3373 εῖσθαι
421 3319 496 3390 μὴ
536 3315 667 3370 οὖσα
709 3317 949 3388 ἀκάθαρ-

189 3427 276 3474 τος
314 3413 348 3482 ἡ
383 3409 596 3481 Μαρία.
650 3410 724 3463 Οὐ
752 3409 860 3480 γὰρ
890 3411 947 3462 ἀ-

192 3505 331 3568 πλῶς
355 3501 431 3576 ἦν
460 3505 614 3574 γυνὴ,
647 3504 779 3557 ἀλλὰ
810 3521 949 3575 παρο

191 3598 352 3661 Οένος.

1021 2112 1061 2181 -ι-
1125 2112 1310 2165 Primo
1371 2111 1777 2167 consideremus

1025 2210 1319 2261 secundum
1365 2207 1671 2270 historiam,
1730 2208 1774 2260 si

1024 2315 1129 2354 non
1160 2301 1370 2355 videtur
1405 2300 1557 2367 quasi
1591 2314 1656 2354 ex
1687 2317 1778 2354 su-

1026 2387 1225 2456 perﬂuo
1265 2389 1502 2442 additum
1539 2407 1556 2440 ι
1589 2391 1778 2443 mulier

1024 2495 1143 2547 quae
1227 2481 1525 2548 susceperit
1591 2494 1774 2535 semen

1025 2573 1159 2642 (15),
1184 2582 1237 2626 et
1260 2574 1528 2640 pepererit
1559 2588 1777 2628 mascu-

1027 2666 1157 2728 lum,
1185 2683 1203 2716 ι
1246 2667 1403 2734 quasi
1457 2666 1627 2734 possit
1674 2666 1776 2719 ali-

1020 2766 1102 2813 ter
1125 2759 1419 2812 masculum
1442 2772 1653 2825 parere,
1675 2759 1776 2814 nisi

1022 2851 1228 2904 semine
1296 2858 1581 2918 concepto.
1669 2849 1776 2904 Sed

1023 2959 1126 2997 non
1149 2959 1214 2997 ex
1247 2943 1516 3012 superﬂuo
1540 2943 1773 2999 additur.

1023 3036 1102 3088 Ad
1134 3028 1516 3089 discretionem
1547 3049 1778 3104 namque

1027 3125 1186 3193 illius,
1244 3142 1362 3195 qua:
1413 3127 1529 3181 sine
1573 3127 1776 3180 semine

1023 3223 1272 3290 concepit
1289 3231 1343 3276 et
1362 3221 1588 3292 peperit,
1615 3221 1773 3275 istum

1023 3332 1324 3371 sermonem
1391 3331 1489 3383 pro
1563 3315 1776 3369 caeteris

1025 3408 1135 3478 (l4)
1187 3408 1509 3462 mulieribus
1558 3407 1777 3476 legisla-

1025 3508 1109 3553 tor
1143 3498 1340 3568 adjecit
1377 3516 1390 3552 :
1430 3509 1619 3552 utnon
1655 3512 1775 3554 om-

1022 3609 1142 3647 nem
1180 3593 1459 3646 mulierem
1506 3607 1626 3661 quae
1673 3608 1773 3663 pe-

193 3690 443 3758 perisset,
480 3687 788 3756 designaret
811 3683 1163 3746 immundam,
1197 3684 1288 3736 sed
1304 3697 1423 3735 eam
1443 3697 1564 3750 qua:
1581 3697 1774 3737 conce-

188 3792 277 3848 pto
307 3780 522 3834 semine
551 3779 872 3848 peperisset.
931 3775 1066 3828 Addi
1101 3789 1315 3843 quoque
1366 3774 1431 3827 ad
1474 3775 1576 3828 hoc
1602 3777 1770 3828 etiam

188 3870 315 3924 illud
345 3879 551 3939 potest,
585 3869 724 3936 quod
755 3868 837 3920 lex
873 3866 998 3928 ista,
1025 3880 1144 3933 quae
1166 3864 1230 3916 de
1257 3863 1599 3918 immunditia
1631 3865 1770 3918 scri-

191 3963 356 4022 hitur,
385 3961 456 4014 ad
491 3960 746 4012 mulieres
773 3956 936 4025 229
967 3955 1220 4023 pertinet.
1283 3953 1355 4006 De
1386 3953 1553 4009 Maria
1586 3966 1765 4010 autem

188 4051 423 4115 dicitur,
476 4050 601 4119 quia
651 4051 803 4120 virgo
853 4047 1136 4118 concepit,
1193 4057 1247 4101 et
1292 4045 1522 4116 peperit.
1574 4045 1774 4101 Ferant

187 4161 314 4217 ergo
368 4145 508 4217 legis
559 4159 725 4198 onera
778 4143 1063 4206 mulieres,
1120 4138 1359 4209 virgines
1405 4153 1536 4192 vero
1581 4137 1648 4192 ab
1687 4135 1773 4191 his

189 4239 500 4294 habeantur
553 4237 842 4290 immunes.
893 4233 999 4288 Sed
1055 4231 1096 4286 si
1155 4231 1312 4285 nobis
1351 4229 1542 4299 aliquis
1579 4243 1773 4283 occur-

187 4339 269 4384 rat
323 4339 588 4400 argutus.
649 4336 704 4381 et
760 4325 903 4380 dicat
952 4324 1077 4393 quia
1141 4331 1196 4377 et
1253 4321 1414 4374 Maria
1471 4320 1666 4374 mulier
1717 4318 1774 4373 in

188 4420 497 4492 Scripturis
534 4420 847 4474 nominatur
881 4435 892 4470 :
923 4416 1002 4471 sic
1031 4414 1176 4470 enim
1214 4413 1342 4468 dicit
1377 4411 1665 4478 Apostolus
1686 4410 1769 4462 7"z

831 4525 980 4580 Vers.
1006 4541 1128 4579 nov.

247 4591 424 4653 Illud,
464 4612 483 4644 ι
513 4592 571 4647 Si
619 4525 1148 4661 concitegiatrsselbfe‘ii,
1185 4614 1202 4645 ι
1251 4607 1392 4662 quod
1431 4601 1756 4662 praeponitur

181 4661 258 4713 his
288 4665 462 4716 verbis
497 4678 513 4714 :
543 4683 559 4712 ι
593 4663 658 4716 Ει
694 4667 945 4730 pepererit
978 4661 1290 4728 masculum,
1319 4684 1336 4714 ι
1365 4661 1621 4718 videbitur
1651 4685 1759 4722 esse

177 4734 526 4801 superfluum.
558 4731 661 4785 Sed
692 4733 806 4784 vide
822 4750 882 4785 ne
907 4734 1042 4801 forte
1073 4735 1284 4786 omnino
1303 4733 1414 4786 [two
1439 4736 1594 4788 simul
1620 4737 1762 4790 dicta

177 4801 299 4866 sint,
336 4819 401 4855 ne
429 4802 609 4856 Maria
637 4818 754 4870 qua’
780 4802 936 4871 juxta
982 4803 1256 4870 prophetas
1288 4805 1480 4856 semine
1506 4821 1609 4856 non
1667 4824 1762 4858 su-

246 5007 292 5040 "
315 5007 492 5065 chit.
519 5026 617 5075 xu,
637 5009 672 5062 ’2
799 5011 844 5042 ⁷⁵
870 5009 1050 5067 Galat.
1099 5027 1171 5078 tv,
1209 5011 1262 5065 4.

306 5125 362 5194 1)
402 5125 585 5195 Codex
624 5126 933 5195 Sangerm.,
965 5143 984 5174 ι
1007 5125 1103 5178 illi.
1127 5145 1145 5176 ι
1181 5126 1334 5179 Libb.
1366 5127 1515 5189 editi,
1554 5146 1570 5177 ι
1599 5127 1706 5179 ille.
1735 5146 1752 5176 ι

247 5195 360 5265 ς12)
395 5194 581 5250 Graeca
631 5194 824 5250 luee’in
860 5195 1112 5249 omnibus
1144 5195 1256 5249 fere
1299 5197 1523 5249 Catenis
1553 5196 1756 5250 ercis

175 5280 310 5318 mss.
345 5265 714 5332 reperiuntur.

241 5335 359 5403 (15)
395 5335 598 5387 Codex.
627 5336 937 5404 Sangerm.,
974 5349 992 5385 ι
1028 5348 1146 5401 qua:
1168 5332 1470 5403 susceperit
1498 5348 1705 5389 semen.
1732 5353 1751 5386 ι

171 5398 348 5457 ιὶι)1›.’
370 5404 526 5468 editi,
565 5421 583 5453 ι
609 5420 726 5472 qua:
743 5398 1066 5472 'conceperit
1091 5419 1297 5457 semen.
1323 5398 1341 5454 ἱ

243 5473 363 5542 (14)
386 5473 566 5527 Codex
593 5471 877 5541 S’angerm.
894 5483 954 5542 et
978 5471 1090 5535 alii,
1121 5489 1140 5524 ι
1165 5489 1261 5542 pro
1284 5473 1515 5528 caeteris.
1541 5493 1557 5524 ι
1588 5473 1746 5530 Libb.

171 5541 389 5607 ωηιξη
412 5558 519 5609 pra:
565 5546 800 5598 caeteris.
822 5560 841 5594 ι
890 5541 1028 5595 Inl'ra
1063 5544 1201 5597 idem
1232 5558 1362 5603 ωε..
1413 5561 1432 5594 ι
1463 5546 1530 5598 ad
1561 5545 1751 5598 mulie-

175 5629 259 5664 res
315 5613 574 5681 |'|el'lll|el.
605 5633 623 5665 ι
686 5612 845 5668 Libb.
887 5612 1040 5679 editi,
1093 5614 1198 5666 «ad
1249 5615 1532 5668 mulierem
1579 5615 1749 5682 perti-

171 5691 283 5734 net.
310 5700 332 5733 ι

241 5751 361 5812 (15)
385 5750 535 5808 Libri
557 5762 716 5808 antea
742 5753 893 5819 editi,
931 5770 950 5804 ‹
981 5754 1102 5821 quia
1161 5768 1258 5822 pro
1310 5753 1584 5810 communi
1631 5767 1754 5831 omo,

1362 5010 1407 5042 ⁷⁸
1435 5011 1656 5076 Cenes,
1706 5008 1852 5079 xktv,

1879 1929 1995 1984 sola
2025 1931 2168 1984 virili
2204 1939 2362 1987 aetate
2395 1934 2528 2001 (ΓΙ),
2567 1936 2730 1988 etiam
2777 1936 2823 1990 is
2885 1936 2975 2004 qui
3011 1937 3209 1992 nullius
3250 1935 3459 1991 admis-

1883 2021 2082 2074 tionem
2125 2021 2339 2077 fontinte
2369 2026 2584 2079 noverit
2615 2042 2628 2078 :
2667 2027 2937 2095 quomodo
2963 2043 3068 2082 non
3100 2028 3288 2083 eadem
3323 2042 3456 2083 con-

1879 2112 2160 2180 sequentia
2191 2114 2356 2168 etiam
2401 2117 2554 2185 virgo
2583 2133 2704 2186 quae
2767 2119 3088 2173 intemerata
3139 2121 3455 2188 permansit,

1880 2216 1978 2269 pro
2007 2202 2118 2256 sola
2161 2205 2336 2258 aetatis
2369 2207 2683 2261 maturitate
2715 2209 2910 2262 mulier
2968 2208 3456 2280 nominatur(18)?

1881 2291 2127 2360 Denique
2152 2303 2206 2348 et
2245 2296 2519 2350 Abraham
2558 2314 2678 2352 cum
2728 2314 2954 2368 puerum
3006 2305 3248 2355 mitteret
3288 2301 3459 2356 Meso-

1881 2384 2176 2450 potamiam
2228 2386 2280 2437 in
2347 2389 2566 2441 dom-uin
2599 2389 2879 2446 Bathnelis
2928 2401 2988 2446 ut
3018 2394 3139 2447 inde
3189 2395 3458 2464 acciperet

1881 2473 2030 2527 Isaac
2057 2475 2166 2529 lilio
2199 2491 2296 2530 suo
2325 2493 2570 2543 uxorem,
2615 2491 2668 2533 et
2708 2495 2839 2548 puer
2866 2485 3138 2539 curiosius
3169 2494 3457 2554 perconta-

1881 2573 2056 2630 retur,
2091 2566 2166 2619 ait
2195 2569 2260 2620 ad
2291 2584 2413 2622 eum
2440 2570 2532 2622 τοι
2593 2589 2611 2621 ι
2656 2571 2808 2638 Quod
2871 2575 2916 2628 si
2971 2575 3208 2630 noluerit
3265 2577 3459 2630 mulier

1882 2655 2034 2722 sequi
2068 2670 2172 2722 me,
2200 2658 2457 2711 reducam
2515 2659 2684 2714 tilium
2750 2671 2897 2717 tuum
2960 2664 3180 2720 illuc?»
3239 2675 3294 2721 et
3351 2682 3455 2721 non

1881 2743 2035 2810 dixit,
2073 2746 2214 2813 quod
2252 2747 2295 2800 si
2329 2747 2562 2802 noluerit
2595 2751 2749 2822 virgo
2784 2755 2935 2822 sequi
2992 2769 3099 2810 me.
3154 2755 3280 2812 Ha'c
3325 2771 3458 2826 ergo

1881 2833 2023 2888 dicta
2055 2836 2165 2890 sint
2189 2839 2345 2891 nobis
2378 2840 2444 2893 de
2476 2855 2540 2894 eo
2567 2845 2710 2910 quod
2739 2845 3148 2902 observavimus
3169 2849 3456 2916 scripturn,

1882 2928 2006 2996 quia
2051 2944 2158 2982 non
2195 2930 2471 2999 superﬂuo
2532 2935 2739 2989 addidit
2786 2937 3066 3006 Iegislalor
3087 2941 3154 3003 ",
3211 2959 3228 2991 ι
3264 2941 3458 2998 mulier

1881 3021 1924 3074 si
1977 3023 2291 3092 conceperit
2347 3039 2573 3089 semen,
2619 3037 2674 3082 et
2721 3031 2995 3098 pepererit
3040 3030 3240 3097 lilium;
3286 3053 3304 3085 ι
3363 3036 3458 3090 sed

1882 3127 2001 3166 esse
2032 3115 2416 3183 exceptionem
2447 3119 2757 3189 mysticam,
2786 3137 2906 3189 quae
2945 3123 3116 3178 solam
3171 3123 3396 3181 Mariam
3425 3143 3456 3181 a

1881 3203 2118 3272 reliquis.
2150 3207 2470 3263 mulieribus
2523 3222 2856 3281 segregaret,
2910 3212 3064 3282 cujus
3117 3226 3304 3283 partus
3349 3233 3456 3272 non

1877 3308 1942 3347 ex
1968 3298 2323 3365 conceptione
2369 3301 2632 3367 seminis,
2668 3304 2762 3357 sed
2822 3320 2887 3358 ex
2946 3308 3231 3373 praesentia
3281 3309 3458 3364 sancti

1880 3383 2116 3452 Spiritus
2149 3397 2204 3440 et
2232 3388 2434 3444 virtute
2472 3392 2731 3448 Altissimi
2768 3395 2947 3450 fuerit.

1946 3483 1997 3536 5.
2031 3481 2184 3538 Nunc
2222 3501 2352 3540 vero
2383 3488 2494 3557 (l9)
2537 3491 2879 3558 requiramus
2906 3495 3070 3549 etiam
3113 3497 3244 3553 illud
3268 3539 3283 3562 ,
3321 3500 3454 3566 quid

1877 3587 2053 3626 cansm
2078 3575 2315 3644 sitquod
2358 3579 2554 3632 mulier
2579 3597 2699 3650 quae
2747 3584 2799 3636 in
2828 3585 2930 3639 hoc
2969 3589 3168 3643 mundo
3224 3605 3454 3645 nascen-

1879 3666 2022 3720 tibu‘s
2054 3669 2414 3725 ministerium
2445 3675 2667 3741 praebet,
2704 3692 2808 3730 non
2855 3679 3028 3734 solum
3083 3695 3206 3737 cum
3267 3699 3454 3740 semen

1877 3761 2184 3827 susceperit
2216 3761 2488 3818 immunda
2527 3766 2642 3820 lieri
2674 3767 2903 3834 dicitur,
2947 3771 3040 3824 sed
3090 3781 3145 3826 et
3186 3787 3308 3828 cum
3357 3791 3456 3844 pe-

1873 3853 2094 3918 pererit.
2155 3852 2310 3908 Unde
2377 3866 2426 3910 et
2485 3873 2581 3925 pro
2631 3859 3015 3928 purificatione
3070 3876 3168 3917 sua
3231 3864 3455 3932 jubetur

1876 3939 2072 3994 offerre
2102 3943 2277 4009 pullos
2301 3945 2664 4010 columbiuos,
2703 3957 2797 4002 aut
2838 3959 3081 4006 turtures
3122 3967 3220 4021 pro
3255 3969 3452 4023 pecca-

1877 4039 1951 4094 to,
1986 4030 2053 4082 ad
2081 4030 2279 4084 ostium
2318 4034 2652 4089 tabernaculi
2690 4037 3036 4105 testimonii,
3098 4051 3155 4095 ut
3213 4046 3454 4112 reprOpi-

1873 4118 1970 4172 tiet
2003 4134 2100 4187 pro
2156 4121 2267 4189 ipsa
2311 4126 2600 4191 sacerdos;
2651 4129 2810 4196 quasi
2871 4145 2991 4199 qua:
3047 4135 3453 4203 reprnpitiatio-

1876 4223 1996 4262 nem
2029 4210 2244 4275 debeat,
2276 4211 2330 4264 et
2370 4213 2808 4282 purificationem
2846 4222 3052 4286 peccati
3091 4238 3186 4290 pro
3226 4239 3290 4278 eo
3308 4227 3454 4295 quod

1872 4300 2117 4354 nascenti
2144 4301 2197 4353 in
2233 4303 2335 4356 hoc
2374 4305 2577 4358 mundo
2633 4307 2840 4362 homini
2898 4311 3267 4367 ministerium
3320 4330 3455 4382 pra:-

1872 4393 2004 4449 buit.
2039 4393 2130 4448 Sic
2160 4395 2306 4447 enim
2347 4398 2614 4465 scriptum
2647 4411 2729 4455 est
2754 4403 2798 4433 ⁷³
2843 4421 2855 4455 :
2891 4421 2910 4453 ι
2955 4404 3021 4457 Et
3062 4408 3445 4476 repropitiabit

1791 4539 1832 4591 D
1862 4547 2034 4617 saepto
2053 4536 2246 4617 peperit
2277 4537 2592 4617 musculum,
2616 4552 2893 4617 putaretur
2917 4543 3188 4600 immunda
3216 4564 3327 4601 esse
3353 4565 3447 4617 ge-

1862 4606 1970 4685 nito
1997 4603 2287 4685 Saluatore.
2322 4605 2424 4658 Sed
2455 4603 2646 4676 absque
2677 4614 2885 4685 harum_
2905 4630 3086 4685 vocum
3107 4603 3400 4685 adjectimie
3427 4634 3445 4670 :

1869 4692 1887 4724 ι
1913 4673 1970 4726 Si
1994 4679 2283 4754 conceperit
2305 4691 2507 4756 semen...
2527 4673 2782 4756 {poterat
2808 4673 3188 4756 etiamMarid
3219 4688 3445 4756 intelligi

1867 4759 1969 4862 ne:
1992 4759 2101 4824 esse
2127 4743 2417 4800 immunda.
2459 4744 2582 4800 Non
2609 4751 2744 4803 enim
2774 4750 3079 4819 simpliciter
3105 4766 3216 4810 erat
3237 4743 3444 4820 mulier,

1869 4827 1921 4862 se
1986 4827 2151 4862 mrao.

1869 4827 1956 4863 sea
1986 4827 2151 4881 virgo.

1889 5017 1940 5071 5.
2051 5019 2094 5049 τ’
2124 5017 2297 5073 Levit.
2334 5037 2432 5085 xu,
2465 4996 2522 5076 ὲ.
2599 5025 2644 5056 τε
2672 5025 2802 5080 ibid.
2833 5027 2884 5080 7.

1867 5131 2012 5183 nium
2039 5130 2148 5182 vita
2180 5131 2454 5214 ingressus
2498 5134 2550 5188 in
2599 5137 2742 5192 hunc
2773 5140 3053 5205 mundum,
3086 5161 3105 5194 ›
3159 5153 3248 5199 etc
3280 5185 3297 5214 ,
3343 5147 3435 5201 sed

1864 5215 2054 5253 omnes
2087 5215 2216 5253 mss.
2255 5210 2314 5254 ut
2345 5210 2397 5257 in
2429 5215 2614 5260 nostro
2635 5217 2804 5261 textu.

1938 5269 2050 5339 (l6)
2101 5269 2252 5333 Mss.,
2315 5289 2332 5322 ι
2374 5275 2656 5333 transitur.
2689 5298 2708 5329 ι
2763 5275 2920 5333 Libb.
2960 5281 3121 5345 editi,
3171 5300 3190 5333 ι
3237 5285 3440 5340 transi.

1871 5347 1973 5392 tus.
2007 5356 2026 5388 ι

1939 5406 2252 5489 (17)]λίὺ1).
2287 5411 2439 5489 editi,
2469 5433 2487 5465 ‹
2513 5417 2593 5468 vir
2619 5415 2706 5470 ille
2733 5433 2829 5482 pro
2857 5419 2972 5473 sola
3017 5424 3273 5489 temporis
3308 5435 3442 5480 teta-

1869 5477 1956 5533 te.’
1987 5497 2004 5529 ι
2034 5477 2163 5532 Mss.
2205 5490 2260 5533 ut
2291 5482 2344 5534 in
2369 5495 2557 5538 nostro
2589 5477 2761 5540 textu.

1929 5547 2239 5620 (l8)7llIss.,
2270 5568 2287 5601 ι
2330 5554 2658 5608 nominatur.
2696 5575 2713 5606 ι
2755 5556 2911 5611 Libb.
2950 5559 3101 5620 editi,
3142 5579 3160 5610 ‹
3193 5562 3443 5618 nomine-

1859 5626 2030 5694 tur._r
2059 5619 2203 5694 Infra
2229 5623 2397 5694 cn_dex
2440 5624 2751 5694 Sangerm.,
2791 5646 2807 5677 ι
2850 5644 2987 5694 puer
3022 5619 3292 5684 curiosus.
3324 5651 3344 5683 ι

1927 5688 2038 5755 (19)
2073 5687 2253 5746 Codex
2281 5687 2594 5762 Sangermf,
2628 5713 2644 5745 ι
2678 5687 2826 5750 vero.
2851 5687 2882 5748 ἰ
2924 5698 3082 5754 Libb.
3118 5702 3272 5767 editi,
3307 5719 3324 5751 ι
3360 5717 3444 5756 er-

1855 5771 1946 5826 go.
1980 5776 2002 5810 ι
