3876 6520
464 349 571 406 495

1905 343 2224 400 ORlGENlS

3606 344 3704 398 ιοθ

465 484 566 538 pro
601 469 714 537 ipsa
752 463 1028 528 sacerdos,
1059 471 1114 519 et
1137 465 1508 518 mttndahitur.
1551 484 1568 517 ι
1603 465 1715 536 Ego
1751 467 1800 519 in
1836 467 2032 520 talibus
2063 470 2106 526 Α
2139 476 2317 521 cetum
2351 467 2774 536 interempturus
2793 473 2932 520 est.»
2964 465 3126 522 Vides
3158 479 3286 535 ergo
3318 465 3593 534 quomodo
3648 466 3703 518 in

466 561 600 616 nihil
631 559 803 612 audeo
834 557 1234 619 dicere,sentio
1261 566 1435 610 tamen
1462 557 1670 611 occulta
1699 559 1751 610 in
1774 559 1862 612 his
1886 573 2030 626 qum-

465 652 588 706 dam
613 648 868 720 mysteria
897 647 1189 711 contineri,
1222 657 1274 701 et
1306 661 1424 703 esse
1451 649 1653 716 aliquid
1677 649 1897 703 lateiuis
1939 663 2028 702 ar-

463 741 609 804 cani,
640 753 740 807 pro
769 753 876 806 quo
900 745 955 794 et
985 737 1176 792 mulier
1202 751 1321 806 quae
1359 738 1666 806 conceperit
1697 753 1762 792 ex
1790 739 2024 803 semine,

463 842 517 888 et
549 831 840 902 pepererit,
874 830 1151 884 immunda
1175 829 1411 892 dicatur,
1448 837 1504 884 et
1537 838 1790 898 tanquam
1819 829 2027 899 peccati

464 939 553 979 rea
591 923 790 978 offerre
811 921 1069 989 iubeatur
1092 920 1324 975 hostiam
1353 935 1452 989 pro
1476 929 1722 988 peccato,
1747 929 1800 974 et
1831 921 1902 974 ita
1927 935 2028 989 pu-

463 1013 690 1067 rillcari.
715 1012 823 1066 Sed
849 1020 906 1066 et
951 1009 1042 1064 ille
1094 1011 1209 1078 ipse
1241 1010 1329 1077 qui
1364 1010 1631 1076 nascitur,
1671 1010 1784 1064 sive
1832 1010 2025 1073 virilis,

460 1104 575 1159 sive
599 1101 818 1158 feminei
845 1115 1008 1156 sexus
1039 1100 1131 1162 sit,
1160 1100 1474 1168 pronuntiat
1494 1101 1560 1154 de
1587 1115 1651 1154 eo
1675 1099 1958 1170 Scriptura
1981 1100 2029 1132 "

458 1194 586 1265 quia
635 1208 739 1246 non
772 1193 846 1247 sit
890 1211 906 1243 ι
941 1191 1170 1245 mundus
1196 1205 1224 1242 a
1256 1191 1414 1245 sorde
1436 1230 1451 1253 ,
1487 1191 1699 1245 etiamsi
1732 1193 1890 1246 unius
1922 1191 2027 1246 diei

458 1286 529 1340 sit
553 1285 658 1337 vita
686 1283 823 1352 ejus.
853 1301 871 1335 ι
904 1282 969 1337 Et
999 1291 1058 1336 ut
1081 1283 1224 1337 scias
1244 1295 1364 1336 esse
1400 1281 1452 1334 in
1485 1281 1587 1335 hoc
1617 1283 1823 1350 grande
1847 1283 2028 1337 nescio

457 1375 613 1444 quid,
653 1385 708 1428 et
738 1373 845 1428 tale
881 1373 1026 1442 quod
1058 1372 1189 1428 nulli
1245 1379 1559 1426 sanctorum
1623 1387 1689 1426 ex
1761 1373 2026 1426 sententia

457 1465 692 1529 venerit,
726 1477 887 1518 nemo
917 1478 984 1518 ex
1031 1463 1284 1518 omnibus
1320 1463 1529 1518 sanctis
1563 1462 1837 1517 invenitur
1885 1463 2023 1517 diem

455 1553 679 1618 festum,
705 1554 785 1606 vel
813 1552 1119 1609 convivium
1145 1566 1398 1622 magnum
1426 1553 1604 1620 egisse
1629 1552 1681 1604 in
1715 1553 1803 1607 die
1861 1562 2027 1607 nata-

454 1645 524 1700 lis
551 1645 657 1708 sui,
697 1659 856 1699 nemo
909 1643 1186 1698 invenitur
1231 1642 1487 1696 habuisse
1525 1641 1768 1697 laetitiam
1833 1643 1888 1698 in
1938 1645 2025 1699 die

453 1733 653 1788 natalis
701 1733 816 1794 filii,
848 1731 932 1786 vel
965 1730 1089 1786 tiliae
1147 1744 1277 1785 sure.
1331 1729 1444 1785 Soli
1493 1743 1810 1799 peccatores
1861 1748 2024 1801 super

455 1822 761 1892 hujusmodi
790 1807 1070 1875 nativitate
1118 1819 1387 1872 laetantur.
1431 1819 1742 1875 lnveuinms
1803 1823 2004 1877 etenim

453 1914 508 1968 in
542 1911 719 1967 Veteri
751 1910 964 1979 quidem
987 1907 1335 1962 Testamento
1361 1909 1407 1939 ⁸⁸
1444 1909 1780 1964 Pharaonem
1838 1926 2016 1981 regem

452 2003 697 2076 Egypti,
726 2003 870 2057 dictu
898 2000 1093 2056 natalis
1133 1997 1216 2052 sui
1256 2013 1374 2052 cum
1408 2001 1709 2057 festivitate
1740 2003 2018 2057 celebran-

454 2107 585 2161 tem,
624 2097 675 2149 in
709 2096 857 2152 Novo
903 2110 1031 2150 vero
1064 2094 1411 2150 Testamento
1452 2092 1716 2148 Herodem
1749 2095 1814 2148 ει.
1861 2093 2017 2149 Uter—

452 2203 559 2257 que
594 2197 770 2240 tamen
825 2201 1013 2242 eorum
1050 2187 1222 2255 ipsam
1277 2186 1628 2242 festivitatem
1687 2186 1883 2240 natalis
1933 2187 2015 2240 sui

450 2277 765 2348 profusione
816 2279 1034 2334 humani
1065 2278 1348 2349 sanguinis
1380 2277 1714 2332 cruentavit.
1745 2277 1836 2332 llle
1870 2278 2013 2331 enim

445 2369 801 2437 praepositum
858 2369 1166 2438 pistorum,
1226 2369 1313 2422 hic
1375 2378 1624 2422 sanctum
1697 2369 2014 2436 prophetam

446 2460 710 2515 Joannem
739 2461 1090 2517 obtruncavit
1124 2463 1177 2516 in
1205 2477 1448 2517 carcere.
1492 2461 1676 2516 Sancti
1729 2477 1858 2516 vero
1907 2478 2012 2517 non

446 2551 624 2606 solum
659 2567 767 2608 non
800 2562 965 2619 agunt
989 2553 1335 2608 festivitatem
1370 2555 1421 2606 in
1449 2553 1535 2606 die
1560 2553 1754 2606 natalis
1777 2554 1884 2618 sui,
1920 2555 2016 2609 sed

449 2648 504 2695 et
527 2637 732 2710 Spiritu
779 2649 966 2696 sancto
1008 2641 1196 2709 repleti
1251 2649 1604 2695 exsecrantur
1661 2642 1803 2696 hunc
1848 2641 2012 2697 diem.

444 2732 628 2802 Neque
656 2734 801 2788 enim
845 2742 1027 2788 tantus
1082 2747 1146 2787 ac
1209 2733 1340 2786 talis
1389 2733 1648 2802 propheta
1703 2731 2012 2802 (Jeremiam

445 2823 590 2889 dico,
620 2825 711 2893 qui
745 2826 798 2878 iu
839 2834 994 2880 utero
1037 2824 1231 2878 matris
1265 2822 1640 2878 sanctiﬁcatus
1657 2832 1758 2888 est,
1786 2832 1840 2878 et
1884 2838 2012 2893 pro-

446 2915 610 2985 pheta
647 2916 697 2969 in
734 2915 984 2984 gentibus
1010 2914 1384 2983 consecratus)
1437 2913 1591 2968 libris
1646 2914 1700 2968 in
1746 2923 2010 2969 aeternum

445 3007 720 3060 mansuris
743 3006 943 3074 aliquid
968 3005 1201 3059 inaniter
1225 3005 1575 3068 condidisset,
1611 3005 1712 3058 nisi
1743 3014 2012 3060 secretum

2133 558 2337 626 Spiritu
2370 567 2557 612 saneto
2587 558 2838 627 praedixit
2865 560 2932 611 de
2986 571 3182 626 magno
3228 564 3348 611 ceto
3386 569 3549 625 quem
3620 554 3704 608 in-

2135 647 2458 700 terfecturus
2488 654 2630 700 esset
2657 645 2937 709 Dominus,
3003 644 3156 712 cujus
3192 654 3349 713 typus
3375 652 3499 697 erat
3549 652 3704 697 cetus

2132 736 2222 790 ille
2248 734 2397 790 Jonas
2432 752 2446 787 :
2481 736 2620 789 unde
2647 745 2700 790 et
2731 735 3013 799 Dominus,
3045 736 3135 804 qui
3173 735 3559 790 interfecturus
3589 744 3705 786 erat

2131 837 2308 883 cetum
2341 829 2501 882 istum
2533 826 2828 889 diabolum,
2853 827 3044 880 dicit“
3083 845 3096 880 :
3147 846 3166 878 ι
3214 829 3367 882 Sicut
3399 826 3550 880 enim
3606 823 3701 879 Jo-

2133 935 2230 972 nas
2260 929 2371 973 tres
2395 920 2511 972 dies
2540 929 2595 972 et
2627 927 2737 972 tres
2769 927 2955 971 noctes
2981 918 3080 972 fuit
3113 922 3166 972 in
3199 931 3391 973 ventre
3419 919 3529 972 ceti
3560 956 3577 980 ,
3626 918 3698 970 ita

2128 1020 2342 1080 oportet
2370 1020 2423 1063 et
2467 1009 2657 1064 Filium
2711 1008 2949 1064 hominis
3003 1025 3124 1065 esse
3181 1009 3356 1063 tribus
3411 1009 3608 1062 diebus
3650 1018 3703 1063 et

2130 1102 2301 1155 tribus
2327 1103 2578 1157 noctibus
2621 1103 2672 1156 in
2727 1102 2889 1166 corde
2931 1111 3112 1155 terrm.
3157 1119 3176 1150 ι
3235 1098 3388 1166 Quod
3431 1098 3481 1152 si
3525 1097 3701 1167 placet

2129 1193 2318 1246 audire
2344 1194 2469 1261 quid
2492 1195 2657 1249 etiam
2687 1195 2778 1249 alii
2808 1196 2985 1251 sancti
3008 1194 3074 1248 de
3107 1193 3208 1247 ista
3253 1190 3544 1245 nativitate
3572 1205 3698 1244 sen-

2129 1285 2322 1351 serint,
2355 1285 2478 1338 audi
2509 1285 2676 1339 David
2712 1287 2978 1341 dicentem
3005 1285 3050 1317 ⁸⁸
3079 1303 3092 1339 z
3131 1303 3149 1336 ι
3184 1283 3240 1336 ln
3292 1281 3699 1351 iniquitatibus,

2129 1375 2322 1443 inquit,
2348 1384 2641 1444 conceptus
2673 1392 2790 1431 sum
2815 1415 2831 1440 ,
2864 1385 2918 1430 et
2949 1377 3001 1431 in
3047 1375 3287 1445 peccatis
3346 1374 3559 1443 peperit
3618 1388 3699 1426 me

2128 1475 2303 1520 mater
2335 1481 2480 1530 mea;
2512 1484 2531 1517 ι
2559 1467 2852 1521 ostendens
2876 1467 3019 1536 quod
3061 1481 3397 1536 quzecunque
3434 1466 3619 1519 anima
3647 1465 3696 1518 in

2127 1569 2292 1608 carne
2323 1555 2587 1614 nascitur.
2621 1555 2927 1624 iniquitatis
2979 1566 3030 1608 et
3069 1556 3273 1622 peccati
3309 1555 3473 1608 sorde
3506 1553 3697 1622 pollui-

2128 1653 2249 1708 tur;
2279 1651 2333 1696 et
2355 1652 2637 1710 propterea
2670 1643 2870 1698 dictum
2899 1657 3022 1697 esse
3067 1642 3222 1707 illud,
3243 1644 3383 1712 quod
3441 1642 3560 1710 jam
3615 1657 3698 1695 su-

2126 1733 2309 1800 perius
2335 1735 2758 1788 memoravimus
2790 1751 2804 1788 :
2834 1734 2957 1803 quia
2996 1751 3014 1785 ι
3053 1749 3209 1790 nemo
3234 1737 3464 1789 nmmlus
3499 1750 3531 1788 a
3584 1750 3694 1789 sor-

2056 1797 2098 1853 Β
2125 1797 2211 1884 de,
2241 1835 2342 1874 nec
2369 1821 2412 1874 si
2445 1821 2603 1875 unius
2627 1821 2732 1875 diei
2765 1797 2969 1876 sitvita
2999 1821 3136 1890 ejus.
3172 1819 3191 1874 ί
3220 1822 3359 1875 Addi
3415 1823 3504 1876 his
3537 1824 3692 1875 etiam

2122 1912 2250 1964 illud
2287 1921 2485 1980 potest,
2533 1922 2590 1965 ut
2646 1913 2959 1982 requiratur
3007 1915 3136 1984 quid
3196 1929 3374 1967 causa:
3430 1916 3528 1976 sit,
3581 1930 3692 1967 cum

2121 2003 2384 2071 baptisma
2419 2004 2674 2058 Ecclesiae
2705 2020 2801 2072 pro
2837 2006 3151 2060 remissione
3181 2005 3295 2076 (2|)
3342 2016 3689 2074 pecratorum

2122 2094 2323 2159 detur,
2389 2096 2686 2149 secundum
2740 2095 2992 2151 Ecclesia:
3057 2099 3464 2151 observantiam
3535 2099 3690 2151 etiam

2122 2186 2358 2251 parvulis
2390 2187 2709 2254 baptismum
2735 2186 2884 2252 dari;
2917 2203 3038 2242 cum
3079 2191 3263 2259 utique
3303 2191 3346 2244 si
3383 2189 3527 2242 nihil
3559 2200 3690 2242 esset

2121 2275 2171 2326 in
2208 2276 2444 2342 parvulis
2473 2277 2614 2343 quod
2648 2276 2713 2329 ad
2747 2276 3117 2332 remissionem
3147 2279 3366 2332 deberet
3424 2289 3481 2332 et
3519 2280 3688 2332 indul-

2114 2367 2353 2434 gentiam
2383 2366 2676 2431 pertinere,
2720 2364 2893 2434 gratia
2920 2365 3175 2435 baptismi
3203 2366 3480 2436 superflua
3550 2368 3688 2420 vide-

2118 2465 2287 2508 retur.
2316 2454 2504 2510 Mulier
2533 2471 2663 2526 ergo
2689 2472 3024 2526 quaecunque
3052 2459 3365 2526 conceperit
3389 2474 3614 2518 semen.
3639 2470 3682 2512 et

2117 2549 2386 2616 pepererit
2415 2549 2737 2613 masculum,
2777 2550 3056 2603 immunda
3079 2551 3183 2603 erit
3220 2560 3430 2616 septem
3456 2551 3683 2612 diebus;

2116 2639 2256 2692 sicut
2294 2648 2347 2690 et
2385 2639 2495 2704 illa,
2530 2655 2649 2708 qtae
2696 2640 2992 2695 secundum
3028 2641 3144 2694 dies
3193 2640 3539 2711 purgationis
3587 2655 3685 2693 sua:

2115 2740 2318 2798 septem
2351 2731 2541 2787 diebus
2566 2745 2882 2804 segregatnr
2909 2734 2976 2786 ab
3009 2733 3156 2787 omni
3193 2734 3419 2788 mundo.
3471 2732 3609 2798 Quia
3639 2734 3681 2785 in

2114 2825 2378 2894 sanguine
2404 2825 2684 2880 immundo
2711 2825 2838 2881 facit
2873 2836 3077 2896 septem
3113 2827 3252 2893 dies,
3301 2826 3354 2879 iu
3421 2827 3682 2896 sanguine

2117 2924 2296 2970 autem
2355 2917 2555 2971 mundo
2608 2918 2824 2988 triginta
2865 2928 2920 2971 et
2963 2927 3074 2972 tres
3103 2919 3255 2984 dies;
3305 2920 3403 2972 sed
3473 2918 3579 2972 hoc
3636 2919 3680 2970 in

2119 3006 2342 3060 masculi
2381 3008 2683 3074 nativitate,
2715 3007 2906 3076 duplos
2938 3018 3116 3062 autem
3151 3008 3265 3062 dies
3309 3007 3440 3062 facit
3485 3009 3542 3061 in
3597 3025 3679 3060 na-

441 3099 572 3168 quid
617 3099 940 3162 contineret,
984 3106 1040 3151 et
1087 3096 1398 3166 ingentibus
1444 3096 1722 3166 mysteriis
1769 3095 2008 3165 plenum,
2040 3122 2082 3180 c
2119 3095 2326 3151 tivitate
2356 3095 2588 3152 feminae.
2623 3098 2961 3168 lncipitergo
2986 3114 3104 3152 esse
3136 3099 3190 3152 in
3219 3099 3489 3167 sanguine
3525 3115 3675 3150 mun-

444 3191 534 3246 ubi
570 3189 774 3245 dicit"
809 3207 822 3241 :
887 3207 905 3240 ι
939 3186 1253 3240 Maledictus
1282 3186 1396 3239 dies
1432 3186 1483 3239 in
1522 3200 1629 3255 quo
1658 3196 1817 3240 natus
1867 3203 2011 3252 sum,

442 3290 496 3334 et
521 3296 625 3335 nox
658 3282 708 3334 iu
743 3293 848 3348 qua
864 3279 1124 3332 dixerunt
1150 3293 1163 3330 :
1193 3277 1327 3331 Ecce
1354 3281 1646 3341 masculus,
1684 3276 2012 3336 Maledictus

443 3373 532 3440 qui
573 3371 924 3425 annuutiavit
952 3369 1098 3440 patri
1129 3383 1270 3432 meo,
1304 3368 1492 3423 dicens
1521 3383 1535 3419 :
1567 3367 1736 3423 Natus
1782 3378 1867 3424 est
1917 3370 2012 3425 tibi

442 3463 742 3516 masculus.
774 3461 1012 3517 Laetetur
1058 3462 1220 3516 homo
1270 3460 1358 3513 ille
1409 3460 1550 3513 sicut
1585 3460 1838 3515 civitates
1877 3475 2013 3530 quas

445 3553 702 3606 Dominus
730 3551 999 3607 destruxit
1047 3549 1100 3603 in
1155 3548 1363 3613 furore,
1398 3560 1453 3604 et
1494 3565 1600 3605 non
1665 3551 1944 3620 ptenituit.
1986 3569 2006 3603 ι

441 3644 740 3698 Videturne
765 3643 859 3697 tibi
886 3642 1128 3696 hmctam
1155 3641 1340 3708 gravia
1383 3650 1438 3695 et
1471 3649 1580 3694 tam
1625 3654 1854 3696 onerosa
1911 3642 2012 3694 im-

436 3735 650 3802 precari
681 3735 942 3804 propheta
977 3737 1241 3805 potuisse,
1273 3734 1377 3790 nisi
1423 3735 1592 3788 sciret
1635 3746 1756 3787 esse
1803 3731 2010 3801 aliquid

440 3829 494 3880 in
554 3829 654 3881 ista
711 3827 998 3885 nativitate
1044 3842 1346 3896 corporea,
1407 3825 1549 3895 quod
1597 3833 1652 3879 et
1700 3822 2009 3890 hujusmodi

438 3919 661 3987 dignam
692 3918 1166 3972 maledictionibus
1189 3918 1302 3987 (20)
1339 3917 1614 3971 videretur
1636 3955 1652 3980 ,
1678 3925 1734 3970 et
1775 3930 1871 3984 pro
1901 3931 2008 3985 quo

443 4006 721 4077 legislator
754 4014 832 4060 tot
869 4007 1238 4061 immunditias
1262 4014 1584 4067 accusaret,
1623 4005 1820 4074 quibus
1877 4019 2010 4058 cou-

440 4122 607 4179 gruas
635 4106 1042 4177 puriﬁcationes
1067 4114 1464 4172 consequenter
1485 4105 1822 4173 imponeret?
1861 4103 2008 4157 Lon-

439 4213 565 4269 gum
593 4207 677 4252 est
703 4206 909 4259 autem,
936 4205 992 4249 et
1015 4195 1239 4250 alterius
1267 4194 1545 4264 temporis,
1590 4203 1649 4247 ut
1703 4194 2008 4248 testimonia

437 4305 559 4360 qua:
591 4289 659 4342 de
701 4286 969 4356 propheta
1011 4285 1338 4354 sumpsimus
1369 4324 1386 4354 η
1445 4284 1836 4354 explanemus;
1879 4287 2006 4354 quia

436 4395 578 4433 nunc
606 4392 712 4432 non
752 4375 1025 4438 Jeremiae,
1051 4375 1144 4427 sed
1188 4373 1414 4429 Levitici
1471 4375 1631 4429 nobis
1665 4375 2003 4444 propositum

2119 3190 2189 3240 do
2218 3189 2283 3240 ab
2309 3195 2497 3242 octava
2525 3188 2610 3242 die
2644 3198 2699 3243 et
2727 3199 2813 3243 est
2855 3191 2905 3242 in
2931 3189 3195 3258 sanguine
3248 3189 3448 3244 umndo
3498 3189 3677 3242 diebus

2119 3277 2336 3345 triginta
2368 3277 2565 3341 tribus,
2602 3279 2706 3333 hoc
2735 3289 2818 3334 est
2873 3279 3045 3332 tribus
3097 3278 3334 3336 decadis.
3399 3287 3457 3331 et
3513 3279 3675 3330 tribus

2121 3366 2393 3420 monadis.
2428 3366 2489 3419 Et
2514 3382 2636 3420 cum
2667 3367 2896 3435 coeperit
2921 3380 3040 3421 esse
3071 3367 3124 3419 in
3159 3365 3432 3435 sanguine
3479 3365 3670 3418 mundo

2116 3459 2204 3512 illa
2236 3473 2353 3526 quae
2386 3459 2616 3527 peperit,
2645 3467 2771 3512 tunc
2811 3457 3154 3512 circumcidit
3188 3455 3449 3509 infantem
3492 3471 3507 3506 :
3539 3473 3558 3505 ι
3587 3454 3676 3509 0c-

2119 3555 2237 3598 tava
2266 3546 2407 3600 enim
2436 3546 2521 3600 die
2560 3545 2935 3609 circumcides,
2974 3545 3229 3614 inquit",
3259 3559 3487 3600 carnem
3549 3559 3674 3614 prae-

2117 3636 2251 3704 putii
2285 3637 2420 3705 ejus.
2455 3655 2474 3688 ›
2510 3635 2634 3690 Haec
2681 3646 2763 3692 est
2816 3637 2900 3689 lex
2938 3637 3150 3700 littera,
3211 3637 3308 3690 sed
3351 3636 3570 3705 require
3625 3645 3672 3688 tu

2115 3743 2277 3796 quam
2335 3729 2805 3784 circumcisionem
2868 3731 3160 3800 Aposmlus
3211 3729 3489 3798 praedicet,
3526 3742 3671 3796 quam

2116 3831 2213 3870 nos
2246 3825 2300 3867 et
2323 3804 2602 3884 suscipere
2631 3825 2686 3870 et
2735 3818 2932 3872 habere
2977 3815 3153 3884 jubet.
3211 3835 3230 3868 ι
3265 3815 3378 3870 Nos
3406 3816 3571 3879 enim,
3600 3817 3672 3869 in-

2112 3907 2320 3975 quit”,
2354 3921 2540 3962 sumus
2565 3907 2931 3973 circumcisio,
2977 3907 3068 3977 qui
3117 3907 3316 3976 spiritu
3363 3906 3476 3962 Deo
3516 3908 3671 3962 servi-

2113 4012 2256 4052 mus.
2299 4014 2317 4048 ›
2353 3997 2418 4050 Et
2449 3996 2592 4065 quod
2634 4000 2686 4051 in
2721 3996 2937 4052 Psalmo
2985 3999 3061 4051 ait
3079 3998 3168 4049 ":
3208 4014 3227 4048 ι
3264 3997 3503 4052 Alienati
3556 4006 3670 4050 sunt

2115 4101 2434 4160 peccatores
2470 4105 2498 4144 a
2531 4091 2740 4156 vulva,»
2767 4092 3048 4146 considera
3095 4092 3141 4146 si
3182 4107 3289 4146 non
3335 4092 3402 4146 de
3430 4089 3534 4144 illis
3575 4088 3668 4142 hoc

2111 4182 2262 4248 dicit,
2321 4181 2411 4250 qui
2464 4181 2612 4236 illam
2675 4181 3143 4236 circumcisionem
3202 4181 3529 4249 suscipiunt,
3569 4191 3664 4246 qua

2111 4286 2208 4326 nos
2234 4271 2548 4326 circumcidi
2585 4271 2876 4342 Apostolus
2899 4282 3080 4335 vetat;
3111 4280 3166 4326 et
3195 4281 3324 4325 tunc
3348 4279 3435 4324 est
3463 4268 3664 4338 quando

2112 4363 2416 4416 alienantur
2438 4374 2750 4431 peccatores
2776 4381 2805 4419 a
2837 4364 3015 4426 vulva,
3047 4377 3168 4415 cum
3196 4377 3302 4414 non
3329 4361 3546 4430 spiritu,
3575 4356 3662 4410 sed

439 4478 520 4524 est
542 4471 807 4524 disserere
838 4467 1150 4523 lectionem.
1183 4466 1288 4520 Sed
1321 4474 1376 4519 et
1421 4464 1522 4520 Joh
1561 4480 1666 4520 non
1715 4466 1834 4520 sine
1885 4465 2009 4534 Spi-
2041 4456 2084 4510 Ι)
2113 4467 2276 4507 came
2302 4453 2790 4509 είτευιηείάυηιυνο
2825 4453 2960 4521 Quia
3005 4453 3094 4522 (ιιιί
3145 4453 3196 4505 in
3243 4451 3361 4520 ιεεε
3386 4447 3663 4505 Circum“

439 4561 544 4614 ritu
571 4569 760 4614 sancto
787 4559 1034 4629 loquens,
1076 4556 1441 4612 maledicebat
1497 4557 1638 4611 diem
1704 4556 2004 4612 nativitatis

437 4665 572 4716 suae,
609 4650 854 4705 dicens”
889 4667 903 4703 :
941 4667 960 4700 ι
994 4647 1278 4704 Maledicta
1306 4648 1420 4702 dies
1445 4647 1498 4701 in
1539 4661 1644 4716 qua
1677 4657 1836 4701 natus
1857 4663 2000 4712 sum,

437 4751 494 4793 et
527 4755 630 4792 nos
664 4741 715 4792 in
740 4752 846 4807 qua
867 4739 1118 4792 dixerunt
1145 4753 1159 4790 :
1187 4737 1323 4792 Ecce
1351 4737 1652 4802 masculus;
1679 4752 1784 4790 nox
1819 4736 1901 4790 illa
1933 4740 2004 4791 sit

441 4831 749 4896 tenebra',et
778 4844 884 4884 uon
917 4829 1157 4897 requirat
1180 4827 1340 4898 23o
1365 4843 1486 4882 eam
1514 4821 1774 4882 Dominus
1805 4829 2000 4893 denuo,

440 4934 612 4990 neque
655 4923 832 4972 veniat
865 4921 918 4973 in
964 4919 1079 4973 dies
1117 4920 1269 4984 anni,
1328 4934 1428 4971 nec
1491 4928 1807 4972 numeretur
1860 4921 2004 4973 inter

437 5009 559 5062 dies
587 5010 873 5063 mensium.
907 5027 925 5060 ι
959 5007 1113 5072 Quod
1150 5007 1194 5060 si
1231 5010 1323 5063 tibi
1358 5023 1462 5062 non
1499 5011 1711 5063 videtur
1744 5010 1859 5064 lucc
1901 5011 2002 5066 Job

436 5101 750 5168 prophetico
777 5109 830 5151 et
862 5099 1046 5153 divino
1073 5099 1280 5166 Spiritu
1309 5099 1474 5166 loqui,
1501 5114 1567 5153 ex
1605 5099 1688 5155 his
1715 5101 1999 5155 considera

439 5208 556 5260 qua:
581 5199 881 5259 sequuntur
912 5209 924 5243 :
959 5192 1162 5246 addidit
1185 5193 1328 5246 enim
1363 5192 1408 5223 “
1441 5210 1452 5244 :
1489 5209 1508 5242 ι
1551 5192 1656 5246 Sed
1713 5193 2001 5247 maledicat

439 5300 578 5348 ram,
608 5285 699 5352 qui
735 5281 1011 5336 maledixit
1051 5283 1198 5336 illum
1262 5283 1422 5348 diem,
1482 5284 1534 5335 in
1588 5298 1695 5351 quo
1744 5299 1998 5354 magnum

501 5445 547 5475 *η
586 5443 704 5497 Job.
734 5427 926 5506 x1v,4.
1003 5441 1049 5472 ⁸⁸
1069 5439 1260 5494 Genes.
1291 5443 1486 5503 IL,‘20.
1560 5443 1603 5472 ⁸⁸
1631 5440 1795 5495 Marc.
1827 5459 1900 5505 vi,
1934 5446 2024 5501 2i.

419 5517 467 5550 ⁸³
508 5515 694 5567 Matth.
723 5527 822 5576 xu,
846 5511 935 5565 40.
1016 5510 1063 5541 “
1090 5510 1236 5565 Psal.
1269 5528 1322 5576 ι,
1350 5510 1400 5565 7.
1465 5511 1510 5542 "
1535 5511 1707 5565 Levit.
1737 5514 1947 5592 ιιι-ί·ρἓ
2023 5516 2066 5548 ⁸⁸
2089 5515 2288 5582 Philip.
2321 5529 2403 5578 ιιι,
2429 5514 2483 5569 3.

475 5605 615 5687 .(ao)
642 5603 803 5687 ιιίυι).
829 5603 982 5669 editi,
1013 5621 1032 5654 ι
1073 5602 1496 5660 maledictiouis.
1522 5622 1542 5655 υ
1593 5583 1810 5670 Mss,"
1833 5577 2003 5662 ἐίιέιιε-

434 5675 784 5730 dictionibus.
826 5693 844 5724 ι

506 5744 618 5814 (2|)
641 5743 822 5799 Codex
849 5741 1132 5815 Sangerm.
1162 5751 1216 5800 et
1250 5742 1369 5814 alii,
1406 5759 1426 5795 ι
1463 5758 1563 5814 pro
1599 5743 1936 5799 remissione.
1975 5763 1995 5796 ι

2112 4545 2332 4607 duntur,
2361 4557 2390 4595 a
2426 4545 2601 4612 gratia
2631 4545 2968 4600 exciderunt.
3028 4545 3198 4613 Igitur
3250 4541 3525 4596 immunda
3558 4537 3659 4591 fieri

2111 4630 2306 4685 mulier
2343 4632 2559 4694 dicitur,
2593 4649 2712 4702 qua:
2743 4643 3005 4703 concepto
3034 4632 3241 4688 semine
3282 4630 3495 4699 peperit
3553 4641 3658 4679 ma-

2111 4722 2359 4789 sculum;
2386 4739 2510 4792 quae
2539 4735 2719 4779 autem
2750 4724 3004 4779 feminam
3034 4722 3329 4792 pepererit,
3360 4735 3467 4773 non
3501 4717 3656 4771 solum

2111 4816 2386 4868 immunda
2413 4816 2549 4880 erit,
2579 4817 2673 4870 sed
2705 4815 2991 4880 dupliciter
3036 4811 3338 4867 immunda.
3380 4809 3472 4863 Bis
3529 4805 3657 4860 enim

2109 4905 2349 4974 septenis
2401 4907 2594 4961 diebus
2648 4907 2700 4960 in
2750 4904 3089 4960 immunditia
3147 4903 3416 4958 scribitur
3461 4913 3655 4969 perma-

2111 5017 2262 5058 nere.

2180 5115 2235 5167 4.
2264 5114 2369 5170 Sed
2394 5117 2608 5171 interim
2647 5131 2765 5182 quae
2793 5114 3001 5185 peperit
3024 5113 3346 5175 masculum,
3368 5119 3551 5166 octava
3577 5105 3655 5157 die

2108 5207 2163 5251 et
2199 5200 2294 5267 qui
2324 5209 2484 5255 natus
2509 5212 2594 5256 est
2615 5201 3050 5265 circumciditur,
3088 5210 3148 5255 et
3200 5201 3290 5253 illa
3339 5200 3400 5252 fit
3454 5193 3650 5251 munda.

2110 5290 2256 5345 Satis
2282 5306 2511 5361 operosa
2539 5308 2625 5348 res
2651 5304 2733 5348 est
2770 5293 2909 5362 (εἳ),
2943 5293 2998 5346 in
3049 5294 3152 5347 hac
3183 5293 3451 5346 brevitate
3473 5297 3654 5356 tempo-

2122 5443 2392 5500 "Jerem.
2428 5460 2520 5500 xx.
2575 5445 2784 5510 14,15.
2890 5447 2936 5478 ⁸⁸
2968 5446 3086 5502 Job.
3144 5462 3224 5511 ιιι,
3269 5445 3358 5500 16.
3468 5441 3646 5499 “ibid.

2577 5517 2622 5547 ⁸³
2655 5515 2796 5571 Psal.
2815 5532 2966 5582 Lvm,
2992 5518 3047 5570 4.

2110 5595 2264 5663 Libh.
2289 5605 2443 5669 editi,
2479 5625 2498 5656 ι
2529 5606 2581 5659 ἰιι
2609 5607 3003 5662 remissionem.
3039 5625 3058 5658 ι

2183 5673 2296 5744 (22)
2325 5674 2479 5748 Libb.
2509 5676 2715 5748 editi”
2749 5679 2886 5732 satis
2913 5676 3000 5732 illa
3029 5690 3254 5748 operosa
3287 5690 3372 5733 res
3411 5685 3510 5732 est.
3543 5691 3561 5724 ι
3593 5669 3647 5723 lo

2109 5760 2238 5802 mss.
2265 5745 2556 5811 omittitur,
2589 5763 2607 5798 ι
2636 5746 2745 5801 illa.
2775 5765 2796 5798 ι
