3876 6512
232 384 326 439 497

1395 382 1463 438 IN
1496 380 1869 438 LEVITICUM
1904 379 2187 436 HOMILIA
2228 379 2361 433 VIII.

3378 382 3483 440 498

232 500 306 555 ris
332 499 436 553 ista
472 497 810 567 contingere,
849 507 1029 553 tamen
1063 506 1120 553 ut
1166 499 1218 552 in
1259 508 1577 555 transcursu
1625 500 1803 568 aliqua
1838 501 1879 556 A
1910 511 2079 564 usque
2103 499 2167 550 ad
2206 495 2370 563 pedes
2416 493 2553 563 ejus.
2584 491 2680 546 Vel
2731 492 2886 547 tertia
2935 494 3165 561 species,
3204 494 3255 549 in
3294 499 3482 555 carnis

229 591 497 653 dicamus,
524 589 821 657 septimana
851 590 967 643 haec
999 591 1284 657 praesentis
1315 592 1441 644 vitae
1466 600 1677 660 tempus
1726 592 1805 643 vi-

231 679 343 734 deri
374 686 570 743 potest.
614 676 669 730 In
713 678 1013 746 septimana
1053 692 1283 745 namque
1310 680 1519 733 dierum
1551 694 1805 734 consum-

228 778 507 826 matusest
539 768 790 822 mundus.
840 768 897 821 In
959 784 1066 837 quo
1096 771 1267 827 donec
1311 785 1498 825 sumus
1530 771 1584 825 in
1638 785 1805 824 carne

226 860 411 931 positi,
451 861 518 913 ad
549 858 811 927 liquidum
845 861 966 927 puri
1010 877 1135 917 esse
1166 878 1268 915 non
1324 877 1635 930 possumus,
1698 862 1803 916 nisi

226 962 418 1005 octava
458 952 667 1005 venerit
696 952 833 1014 dies,
866 951 918 1005 id
946 962 1029 1006 est
1084 954 1189 1008 nisi
1232 952 1400 1007 futuri
1438 954 1618 1008 saeculi
1670 964 1804 1009 lem-

228 1057 329 1111 pus
363 1041 629 1096 adfuerit.
674 1042 731 1096 In
754 1057 859 1111 quo
894 1050 1072 1096 tamen
1126 1044 1215 1099 die
1253 1045 1344 1113 qui
1398 1044 1671 1099 masculus
1720 1052 1803 1098 est

230 1133 366 1199 (25),
400 1142 457 1187 et
488 1133 720 1188 viriliter
754 1134 947 1204 egerit,
984 1134 1165 1189 statim
1193 1136 1246 1189 in
1301 1136 1416 1203 ipso
1449 1136 1681 1190 adventu
1718 1135 1802 1188 fu-

228 1227 332 1280 turi
360 1225 543 1281 saeculi
570 1235 855 1296 purgatur,
883 1235 937 1280 et
976 1228 1158 1280 statim
1204 1232 1401 1280 munda
1430 1225 1660 1281 eﬁicitur
1696 1241 1801 1280 ma-

226 1326 330 1380 ter,
359 1332 481 1385 quae
512 1317 697 1386 genuit
722 1330 868 1370 eum.
893 1315 1188 1386 Purgatam
1220 1330 1452 1385 namque
1481 1316 1628 1371 vitiis
1678 1331 1802 1372 car-

222 1422 349 1461 nem
378 1423 445 1463 ex
478 1407 882 1463 resurrectione
924 1409 1173 1477 recipiet.
1218 1407 1274 1462 Si
1307 1422 1434 1461 vero
1471 1407 1606 1462 nihil
1638 1407 1690 1461 in
1744 1421 1801 1459 se

220 1495 413 1551 habuit
440 1498 599 1552 virile
641 1498 930 1554 adversum
975 1507 1278 1567 peccatum,
1336 1500 1426 1552 sed
1457 1499 1717 1553 remissus
1749 1507 1803 1553 et

219 1587 566 1643 effeminatus
596 1590 698 1644 fuit
728 1591 779 1644 in
805 1591 1016 1645 actibus
1046 1593 1181 1654 suis,
1206 1592 1363 1659 citius
1390 1601 1668 1660 peccatum
1694 1594 1800 1646 tale

216 1688 326 1743 est,
356 1682 496 1749 quod
535 1696 639 1735 non
672 1682 981 1736 remittatur
1004 1696 1176 1751 neque
1213 1683 1265 1736 iu
1290 1684 1545 1752 praesenti
1575 1685 1799 1747 saeculo,

217 1786 402 1839 neque
430 1771 481 1825 in
523 1771 707 1827 futuro
754 1789 768 1826 :
816 1774 921 1827 iste
975 1775 1169 1828 transit
1219 1783 1275 1828 et
1317 1790 1477 1828 unam
1537 1786 1591 1828 et
1637 1774 1797 1828 aliam

212 1860 584 1929 septimanam
614 1862 668 1916 in
715 1862 1059 1915 iuimunditia
1095 1879 1193 1917 sua
1220 1902 1234 1925 ,
1273 1873 1325 1917 et
1368 1864 1524 1919 tertia
1578 1864 1793 1919 demum

212 1952 514 2022 incipiente
536 1954 741 2008 oboriri
777 1955 1103 2021 septimana,
1129 1964 1391 2024 purgatur
1436 1957 1503 2007 ab
1559 1956 1794 2010 immun-

208 2045 373 2111 ditia,
433 2061 592 2114 quam
644 2044 902 2099 feminam
953 2047 1212 2113 pariendo
1242 2048 1538 2101 contraxit.
1598 2048 1796 2103 llostize

210 2149 372 2200 vero,
403 2151 523 2206 qua:
551 2150 647 2205 pro
672 2136 977 2203 lmjusmodi
1005 2137 1340 2189 immunditia
1359 2136 1620 2205 jobcutur
1644 2140 1792 2192 adhi-

205 2230 355 2293 beri,
392 2229 678 2298 dupliciter
712 2230 1139 2299 distinguuntur.
1170 2228 1353 2283 Primo
1382 2228 1600 2295 jubctur
1626 2246 1793 2300 agnus

204 2320 401 2375 offerri
460 2322 747 2375 anniculus
790 2322 907 2375 sine
938 2322 1146 2374 macula
1192 2322 1246 2374 in
1282 2321 1693 2387 holocaustum,
1740 2333 1795 2376 et

205 2413 394 2481 pullus
428 2412 802 2475 columbinus,
832 2423 921 2467 aut
953 2421 1131 2467 turtur
1167 2428 1264 2481 pro
1292 2424 1542 2481 peccato.
1583 2412 1792 2469 Secuno

205 2503 271 2555 da
318 2516 446 2556 vero
482 2503 774 2557 mandatur
798 2504 993 2570 hostia,
1034 2504 1100 2568 si,
1129 2505 1304 2574 inquit
1334 2504 1472 2573 (24),
1507 2520 1612 2559 non
1643 2507 1792 2559 iuve-

203 2594 360 2647 nerit
384 2609 575 2649 manus
606 2594 724 2663 ejus
748 2595 887 2663 quod
915 2595 1144 2649 sulﬁciat
1192 2596 1259 2649 ad
1305 2611 1526 2665 agnum,
1561 2598 1792 2665 accipiat

203 2686 352 2737 duos
386 2693 650 2749 turtures,
691 2695 784 2739 aut
806 2685 945 2740 duos
975 2685 1149 2756 pullos
1175 2685 1576 2750 columbarum,
1622 2702 1786 2741 unum

203 2774 272 2827 ad
311 2774 705 2842 holocaustum,
736 2786 790 2831 et
820 2776 984 2829 alium
1012 2791 1108 2845 pro
1139 2787 1383 2844 peccato.
1419 2777 1570 2832 Unde
1591 2787 1645 2831 et
1685 2780 1787 2832 mi-

203 2879 339 2918 rum
374 2865 591 2919 videtur
613 2867 760 2934 quod
788 2864 991 2921 oblatio
1020 2865 1206 2919 Maria:
1240 2881 1344 2920 non
1396 2865 1645 2920 habuerit
1690 2867 1787 2921 ho-

203 2955 377 3009 stiam
404 2955 653 3023 primam,
686 2956 737 3009 id
760 2963 843 3009 est
872 2969 1066 3025 agnum
1096 2956 1434 3023 anniculum,
1471 2958 1562 3011 sed
1598 2972 1791 3012 secun-

204 3044 373 3108 dam;
411 3052 665 3112 tanquam
697 3044 860 3112 cujus
904 3060 1095 3100 manus
1125 3062 1230 3099 non
1271 3045 1637 3101 suﬁeceritad
1678 3047 1791 3116 pri-

1908 598 2029 644 cute
2083 589 2140 641 ﬁt
2182 588 2353 650 ulcus,
2396 597 2453 641 et
2491 595 2745 650 sanatur;
2797 595 2850 640 et
2887 586 2945 640 ﬁt
2988 586 3040 641 in
3079 587 3195 642 loco
3243 589 3359 657 ipso
3402 590 3483 644 ul-

1908 680 2047 734 ceris
2089 677 2497 734 cicatrix-alba.
2530 677 2635 730 Aut
2670 678 2722 731 in
2765 679 2948 733 carnis
2985 688 3108 733 cute
3168 679 3227 733 ﬁt
3271 683 3483 738 adustio

1909 772 2067 840 ignis,
2097 781 2150 825 et
2189 780 2311 839 post
2345 770 2458 824 haec
2504 778 2693 822 sanata
2731 770 2947 825 adustio
2977 772 3083 825 erit
3127 770 3300 827 lucida
3338 774 3481 841 alba,

1908 872 2003 917 aut
2036 879 2157 917 cum
2193 865 2392 917 rubore
2431 862 2682 915 candida.
2713 862 2910 927 Quinta
2944 864 3177 930 species,
3208 879 3330 918 cum
3366 867 3483 919 viro

1905 964 2000 1008 aut
2048 954 2262 1008 mulieri
2312 953 2370 1007 ﬁt
2418 954 2472 1007 in
2516 954 2710 1021 capite,
2771 962 2866 1007 aut
2910 955 2959 1007 in
3020 956 3184 1009 barba
3231 957 3485 1024 contagio

1907 1048 2092 1117 leprae.
2137 1047 2334 1102 Ultima
2384 1059 2514 1101 vero
2565 1046 2823 1099 scribitur
2869 1046 3106 1113 species,
3148 1062 3271 1101 eum
3319 1050 3378 1101 ﬁt
3428 1049 3481 1102 in

1905 1137 2152 1204 calvitie,
2194 1137 2275 1192 vel
2342 1137 2396 1190 in
2457 1137 2821 1190 recalvatione
2866 1138 3119 1204 contagio
3165 1137 3326 1206 lepra:
3384 1154 3480 1192 ru-

1907 1228 2182 1291 bicundae,
2223 1245 2344 1299 quae
2387 1238 2469 1283 est
2512 1228 2658 1297 lepra
2710 1225 2960 1282 eﬂlorens
3006 1229 3058 1281 in
3097 1229 3345 1292 calvitio,
3399 1229 3481 1284 vel

1905 1320 1959 1373 in
2012 1320 2399 1374 recalvatione.
2456 1319 2581 1373 Haec
2646 1329 2704 1372 ut
2752 1320 3080 1388 compendio
3126 1320 3481 1389 expositionis

1907 1421 2145 1476 utamur,
2187 1410 2446 1480 quoniam
2493 1410 2713 1478 quidem
2754 1424 2897 1465 nunc
2940 1410 3276 1479 propositum
3325 1410 3482 1464 nobis

1906 1511 1988 1557 est
2036 1502 2274 1556 breviter
2322 1503 2600 1556 audilores
2645 1514 2713 1554 ex
2763 1501 2846 1554 his
2901 1515 3023 1568 qua:
3079 1500 3306 1554 recitata
3356 1510 3483 1554 sunt

1906 1592 2216 1655 admonere,
2260 1606 2359 1646 nec
2399 1602 2484 1645 est
2536 1600 2748 1659 tempus
2805 1591 2918 1661 (2'7)
2960 1591 3029 1645 ad
3064 1591 3324 1659 liquidum
3366 1591 3481 1644 sin-

1905 1681 2026 1751 gula
2052 1697 2280 1751 quzeque
2314 1682 2603 1747 discutere,
2637 1682 2918 1736 referenda
2964 1682 3093 1735 mihi
3132 1683 3387 1735 videntur
3417 1683 3480 1734 ad

1906 1787 2346 1840 unamquamque
2368 1774 2602 1839 speciem
2632 1782 2996 1841 peccatorum,
3018 1782 3071 1825 et
3100 1772 3151 1825 in
3186 1772 3268 1825 his
3290 1772 3483 1823 anima:

1906 1863 2152 1929 maculae,
2196 1880 2316 1933 quae
2357 1881 2420 1919 ex
2474 1865 2709 1933 peccatis
2751 1866 2797 1919 ei
2842 1866 3132 1928 accidunt,
3185 1862 3478 1917 intuendae.

1904 1953 2200 2007 Dicendum
2247 1955 2411 2024 igitur
2440 1956 2621 2024 primo
2658 1965 2741 2008 est
2772 1954 3044 2023 designari
3076 1969 3172 2022 per
3210 1955 3325 2011 ha’c
3359 1967 3481 2021 pec-

1903 2053 2059 2111 cata,
2110 2030 2232 2113 qua:
2294 2046 2344 2098 in
2403 2047 2502 2099 hac
2557 2047 2665 2099 vita
2721 2046 2878 2115 positi
2929 2044 3357 2106 committimus;
3413 2058 3478 2096 ex

1903 2135 2098 2204 quibus
2122 2137 2302 2204 aliqua
2334 2138 2519 2191 curari
2555 2153 2699 2190 nunc
2731 2145 2977 2205 possunt,
3004 2135 3182 2202 aliqua
3216 2149 3345 2190 vero
3374 2149 3477 2187 non

1904 2233 2147 2292 possunt.
2181 2223 2434 2278 Secundo
2477 2240 2606 2279 vero
2644 2236 2697 2278 et
2730 2226 2797 2279 de
2845 2226 2950 2279 illis
2998 2226 3152 2293 ipsis,
3193 2238 3312 2291 quae
3356 2232 3479 2290 post

1900 2314 2045 2369 hanc
2080 2316 2246 2369 vitam
2296 2316 2576 2371 nobiscum
2627 2326 2931 2379 transeunt,
2970 2314 3266 2384 signiﬁcari
3315 2314 3476 2368 intel-

1898 2406 2174 2476 ligendum
2200 2416 2305 2471 εει,
2333 2416 2388 2460 ει
2415 2422 2536 2461 esse
2567 2408 2618 2459 in
2657 2406 2788 2474 ipsis
2814 2408 3059 2475 quaedam
3094 2407 3165 2460 ita
3193 2405 3478 2463 animabus

1899 2504 2096 2567 inﬁxa,
2141 2512 2198 2557 ut
2249 2508 2519 2566 nequeant
2566 2497 2808 2563 aboleri;
2857 2498 2961 2551 alia
3001 2513 3130 2552 vero
3163 2512 3305 2564 esse,
3356 2512 3476 2567 qua:

1898 2594 2274 2667 purgationem
2308 2591 2513 2660 possint
2555 2590 2797 2658 recipere
2849 2588 3146 2643 secundum
3181 2589 3474 2657 inspectio-

1902 2702 2025 2739 nem
2061 2692 2114 2738 et
2147 2682 2408 2753 judicium
2440 2680 2718 2750 pontiﬁcis
2760 2681 2926 2746 illius,
2955 2697 3113 2749 quem
3160 2681 3369 2737 occulta
3401 2681 3475 2735 la-

1900 2787 2013 2830 tere
2061 2790 2165 2830 non
2202 2781 2449 2842 possunt,
2481 2771 2688 2841 quique
2734 2772 3070 2841 dispensabit
3113 2773 3323 2827 animas
3356 2772 3470 2827 sin-

1898 2867 2143 2936 gulorum
2174 2865 2468 2918 secundum
2499 2863 2598 2919 hoc
2636 2863 2778 2932 quod
2810 2862 2865 2915 in
2902 2864 2981 2917 eis
3013 2862 3249 2916 maculas
3280 2863 3463 2929 lepra,

1896 2966 1990 3009 aut
2061 2955 2387 3025 expiabiles,
2462 2963 2556 3008 aut
2600 2955 2956 3025 inexpiabiles
3010 2954 3228 3008 viderit.
3301 2950 3470 3022 Cujus

1898 3049 1975 3102 rei
2022 3047 2355 3103 dilferentias
2401 3047 2465 3100 de
2513 3047 2762 3116 praesenti
2808 3046 3043 3100 lectione
3096 3045 3371 3113 colligere,
3411 3054 3468 3099 et

206 3147 381 3187 mam.
415 3132 509 3187 Sic
538 3134 683 3188 enim
718 3134 984 3203 scriptum
1009 3144 1091 3190 est
1124 3137 1191 3189 de
1224 3150 1287 3190 ea
1322 3153 1336 3191 :
1375 3135 1673 3202 Venerunt,
1706 3136 1790 3190 in-
1818 3173 1860 3229 ϐ
1895 3155 1991 3209 ρει·
2040 3138 2246 3206 singula
2284 3137 2582 3192 secundum
2619 3136 2917 3203 Scriptura:
2968 3136 3127 3203 hujus
3173 3135 3431 3189 indicium
3453 3172 3471 3196 ,

200 3224 323 3291 quit
348 3225 420 3289 ὀ,
450 3234 701 3292 parentes
730 3224 863 3293 ejus,
919 3244 938 3278 ι
978 3236 1034 3281 ιιι
1087 3226 1342 3282 oﬂerrent
1408 3244 1505 3295 pro
1547 3243 1612 3282 eo
1687 3236 1791 3289 ho-

203 3315 401 3375 stiam,
430 3318 725 3369 secundum
748 3316 889 3386 quod
920 3318 1177 3385 scriptum
1209 3330 1292 3372 est
1316 3320 1366 3372 in
1392 3319 1507 3386 lege
1548 3319 1786 3384 Domini,

200 3420 303 3473 par
337 3414 610 3459 turturum
647 3416 740 3460 aut
780 3407 914 3461 duos
956 3407 1130 3476 pullos
1170 3407 1566 3463 columbarum.
1608 3428 1627 3461 ι
1682 3411 1787 3465 Sed

197 3506 257 3550 et
286 3498 342 3549 in
370 3496 476 3551 hoc
506 3498 811 3551 ostenditur
842 3513 1026 3551 verum
1056 3512 1178 3552 esse
1206 3499 1333 3552 illud
1358 3501 1501 3568 quod
1529 3501 1787 3567 scriptum

197 3598 304 3649 est.
340 3589 472 3655 quia
499 3589 748 3642 Christus
778 3588 933 3643 Jesus
972 3606 989 3639 ι
1029 3603 1152 3641 cum
1180 3589 1330 3643 dives
1361 3598 1535 3657 esset,
1564 3606 1663 3659 pro
1695 3607 1798 3647 no-

199 3679 286 3732 liis
316 3680 435 3749 (‘25)
462 3696 663 3749 pauper
694 3680 869 3733 laetus
899 3688 982 3734 est
1014 3680 1080 3731 “.
1116 3697 1134 3730 ι
1181 3679 1305 3733 Ideo
1330 3695 1457 3749 ergo
1481 3690 1535 3734 et
1559 3690 1785 3736 matrem

142 3806 145 3807 ν
195 3769 267 3823 de
294 3784 409 3836 qua
472 3780 810 3835 nasceretur,
861 3770 1024 3838 elegit
1074 3784 1389 3839 pauperem,
1443 3781 1494 3824 et
1553 3774 1785 3840 patriam

195 3878 525 3929 pauperem,
569 3865 634 3917 de
659 3878 760 3933 qua
804 3864 1003 3917 dicitur
1035 3865 1125 3916 ":
1163 3881 1180 3913 ι
1222 3863 1285 3916 Et
1309 3871 1389 3923 tu,
1444 3864 1786 3930 Bethlchem,

193 3955 440 4008 minima
465 3971 522 4009 es
557 3955 608 4007 in
656 3956 892 4010 millibus
917 3955 1075 4018 Juda,
1111 3972 1128 4004 ι
1190 3967 1243 4008 ει
1293 3956 1519 4025 reliqua.
1592 3957 1787 4012 Verum

192 4042 319 4098 haec
382 4046 621 4098 breviter
682 4055 1064 4102 transcurrere
1110 4048 1380 4116 cogimur,
1434 4063 1533 4102 nec
1574 4050 1787 4119 singula

192 4149 325 4205 quae
361 4137 565 4205 scripta
612 4146 741 4190 sunt
792 4139 1064 4194 discutere
1094 4140 1206 4209 (26)
1262 4141 1518 4209 quoniam
1567 4142 1783 4209 quidem

190 4222 532 4279 feStinamus
555 4225 757 4293 aliquid
810 4227 972 4280 etiam
1031 4228 1098 4282 de
1146 4228 1303 4297 231
1364 4227 1572 4296 legibus
1624 4228 1787 4298 lepra:

194 4328 325 4381 quae
364 4314 608 4368 recitatae
639 4325 785 4381 sunt,
815 4326 1174 4384 pertractare.

270 4406 332 4459 5.
379 4405 684 4459 Invenimus
734 4420 863 4474 ergo
906 4422 998 4461 sex
1049 4409 1255 4476 species
1305 4411 1614 4477 propositas
1663 4427 1784 4467 esse

1896 3246 2014 3299 qua:
2058 3239 2283 3299 possunt
2318 3244 2416 3283 nos
2451 3242 2689 3293 movere,
2736 3228 2943 3290 rimari,
2987 3235 3468 3295 extemporaneus.

1895 3334 1952 3377 ut
1976 3321 2085 3389 jam
2120 3320 2369 3390 superius
2398 3319 2531 3385 dixi,
2563 3319 2665 3373 iste
2705 3332 2886 3372 sermo
2938 3331 3040 3370 non
3101 3319 3328 3386 patitur.
3368 3316 3469 3371 Vix

1895 3414 2038 3465 enim
2073 3412 2189 3466 haec
2220 3410 2405 3464 multis
2435 3419 2660 3479 possent
2691 3408 3053 3463 voluminibus
3083 3408 3293 3477 digesta
3326 3420 3473 3459 com-

1895 3504 2017 3573 poni
2050 3504 2118 3557 ab
2164 3502 2247 3556 his
2299 3503 2498 3570 quibus
2551 3501 2813 3554 Dominus
2858 3500 2923 3553 de
2981 3499 3213 3555 lectione
3261 3497 3471 3551 Veteris

1894 3594 2227 3648 Testamenti
2282 3592 2525 3647 velamen
2577 3592 2865 3646 abstraxit.
2917 3589 3023 3645 Nos
3068 3604 3201 3657 ergo
3239 3604 3337 3657 pro
3385 3588 3465 3641 vi-

1894 3687 2043 3740 ribus
2089 3686 2310 3747 nostris,
2346 3693 2606 3753 quantum
2642 3682 2871 3751 proferri
2906 3683 2956 3735 in
3004 3682 3239 3736 medium
3268 3695 3471 3735 conve-

1894 3780 2010 3839 nit,
2055 3790 2443 3843 exsequamur,
2490 3773 2732 3841 apostolo
2780 3771 2934 3825 nobis
2993 3770 3160 3825 Paulo
3199 3771 3468 3840 pandente

1894 3866 2260 3935 intelligentia:
2294 3865 2477 3918 viam:
2512 3877 2619 3931 qua
2660 3863 2790 3917 dicit
2830 3863 3001 3934 legem
3041 3864 3288 3917 umbram
3325 3861 3468 3915 futa-

1895 3973 2077 4011 rorum
2132 3957 2332 4010 habere
2377 3956 2642 4009 bonorum
2678 3954 2747 4016 ⁹³,
2798 3969 2905 4007 non
2955 3956 3125 4023 ipsam
3175 3955 3465 4023 imaginem

1892 4063 2109 4112 rerum;
2150 4056 2205 4100 et
2242 4047 2541 4101 secundum
2586 4048 2638 4100 id
2682 4047 2824 4114 quod
2859 4060 2921 4099 ea
2956 4060 3077 4114 qua:
3112 4045 3178 4098 de
3208 4045 3379 4098 bobus
3411 4044 3463 4097 in

1891 4134 2008 4205 lege
2043 4134 2156 4205 (28)
2194 4136 2445 4189 videntur
2477 4136 2705 4203 scripta,
2745 4150 2848 4187 non
2884 4135 2951 4188 de
2996 4134 3191 4199 bobus,
3232 4149 3464 4202 quorum

1888 4225 2002 4280 Deo
2031 4241 2161 4279 cura
2197 4240 2304 4279 non
2341 4228 2430 4287 sit,
2462 4228 2555 4280 sed
2586 4227 2652 4281 de
2687 4225 2947 4293 apostolis
2981 4225 3310 4280 advertenda
3346 4240 3465 4294 pro-

1888 4318 2122 4371 nuntiat.
2157 4316 2213 4370 ln
2252 4318 2397 4387 quod
2444 4318 2801 4386 consequenti
2848 4317 3035 4386 utique
3086 4316 3295 4370 ratione
3330 4316 3463 4369 edo-

1892 4423 2099 4474 eemur,
2134 4410 2275 4477 quod
2306 4417 2361 4462 et
2398 4424 2459 4463 ea
2492 4424 2614 4478 quae
2644 4410 2709 4463 de
2742 4407 2889 4477 lepra
2924 4407 3240 4461 scribuntur
3266 4404 3459 4459 umbra

192 4496 263 4547 de
311 4496 593 4548 hominum
650 4496 833 4565 lepra;
878 4513 998 4567 quae
1054 4514 1145 4553 sex
1207 4503 1418 4568 species
1470 4504 1571 4555 hoc
1623 4507 1780 4558 modo
1813 4502 1858 4555 D
1889 4501 1959 4554 sit
1988 4502 2041 4554 in
2069 4502 2192 4556 aliis
2232 4501 2440 4555 habens
2471 4501 2763 4571 imaginem
2796 4497 3062 4553 veritatis.
3101 4495 3271 4565 Igitur
3308 4496 3464 4550 adhi-

191 4587 607 4640 deseribuutur.
638 4588 740 4641 Aut
785 4590 928 4642 enim
971 4591 1021 4643 in
1072 4602 1202 4645 cute
1246 4595 1492 4661 corporis
1536 4594 1595 4646 ﬁt
1642 4597 1785 4649 cica-

190 4677 335 4737 trix,
371 4686 428 4729 et
461 4677 674 4745 signum
716 4678 1052 4741 exalbitlum,
1078 4689 1132 4731 et
1171 4689 1294 4731 tunc
1334 4679 1390 4731 ﬁt
1428 4681 1478 4732 in
1510 4690 1631 4733 cute
1663 4697 1787 4735 εει·-

186 4768 351 4835 poris
388 4765 504 4834 ejus
538 4769 789 4837 contagio
838 4769 1019 4836 leprte.
1070 4771 1175 4822 Aut
1223 4769 1474 4824 eﬁlorcns
1518 4770 1786 4826 elﬁorebit

185 4858 378 4925 lepra,
410 4867 463 4912 et
504 4868 755 4929 conteget
794 4874 1009 4914 omnem
1044 4873 1220 4914 cutem
1253 4862 1498 4930 contagio
1535 4879 1561 4913 a
1609 4866 1786 4932 capite

268 4998 321 5031 ’°
359 4996 496 5054 Luc.
526 5013 585 5063 ιι,
615 4998 705 5053 94.
782 4998 828 5031 ⁹¹
854 4997 893 5052 II
925 4998 1053 5053 Cor.
1082 5013 1196 5061 vm,
1222 4998 1275 5053 9.
1351 5000 1396 5029 θ’
1418 4997 1577 5053 Μίειι.
1610 5016 1660 5064 v,
1696 5000 1749 5053 2.

265 5134 391 5205 (25)
417 5136 484 5190 1η
508 5151 612 5204 quo
643 5144 813 5205 tamen
836 5137 921 5188 die
949 5137 1037 5203 qui
1067 5136 1333 5188 masculus
1373 5144 1467 5199 est,
1498 5146 1607 5190 etc.
1634 5137 1780 5190 Con-

185 5204 324 5260 sule
377 5206 631 5261 Huetium
692 5204 1133 5276 Origenianorum
1184 5205 1279 5259 lib.
1333 5221 1395 5269 ιι,
1447 5215 1639 5273 quiest.
1694 5209 1781 5272 ll,

187 5276 581 5413 ”“ξὲιὶ)¹ιῖἰι)ι›.
608 5354 764 5399 antea
805 5343 959 5413 editi,
995 5362 1013 5395 ι
1047 5354 1139 5397 aut
1172 5343 1298 5413 pulli
1324 5343 1655 5406 columbini,
1691 5353 1784 5397 aut

186 5412 449 5468 turtures
481 5430 577 5481 pro
612 5424 857 5482 peccato.
899 5412 1152 5468 Secundo
1176 5412 1182 5413 “
1204 5427 1332 5465 vero
1362 5414 1650 5466 mandatur
1682 5414 1807 5467 ho-r

183 5485 464 5554 stia_:_»_sig.
487 5485 684 5552 inquit,
729 5502 748 5533 ι
775 5493 907 5546 etc.,
932 5484 1024 5536 sed
1053 5498 1181 5554 mss,
1214 5492 1276 5536 ut
1301 5484 1352 5535 in
1386 5493 1575 5554 nostra
1602 5494 1776 5554 textu.

269 5551 397 5621 (‘25)
425 5552 531 5606 Pro
565 5551 732 5608 nobis.
764 5555 1119 5608 Desideratur
1150 5551 1203 5606 i'n
1236 5562 1397 5605 antea
1450 5552 1632 5619 editis,
1684 5552 1781 5608 sed

150 5670 158 5679 .
184 5621 487 5690 suppletur
516 5638 546 5677 e
569 5638 699 5677 mss.

265 5689 391 5761 (26)
418 5690 573 5746 Libb.
611 5691 738 5745 editi
766 5699 906 5761 post,
942 5709 961 5743 ι
1001 5691 1295 5755 discutere,
1339 5707 1357 5741 ι
1398 5691 1621 5751 addunt,
1652 5710 1668 5739 ι
1694 5705 1781 5743 va-

185 5759 403 5825 lemus,
433 5778 451 5812 ι
487 5764 628 5829 quod
664 5759 817 5816 abest
854 5762 923 5816 ab
979 5760 1232 5816 omnibus
1285 5775 1416 5815 mss.
1466 5769 1520 5814 et
1573 5762 1778 5830 absque

1886 4592 2111 4645 beamus
2149 4592 2345 4660 primo,
2384 4591 2431 4644 si
2474 4591 2708 4652 videtur,
2756 4589 2929 4657 ipsam
2984 4586 3281 4655 Scriptum
3340 4602 3461 4639 um-

1886 4682 2063 4745 bram,
2096 4691 2149 4735 et
2184 4692 2309 4736 tunc
2350 4681 2417 4735 de
2446 4682 2563 4749 ejus
2599 4680 2827 4733 veritate
2856 4679 3215 4745 requiramus.
3260 4677 3315 4731 lu
3347 4677 3464 4730 vul-

1889 4773 2113 4825 neribus
2145 4788 2436 4839 corporum
2483 4779 2833 4839 posteaquam
2881 4779 3069 4823 curata
3117 4769 3338 4832 fuerint,
3380 4784 3465 4824 re-

1886 4873 2069 4918 manet
2104 4863 2377 4916 interdum
2421 4864 2588 4932 ipsius
2622 4861 2860 4917 vulneris
2902 4864 3143 4931 signum,
3190 4866 3333 4931 quod
3380 4863 3461 4917 ci-

1854 5002 1899 5033 ⁹³
1940 5000 2105 5056 Hebr.
2132 5016 2187 5067 x,
2215 5000 2265 5053 1.

1886 5151 2079 5193 sensus
2111 5138 2394 5205 dispendio
2423 5138 2614 5193 abesse
2648 5146 2843 5207 p0test.
2902 5135 3049 5191 Infra
3091 5138 3262 5207 codex
3321 5136 3462 5190 San-

1885 5222 2079 5276 germ.,
2114 5225 2132 5257 ι
2164 5204 2257 5261 sex
2289 5210 2498 5277 species
2524 5204 2830 5276 propositas
2869 5221 3013 5262 esse.
3060 5225 3078 5257 ι
3104 5204 3262 5260 Libb.
3303 5208 3457 5269 editi,

1889 5294 1908 5325 ι
1946 5292 2037 5330 sex
2081 5279 2292 5343 species
2325 5279 2529 5346 positas
2551 5291 2690 5331 esse.
2736 5296 2754 5329 ι

1956 5346 2067 5416 (‘27)
2109 5346 2290 5425 Codex
2326 5343 2667 5417 'Sangerm.,
2715 5364 2733 5397 ι
2767 5356 2994 5414 tempus.
3031 5364 3049 5397 ι
3092 5344 3254 5399 Libb.
3284 5343 3418 5398 editi
3443 5383 3460 5408 ,

1888 5433 1906 5465 ι
1940 5424 2223 5470 temporis.
2250 5435 2266 5467 ι

2319 5485 2488 5550 editi,
2539 5504 2558 5536 ι
2588 5483 2882 5556 intelligi.)
2932 5483 3112 5539 Codex
3168 5482 3455 5556 Sangerm.

1889 5564 1943 5608 et
1970 5551 2086 5618 alii,
2121 5574 2139 5607 ι
2172 5557 2223 5607 in
2260 5555 2397 5624 lege.
2422 5574 2438 5605 ι
2475 5556 2615 5609 lnl‘ra
2646 5551 2809 5608 iidem
2840 5568 2995 5624 mss.,
3029 5570 3055 5624 ι
3082 5553 3277 5624 umbra
3304 5551 3457 5624 sitiu

1886 5624 2009 5749 'alilif
2048 5626 2268 5747 balbens.
2295 5620 2339 5678 ι’
2357 5624 2514 5680 Libb.
2541 5624 2697 5690 editi,
2730 5640 2748 5674 ι
2776 5622 2963 5677 umbra
2992 5623 3127 5687 sint,
3156 5630 3210 5676 et
3240 5621 3293 5675 in
3331 5620 3454 5675 aliis

1906 5709 1953 5747 ia
1993 5710 2093 5749 ean
2124 5733 2139 5747 .
2159 5714 2177 5746 ι

1906 5703 2139 5749 tabeant.
2159 5714 2177 5746 ι
