3876 6520
194 381 300 435 ὃῦι

1363 377 1428 430 ll\
1464 374 1842 432 LI‘SVITICUM
1875 372 2158 430 llOMlLl.-\
2191 372 2327 428 Vili.

3345 362 3448 420 502

197 495 449 552 ostendat
495 493 732 561 indicia;
775 501 832 548 et
879 492 1129 548 fortassis
1178 493 1388 561 peccati
1440 493 1598 557 talis;
1637 494 1779 560 quod
1811 496 1859 554 Α
1890 491 2066 544 fronte
2081 490 2196 556 ejus
2217 488 2558 553 deduxerint,
2587 484 2835 541 recalvus
2857 491 2960 549 est,
2987 489 3040 537 et
3069 480 3300 536 mundus
3320 489 3453 534 est»

109 579 114 584 ’
205 592 268 645 ad
312 597 542 642 mortem
581 587 683 652 sit;
725 595 780 640 et
828 586 948 639 ideo
994 601 1102 640 non
1150 584 1326 639 solum
1375 583 1498 638 alba
1549 584 1780 639 cicatrix

204 695 338 746 esse,
369 680 462 732 sed
491 689 544 730 et
579 677 878 730 rubicunda
925 675 1280 731 describitur.
1325 675 1477 741 Quod
1505 689 1633 729 vero
1677 675 1780 728 hu-

201 772 470 826 miliorem
501 771 673 836 ipsam
713 767 1027 822 cicatricem
1061 767 1193 822 dicit
1232 767 1428 829 videri,
1460 775 1666 821 certum
1699 775 1784 820 est

201 861 329 930 quia
367 859 674 928 huiusmodi
717 858 926 913 macula
977 858 1190 930 peccati
1241 858 1501 914 humilem
1533 868 1588 912 et
1632 857 1782 927 deje-

201 958 343 1000 ctam
378 948 614 1001 animam
647 947 833 1002 faciat.

270 1036 325 1090 8.
369 1036 571 1101 Quarta
606 1045 688 1090 est
729 1038 847 1103 lex,
892 1038 984 1092 ubi
1028 1037 1251 1099 dicitur,
1300 1037 1426 1104 quia
1479 1037 1616 1095 siin
1661 1047 1785 1095 cute

204 1124 296 1179 liat
334 1128 548 1181 adustio
593 1128 758 1197 ignis,
801 1138 854 1182 et
889 1137 1011 1198 post
1053 1131 1170 1184 haec
1216 1145 1339 1184 cum
1380 1141 1568 1184 sanata
1622 1129 1785 1183 fuerit

201 1218 437 1280 adustio,
485 1219 602 1289 ipsa
645 1219 925 1286 splendida
970 1221 1101 1286 ﬂat,
1143 1228 1200 1274 et
1232 1220 1356 1274 alba
1387 1235 1512 1274 cmn
1559 1221 1780 1284 rubore,

203 1310 290 1362 vel
323 1319 474 1364 certe
521 1311 798 1376 exalbida,
844 1323 900 1367 et
933 1313 1072 1367 visio
1108 1313 1224 1381 ejus
1270 1313 1532 1366 humilior
1578 1313 1797 1380 reliqua

203 1411 349 1465 cute,
377 1411 431 1452 et
470 1402 610 1456 hanc
648 1402 780 1457 dicit
813 1417 936 1457 esse
984 1403 1192 1472 lepram
1216 1443 1231 1467 ,
1276 1419 1396 1470 quae
1437 1404 1489 1458 in
1539 1403 1784 1457 adustio-

203 1507 332 1546 nem
364 1492 602 1547 emoruit
635 1493 769 1562 (55).
803 1492 934 1550 Vide
974 1509 1105 1564 ergo
1143 1496 1187 1550 si
1223 1510 1326 1549 non
1375 1494 1590 1549 adustio
1619 1503 1702 1548 est
1735 1494 1787 1546 in

205 1582 360 1637 omni
418 1581 601 1634 anima
673 1596 1011 1650 qumcunque
1071 1581 1268 1650 recipit
1318 1579 1496 1649 jacula
1567 1577 1788 1646 maligni

206 1670 419 1740 ignita;
453 1676 544 1722 aut
573 1669 617 1723 si
661 1684 767 1722 non
811 1669 923 1739 igni
965 1671 1238 1733 aduritur,
1277 1669 1458 1724 omnis
1500 1668 1589 1738 qui
1633 1667 1790 1720 ardet

205 1762 258 1814 in
296 1775 484 1814 amore
509 1760 738 1814 carnali.
773 1759 893 1816 ista:
922 1770 1050 1814 sunt
1083 1776 1212 1830 ergo
1241 1761 1554 1815 adnstiones
1581 1768 1637 1814 et
1666 1773 1790 1813 Suc-

1873 583 1947 644 _Et
1978 581 2364 635 convenienter
2395 579 2509 632 baac
2529 575 2850 631 referuntur
2881 576 2945 628 ad
2970 574 3229 636 animam,
3253 579 3310 623 ut
3335 585 3460 623 cum

1883 689 1943 729 ea
1973 688 2092 742 qua:
2123 672 2203 726 sui
2236 678 2425 724 natura
2463 677 2672 722 mortua
2709 675 2838 720 sunt
2870 665 3054 734 abjicit
3085 678 3148 717 ac
3202 660 3460 731 deponit,

1883 765 2082 820 munda
2110 779 2231 818 esse
2254 762 2488 816 dicatur.
2522 759 2628 814 Sed
2660 767 2783 825 post
2822 758 2936 810 haec
2972 755 3016 809 si
3065 768 3126 807 ea
3163 768 3282 824 qua:
3313 751 3462 820 prius

1883 855 2167 924 pnriiicata
2201 853 2437 915 fuerant,
2497 848 2828 918 repullulare
2876 846 3152 902 sordidius
3194 853 3249 898 et
3283 841 3462 898 humi-

1884 945 2010 1009 lius,
2040 960 2202 1013 qnam
2243 944 2480 1013 dignitas
2517 940 2774 1012 puritatis
2808 939 3045 1007 expetit,
3097 936 3459 998 videbuntur,

1886 1037 2220 1091 immundam
2278 1051 2341 1089 ac
2377 1035 2643 1104 ieprosam
2683 1031 2918 1084 animam
2966 1028 3195 1082 reddent
3229 1025 3363 1098 (55).
3400 1024 3465 1079 Et

1887 1127 1991 1182 hoc
2018 1125 2124 1194 jam
2153 1125 2488 1195 generaliter
2515 1125 2582 1177 de
2604 1121 2750 1177 omni
2793 1121 3006 1187 leproso
3029 1159 3043 1181 ,
3079 1119 3130 1172 in
3165 1133 3273 1186 quo
3304 1116 3468 1172 fuerit

1889 1218 2146 1285 contagio
2205 1218 2398 1286 leprze,
2444 1224 2499 1271 et
2544 1213 2799 1270 humilior
2863 1212 3140 1270 videbitur
3187 1227 3214 1262 a
3257 1210 3463 1280 reliqua

1889 1323 2047 1376 cute;
2107 1311 2365 1364 humilius
2396 1323 2627 1378 namque
2655 1315 2741 1362 est
2783 1319 2945 1361 omne
2982 1291 3190 1358 animae
3216 1302 3404 1357 vitium
3435 1317 3467 1355 a

1891 1403 2116 1471 reliquis
2144 1402 2260 1468 ejus
2287 1401 2603 1456 virtutibus.
2631 1399 2744 1454 Lex
2780 1415 2899 1468 quae
2925 1397 3189 1467 spiritalis
3229 1405 3330 1462 est,
3363 1395 3469 1450 alia

1890 1495 2135 1565 quaedam
2179 1493 2441 1548 decernit.
2482 1511 2500 1544 ι
2529 1492 2884 1556 Vestimenta,
2915 1491 3090 1560 inquit
3115 1493 3157 1554 ³,
3199 1487 3314 1556 ejus
3361 1487 3473 1543 dis-

1892 1596 2010 1639 suta
2064 1586 2201 1648 sint,
2242 1592 2297 1638 et
2337 1591 2501 1652 caput
2535 1582 2651 1648 ejus
2681 1580 2998 1645 revelatum,
3031 1590 3083 1635 et
3116 1595 3177 1634 os
3211 1578 3326 1646 ejus
3386 1578 3476 1632 ad-

1892 1686 2164 1746 Opertnm.
2193 1695 2212 1728 ι
2235 1675 2337 1730 Per
2360 1690 2479 1744 quae
2499 1675 2746 1742 designat
2768 1690 2890 1728 eum
2910 1676 2999 1742 qui
3020 1675 3074 1728 in
3096 1675 3274 1727 anima
3299 1671 3476 1741 lepro-

1895 1783 1992 1822 sus
2014 1776 2120 1830 est,
2149 1767 2200 1820 id
2250 1776 2333 1819 est
2367 1767 2458 1833 qui
2497 1765 2735 1833 Peccatis
2768 1766 3014 1819 conﬁxus
3040 1773 3143 1826 est,
3177 1779 3281 1816 non
3313 1775 3475 1830 opor-

203 1851 495 1904 censiones
529 1851 691 1920 ignis.
719 1851 824 1906 Sed
871 1860 925 1905 et
957 1851 1045 1906 ille
1077 1839 1416 1906 adustionem
1449 1851 1672 1920 patitur,
1701 1846 1792 1916 qui

1909 1871 2018 1916 lere
2048 1873 2272 1912 assuere
2307 1858 2408 1912 sibi
2437 1869 2764 1929 tegumenta,
2797 1871 2851 1914 et
2879 1859 3240 1928 turpitudines
3261 1856 3478 1924 operire

203 1941 396 2009 glorize
432 1943 676 1995 humana:
719 1943 1012 2008 cupiditate
1073 1943 1443 2007 succenditur,
1480 1951 1535 1996 ct
1567 1942 1659 2009 qui
1696 1939 1790 1996 ira:

204 2031 286 2084 vel
332 2031 530 2085 furoris
562 2032 784 2086 aestibus
814 2031 1199 2087 inﬂammatur.
1226 2033 1382 2098 Quod
1430 2034 1474 2086 si
1524 2034 1662 2088 forte
1696 2050 1793 2086 cu-

206 2133 365 2175 retur
393 2123 575 2185 abhis
622 2123 938 2178 vulneribus
970 2125 1150 2178 anima
1186 2140 1280 2192 per
1331 2125 1486 2178 ﬁdem
1511 2165 1525 2188 ,
1571 2135 1624 2178 et
1674 2135 1794 2195 post

205 2218 506 2270 sanitatem
546 2228 814 2284 receptam
849 2229 1161 2287 contempto
1211 2233 1276 2272 eo
1324 2219 1464 2274 dixit
1487 2220 1530 2252 θ’
1557 2234 1573 2273 :
1604 2239 1622 2270 ι
1655 2221 1794 2274 Ecce

199 2308 318 2377 jam
348 2323 514 2362 sanus
553 2306 728 2363 factus
763 2325 842 2374 es,
880 2310 988 2363 noli
1025 2324 1272 2379 peccare,
1304 2324 1372 2364 ne
1408 2311 1536 2379 quid
1571 2312 1663 2366 tibi
1704 2312 1796 2365 de-

207 2398 384 2452 terius
422 2401 732 2470 contingat;
761 2420 779 2453 ι
826 2401 1049 2470 incipiat
1082 2402 1283 2455 veteris
1318 2403 1433 2456 vitii
1487 2401 1699 2457 fructus
1728 2419 1795 2458 ex

203 2489 446 2544 obducta
478 2490 1041 2562 cicatrice'proferrc,
1074 2507 1174 2546 nec
1207 2503 1526 2562 exzeqnctur
1558 2495 1791 2549 cicatrix

205 2580 273 2634 ad
339 2581 530 2650 reliqui
584 2584 827 2651 corporis
870 2592 1084 2646 cutem,
1132 2585 1227 2636 sed
1275 2585 1345 2636 sit
1395 2584 1687 2650 humilior,
1743 2596 1796 2639 et

208 2671 368 2724 illum
408 2672 582 2728 adhuc
614 2675 848 2729 retineat
880 2675 1141 2740 colorem,
1190 2689 1348 2742 quem
1401 2677 1589 2730 habuit
1635 2678 1800 2748 lepra:

211 2771 500 2832 tempore;
529 2763 675 2835 lepra
710 2764 828 2834 ejus
869 2767 921 2820 in
959 2766 1242 2821 adustione
1274 2764 1540 2832 reﬂoruit,
1579 2776 1634 2824 et
1678 2769 1800 2825 ideo

207 2853 531 2909 immundus
558 2871 588 2908 a
621 2857 905 2911 sacerdote
930 2857 1229 2926 judicatur.

277 2945 347 2998 9.
386 2944 582 3010 Quinta
614 2947 827 3014 species
864 2948 1029 3016 lepra:
1059 2959 1164 3014 est,
1208 2966 1330 3004 eum
1370 2950 1424 3004 in
1456 2951 1634 3020 capite
1668 2966 1800 3007 con-

211 3037 368 3105 tagio
415 3036 668 3102 eliicitur,
711 3046 803 3092 aut
853 3039 907 3093 in
951 3041 1120 3095 barba
1181 3041 1319 3106 viri,
1367 3043 1484 3097 sive
1536 3043 1802 3111 mulieris,

212 3131 289 3185 ita
323 3140 386 3184 ut
418 3131 553 3184 visio
603 3133 944 3200 contagionis
988 3133 1160 3202 ipsius
1205 3134 1466 3190 humilior
1491 3136 1562 3190 sit
1603 3153 1633 3190 a
1680 3145 1805 3192 cute

1896 1954 2132 2022 peccati.
2187 1953 2343 2009 Sicut
2381 1955 2529 2008 enim
2588 1955 2633 2006 is
2681 1953 2836 2022 cujus
2891 1951 3218 2006 vestimenta
3272 1949 3476 2002 dissuta

1897 2052 2044 2110 sunt,
2067 2045 2267 2098 nudam
2294 2054 2460 2113 atque
2480 2044 2741 2097 inlectam
2770 2041 2910 2110 gerit
2940 2039 3328 2108 turpitudinem
3356 2051 3480 2090 cor-

1899 2135 2086 2202 poris:
2112 2136 2187 2188 ita
2217 2143 2430 2203 Oportet
2462 2149 2585 2187 enm
2618 2133 2710 2200 qui
2749 2131 2983 2200 peccatis
3024 2129 3293 2199 aliquibus
3320 2126 3481 2182 obse-

1907 2235 2034 2295 ptns
2060 2236 2165 2291 est,
2203 2226 2340 2280 mala
2372 2241 2467 2279 sua
2503 2235 2554 2278 et
2585 2222 2786 2294 ﬂagitia
2823 2223 2982 2276 nullis
3010 2222 3296 2276 verborqu
3325 2238 3481 2276 assu-

1902 2321 2124 2385 mentis,
2171 2319 2338 2372 nullis
2367 2317 2782 2371 cxcusationum
2817 2315 3176 2370 velaminibus
3212 2315 3425 2383 operire
3462 2331 3476 2367 :

1903 2405 1982 2459 uti
2011 2420 2078 2459 ne
2113 2407 2208 2460 iiat
2247 2407 2554 2475 sepulcrum
2584 2404 2916 2467 dealbatum,
2955 2405 3098 2472 quod
3127 2403 3331 2459 deforis
3356 2403 3480 2473 qni-

1901 2497 2022 2552 dem
2066 2508 2290 2567 apparet
2331 2495 2639 2552 hominibus
2687 2497 2991 2565 speciosum
3023 2536 3037 2558 ,
3090 2496 3238 2550 intus
3291 2506 3474 2550 autem

1903 2589 2119 2658 plenum
2153 2599 2236 2643 est
2290 2588 2507 2642 ossibus
2547 2594 2904 2652 mortuorum,
2953 2595 3008 2640 et
3051 2587 3202 2641 omni
3252 2587 3485 2641 immun-

1901 2680 2052 2733 ditia.
2113 2677 2236 2732 Vult
2296 2694 2426 2746 ergo
2486 2677 2571 2732 lex
2616 2675 2796 2730 divina
2836 2687 3178 2746 peccatorem
3231 2691 3338 2730 non
3394 2690 3484 2732 so-

1904 2769 2013 2823 lum
2039 2769 2362 2823 vestimenta
2391 2784 2494 2823 non
2537 2784 2783 2834 assuere,
2823 2769 2915 2824 sed
2943 2777 2995 2821 et
3023 2777 3182 2838 caput
3223 2783 3328 2821 non
3357 2784 3488 2821 con-

1907 2869 2130 2930 tegere:
2167 2861 2293 2914 utsi
2320 2861 2462 2928 quod
2498 2869 2579 2913 est
2616 2859 2812 2929 capitis
2837 2859 3116 2923 delictum,
3148 2861 3198 2916 id
3226 2869 3310 2915 est
3350 2860 3394 2913 si
3433 2859 3485 2913 in

1907 2951 2081 3007 Deum
2137 2952 2345 3020 aliquid
2377 2951 2726 3005 commissum
2759 2961 2862 3018 est,
2900 2951 2942 3006 si
2988 2953 3040 3004 in
3071 2952 3176 3006 ﬁde
3205 2960 3488 3021 peccatum

1907 3053 2010 3108 est,
2046 3058 2114 3097 ne
2139 3044 2252 3098 haec
2283 3044 2500 3110 quidem
2552 3043 2862 3096 habeantur
2896 3043 3108 3097 obtecta
3135 3080 3151 3105 ,
3187 3041 3281 3095 sed
3312 3040 3491 3096 omni-

1911 3135 2014 3191 bus
2047 3135 2414 3204 publicentur,
2444 3145 2501 3188 ut
2533 3137 2844 3189 interventu
2868 3144 2925 3197 et
2976 3133 3328 3202 correptione
3365 3148 3488 3186 om-

213 3223 490 3293 corporis,
515 3233 570 3278 et
605 3225 721 3278 haec
751 3233 834 3277 est
862 3223 1008 3293 lepra
1040 3226 1254 3294 capitis,
1287 3226 1370 3281 vel
1419 3228 1623 3282 barbae.
1655 3228 1798 3283 Vide
1832 3203 1878 3264 (ἶ
1913 3203 2063 3282 nium
2087 3228 2424 3290 emendetur,
2450 3236 2503 3281 et
2531 3226 2746 3280 veniam
2785 3223 3478 3280 mereatur.Verumtamer

212 3329 350 3384 ergo
380 3315 428 3369 si
462 3321 642 3383 potest
677 3315 814 3379 ﬁeri,
844 3323 900 3366 ut
944 3316 1089 3383 lepra
1133 3316 1328 3382 capitis
1359 3326 1578 3384 putetur
1613 3318 1667 3371 in
1713 3333 1801 3382 eo,

214 3404 313 3472 qui
347 3419 458 3457 non
491 3404 653 3458 habet
689 3413 849 3472 caput
880 3404 1184 3470 Christum,
1213 3407 1306 3458 sed
1340 3405 1506 3459 alium
1545 3406 1801 3476 aliquem,

214 3495 381 3549 verbi
437 3510 622 3558 causa,
671 3495 962 3563 Epicurum
1011 3494 1341 3561 voluptatem
1388 3511 1656 3548 smnmum
1704 3496 1804 3550 bo-

215 3603 352 3642 num
422 3587 843 3656 praedicantem,
891 3601 1018 3640 num
1057 3585 1150 3639 tibi
1192 3594 1248 3638 et
1301 3595 1495 3654 caput,
1541 3596 1596 3641 et
1638 3587 1806 3642 barba

219 3681 350 3735 talis
384 3668 620 3734 hominis
650 3679 864 3733 videtur
893 3677 1212 3732 immunda?
1247 3677 1352 3731 Sed
1389 3688 1443 3732 et
1474 3678 1519 3732 is
1551 3679 1641 3746 qui
1680 3695 1805 3734 cum

217 3771 426 3824 debeat
472 3784 594 3824 esse
646 3770 749 3833 vir,
793 3777 848 3823 ct
898 3784 1058 3838 agere
1119 3777 1377 3835 tanquam
1428 3769 1721 3838 perfectus,
1764 3772 1807 3825 si

218 3863 368 3916 forte
417 3861 574 3915 facile
612 3870 664 3915 et
707 3870 965 3929 tanquam
1007 3876 1142 3930 puer
1190 3861 1441 3914 vincatur
1483 3877 1512 3914 a
1556 3872 1806 3930 peccato,

218 3955 395 4008 etiam
421 3953 534 4022 ipse
561 3952 768 4020 lepram
802 3953 980 4006 barba:
1009 3955 1210 4008 babere
1244 3953 1506 4008 dicendus
1533 3965 1647 4018 est;
1683 3955 1810 4024 quia

222 4055 357 4099 cum
388 4046 614 4099 vincere
658 4044 881 4098 deberet
913 4044 1232 4110 malignum,
1262 4053 1316 4099 et
1359 4047 1680 4100 sacerdotali
1713 4049 1811 4102 ho-

221 4152 386 4198 nore,
427 4136 517 4204 qui
567 4136 619 4189 in
673 4137 838 4190 barba
895 4137 1233 4206 designatur,
1288 4137 1577 4202 incedere,
1625 4140 1810 4193 adole-

222 4228 459 4282 scentiaa
492 4227 642 4280 vitiis
676 4227 986 4295 impeditus,
1018 4226 1226 4295 lepram
1264 4228 1448 4281 barba:
1486 4230 1810 4298 perpetitur.

223 4319 515 4386 Mulierem
565 4326 746 4372 autem
820 4319 1056 4372 animam
1115 4318 1168 4372 in
1228 4320 1528 4388 Scripturis
1585 4320 1816 4374 indicari

223 4425 380 4474 eam,
424 4426 542 4480 qua:
591 4426 698 4463 non
742 4419 851 4462 tam
908 4411 1154 4479 proferre
1201 4427 1385 4466 semen
1433 4413 1602 4476 verbi,
1653 4428 1815 4482 quam

225 4501 517 4568 suscipere
569 4509 769 4569 potest,
817 4515 959 4568 sazpe
1007 4501 1213 4553 dictum
1257 4509 1378 4564 est;
1431 4517 1551 4569 qua:
1605 4501 1811 4571 lepram

227 4593 444 4645 habere
496 4591 814 4659 designatur
862 4591 914 4644 in
969 4593 1165 4659 capite,
1206 4593 1248 4645 si
1285 4593 1462 4644 virum
1503 4593 1594 4661 qui
1650 4604 1816 4658 caput

227 4681 485 4736 mulieris
529 4691 636 4746 est,
669 4681 720 4734 id
757 4689 842 4734 est
897 4681 1174 4735 doctorem
1215 4682 1478 4748 pollutum
1516 4683 1712 4735 habeat
1764 4693 1818 4736 et

225 4771 613 4835 immundum,
665 4779 722 4821 ut
756 4769 1116 4836 Marcionem,
1168 4778 1264 4822 aut
1317 4769 1684 4835 Valentinum,
1723 4781 1818 4824 aut

229 4864 476 4929 aliquem
508 4861 769 4928 ejusmodi
798 4875 1052 4928 sequens.

305 4954 400 5007 10.
438 4953 601 5007 Sexta
645 4953 756 5020 jam
785 4961 841 5006 et
883 4953 1072 5006 ultima
1124 4953 1336 5022 species
1372 4953 1534 5020 lepra:
1576 4955 1816 5022 ponitur,

224 5059 359 5115 qua:
407 5045 466 5097 iit
512 5045 566 5097 in
610 5044 824 5098 calvitie
871 5045 954 5097 vel
1021 5044 1300 5099 recalvitic
1347 5043 1516 5114 (54);
1561 5061 1678 5112 quae
1737 5061 1824 5099 res

227 5145 506 5204 quantum
552 5136 603 5189 in
663 5135 861 5204 seipsis
909 5144 1045 5198 est,‘
1079 5137 1292 5189 mundae
1337 5144 1481 5189 sunt.
1534 5136 1625 5190 Sic
1675 5138 1822 5190 enim

236 5226 412 5295 233
445 5227 576 5278 dixit
606 5240 660 5279 et
690 5228 807 5280 lex:
852 5244 869 5276 ι
894 5225 951 5279 Si
1003 5224 1178 5294 cujus,
1218 5226 1393 5296 inquit
1430 5227 1468 5290 ί,
1502 5226 1822 5281 deﬂuxerint

229 5317 430 5385 capilli
465 5317 682 5385 capitis,
714 5317 900 5371 calvus
926 5327 1030 5381 est,
1086 5317 1318 5372 mundus
1343 5327 1448 5372 est.
1489 5318 1547 5371 Si
1577 5332 1757 5372 autem
1791 5332 1820 5370 a

310 5454 364 5486 ’9
403 5451 558 5507 Joan.
586 5469 641 5518 v,
668 5455 756 5510 Η.
836 5455 853 5487 ⁵
875 5455 1047 5510 Levit.
1077 5469 1197 5518 χιιι,
1229 5453 1319 5508 40.
1394 5457 1414 5487 ³
1446 5455 1572 5508 ibid.
1615 5453 1707 5507 45.

323 5571 438 5641 (33)
477 5571 658 5627 Codex
692 5575 1002 5643 Sangerm.,
1044 5593 1062 5625 ι
1091 5585 1146 5628 et
1175 5577 1278 5631 hoc
1308 5575 1437 5631 dicit
1466 5588 1585 5630 esse
1615 5577 1818 5643 lepram

235 5635 374 5710 quis:
399 5635 448 5692 in
481 5644 766 5696 adustione
795 5635 1110 5698 eliiornerit.
1137 5664 1155 5696 ι

322 5710 437 5781 (55)
476 5710 630 5765 Libb.
663 5713 818 5779 editi,
855 5733 873 5764 ι
905 5714 1126 5768 calvitio
1156 5713 1238 5766 vel
1269 5714 1683 5769 recalvatione.»
1719 5714 1822 5769 Sed

242 5781 431 5836 codex
468 5782 751 5847 Sangcrm.
777 5793 830 5839 et
861 5784 952 5838 alii
983 5793 1040 5838 ut
1068 5783 1121 5837 in
1150 5795 1336 5840 nostro
1368 5793 1540 5840 textu.

1786 5454 1806 5485 ³
1830 5455 1969 5512 Psal.
2010 5471 2058 5517 L,
2095 5456 2182 5512 l6.

1912 3324 2164 3394 lcprosus
2219 3323 2342 3387 iste,
2428 3336 2488 3374 os
2525 3323 2899 3376 tantummodo
2943 3319 3166 3389 jubetur
3207 3319 3491 3386 obtegere.

1912 3410 2053 3476 Quid
2097 3419 2178 3463 est
2226 3410 2328 3464 hoc
2366 3411 2510 3478 quod
2555 3424 2747 3464 omnes
2801 3409 3046 3478 corporis
3079 3415 3262 3477 partes
3322 3408 3494 3460 nudas

1921 3499 2126 3554 habere
2153 3499 2491 3568 praecipitur,
2543 3508 2600 3552 et
2643 3514 2706 3553 os
2749 3499 2922 3553 solum
2971 3501 3184 3565 operire
3221 3496 3496 3567 jubetur?

1917 3586 2110 3641 Nonne
2147 3585 2323 3655 palam
2351 3595 2435 3640 est
2472 3596 2526 3640 et
2556 3587 2606 3640 in
2646 3598 2834 3654 aperto
2861 3586 3117 3655 positum,
3157 3586 3299 3652 quod
3331 3586 3376 3639 ei
3401 3585 3493 3652 qui

1917 3677 1971 3730 in
2014 3677 2162 3746 lepra
2188 3677 2400 3746 peccati
2436 3687 2538 3740 est,
2566 3677 2842 3731 clauditur
2872 3691 3075 3740 sermo,
3108 3675 3381 3730 clauditur
3408 3690 3495 3740 os,

1919 3779 1977 3822 ut
2004 3769 2201 3823 ﬁducia
2232 3770 2506 3824 sermonis
2535 3777 2591 3822 et
2625 3768 2853 3822 docendi
2902 3769 3202 3822 auctoritas
3233 3766 3494 3821 excluda-

1921 3859 2046 3912 tnr‘i
2089 3877 2107 3909 ι
2144 3858 2422 3913 Peccatori
2453 3859 2598 3914 enim
2639 3859 2779 3912 dixit
2804 3859 2944 3912 Deus
2977 3875 2991 3913 :
3035 3858 3214 3924 Quare
3244 3866 3300 3911 tu
3335 3871 3495 3911 enar-
3565 3905 3569 3908 .

1922 3967 2012 4005 ras
2041 3949 2284 4018 justitias
2316 3964 2487 4015 meas,
2522 3958 2577 4002 et
2613 3948 2848 4003 assumis
2896 3957 3281 4002 testamentum
3315 3960 3496 4000 meum

1921 4058 2015 4112 per
2045 4058 2107 4111 os
2136 4055 2283 4098 tuum
2320 4043 2339 4074 ³
2364 4045 2388 4098 ?
2410 4041 2700 4098 iClausum
2730 4057 2858 4112 ergo
2891 4042 3092 4096 habeat
3125 4059 3185 4096 os
3219 4051 3498 4112 peccator,

1921 4132 2050 4201 quia
2082 4131 2171 4200 qui
2199 4131 2436 4200 seipsmn
2467 4145 2573 4184 non
2607 4130 2812 4193 docuit,
2838 4131 3035 4186 docere
3056 4130 3220 4184 aliutn
3263 4145 3369 4185 non
3403 4143 3502 4199 po-

1925 4233 2058 4278 test:
2085 4224 2207 4276 ideo
2225 4237 2285 4276 os
2313 4237 2469 4276 suum
2489 4221 2708 4290 jubetur
2724 4222 2962 4289 operire,
2983 4222 3073 4290 qui
3105 4221 3246 4275 male
3268 4220 3499 4290 agendo,

1925 4314 2175 4383 loquendi
2215 4313 2449 4382 perdidit
2479 4313 2808 4366 libertatem.
2833 4331 2852 4363 ι
2879 4312 3212 4376 lmmundus,
3258 4311 3499 4380 inquit",

1928 4405 2056 4468 erit,
2107 4413 2162 4458 et
2196 4412 2476 4472 separatus
2523 4402 2732 4456 sedebit
2779 4401 2930 4465 foris,
2974 4411 3131 4456 extra
3166 4413 3344 4458 castra
3397 4401 3503 4456 erit

1926 4496 2271 4550 conversatio
2301 4492 2438 4560 ejus.
2477 4511 2494 4544 ι
2539 4493 2758 4548 Clarum
2793 4494 3036 4561 estquod
3060 4494 3236 4546 onmis
3263 4493 3500 4546 immun-

1928 4588 2031 4641 dus
2058 4587 2345 4655 abjiciatur
2366 4604 2392 4640 ιι
2423 4595 2694 4641 conventu
2722 4583 3007 4649 bonorum,
3037 4593 3093 4638 et
3125 4593 3446 4655 segregetur
3471 4601 3501 4639 ιι

1927 4690 2096 4744 ςωῑιι,
2151 4680 2456 4748 castrisque
2514 4687 2857 4742 sanctorum;
2915 4683 2970 4729 et
3021 4677 3144 4731 ideo
3180 4677 3333 4740 dicit,
3372 4675 3500 4745 quia

1927 4783 2080 4826 extra
2127 4781 2308 4825 castra
2354 4769 2459 4823 erit
2493 4767 2835 4822 conversatio
2871 4764 3006 4832 ejus.
3049 4767 3202 4832 Quod
3263 4767 3308 4821 si
3359 4765 3504 4821 forte

1931 4863 2220 4916 mundatus
2253 4860 2433 4923 fuerit,
2475 4868 2670 4928 sponte
2700 4858 2942 4926 quidem,
2990 4872 3021 4912 a
3065 4859 3361 4928 semetipso
3395 4873 3503 4913 non

1929 4954 2077 5007 venit
2102 4952 2164 5006 ad
2198 4954 2540 5008 sacerdotem
2573 4969 2588 5017 ;
2628 4953 2720 5006 sed
2765 4947 3010 5013 ollertur,
3051 4952 3248 5022 inquit,
3276 4948 3345 5004 ab
3372 4948 3502 5014 alio,

1927 5059 2026 5098 nec
2061 5045 2228 5098 intrat
2277 5043 2330 5098 in
2359 5054 2559 5098 castra.
2590 5043 2779 5111 Neque
2809 5044 2956 5098 cnim
2989 5043 3317 5099 conveniens
3357 5047 3499 5105 erat,

1927 5147 1988 5191 ut
2016 5151 2077 5190 ea
2105 5137 2192 5190 die
2227 5151 2332 5206 qua
2365 5137 2748 5202 mundabatur,
2803 5139 3118 5207 priusquam
3170 5135 3365 5188 ﬁerent
3402 5146 3502 5201 pro

1928 5240 1991 5280 eo
2024 5241 2144 5298 qua:
2175 5227 2586 5294 competebant,
2639 5232 2889 5286 introiret
2933 5230 2988 5283 in
3024 5235 3227 5282 castra.
3275 5222 3505 5292 Pr0ptel'

1921 5321 2068 5392 quod
2092 5340 2107 5369 ι
2134 5322 2410 5386 sacerdos,
2446 5321 2870 5391 iuquit',exibit
2898 5321 2965 5375 ad
3003 5335 3129 5375 eum
3163 5318 3310 5372 foras
3344 5323 3502 5368 extra

2261 5453 2462 5509 "Levit.
2495 5469 2614 5520 xm,
2642 5454 2731 5509 46.
2809 5454 2829 5486 ⁵
2858 5453 3036 5508 Levit.
3069 5467 3180 5516 xiv,
3213 5451 3268 5505 8.

2004 5578 2115 5648 (55)
2159 5579 2315 5633 Libb.
2369 5587 2528 5648 antea
2575 5575 2702 5630 editi
2727 5618 2749 5648 4,
2787 5593 2806 5626 ι
2849 5574 3172 5648 repullulare
3230 5573 3502 5642 cmperint

1932 5642 2205 5705 sordidius
2375 5647 2698 5701 videbuntur
2725 5642 3020 5707 immunda,
3056 5658 3119 5696 ac
3145 5642 3436 5712 leprosum,
3476 5661 3497 5696 ι

1933 5729 2040 5774 cte.
2079 5718 2305 5773 Codices
2330 5731 2460 5771 vero
2483 5731 2612 5770 mss.
2640 5723 2695 5768 ut
2722 5715 2775 5768 in
2804 5724 2988 5768 nostro
3029 5721 3197 5771 textu.
