3876 6534
427 346 534 402 505
1855 346 2180 404 ORIGENIS
3572 349 3672 402 5M

426 472 628 519 castra.
680 481 698 514 ι
740 462 963 529 Semper
985 461 1127 516 enim
1157 460 1222 514 ad
1252 475 1372 515 eum
1398 461 1490 531 qui
1545 461 1785 517 nondum
1820 471 1998 533 potest
2026 467 2073 524 Α
2102 480 2209 520 non
2253 464 2369 532 ipse
2393 463 2649 518 sacerdos
2681 461 2966 518 immolare
2997 460 3254 531 gallinam
3283 460 3508 520 dicitur,
3543 475 3674 511 non-

436 553 661 607 introire
687 552 740 606 in
773 558 977 616 castra,
1010 549 1125 603 exit
1154 549 1242 604 ille
1291 552 1380 619 qui
1424 559 1602 620 potest
1647 552 1799 606 exire
1842 563 1995 606 extra

427 654 630 706 castra,
673 641 764 710 qui
806 641 935 694 d-icit
961 640 981 671 °
1015 655 1028 692 :
1062 658 1080 691 ι
1121 638 1232 710 Ego
1273 656 1301 694 a
1345 642 1454 697 Deo
1481 643 1650 707 exivi,
1693 653 1747 696 et
1789 645 1909 697 veni
1941 643 1994 696 in

431 735 573 786 hunc
604 731 882 787 mundum.
914 747 932 781 ι
962 730 1086 783 Exit
1109 744 1238 799 ergo
1256 732 1322 785 ad
1349 747 1468 786 cum
1492 733 1769 797 sacerdos,
1792 742 1845 789 et
1869 749 1996 788 con-

427 822 702 877 sideratsi
738 822 853 892 jam
896 822 1098 891 recepit
1127 824 1436 890 sanitatem,
1469 825 1570 879 sia
1607 825 1770 893 lepra:
1804 836 1994 880 conta-

426 913 587 981 gione
613 921 873 981 purgatus
902 921 1006 964 est.
1051 908 1186 965 Cum
1223 923 1401 966 autem
1433 915 1632 968 viderit
1665 929 1788 968 eum
1813 929 1994 969 sacer-

425 1003 550 1068 dos,
583 1005 831 1073 prtecipit
863 1024 881 1057 ι
927 1015 985 1060 υι
1009 1007 1348 1076 accipiantur
1371 1006 1488 1060 duae
1518 1007 1732 1077 gallina:
1761 1007 1915 1069 vivai,
1945 1009 1991 1061 ei

426 1095 518 1165 qui
544 1097 854 1164 mandatur,
886 1106 942 1152 et
983 1098 1186 1167 lignum
1228 1097 1528 1163 cedrinum,
1573 1107 1627 1151 et
1658 1113 1854 1153 coccus
1886 1109 1995 1152 tor-

426 1197 533 1253 tus,
573 1195 628 1241 et
656 1187 926 1257 hyssopus
947 1188 990 1242 ’.
1023 1206 1042 1240 ι
1089 1187 1348 1241 Videntur
1383 1183 1510 1240 mihi
1553 1187 1716 1241 etiam
1747 1189 1834 1242 hic
1873 1189 1992 1241 duae

425 1280 541 1334 istaa
555 1279 792 1348 gallinae,
819 1277 1019 1334 habere
1040 1278 1447 1333 similitudinem
1464 1279 1747 1347 quamdam
1761 1280 1987 1334 duorum

423 1370 725 1434 hircorum,
777 1383 842 1424 ex
884 1370 1078 1438 quibus
1111 1384 1250 1424 unus
1285 1369 1512 1424 Domino
1539 1368 1796 1436 offertur,
1852 1372 1988 1426 alius

423 1460 479 1515 in
525 1474 767 1514 eremum
802 1461 1107 1527 emittitur;
1159 1461 1231 1514 ita
1265 1461 1407 1515 enim
1451 1470 1507 1516 et
1538 1461 1625 1516 hic
1672 1477 1737 1515 ex
1783 1461 1988 1516 duabus

421 1550 642 1621 gallinis
673 1565 774 1604 una
816 1550 1129 1605 immolatur
1153 1592 1168 1614 ,
1193 1559 1246 1604 et
1271 1551 1377 1604 alia
1408 1552 1459 1605 in
1487 1566 1733 1622 campum
1759 1552 1986 1607 dimitti-

423 1650 533 1695 tur.
565 1638 664 1694 Dat
696 1653 825 1707 ergo
849 1648 904 1694 et
932 1639 1020 1694 hic
1050 1639 1138 1708 qui
1181 1650 1439 1707 purgatur
1467 1655 1494 1692 a
1528 1639 1672 1708 lepra
1704 1681 1719 1704 ,
1752 1641 1984 1708 aliquam

422 1738 630 1797 partem
663 1728 1080 1798 quteahjiciatur
1114 1730 1163 1783 in
1195 1743 1472 1782 eremum:
1500 1729 1604 1782 alia
1631 1739 1807 1784 autem
1838 1746 1983 1798 pars,

2101 555 2226 609 dum
2260 554 2402 608 enim
2433 553 2625 624 dignus
2654 561 2735 605 est
2765 552 2851 604 hic
2880 551 2970 618 qui
3002 551 3103 603 fuit
3157 551 3428 617 leprosus,
3474 558 3532 599 ut
3563 549 3672 616 ipse

2100 643 2356 699 sacerdos
2387 657 2482 710 pro
2505 655 2568 694 eo
2599 640 2862 694 immolet.
2892 639 3119 710 Propter
3148 641 3288 710 quod
3322 656 3424 694 nec
3450 640 3672 707 sanguis

2099 735 2311 805 gallinae
2332 731 2559 786 offertur
2589 732 2652 784 ad
2693 732 2900 794 altare,
2935 733 3028 785 sed
3060 733 3188 785 dicit
3222 731 3344 799 quia
3386 732 3668 783 occidetur

2097 827 2296 896 gallina
2326 824 2378 876 in
2404 821 2625 877 vasculo
2657 820 2805 874 fictili
2838 859 2852 884 ,
2889 819 2939 872 in
2972 835 3080 889 quo
3116 833 3241 873 vase
3273 834 3417 886 aqua
3457 819 3579 869 viva
3603 817 3669 870 sit

2098 917 2290 978 missa,
2331 924 2389 968 ut
2425 924 2477 967 et
2509 927 2644 983 aqua
2683 921 2994 964 assumatur
3017 911 3082 962 ad
3110 908 3588 975 purificationem,
3618 916 3668 958 et

2097 1004 2432 1074 compleatur
2464 1001 2743 1072 plenitudo
2769 997 3009 1068 mystcrii
3043 997 3092 1049 in
3117 1012 3253 1064 aqua
3283 1006 3338 1049 et
3374 995 3666 1062 sanguine,

2097 1098 2238 1168 quod
2277 1097 2479 1152 dicitur
2511 1093 2691 1148 exisse
2721 1093 2785 1145 de
2811 1089 2983 1142 latere
3014 1087 3317 1144 Salvatoris
3345 1089 3416 1148 ".
3453 1098 3512 1144 ct
3543 1087 3670 1142 illud

2097 1191 2446 1246 nihilominus
2477 1190 2619 1257 quod
2650 1188 2888 1247 Joannes
2919 1191 3069 1260 ponit
3111 1193 3160 1243 in
3198 1183 3444 1257 Epistula
3478 1193 3576 1276 sua
3606 1179 3665 1243 ",

2095 1290 2149 1334 et
2179 1280 2310 1333 dicit
2345 1278 2776 1348 purificationem
2835 1279 2948 1332 fieri
2992 1280 3045 1332 in
3075 1291 3238 1343 aqua,
3269 1283 3326 1326 et
3359 1281 3665 1337 sanguine,

2093 1381 2148 1425 et
2188 1373 2400 1441 spiritu.
2439 1369 2590 1425 Unde
2620 1379 2675 1425 et
2714 1371 2800 1423 hic
2831 1370 2987 1424 video
3029 1369 3210 1423 omnia
3249 1365 3350 1418 ista
3376 1359 3662 1428 compleri.

2095 1465 2330 1534 Spiritus
2365 1464 2509 1518 enim
2551 1473 2634 1518 est
2682 1463 2879 1533 gallina
2915 1461 3069 1515 istius
3104 1474 3224 1527 quae
3273 1454 3570 1514 occiditur,
3615 1459 3665 1503 et

2092 1573 2230 1626 aqua
2261 1557 2377 1611 viva
2410 1570 2528 1624 quae
2549 1556 2599 1610 in
2622 1570 2752 1609 vase
2781 1567 2884 1620 εει,
2903 1562 2957 1607 et
2985 1552 3206 1621 sanguis
3227 1549 3316 1617 qui
3355 1560 3527 1613 super
3551 1558 3662 1597 eam

2092 1647 2316 1703 diffusus
2355 1657 2457 1709 est,
2492 1662 2593 1700 non
2621 1646 2762 1716 quod
2799 1661 2894 1715 per
2934 1647 3048 1699 haec
3077 1644 3378 1696 iterandam
3412 1635 3663 1703 baptismi

2093 1739 2315 1809 gratiam
2351 1737 2668 1800 sentiamus,
2705 1736 2799 1790 sed
2825 1735 2966 1803 quod
2996 1733 3173 1788 omnis
3196 1729 3510 1800 purificatio
3541 1741 3662 1796 pec-

419 1819 648 1873 Domino
667 1817 890 1872 offertur
921 1833 1017 1887 pro
1039 1832 1123 1872 eo.
1146 1817 1391 1870 Nondum
1424 1825 1602 1871 tamen
1629 1819 1720 1872 hic
1743 1819 1834 1887 qui
1854 1834 1984 1888 pur-
2012 1800 2062 1880 Β
2093 1800 2359 1894 calorum,
2382 1828 2544 1882 etiam
2576 1828 2687 1880 haec
2707 1843 2825 1897 qua:
2843 1800 2946 1896 iper
2970 1822 3344 1895 paenitentiam
3375 1818 3661 1889 quaeritur.

419 1919 578 1979 gatur
600 1925 626 1962 ιι
645 1909 815 1979 lepra,
830 1918 882 1962 et
902 1907 1054 1987 oﬂ‘ert
1071 1907 1324 1974 gallinas,
1342 1908 1502 1963 etiam
1526 1908 1668 1963 illam
1688 1909 1854 1979 ipsam
1872 1910 1984 1980 (56)

420 2013 542 2066 quae
605 2013 702 2069 pro
753 2013 818 2052 eo
877 1997 1104 2051 Domino
1162 1996 1422 2062 offertur,
1482 1999 1546 2052 ad
1609 1999 1780 2054 altare
1830 1999 1985 2054 oflert

419 2087 563 2140 sicut
588 2095 860 2149 turtures,
898 2093 993 2138 aut
1015 2083 1317 2139 columbas.
1347 2085 1596 2140 Nondum
1627 2088 1770 2141 enim
1798 2088 1981 2142 eadetn

417 2177 504 2229 die
535 2176 581 2228 is
622 2176 715 2243 qui
757 2183 1019 2245 purgatur
1068 2190 1096 2227 a
1149 2174 1318 2244 lepra,
1365 2177 1545 2229 divino
1598 2178 1753 2230 altari
1791 2180 1981 2248 dignus

416 2265 665 2320 eflicitur.
701 2263 932 2332 Propter
967 2265 1112 2334 quod
1142 2267 1362 2320 mandat
1388 2266 1684 2336 lcgisialor,
1711 2278 1769 2321 ut
1793 2272 1980 2324 eadem

416 2357 506 2410 die
534 2369 639 2425 qua
675 2365 956 2425 purgatur,
991 2354 1332 2425 accipiantur
1355 2357 1470 2411 duae
1495 2358 1704 2427 gallinae
1734 2360 1798 2413 ad
1828 2363 1978 2428 puri-

414 2447 723 2503 ficationem
746 2447 884 2514 ejus.
933 2445 1072 2502 Puto
1104 2457 1288 2502 autem
1319 2449 1456 2516 quod
1497 2459 1552 2503 et
1585 2451 1671 2504 hic
1699 2451 1842 2506 illius
1867 2453 1980 2522 gal-

411 2543 535 2598 lina:
567 2543 876 2598 intellectus
903 2541 1136 2596 latenter
1164 2542 1451 2608 habeatur,
1477 2559 1571 2612 per
1603 2559 1760 2612 quam
1795 2547 1980 2614 purifi-

411 2634 556 2687 catio
606 2633 842 2688 efficitur
891 2636 1219 2704 peccatoris,
1255 2635 1321 2689 de
1363 2651 1466 2704 qua
1503 2636 1762 2704 scriptum
1803 2646 1885 2691 est
1914 2638 1972 2689 δε

417 2743 436 2776 ι
473 2727 698 2792 Quoties
729 2727 872 2781 volui
901 2741 1236 2797 congregare
1267 2726 1413 2780 ﬁlios
1437 2735 1577 2791 tuos,
1611 2728 1751 2782 sicut
1782 2729 1975 2798 gallina

411 2824 709 2885 congregat
741 2816 913 2884 pullos
957 2832 1085 2872 suos
1132 2818 1232 2871 sub
1275 2815 1377 2870 alis
1410 2815 1548 2881 suis,
1576 2824 1630 2870 et
1653 2815 1871 2870 noluisti
1905 2816 1969 2870 ἲ»

412 2910 625 2980 indiget
659 2921 840 2966 tamen
879 2920 933 2966 ut
963 2925 1062 2980 per
1101 2911 1305 2979 lignum
1345 2909 1625 2964 cedrinum
1662 2910 1978 2979 put-ilicetur

411 3003 457 3056 is
480 3003 569 3070 qui
595 3002 933 3070 purificatur.
961 3002 1297 3072 impossibile
1318 3015 1554 3068 namque
1573 3013 1655 3056 est
1683 3003 1799 3056 sine
1831 3001 1975 3070 ligno

2093 1921 2235 1974 illius
2270 1933 2372 1989 ope
2435 1919 2670 1986 indiget,
2723 1919 2790 1972 de
2824 1916 2976 1985 cujus
3012 1915 3180 1968 latere
3215 1926 3350 1980 aqua
3395 1909 3663 1978 processit

2089 2020 2144 2065 et
2175 2011 2419 2078 sanguis.
2458 2009 2586 2063 V'ide
2617 2023 2746 2078 ergo
2786 2007 3060 2078 quomodo
3086 2015 3143 2060 et
3186 2004 3308 2057 viva
3339 2001 3588 2072 gallina,
3612 2007 3662 2054 et

2091 2101 2293 2170 lignum
2317 2100 2626 2163 cedrinum,
2659 2109 2711 2153 et
2734 2099 3014 2154 coccinum
3048 2106 3276 2159 tortum,
3303 2104 3360 2150 et
3393 2096 3661 2164 hyssopus

2091 2192 2314 2260 tingitur
2342 2191 2394 2244 in
2426 2190 2692 2258 sanguine
2749 2189 2879 2258 pulli
2917 2198 2973 2244 et
3003 2203 3138 2258 aqua
3175 2188 3319 2251 viva,
3351 2194 3414 2239 ut
3443 2199 3518 2238 ex
3565 2184 3657 2239 hoc

2088 2295 2364 2350 aspersus,
2399 2289 2455 2336 et
2480 2281 2795 2349 purificatus
2821 2295 2888 2334 ex
2919 2294 3056 2348 aqua
3079 2288 3134 2332 et
3159 2278 3454 2343 sanguine,
3483 2275 3540 2328 in
3560 2291 3657 2343 quo

2088 2375 2250 2429 tincta
2267 2385 2351 2429 est
2368 2385 2423 2429 et
2438 2374 2524 2427 illa
2541 2373 2734 2442 gallina
2755 2388 2873 2442 quae
2888 2373 2938 2426 iu
2956 2386 3204 2440 campum
3223 2369 3350 2424 emit
3364 2369 3504 2422 titur
3526 2367 3654 2435 (38),

2085 2479 2140 2522 et
2165 2467 2364 2536 septies
2408 2477 2600 2522 contra
2641 2465 2923 2518 Dominum
2966 2477 3268 2532 respersus,
3298 2462 3343 2516 is
3379 2461 3475 2530 qui
3511 2462 3654 2529 puri-

2088 2559 2281 2612 ficatur
2312 2558 2545 2611 mundus
2567 2555 2837 2609 efficiatur
2870 2555 2939 2608 ah
2966 2551 3518 2617 omniimmunditia,
3557 2567 3650 2621 qua

2085 2651 2262 2705 fuerat
2285 2665 2350 2703 ex
2385 2649 2546 2716 lepra:
2579 2648 2900 2716 contagione
2927 2660 3232 2712 possessus.

2168 2737 2256 2789 Η.
2301 2735 2405 2789 Sed
2432 2744 2486 2789 et
2511 2733 2638 2787 illud
2669 2735 2908 2797 adverte,
2941 2733 3209 2802 quomodo
3237 2745 3362 2785 cum
3415 2733 3658 2797 superius

2094 2825 2298 2880 dixerit
2325 2825 2368 2855 η
2396 2841 2407 2876 :
2450 2844 2467 2874 ι
2508 2821 2631 2876 llaec
2658 2822 2741 2875 lex
2773 2822 2968 2890 leprosi
3018 2822 3071 2874 in
3117 2836 3220 2889 qua
3255 2819 3342 2874 die
3371 2821 3656 2875 mundatus

2095 2917 2276 2975 fuerit,
2304 2933 2321 2966 ι
2347 2930 2488 2968 nunc
2519 2914 2601 2966 his
2630 2912 2882 2965 omnibus
2903 2913 3071 2977 addit,
3096 2920 3149 2967 et
3174 2911 3342 2964 dicit;
3379 2929 3399 2962 ι
3433 2921 3492 2965 et
3516 2927 3654 2964 mun-

2094 3008 2192 3063 dus
2225 3007 2349 3062 erit.
2384 3026 2404 3058 ι
2436 3006 2490 3061 Si
2523 3005 2668 3058 enim
2699 3004 2870 3058 semel
2903 3004 3108 3073 abjecta
3156 3002 3304 3071 lepra
3359 3003 3652 3057 mundatus

406 3095 609 3161 crucis,
645 3095 849 3164 peccati
889 3094 1088 3164 lepram
1125 3107 1280 3164 posse
1315 3092 1558 3162 purgari.
1590 3093 1693 3147 υἱεῖ
1719 3093 1975 3146 adhibea-
2002 3133 2044 3191 ρ
2083 3111 2184 3166 est,
2217 3102 2484 3171 quomodo
2515 3103 2691 3156 adhuc
2739 3105 2973 3158 mundus
3026 3102 3169 3157 erit?
3199 3101 3304 3155 Sed
3349 3100 3476 3153 vide
3525 3099 3643 3168 quia

413 3197 505 3241 tur
550 3197 605 3242 et
661 3187 864 3256 lignum
915 3187 966 3240 in
1019 3202 1126 3255 quo
1185 3185 1466 3250 Salvator,
1524 3185 1666 3239 sicut
1705 3185 1976 3254 apostolus

411 3279 612 3333 Paulus
664 3280 845 3333 dixit'
872 3279 1022 3332 exuit
1054 3297 1072 3329 ι
1109 3278 1481 3347 principatus,
1532 3286 1582 3331 et
1634 3284 1931 3344 potestates
1957 3319 1971 3344 ,

409 3370 750 3438 triumphans
771 3383 864 3423 eos
895 3369 948 3422 in
976 3368 1139 3435 ligno.
1166 3387 1184 3420 ι
1205 3366 1461 3436 Jungitur
1488 3378 1665 3420 tamen
1689 3368 1754 3421 ad
1785 3382 1976 3421 emun~

407 3461 682 3514 dationem
719 3458 881 3527 leprze
912 3457 1090 3525 hujus,
1126 3459 1289 3510 etiam
1331 3472 1525 3512 coccus
1557 3467 1750 3521 tortus,
1792 3460 1973 3512 socia-

405 3559 494 3601 tur
517 3557 572 3603 et
605 3548 888 3617 hyssopus.
936 3548 1139 3601 Coccus
1185 3555 1364 3600 tortus
1402 3545 1626 3616 figuram
1660 3548 1802 3602 sacri
1843 3563 1973 3603 san-

405 3638 582 3708 guinis
612 3638 878 3702 continet,
904 3637 995 3705 qui
1025 3635 1092 3692 de
1119 3636 1236 3705 ejus
1282 3636 1452 3690 latere
1493 3652 1593 3706 per
1619 3638 1822 3692 lancea:
1852 3638 1967 3692 vulo

401 3745 503 3783 nus
519 3739 737 3783 exortus
752 3739 852 3786 est.
872 3728 932 3782 Et
957 3729 1240 3798 hyssopus.
1268 3729 1378 3785 Hoc
1407 3745 1579 3800 genus
1602 3729 1781 3785 herbae
1807 3740 1968 3785 natu-

404 3836 524 3873 ram
546 3821 744 3874 habere
782 3821 976 3874 medici
1003 3819 1206 3883 ferunt,
1231 3831 1289 3875 ut
1311 3822 1482 3876 diluat
1500 3833 1555 3878 et
1576 3833 1837 3893 expurget
1857 3821 1968 3894 (57)

398 3917 442 3968 si
475 3928 595 3983 qua:
628 3913 734 3967 illa:
769 3913 972 3980 pectori
1003 3915 1280 3969 hominum
1307 3913 1494 3968 sordes
1524 3927 1589 3967 ex
1620 3916 1970 3982 corruptione

400 4009 548 4062 noxii
589 4007 1171 4060 humorisinsederint.
1207 4003 1358 4060 Unde
1381 4015 1436 4059 et
1466 4007 1772 4060 necessario
1797 4007 1850 4061 in
1877 4024 1970 4062 ex-

399 4097 718 4166 purgatione
739 4105 1100 4165 peccatorum,
1115 4095 1487 4166 hujuscemodi
1522 4099 1781 4165 graminis
1797 4099 1966 4166 figura

398 4196 649 4254 suscepta
674 4197 777 4240 est.
799 4184 1006 4242 Coccus
1037 4201 1166 4240 vero
1193 4183 1334 4254 quod
1368 4201 1510 4256 smpe
1534 4197 1778 4257 sumptus
1806 4192 1876 4244 sit
1897 4191 1965 4245 ad

399 4277 590 4333 salutis
619 4278 876 4341 subsidia,
909 4277 961 4331 in
989 4277 1188 4330 divinis
1218 4274 1404 4330 referri
1435 4277 1800 4334 voluminibus
1882 4282 1966 4336 in-

398 4370 664 4431 venimus,
702 4371 844 4423 sicut
874 4371 928 4423 in
968 4379 1126 4438 partu
1180 4371 1444 4436 Thamar,
1475 4388 1595 4426 cum
1628 4391 1646 4423 ι
1684 4387 1841 4437 unus,
1876 4373 1965 4426 in-

2077 3193 2291 3268 etianisi
2343 3194 2628 3246 mundetur
2658 3195 2778 3262 quis
2811 3208 2839 3246 a
2865 3203 3107 3263 peccato,
3136 3201 3190 3246 et
3212 3208 3318 3245 non
3346 3192 3422 3244 sit
3452 3189 3567 3256 jam
3592 3187 3643 3242 in

2077 3296 2240 3349 opere
2263 3282 2488 3350 peccati,
2512 3282 2626 3350 ipsa
2656 3293 2833 3338 tamen
2863 3283 3090 3350 vestigia
3119 3281 3346 3335 sceleris
3366 3276 3642 3332 commissi

2075 3370 2454 3439 purificatione
2486 3372 2746 3439 indigent,
2789 3383 2842 3426 et
2875 3387 2936 3425 ca
2971 3385 3132 3439 quam
3185 3368 3562 3438 exposuimus,
3594 3375 3642 3420 et

2075 3463 2196 3516 aliis
2224 3463 2574 3518 nihilominus
2589 3479 2708 3533 quae
2731 3464 3055 3518 mandantur
3081 3461 3192 3535 (59)
3223 3464 3273 3517 in
3307 3475 3635 3530 consequen-

2075 3554 2236 3608 tihus.
2285 3552 2704 3608 Observavimus
2759 3555 2901 3608 enim
2957 3556 3020 3608 ad
3053 3556 3152 3608 hoc
3203 3554 3345 3622 quod
3383 3551 3638 3620 scriptum

2073 3659 2158 3701 est
2197 3646 2262 3700 de
2297 3644 2467 3714 lepra,
2505 3662 2523 3695 ι
2565 3646 2749 3714 inqua
2789 3645 2877 3699 die
2913 3646 3200 3702 mundatus
3241 3642 3434 3706 fuerit,
3473 3661 3494 3694 ι
3529 3651 3632 3711 post

2073 3737 2188 3792 lucc
2234 3737 2380 3790 inter
2430 3748 2623 3792 caetera
2695 3751 2813 3804 quae
2885 3737 3242 3800 mandantur,
3331 3735 3499 3788 tertio
3558 3735 3630 3788 di-

2071 3836 2216 3880 ctum
2278 3839 2438 3887 esse,
2492 3843 2513 3876 ι
2565 3834 2617 3879 et
2654 3827 2886 3878 mundus
2960 3825 3102 3888 erit,
3156 3842 3174 3874 ι
3223 3832 3278 3876 et
3327 3822 3526 3876 iterum
3573 3827 3632 3874 ad

2070 3914 2320 3968 ultimum
2361 3915 2621 3985 scriptum
2663 3929 2816 3978 esse,
2860 3932 2880 3966 ι
2917 3923 2970 3967 et
3015 3913 3392 3966 mandabitur.
3433 3932 3451 3965 ι
3491 3911 3633 3967 Unde

2071 4003 2201 4058 mihi
2239 4004 2454 4058 videtur
2477 4017 2599 4058 esse
2626 4003 2890 4072 quasdam
2923 4011 2977 4058 et
3014 4003 3066 4056 in
3109 4003 3222 4072 ipsa
3257 4002 3632 4071 purificatiOne

2070 4091 2426 4157 differentias,
2459 4102 2534 4158 et,
2569 4100 2630 4146 ut
2674 4093 2747 4146 ita
2776 4091 3035 4155 dixerim,
3065 4090 3348 4160 profectus
3378 4092 3628 4158 quosdam

2070 4184 2480 4253 purgationum.
2529 4183 2717 4238 Potest
2770 4184 2911 4237 enim
2959 4185 3105 4236 etde
3140 4181 3227 4235 illo
3255 4181 3344 4249 qui
3397 4190 3628 4235 cessata

2074 4282 2303 4344 peccato
2336 4274 2467 4341 dici,
2508 4292 2526 4326 ι
2564 4283 2620 4328 ct
2646 4274 2876 4327 mundus
2914 4273 3038 4338 erit,
3070 4273 3197 4327 ised
3229 4272 3533 4326 noustatim
3560 4272 3626 4323 ita

2072 4365 2308 4420 mundus
2336 4365 2640 4428 videbitur,
2671 4375 2729 4418 ut
2769 4365 2835 4418 ad
2867 4380 3135 4418 summam
3170 4365 3424 4432 puritatis
3449 4379 3625 4417 acces-

397 4461 515 4529 quit
545 4460 610 4524 ‘°,
663 4461 813 4529 prior
867 4461 1089 4529 protulit
1135 4476 1371 4517 manum.
1420 4462 1704 4532 Accipiens
1776 4473 1959 4517 autem
1994 4467 2038 4522 Ῑ)
2069 4458 2225 4511 serit.
2257 4457 2499 4526 Denique
2530 4459 2680 4511 addit
2711 4457 2796 4510 his
2819 4472 2937 4525 qua:
2973 4456 3207 4520 dixerat,
3246 4473 3265 4505 ι
3304 4456 3355 4508 in
3399 4471 3627 4524 quacun-

397 4551 656 4605 obstetrix
698 4566 940 4615 coccmn,
981 4551 1224 4621 alligavit
1257 4553 1307 4605 in
1345 4568 1505 4606 manu
1555 4553 1702 4618 ejus,
1737 4553 1960 4607 dicens:

397 4639 495 4693 Hic
545 4639 706 4710 235.
739 4641 908 4694 exibit
965 4642 1134 4708 prior.
1177 4659 1196 4693 ι
1233 4639 1411 4694 Sedet
1448 4639 1637 4693 Rahah
1681 4641 1959 4700 meretrix,

395 4743 517 4781 cum
538 4729 912 4795 exploratores
935 4730 1280 4799 suscepisset,
1321 4739 1374 4784 et
1407 4740 1622 4797 pactum
1649 4728 1841 4784 salutis
1871 4744 1964 4784 ac-

395 4819 617 4885 ciperet,
651 4825 706 4870 et
728 4815 835 4870 illi:
875 4835 892 4868 ι
918 4816 1080 4880 Pone,
1125 4818 1371 4887 inquiunt
1408 4820 1473 4882 “,
1505 4818 1712 4888 signum
1743 4821 1966 4875 resticu-

395 4904 499 4957 lam
535 4904 868 4971 coccineam,
900 4916 955 4958 et
976 4907 1215 4976 alligahis
1245 4923 1364 4960 ram
1399 4910 1448 4960 in
1474 4909 1712 4962 fenestra
1744 4910 1843 4964 ista
1869 4926 1966 4979 per

393 5008 553 5062 quam
586 4993 876 5061 deposuisti
900 5009 1018 5048 nos.
1044 5012 1062 5044 ι
1089 4995 1326 5049 Observa
1358 5003 1534 5049 tamen
1564 5006 1618 5051 et
1644 4997 1794 5060 illud,
1818 4997 1964 5066 quod

463 5183 483 5212 ⁸
508 5181 661 5237 Joan.
687 5197 806 5245 XVI,
845 5183 934 5235 28.
1009 5183 1027 5211 ⁷
1054 5180 1220 5234 Levii.
1246 5197 1353 5240 xiv.
1385 5181 1438 5235 4.
1515 5184 1535 5215 ⁸
1577 5183 1762 5237 Matth.
1787 5184 1975 5248 χχιιιή

2131 5183 2150 5212 ⁸
2173 5179 2381 5236 Coloss.
2413 5196 2472 5244 ll,
2504 5181 2590 5235 15.
2669 5182 2711 5211 ¹⁰
2740 5179 2936 5235 Genos.
2988 5195 3218 5244 xxxvn.,
3243 5180 3338 5235 28.

2071 4563 2175 4614 que
2224 4548 2312 4602 die
2356 4549 2645 4602 mundatus
2690 4547 2872 4612 fuerit,
2914 4555 2967 4599 et
3001 4546 3298 4607 emittetur,
3350 4547 3526 4613 inquit
3564 4544 3623 4609 “,

2066 4639 2184 4692 viva
2216 4640 2411 4709 gallina
2446 4641 2498 4694 in
2546 4649 2890 4708 campum,et
2929 4637 3132 4691 lavabit
3162 4639 3491 4690 vestimenta
3513 4652 3623 4700 sua,

2075 4732 2121 4785 is
2153 4733 2244 4799 qui
2273 4731 2619 4800 purificatur.
2654 4750 2674 4782 ι
2711 4730 2839 4784 Post
2867 4731 2981 4784 haec
3015 4739 3244 4789 autem,t
3277 4744 3515 4790 omnem,
3553 4728 3623 4779 in-

2066 4823 2205 4890 quit,
2255 4823 2424 4891 pilum
2476 4823 2654 4876 radet.
2691 4841 2710 4874 ι
2749 4822 2814 4874 Ει
2860 4821 3058 4875 addit:
3096 4837 3116 4870 ι
3155 4829 3210 4874 et
3261 4817 3530 4872 lavabilur
3575 4819 3621 4872 in

2069 4927 2231 4980 aqua.
2268 4931 2288 4964 ι
2331 4913 2396 4965 Ει
2427 4921 2550 4980 post
2585 4915 2695 4966 lucc
2729 4913 2990 4966 additur:
3026 4931 3043 4962 ι
3080 4911 3146 4964 Ει
3178 4911 3412 4963 mundus
3448 4911 3561 4962 erit.
3599 4927 3617 4959 ι

2069 4998 2250 5068 Neque
2299 5000 2442 5052 enim
2498 4998 2694 5054 sufficit
2725 5001 2866 5067 quod
2905 5001 2958 5053 in
3012 4999 3360 5069 responsione
3423 4999 3620 5052 dixerat

3446 5183 3488 5213 ¹¹
3515 5177 3616 5236 los.

392 5270 456 5317 ιι,
486 5254 569 5306 id.
645 5253 688 5285 ¹¹
711 5249 866 5304 Joan.
893 5267 1005 5313 xIx,
1036 5252 1126 5306 54.
1203 5251 1245 5282 ¹³
1276 5251 1292 5302 l
1324 5251 1478 5304 Jnau.
1510 5269 1560 5308 ν.
1639 5254 1682 5284 ¹¹⁵
1709 5253 1878 5309 Levit.
1908 5271 1975 5308 χιι

2086 5292 2100 5305 .
2178 5251 2355 5305 "ibid.
2394 5251 2426 5303 7
2451 5260 2503 5304 et
2537 5264 2688 5318 seqq.

462 5369 573 5438 (56)
615 5366 791 5420 Etiam
820 5367 970 5438 illam
1024 5368 1211 5438 ipsum,
1249 5378 1354 5422 etc.
1400 5367 1490 5422 Sic
1524 5371 1722 5424 habent
1769 5387 1958 5425 omnes

391 5436 608 5492 codices
652 5451 784 5490 Iuss.
819 5436 1089 5508 In_antea
1125 5437 1286 5508 editis
1338 5438 1554 5506 legitur,
1578 5456 1608 5508 ίι
1643 5441 1811 5508 etiam
1841 5441 1957 5508 ipsa

393 5509 482 5558 illa
516 5520 634 5574 quae
666 5520 765 5572 pro
795 5520 860 5560 eo
893 5505 1121 5560 Domino
1143 5505 1403 5571 offertur,
1445 5508 1511 5561 ad
1540 5507 1711 5561 altare
1736 5505 1960 5562 offertur

390 5585 531 5627 810111»
562 5585 818 5638 turtures,
852 5584 947 5627 aut
973 5575 1258 5629 columbae.
1287 5595 1306 5627 ι

462 5645 572 5712 (57)
614 5644 912 5715 Hocgemts
943 5644 1117 5699 herba:
1155 5645 1620 5715 naturamqhabere
1645 5645 1830 5699 medici
1877 5647 1960 5715 fe-

395 5724 534 5774 runt,
578 5725 632 5765 ut
665 5713 834 5766 diluat
867 5724 915 5766 et
947 5724 1216 5784 expurget,
1260 5727 1365 5770 etc.
1400 5714 1454 5770 Id
1482 5730 1510 5768 a
1539 5715 1784 5784 pluritnis
1813 5713 1957 5770 astic-

2059 5371 2216 5429 ritur,
2255 5367 2432 5421 Plinio
2455 5383 2618 5436 sa>pe,
2649 5367 2978 5428 Dioscoride.
2999 5368 3227 5433 aliisque
3251 5383 3478 5434 quorum
3513 5368 3614 5421 loca

2059 5439 2266 5493 indicat
2342 5438 2643 5492 Cotelcrius
2696 5440 2748 5490 in
2797 5446 2909 5490 not.
2965 5439 3032 5490 ad
3081 5437 3296 5506 epistol.
3344 5437 3598 5490 Barnahc

2059 5523 2179 5574 cap.
2218 5509 2272 5561 8.

2149 5577 2237 5644 58)
2280 5575 2433 5638 Mss..
2467 5595 2486 5628 ι
2526 5576 2816 5630 emittitur.
2842 5593 2861 5627 ι
2879 5574 3036 5628 Lihh.
3056 5575 3208 5637 editi,
3234 5593 3253 5626 ι
3279 5576 3607 5629 dimittitur.»

2149 5577 2237 5644 58)
2280 5577 2433 5638 Mss..
2467 5595 2486 5628 ι
2526 5577 2816 5630 emittitur.
2842 5593 2861 5627 ι
2880 5577 3036 5628 Libh.
3056 5577 3208 5637 editi,
3234 5593 3253 5626 ι
3279 5577 3607 5629 dimittitur.»

2127 5577 2242 5716 (59)
2285 5645 2443 5716 Libb.
2495 5646 2648 5711 editi,
2703 5665 2722 5716 ι
2771 5644 2872 5697 alia
2907 5645 3262 5700 nihilominus
3309 5661 3428 5710 oua:
3471 5659 3610 5699 mau-

2057 5715 2234 5770 datur.
2271 5734 2289 5768 ›
2329 5715 2433 5770 Sed
2467 5729 2594 5770 mss.
2626 5725 2681 5768 ut
2711 5715 2762 5768 in
2801 5725 2986 5768 nostro
3013 5723 3184 5769 textu.
