3876 6520
164 413 247 469 ωε
1268 398 1334 452 ΙΝ
1375 394 1749 451 LEVITICUM
1787 395 2073 449 llOMlLIA
2109 395 2241 451 VIII.

3251 392 3357 450 506

165 554 181 586 ι
216 526 412 585 mundus
439 518 562 581 erit,
590 535 609 570 ι
632 517 732 571 nisi
766 516 1054 583 adjecisset
1088 516 1251 569 etiam
1279 516 1411 568 bare.
1448 514 1678 569 Sordida
1712 525 1754 575 Α
1786 528 1865 579 es,
1900 514 2021 566 vide
2055 527 2120 565 ne
2152 512 2292 564 ultra
2327 511 2524 581 capitis
2556 509 2848 566 contrahas
2874 510 3106 580 culpam.
3148 511 3355 583 Capitis

164 614 565 688 ergovestimeuta
600 608 786 661 habuit
817 624 985 676 usque
1016 608 1194 660 adhuc
1229 607 1350 668 iste,
1375 607 1464 672 qui
1491 606 1676 674 puriﬁ-

159 720 286 767 catur
311 721 338 759 a
362 705 514 770 lepra,
546 700 709 753 etiam
743 707 864 767 post
900 698 1295 764 aspersionem,
1333 704 1388 748 et
1426 713 1570 750 nunc
1603 698 1681 749 la-

160 818 266 857 Vare
292 814 343 853 ea
365 795 593 865 jubetur.
626 790 755 856 Quae
805 799 986 844 tamen
1014 794 1367 858 vestimenta,
1411 807 1515 845 non
1548 791 1676 845 mihi

154 909 236 965 per
253 887 412 943 omnia
444 883 593 937 mala:
624 891 855 935 texturae
896 883 1151 936 videnlur
1204 884 1393 939 fuisse.
1426 883 1679 950 Alioquin

158 983 370 1050 abjiciea
413 974 579 1042 magis
635 987 797 1041 quam
853 973 1024 1026 lavari
1082 975 1419 1044 praaciperet.
1481 974 1536 1028 In
1574 988 1678 1041 quo

151 1071 419 1131 ostenditur
449 1080 619 1134 neque
663 1080 760 1134 per
786 1066 968 1118 omnia
1004 1065 1238 1121 alienam
1272 1068 1439 1125 fuisse
1490 1086 1518 1124 a
1566 1072 1677 1124 Deo

151 1158 577 1221 conversationem
606 1154 743 1223 ejus,
775 1170 945 1223 neque
980 1170 1114 1223 pure
1134 1159 1355 1213 omnino
1383 1158 1494 1230 (40)
1518 1172 1568 1214 et
1597 1160 1678 1212 in-

151 1266 276 1323 legre
300 1246 633 1313 custoditam,
654 1262 758 1301 non
789 1247 930 1300 enim
952 1246 1163 1303 lavaret
1194 1251 1538 1317 vestimenta,
1573 1251 1676 1304 nisi

150 1347 347 1400 fuissent
396 1336 630 1400 sordida,
665 1350 763 1389 nec
805 1337 998 1390 iterum
1040 1337 1163 1393 lotis
1207 1342 1286 1394 eis
1318 1351 1596 1407 uteretur,
1630 1342 1673 1395 si

144 1435 342 1490 fuissent
372 1424 587 1479 teXIrini
614 1424 667 1477 in
696 1425 944 1479 omnibus
967 1426 1150 1481 alieni.
1183 1426 1334 1494 Quod
1359 1439 1537 1483 autem
1562 1430 1676 1484 radi

139 1526 331 1594 juhetur
366 1530 578 1571 omnem
618 1515 809 1583 pilum,
839 1525 968 1584 puto
1009 1519 1153 1586 quod
1205 1534 1365 1574 omne
1412 1520 1677 1589 quidquid

139 1609 341 1668 emortui
383 1607 557 1675 operis
587 1606 780 1659 anima:
810 1609 997 1673 posita:
1048 1608 1099 1660 in
1134 1611 1372 1675 peccatis
1422 1619 1673 1663 exortum

138 1715 209 1759 est
240 1704 353 1771 (hoc
381 1699 520 1753 enim
556 1712 697 1751 nunc
728 1698 820 1767 pili
854 1697 1268 1770 nominantur),
1295 1700 1549 1767 jubeatur
1580 1705 1676 1754 ab-

130 1798 299 1865 jicere.
324 1791 579 1845 Peccator
602 1790 744 1843 enim
776 1805 937 1845 omne
966 1791 1109 1860 quod
1138 1792 1188 1847 ei
1220 1792 1334 1845 sive
1367 1793 1418 1844 in
1443 1793 1671 1846 consilio

1785 604 1927 658 enim
1972 613 2249 673 peccatum
2277 611 2381 668 est,
2409 602 2567 656 aliter
2586 619 2745 671 quam
2779 603 2911 658 ﬁdes
2945 603 3199 659 Ecclesiae
3228 619 3356 658 con-

1786 695 1945 759 tinet,
1973 694 2040 747 de
2075 693 2276 747 divinis
2304 693 2513 746 sentire
2534 694 2896 761 dogmatibus.
2929 694 2985 747 In
3020 695 3186 749 barba
3203 709 3353 759 vero,

1784 794 1840 838 ut
1869 783 2172 837 tneniinerit
2218 796 2280 836 se
2326 782 2439 851 (ll)
2476 782 2653 836 virilis
2688 782 2865 836 aetatis
2886 783 3203 853 deposuisse
3233 797 3357 852 pec-

1781 885 1927 939 cata,
1954 882 2008 928 et
2040 887 2337 927 conversus
2394 874 2487 927 ﬁat
2541 873 2682 928 sicut
2718 874 2915 927 infans.
2949 872 3006 926 ln
3049 874 3355 943 superciliis

1781 976 1965 1019 autem
2016 966 2388 1032 arrogantiam
2419 964 2655 1032 dejiciat,
2685 973 2741 1017 et
2790 964 2931 1017 male
2963 964 3161 1017 elatum
3193 975 3251 1018 ut
3287 965 3352 1018 ad

1780 1058 2136 1111 humilitatem
2218 1056 2420 1110 Christi
2455 1056 2674 1109 inclinet
2699 1054 3071 1124 supercilium.
3102 1054 3353 1108 Secundo

1780 1164 1907 1215 ergo
1938 1150 2006 1199 ad
2032 1148 2172 1200 hunc
2190 1149 2402 1200 modum
2432 1147 2611 1199 omnis
2641 1144 2786 1214 pilus
2822 1146 3069 1213 corporis
3107 1146 3347 1202 raditur.

1782 1239 2009 1293 Etsieut
2064 1239 2179 1292 haec
2224 1239 2597 1307 geminantur,
2630 1238 2702 1290 ita
2738 1247 2791 1291 et
2816 1238 3140 1291 vestimenta
3185 1238 3349 1291 semel

1779 1334 1832 1388 in
1864 1338 2035 1401 prima
2073 1332 2452 1400 puriﬁcatione
2499 1330 2695 1383 lavisse
2738 1344 2845 1383 non
2878 1327 3098 1392 sufﬁcit,
3130 1331 3224 1383 sed
3257 1343 3348 1381 se-

1779 1425 1953 1479 cundo
1984 1424 2293 1492 przecipitur
2333 1432 2388 1475 ut
2421 1422 2564 1475 lavet
2597 1423 2921 1476 vestimenta
2943 1436 3039 1475 sua
3066 1433 3118 1475 et
3152 1437 3350 1490 corpus

1777 1531 1932 1571 suum
1959 1530 2125 1584 aqua,
2158 1525 2210 1568 et
2252 1525 2377 1568 tunc
2407 1525 2602 1584 quarto
2635 1515 2849 1568 additur
2872 1516 2939 1577 ",
2983 1533 3001 1565 ι
3036 1524 3089 1567 et
3117 1517 3348 1570 mundus

1776 1607 1899 1660 erit.
1936 1624 1954 1655 ι
1991 1604 2111 1658 Haec
2138 1614 2317 1659 autem
2349 1606 2482 1657 ﬁunt
2511 1606 2649 1658 intra
2696 1615 2873 1659 castra
2904 1606 3120 1674 quidem
3161 1608 3343 1675 posito

1775 1710 1861 1761 eo,
1891 1695 2071 1750 adhuc
2114 1705 2294 1749 tamen
2345 1704 2497 1749 extra
2531 1697 2748 1749 domum
2808 1710 2982 1750 suam.
3020 1698 3344 1763 Diciteuim,

1777 1794 1897 1852 post
1928 1794 2135 1853 septem
2160 1786 2276 1839 dies
2316 1803 2333 1835 ι
2373 1785 2539 1838 indie
2569 1793 2761 1838 octava
2796 1795 3037 1839 assumet
3071 1788 3171 1839 sibi
3207 1788 3346 1841 duos

134 1897 297 1940 natum
325 1889 425 1944 est,
456 1880 569 1933 sive
597 1880 648 1932 in
684 1880 873 1941 verbo,
916 1881 1029 1934 sive
1063 1882 1114 1933 in
1150 1897 1343 1950 opere.
1378 1882 1595 1949 expedit
1622 1883 1667 1935 si
1702 1853 1741 1906 Β
1774 1882 1959 1946 agnos.
2006 1895 2024 1928 ι
2056 1874 2171 1930 lam
2206 1891 2309 1929 non
2352 1876 2492 1929 alius
2533 1878 2783 1941 assumit,
2831 1878 2923 1931 sed
2978 1879 3090 1945 ipse
3123 1878 3221 1933 sibi
3258 1894 3348 1931 as-

133 1989 243 2028 vere
266 1970 531 2041 puriﬁcari
572 1969 708 2035 vult,
735 1981 794 2022 ut
829 1971 1039 2033 eradat,
1084 1979 1135 2024 et
1176 1971 1418 2041 abjiciat,
1452 1986 1549 2025 nec
1587 1987 1672 2026 re-

129 2062 489 2130 siderealiquid
511 2063 769 2129 patiatur.
796 2062 1033 2117 Sanctus
1064 2071 1242 2115 autem
1269 2077 1485 2116 servare
1512 2063 1672 2116 debet

128 2171 316 2213 clunem
365 2153 639 2223 capillum,
661 2162 718 2207 et
735 2154 777 2207 si
814 2153 1066 2222 possibile
1093 2164 1196 2216 est,
1246 2168 1347 2207 nec
1374 2154 1670 2208 ascendere

127 2248 267 2302 debet
300 2243 503 2299 ferrum
537 2257 704 2311 super
734 2253 894 2313 caput
924 2244 1040 2313 ejus
1060 2284 1074 2307 ,
1111 2258 1181 2298 ne
1211 2245 1529 2300 abscindere
1571 2245 1671 2298 ali-

126 2337 235 2406 quid
255 2334 317 2389 de
352 2334 773 2403 cogitationibus
801 2335 914 2388 suis
948 2334 1303 2402 sapientibus,
1338 2346 1431 2389 aut
1478 2335 1663 2402 dictis,

120 2442 202 2483 aut
226 2427 467 2495 eperibus
491 2428 688 2495 possit.
720 2425 848 2479 Inde
889 2425 1126 2494 denique
1163 2436 1270 2490 est,
1307 2428 1449 2495 quod
1481 2437 1532 2480 et
1563 2427 1667 2480 Sa-

123 2518 261 2573 utueli
295 2516 492 2570 ferrum
528 2516 732 2571 dicitur
752 2516 796 2547 ι’
820 2532 923 2571 non
954 2518 1262 2571 ascendisse
1280 2531 1442 2585 super
1467 2526 1628 2585 caput
1650 2535 1664 2573 :

118 2611 200 2663 sed
241 2619 291 2662 et
315 2608 573 2662 omnibus
599 2606 958 2668 Nazarzeis",
999 2608 1090 2683 qui
1144 2618 1271 2662 sunt
1316 2607 1473 2675 justi,
1531 2609 1659 2676 quia

114 2699 297 2767 justus,‘
323 2698 461 2752 sicut
508 2698 776 2765 scriptum
833 2706 914 2751 est
944 2698 1011 2761 ’⁸,
1046 2716 1065 2749 ι
1106 2698 1287 2752 omnia
1332 2712 1666 2767 quaecunque

118 2788 307 2852 fecerit,
334 2794 823 2856 prosperabuntur,
842 2799 895 2841 et
913 2787 1037 2841 folia
1067 2788 1184 2856 ejus
1210 2804 1315 2843 non
1349 2790 1659 2844 deciderit.»

116 2879 234 2933 Hinc
267 2889 319 2933 et
352 2878 743 2947 discipulorum
781 2878 990 2932 Domini
1031 2882 1197 2933 etiam
1239 2880 1420 2949 capilli
1471 2880 1664 2949 capitis

112 2971 344 3024 dicuntur
373 2984 497 3026 esse
541 2972 799 3025 numerati
834 2972 875 3003 ¹⁹
908 2992 919 3026 :
963 2972 1065 3026 hoc
1102 2982 1186 3026 est
1219 2988 1413 3026 omnes
1486 2984 1660 3034 actus.

110 3075 277 3114 omnes
304 3075 609 3125 sermones,
636 3075 831 3116 omnes
851 3060 1207 3129 cogitationes
1232 3078 1418 3116 eorum
1439 3077 1663 3116 servan-

111 3159 187 3203 tur
208 3150 339 3219 apud
374 3149 570 3211 Deum,
601 3148 726 3216 quia
752 3147 932 3216 justrc,
962 3150 1088 3218 quia
1121 3160 1325 3205 sanctae
1352 3160 1495 3205 sunt.
1528 3150 1663 3205 Pec—
1687 3188 1730 3244 ο

104 3252 327 3294 calorum
357 3254 490 3292 vero
521 3253 685 3293 omne
711 3254 865 3308 epus,
891 3242 1067 3295 omnis
1112 3256 1320 3306 sermo,
1352 3242 1529 3296 omnis
1572 3258 1662 3296 co-

101 3330 274 3398 gitatio
314 3331 473 3384 debet
508 3330 778 3384 abscindi.
832 3331 896 3384 Et
931 3332 1034 3386 hoc
1062 3343 1143 3386 est
1174 3333 1315 3400 quod
1349 3333 1548 3386 dicitur
1576 3334 1660 3388 ’°:

102 3420 163 3474 Ut
188 3423 358 3476 omnis
407 3422 560 3490 pilus
590 3423 835 3492 corporis
866 3423 983 3491 ejus
1021 3424 1275 3486 radatur,
1301 3432 1357 3475 et
1390 3432 1517 3475 tunc
1559 3424 1665 3477 erit

98 3515 336 3566 tnundus.
386 3512 496 3567 Sed
550 3522 605 3567 et
637 3516 739 3568 hoc
777 3516 1026 3577 observa,
1061 3513 1201 3580 quod
1246 3528 1352 3565 non
1384 3512 1581 3566 sufﬁcit
1613 3515 1660 3567 ei

93 3613 201 3670 pust
253 3605 738 3673 puriﬁcationem,
772 3605 853 3657 vel
909 3604 1229 3657 vestimenta
1290 3603 1524 3669 lavisse,
1581 3602 1662 3661 vel

93 3709 293 3746 omnem
367 3695 546 3763 pilum
624 3696 856 3758 rasisse,
946 3695 1049 3747 nisi
1132 3703 1188 3747 et
1264 3694 1408 3748 lotus
1500 3696 1662 3751 fuerit

90 3783 137 3837 in
186 3801 344 3855 aqua.
406 3786 640 3856 Oportet
708 3802 937 3856 namque
1004 3802 1125 3840 eum
1178 3786 1414 3854 abjicere
1473 3803 1661 3843 omnes

88 3880 302 3943 sordes,
366 3895 595 3935 omnem
664 3880 1106 3944 immunditiam,
1198 3896 1300 3934 non
1364 3882 1537 3935 solum
1594 3883 1660 3937 de

82 3969 439 4037 vestimentis,
486 3970 586 4025 sed
620 3979 676 4023 et
703 3971 768 4024 de
799 3972 1022 4039 proprio
1049 3986 1301 4039 corpore,
1331 3983 1387 4025 ut
1415 3975 1557 4027 nulla
1604 3976 1658 4029 in

82 4072 141 4112 eo
186 4061 401 4116 macula
440 4061 741 4115 exstincta:
787 4059 952 4130 lepra:
987 4062 1242 4115 resideat.
1297 4062 1483 4117 Tertio
1531 4080 1661 4135 ergo

80 4166 221 4208 nunc
251 4153 614 4221 puriﬁcatus,
635 4153 708 4207 ita
735 4152 952 4206 demum
980 4152 1179 4221 dignus
1200 4153 1429 4208 efﬁcitur
1453 4155 1658 4225 ingredi

80 4251 252 4293 castra
287 4241 542 4305 Domini,
578 4255 681 4295 non
715 4250 892 4294 tamen
937 4242 1200 4297 continuo
1236 4244 1572 4311 permittitur
1608 4247 1659 4299 ei

74 4329 289 4387 introire
311 4334 549 4388 domum
580 4345 756 4397 suam,
788 4331 881 4385 sed
906 4330 1107 4385 dicitur
1139 4342 1196 4385 ut
1244 4343 1397 4387 extra
1442 4335 1659 4389 domum

72 4434 213 4473 suam
230 4433 456 4477 maneat
469 4430 682 4490 septem
702 4420 911 4485 diebus,
927 4422 1370 4477 etradatomnem
1389 4424 1553 4492 pilum
1570 4440 1658 4479 ca-

1772 1969 1955 2025 sutuit.
1999 1987 2015 2019 ι
2051 1967 2213 2032 Duos,
2249 1967 2440 2035 inquit,
2487 1981 2653 2035 agnos
2696 1969 3087 2033 immaculatos,
3113 1981 3164 2023 et
3191 1986 3341 2024 ovem

1772 2075 1929 2113 unam
1988 2057 2299 2111 anniculam
2360 2058 2788 2122 immaculatam,
2847 2068 2903 2112 et
2948 2070 3055 2111 tres
3104 2061 3344 2114 decimas

1770 2152 2097 2221 similaginis
2149 2165 2455 2219 conspersae
2496 2150 2547 2202 in
2612 2150 2753 2210 oleo.
2817 2159 2871 2203 et
2930 2152 3184 2219 cyathum
3237 2152 3339 2205 olei

1772 2260 1957 2308 unum,
1999 2262 2017 2293 ι
2055 2252 2174 2310 post
2199 2244 2313 2295 haec
2368 2241 2557 2309 quinta
2596 2241 2971 2308 puriﬁcatione
3025 2241 3341 2309 purificatus

1768 2343 2136 2388 consumetur.
2184 2334 2261 2386 Ex
2306 2333 2389 2386 his
2441 2334 2650 2385 duobus
2706 2334 2882 2397 agnis,
2934 2348 3073 2385 unus
3120 2333 3337 2400 quidem

1770 2425 2100 2486 immolatur,
2145 2434 2198 2478 et
2254 2424 2451 2477 dicitur
2498 2438 2595 2489 pro
2649 2422 2863 2483 delicto,
2914 2439 2932 2472 ι
2971 2423 3023 2476 in
3076 2422 3212 2486 loro,
3258 2424 3337 2477 in-

1767 2518 1882 2585 quit
1915 2516 1980 2579 ",
2015 2515 2067 2567 in
2095 2530 2200 2581 quo
2248 2513 2524 2581 jugulatur
2554 2529 2650 2583 pro
2678 2522 2917 2579 peccato,
2952 2522 3007 2566 et
3057 2515 3143 2567 ubi
3186 2514 3339 2568 holo-

1766 2620 2104 2666 caustomata
2150 2611 2283 2664 ﬁunt
2316 2612 2366 2664 in
2393 2611 2509 2664 loco
2536 2621 2745 2665 sancto.
2787 2630 2804 2661 ι
2845 2612 2985 2664 Ecce
3010 2611 3120 2677 jam
3146 2613 3339 2679 dignus

1767 2701 2003 2754 efﬁcitur
2049 2710 2105 2753 ut
2138 2700 2332 2755 offerat
2359 2702 2686 2754 sacrificium
2708 2742 2721 2762 ,
2746 2701 2837 2768 qui
2883 2701 3054 2768 potuit
3084 2702 3148 2752 ad
3176 2702 3336 2768 quiu-

1766 2800 1875 2844 tam
1913 2790 2343 2861 puriﬁcationem
2365 2791 2668 2860 pervenire,
2704 2800 2757 2843 et
2786 2791 2961 2844 hostia
2989 2790 3105 2857 ejus
3137 2790 3336 2844 Sancta

1766 2895 2073 2939 sanctormn
2109 2883 2192 2937 ﬁt.
2223 2884 2372 2937 Alius
2399 2893 2581 2936 autem
2611 2898 2781 2949 agnus
2819 2882 3191 2935 holocaustum
3225 2880 3339 2936 efﬁ—

1765 2975 1926 3038 citur,
1967 2975 2017 3026 in
2044 2989 2151 3042 quo
2178 2983 2232 3027 et
2264 2973 2609 3042 reprOpitiari
2642 2989 2738 3040 pro
2771 2972 2889 3042 ipso
2919 2974 3171 3026 sacerdos
3195 2973 3335 3025 dici-

1766 3076 1871 3129 tur,
1907 3075 1962 3117 ut
1989 3076 2270 3134 purgetur.
2301 3063 2470 3133 Igitur
2502 3066 2707 3132 primus
2741 3080 2928 3131 agnus,
2968 3065 3067 3131 qui.
3102 3078 3197 3132 pro
3238 3063 3333 3117 de-

1764 3154 1889 3210 licto
1914 3165 2015 3221 est,
2042 3156 2253 3208 videtur
2278 3154 2407 3208 mihi
2443 3155 2658 3207 virtutis
2691 3154 2859 3222 ipsius
2886 3152 3118 3206 formam
3144 3162 3334 3206 tenere

1763 3236 1923 3316 quam
1949 3246 2242 3313 assumpsit
2266 3245 2311 3298 is
2344 3245 2434 3314 qui
2489 3254 2606 3298 erat
2639 3244 2690 3297 in
2720 3244 2986 3313 peccatis,
3028 3257 3125 3311 per
3167 3257 3330 3309 quam

1762 3338 1936 3407 potuit
1970 3352 1996 3388 a
2019 3351 2077 3390 se
2102 3336 2400 3405 propellere
2418 3335 2667 3389 affectum
2685 3334 2961 3403 peccandi,
2987 3344 3040 3387 et
3068 3334 3331 3387 malorum

1762 3440 2001 3491 veterum
2071 3426 2459 3493 paenitudinem
2523 3439 2713 3494 gerere
2767 3442 2781 3477 :
2835 3425 3105 3478 secundus
3202 3438 3331 3477 vero

1762 3532 1937 3587 agnus
1953 3518 2179 3586 ﬁguram
2214 3526 2394 3570 tenere
2426 3514 2697 3581 illiusjatn
2728 3523 3056 3582 recuperatae
3086 3514 3328 3577 virtutis,

1761 3626 1859 3679 per
1883 3624 2041 3676 quam
2068 3608 2299 3675 abjectis
2348 3607 2606 3675 etprocul
2640 3605 2840 3671 fugatis
2869 3605 3125 3657 omnibus
3151 3604 3320 3666 vitiis,

1763 3701 2029 3766 integrum
2066 3715 2143 3763 se,
2191 3708 2245 3750 et
2286 3700 2338 3750 in
2380 3700 2592 3764 integro
2625 3694 2823 3749 obtulit
2878 3695 3009 3759 Deo,
3044 3702 3098 3747 et
3139 3694 3332 3761 dignus

1760 3793 1966 3845 exstitit
2026 3791 2224 3845 divinis
2298 3789 2585 3842 altaribus.
2644 3788 2775 3843 Ovis
2822 3798 3000 3840 autem
3045 3800 3165 3853 quae
3210 3791 3332 3851 post

1762 3896 1952 3951 agnos,
1983 3882 2275 3934 assumitur
2318 3887 2580 3947 quantum
2631 3878 2904 3947 conjicere
2936 3877 2986 3929 in
3038 3887 3147 3929 tam
3188 3874 3329 3929 (lilii-

1761 3975 1955 4029 cilibus
2005 3972 2139 4025 locis
2176 3971 2446 4033 valemus,
2485 3969 2875 4023 fecunditatem
2916 3978 3045 4037 puto
3069 3966 3211 4035 quod
3256 3965 3332 4018 si-

1759 4064 1981 4133 gnificet
2004 4060 2141 4128 ejus,
2167 4063 2257 4128 qui
2292 4074 2585 4113 conversus
2615 4069 2697 4114 est
2723 4074 2750 4111 a
2792 4067 3039 4128 peccato,
3070 4067 3125 4111 et
3150 4064 3319 4110 totum

1761 4169 1819 4209 se
1849 4154 2044 4208 obtulit
2077 4154 2205 4215 Deo,
2233 4167 2335 4220 qua
2366 4161 2482 4220 post
2515 4151 2694 4205 omnia
2729 4151 2781 4203 in
2808 4152 3070 4204 bonorum
3101 4160 3329 4215 operum

1762 4245 1961 4300 fetibus
2024 4245 2214 4308 utitur,
2276 4252 2331 4296 et
2377 4243 2699 4295 innocentia:
2743 4240 3009 4294 fructibus
3056 4238 3238 4306 pollet.
3267 4236 3324 4289 In

1764 4338 1864 4390 tria
1897 4351 2026 4405 ergo
2048 4334 2438 4403 puriﬁcationis
2488 4334 2667 4403 hujus,
2733 4332 2786 4385 id
2832 4340 2917 4385 est
2958 4328 3330 4384 conversionis

1764 4444 1791 4481 a
1822 4430 2047 4497 peccato
2106 4428 2247 4479 ratio
2297 4426 2582 4479 dividitur.
2649 4423 2831 4477 Prima
2857 4432 2940 4476 est
2985 4421 3189 4483 hostia,
3220 4434 3328 4488 qua

69 4510 186 4577 pitis
210 4520 261 4567 et
289 4512 513 4576 barba,
542 4511 1219 4581 etsuperciliorum,quasi
1249 4529 1353 4568 non
1381 4514 1653 4570 suffecerit
1685 4519 1729 4574 D
1761 4528 1977 4588 peccata
2010 4516 2317 4569 solvuntur.
2381 4515 2629 4569 Secunda
2687 4522 2791 4577 est,
2846 4527 2949 4579 qua
2986 4510 3166 4563 anima
3196 4523 3328 4561 con-

68 4601 199 4668 quod
217 4603 371 4671 prius
382 4618 616 4658 omnem
635 4602 799 4671 pilum
818 4604 1211 4666 raserat,'nunc
1226 4604 1652 4668 additur,utom-

64 4706 179 4747 nem
203 4694 376 4764 pilum
396 4695 605 4763 capitis
638 4702 691 4748 et
719 4692 922 4757 barbae,
947 4702 1002 4745 et
1029 4695 1442 4763 superciliorum
1469 4698 1645 4750 radat.

60 4781 197 4837 Idem
210 4800 458 4855 namque
478 4785 768 4839 videbatur
783 4785 986 4840 dictum
1004 4785 1055 4839 in
1072 4800 1136 4840 eo
1151 4786 1294 4854 quod
1312 4787 1521 4840 dixerat
1534 4803 1648 4841 om-

61 4887 175 4925 nem
202 4874 374 4943 pilum
410 4876 741 4930 radendum.
786 4875 890 4930 Sed
921 4890 1023 4929 non
1057 4876 1186 4929 mihi
1221 4876 1431 4930 videtur
1472 4878 1648 4931 inanis

57 4964 209 5034 235
256 4981 388 5021 esse
442 4969 554 5021 ista
610 4965 874 5033 repetitio.
927 4965 1055 5020 Vult
1109 4966 1252 5019 enim
1300 4976 1642 5035 peccatorem

54 5064 419 5125 posteaquam
480 5056 649 5110 fuerit
691 5058 947 5117 mundus.
978 5063 1334 5123 posteaquam
1368 5057 1648 5111 remissio-

55 5160 170 5199 nem
234 5163 337 5217 per
400 5148 797 5217 paenitentiam
851 5147 1127 5217 acceperit
1181 5159 1551 5214 peccatorum,
1582 5150 1647 5205 de

53 5240 385 5309 purgatione
429 5241 636 5308 capitis
675 5240 996 5306 admonere,
1048 5241 1338 5305 et-barbae,
1378 5250 1433 5293 et
1460 5257 1647 5311 super-

52 5328 328 5395 ciliorum,
363 5331 528 5385 velut
549 5332 593 5386 si
613 5332 819 5387 diceret
850 5333 900 5388 ei
937 5333 1112 5388 :Ecce
1129 5332 1240 5399 jam
1269 5347 1434 5387 sanus
1465 5332 1642 5388 factus

118 5418 200 5489 l‘l
237 5420 376 5488 Reg.
405 5436 450 5475 ι.
540 5422 583 5453 ⁸⁷
607 5420 765 5478 Num.
805 5438 879 5478 v1.
947 5423 991 5455 "
1016 5422 1158 5478 Psal.
1207 5438 1246 5489 ι,
1293 5422 1347 5477 5.

49 5486 92 5517 ’⁸
124 5488 255 5543 ibid.
285 5486 382 5544 13.

104 5579 233 5656 ,(40)
280 5580 782 5656 Quining.Codex_
826 5582 1107 5656 Sangerm.
1164 5584 1345 5647 habet,
1371 5602 1401 5656 νς
1432 5584 1484 5637 in
1526 5584 1633 5640 Do-

47 5648 219 5701 mino.
250 5666 269 5699 ι
300 5648 628 5721 ltifra_]ibb.
654 5653 805 5715 editi,
846 5669 867 5702 ι
889 5648 1043 5717 Ῑυᾞει
1075 5668 1289 5705 omnem
1329 5654 1492 5721 pilum

44 5729 292 5790 exortum
316 5728 431 5772 est.
457 5718 578 5772 Hoc
594 5723 735 5774 enin:
760 5721 849 5789 pili
875 5718 1623 5790 nominejubeturabjicere.s

44 5783 147 5839 Sed
183 5802 388 5845 omnes
431 5800 574 5842 mss.
616 5783 971 5845 utiu'nostro
1002 5783 1169 5844 textu.

1425 5423 1470 5455 ¹⁹
1523 5423 1714 5480 Matth.
1764 5442 1819 5491 χ,
1878 5424 1974 5480 50.

1756 4609 1991 4663 vertitur
2026 4609 2092 4661 ad
2141 4606 2328 4659 Deum.
2378 4605 2560 4659 Tertia
2588 4614 2671 4658 est
2708 4601 3082 4663 fecunditatis,
3119 4609 3175 4652 et
3210 4598 3326 4651 l'ru-

1756 4711 1960 4765 ctuum,
1988 4713 2124 4767 quos
2154 4701 2203 4751 in
2235 4698 2487 4766 operibus
2524 4695 2740 4765 pietatis
2770 4695 2816 4747 is
2843 4693 2933 4761 qui
2962 4693 3166 4745 dicitur
3191 4705 3325 4743 con-

1755 4806 1964 4854 versus,
2021 4790 2275 4843 ostendit.
2310 4790 2373 4841 Et
2397 4788 2522 4856 quia
2556 4797 2663 4839 tres
2689 4787 2803 4839 istae
2842 4791 2967 4837 sunt
3001 4781 3209 4845 hostiae,
3242 4781 3324 4833 id-

1755 4883 1901 4937 circo
1929 4881 2204 4950 subjungit
2233 4891 2287 4934 et
2313 4890 2424 4933 tres
2456 4890 2737 4931 mensuras
2768 4873 2884 4943 (42)
2916 4872 3135 4926 decima:
3166 4869 3322 4924 simi-

1755 4971 1950 5041 laginis
1982 4971 2360 5032 assumendas,
2422 4978 2483 5021 ut
2512 4968 2711 5035 ubique
2770 4962 3136 5032 intelligamus
3180 4959 3326 5028 puri-

1752 5064 2053 5119 ﬁcationem
2095 5063 2208 5116 ﬁeri
2240 5077 2343 5115 non
2388 5076 2544 5131 posse
2574 5059 2691 5113 sine
2721 5055 2981 5126 mysterio
3005 5051 3317 5107 Trinitatis.

1753 5154 1883 5208 Vide
1922 5164 2100 5207 autem
2126 5153 2271 5221 quod
2320 5152 2408 5205 hic
2450 5153 2502 5205 in
2536 5151 2723 5218 quinta
2769 5144 3149 5216 purificatione
3204 5156 3312 5195 non

1746 5245 2045 5299 assumitur
2074 5244 2272 5307 farina,
2302 5244 2412 5296 'sed
2462 5244 2570 5310 jam
2601 5240 2837 5294 similam
2890 5235 3054 5291 habet
3092 5235 3192 5288 iste
3220 5231 3313 5300 qui

1744 5336 2063 5405 purificatur
2102 5349 2129 5385 a
2188 5334 2446 5402 peccatis,
2498 5332 2674 5386 simila
2717 5330 2766 5383 ei
2813 5327 3125 5387 ascribitur,
3170 5322 3316 5375 unde

2089 5425 2137 5457 ¹⁰
2184 5423 2358 5478 Levit.
2409 5438 2519 5483 xxv.
2567 5423 2619 5477 8.
2740 5422 2783 5452 ἰ
2837 5419 2967 5474 ibid.
3034 5430 3145 5481 xw,
3220 5413 3307 5467 10.

1819 5582 1929 5653 (41)
1954 5582 2115 5653 ῥίεεη
2150 5600 2168 5634 ι
2198 5597 2274 5636 se.
2310 5600 2327 5632 ι
2358 5580 2511 5635 Libb.
2546 5578 2697 5653 editi,
2735 5596 2766 5653 t_
2792 5590 3025 5653 semper.
3057 5593 3076 5625 ι
3160 5638 3180 5653 _
3205 5638 3238 5653 η
3292 5638 3304 5651 .

1810 5638 1924 5721 (425
1940 5651 2008 5704 Et
2039 5638 2142 5705 (res
2170 5667 2466 5713 mensuras,
2498 5658 2603 5703 etc.
2639 5638 2727 5702 Sic
2745 5638 2953 5721 habent
2989 5656 3118 5721 mss.
3160 5638 3308 5719 Libri

1740 5706 1866 5775 vero
1903 5706 2075 5781 'editi,
2116 5740 2132 5771 ι
2177 5730 2231 5772 et
2266 5731 2372 5772 tres
2414 5706 2681 5772 mensura:
2727 5718 2945 5771 decimae
2979 5706 3307 5779 similaginis

1737 5796 2072 5845 assumendae
2102 5798 2249 5845 sunt.
2278 5788 2504 5856 Ubique,
2543 5805 2561 5838 ι
2586 5797 2690 5843 etc.
