3876 6520
463 390 565 445 507

1927 383 2248 441 ORIGENIS

3621 377 3708 433 £08

465 503 662 560 habeat
688 504 798 574 jam
832 519 1040 575 panem.
1058 507 1340 568 mundum,
1369 519 1422 559 ει
1448 506 1564 560 hac
1585 505 1704 559 oleo
1727 503 2038 575 conspergi-
2068 511 2113 560 Α
2144 514 2264 567 quae
2286 496 2536 565 superius
2553 494 2809 548 diximus.
2829 493 3042 547 Donum
3063 503 3239 546 autem
3268 493 3461 558 gratia:
3477 493 3710 560 spiritus,

469 609 574 654 tur.
605 598 707 651 Sed
729 608 782 651 et
808 574 985 652 oleum
1003 597 1120 666 ejus
1138 599 1202 651 ad
1230 598 1365 652 duos
1392 613 1520 651 usus
1545 597 1822 650 dividitur.
1861 574 2033 650 Unum

468 703 574 755 quo
607 689 780 740 simila
821 691 1223 758 conspergitur,
1269 688 1432 741 alium
1467 703 1573 755 quo
1610 687 1863 741 sacerdos
1893 683 2038 739 acci-

466 780 544 847 pit
594 779 856 848 integram
905 795 1216 832 mensuram
1265 780 1470 848 cyathi,
1503 788 1560 832 ut
1607 779 1703 832 ait.
1747 777 1801 830 ln
1845 793 1952 846 quo
1979 786 2036 830 ut

464 883 566 938 ego
594 869 791 933 sentio,
841 879 896 922 et
949 871 1108 938 panis
1161 869 1278 936 ejus
1308 871 1522 940 pinguis
1553 869 1782 923 efﬁcitur
1809 883 1906 936 pro
1939 869 2038 922 mi-

468 962 785 1024 sericordia,
808 973 861 1015 et
913 963 1092 1017 oleum
1122 979 1230 1030 quo
1260 962 1349 1014 lux
1377 977 1503 1014 vera
1540 972 1593 1016 et
1624 963 1865 1014 scientia:
1897 961 2038 1031 ignis

470 1053 806 1114 accenditur,
846 1068 942 1120 per
971 1069 1163 1108 manus
1203 1055 1511 1108 sacerdotis
1553 1054 1716 1120 capiti
1765 1054 1883 1122 ejus
1934 1055 2037 1106 im-

473 1144 710 1213 ponitur.
748 1142 824 1196 lta
853 1144 995 1197 enim
1029 1144 1191 1198 dicit:
1219 1162 1236 1195 t
1264 1145 1325 1198 Et
1345 1155 1567 1208 statuet,
1615 1145 1786 1213 inquit
1823 1146 1885 1209 ’³,
1919 1160 2038 1198 eum

475 1237 731 1290 sacerdos
757 1236 846 1305 qui
885 1237 1109 1290 numdat
1135 1251 1259 1290 eum
1283 1239 1332 1289 in
1366 1246 1660 1304 conspectu
1701 1234 1934 1300 Domini,
1975 1237 2041 1290 ad

473 1327 671 1379 ostium
709 1325 1043 1381 tabernaculi
1086 1327 1405 1380 testimonii.
1444 1345 1462 1379 ι
1499 1327 1662 1382 Vides
1708 1330 1837 1397 quia
1866 1343 2045 1382 sacer-

478 1418 618 1473 dotis
644 1426 729 1471 est
781 1427 1020 1472 statuere
1048 1435 1170 1472 eum
1211 1421 1305 1487 qui
1351 1419 1691 1473 convertitur
1734 1435 1762 1472 a
1797 1428 2040 1488 peccato,

479 1516 539 1560 ut
571 1507 781 1562 stabilis
804 1521 925 1560 esse
981 1508 1174 1574 possit,
1210 1517 1264 1560 et
1305 1508 1443 1560 ultra
1475 1522 1579 1561 non
1624 1506 1905 1572 ﬂuctuare,
1931 1525 2044 1564 nec

479 1599 679 1652 moveri
703 1597 847 1652 omni
877 1606 1036 1650 vcnto
1059 1597 1344 1650 doctrinae.
1381 1597 1583 1650 Statuit
1615 1613 1744 1666 ergo
1767 1615 1891 1653 eum
1929 1616 2034 1654 non

480 1691 820 1746 solumintra
845 1701 1044 1754 castra,
1087 1691 1179 1744 sed
1216 1691 1279 1744 ad
1331 1690 1506 1758 ipsum
1544 1692 1740 1744 ostium
1794 1694 2046 1746 taberna—

481 1787 587 1840 culi
623 1785 915 1839 testimonii
953 1793 1077 1838 ante
1112 1785 1420 1840 Dominmn.
1457 1786 1514 1837 EI
1563 1795 1921 1856 posteaquam
1959 1803 2046 1842 se-

2151 604 2250 657 per
2279 587 2385 640 olei
2442 584 2732 653 imaginem
2783 583 3124 650 designatur,
3153 596 3208 637 ut
3241 600 3347 636 non
3382 583 3562 636 solum
3594 601 3709 654 pur-

2145 677 2415 746 gationem
2441 672 2702 739 consequi
2740 673 2914 742 possit
2946 673 2993 728 is
3023 674 3116 739 qui
3161 672 3510 726 convertitur
3541 688 3571 724 a
3598 688 3708 738 pec-

2146 778 2289 830 cato,
2317 768 2408 820 sed
2438 776 2491 818 et
2519 765 2721 834 Spiritu
2763 775 2957 818 sancto
2990 763 3210 833 repleri,
3245 780 3355 832 quo
3392 774 3443 817 et
3482 764 3712 830 recipere

2147 860 2378 929 priorem
2411 859 2629 921 stolam,
2681 869 2734 912 et
2777 858 3032 911 annulum
3085 857 3276 926 possit,
3319 866 3376 910 et
3408 872 3513 925 per
3547 859 3713 910 omnia

2151 951 2531 1004 reconciliatus
2576 951 2721 1004 Patri
2786 951 2839 1004 in
2925 950 3104 1006 locum
3173 951 3266 1004 lilii
3317 950 3594 1018 reparari,
3635 967 3716 1018 per

2149 1043 2321 1106 ipsum
2395 1043 2680 1096 Dominum
2744 1053 2989 1097 nostrum
3037 1041 3220 1097 Jesum
3266 1043 3595 1104 Christum,
3637 1043 3716 1096 cui

2147 1146 2227 1187 est
2253 1134 2425 1202 gloria
2455 1143 2508 1189 et
2535 1133 2818 1205 imperium
2851 1134 2903 1188 in
2935 1135 3129 1189 saecula
3163 1135 3716 1189 saeculoruerneu.

2728 1224 3009 1280 HOMlLlA
3050 1225 3143 1279 IX.

2152 1293 2226 1346 De
2258 1295 2536 1360 sacriﬁciis
2583 1296 3051 1362 repropitiaiionis,
3095 1305 3144 1346 et
3184 1297 3247 1346 de
3286 1296 3500 1348 duobus
3549 1297 3719 1356 hircis,

2219 1381 2596 1432 quorumunus
2627 1382 2743 1417 sors
2759 1375 2833 1416 est
2865 1364 3099 1423 Domini,
3125 1379 3170 1416 et
3205 1382 3339 1416 unus
3377 1369 3721 1431 epapompa'i,

2218 1435 2307 1501 qui
2345 1435 2629 1504 dimittitur
2667 1436 2720 1486 in
2761 1449 3012 1498 eremum,
3053 1444 3101 1486 et
3147 1437 3211 1488 de
3244 1436 3492 1504 ingressu
3513 1436 3715 1503 pontiﬁ-

2220 1506 2295 1555 cis
2338 1504 2391 1555 in
2423 1501 2621 1556 Sancta
2653 1512 2976 1556 sanctorum.

2221 1596 2273 1648 l.
2316 1597 2410 1649 Die
2439 1597 2846 1664 propitiationis
2875 1596 3119 1666 indigent
3153 1609 3350 1650 omnes
3410 1595 3509 1664 qui
3542 1610 3725 1662 pecca-

2152 1697 2369 1751 verunt,
2394 1697 2447 1742 et
2478 1688 2600 1741 ideo
2631 1688 2774 1742 inter
2801 1687 3174 1742 solemnitates
3196 1687 3354 1755 legis,
3383 1701 3512 1755 qua:
3543 1685 3728 1756 ﬁguras

2153 1777 2435 1830 continent
2491 1777 2802 1832 caelestium
2871 1776 3281 1845 myserioruru,
3329 1792 3438 1830 una
3491 1776 3727 1843 quaedam

480 1871 715 1924 cundum
769 1886 831 1924 ea
887 1886 1004 1938 qua:
1042 1873 1288 1939 superius
1326 1874 1466 1926 dicta
1531 1884 1657 1927 sunt
1683 1915 1698 1936 ,
1749 1874 2051 1930 oll‘eruntur
2083 1856 2124 1909 Β
2154 1863 2471 1918 δοίθῐηηίιθε
2504 1867 2759 1929 habetur.
2795 1881 2917 1934 quae
2952 1866 3071 1919 dies
3105 1868 3522 1936 prepiliatinnis
3564 1867 3731 1934 appel-

481 1963 670 2016 hostia:
699 1977 795 2030 pro
819 1961 1211 2030 puriﬁcatione,
1238 1963 1476 2026 adhibet,
1507 1964 1700 2032 inquit,
1721 1976 1775 2018 et
1796 1969 2047 2035 cyathum

481 2051 606 2117 olei,
635 2062 688 2105 et
723 2061 934 2118 separat
959 2051 1089 2104 illud
1121 2065 1245 2106 ante
1275 2053 1582 2107 Dominum.
1626 2073 1643 2104 t
1683 2055 1746 2108 Et
1795 2057 2046 2126 accipiet,

484 2141 659 2210 inquit
690 2141 755 2201 “,
790 2141 1045 2193 sacerdos
1087 2141 1152 2194 de
1183 2143 1536 2210 sanguine,et
1560 2153 1723 2212 ponet
1751 2161 1918 2216 super
1951 2163 2042 2200 ex-

483 2239 711 2284 tremam
784 2233 1084 2286 auriculam
1139 2233 1254 2300 ejus
1301 2235 1582 2300 dextram,
1650 2246 1703 2289 et
1744 2251 1911 2305 Super
1957 2255 2050 2292 ex-

484 2333 709 2376 tremam
775 2338 997 2378 manum
1057 2325 1175 2392 ejus
1211 2329 1491 2390 dextram,
1545 2335 1598 2381 et
1643 2342 1804 2395 super
1874 2339 2053 2386 extre-

483 2427 630 2465 mum
689 2413 878 2481 pedem
917 2413 1036 2480 ejus
1063 2415 1337 2468 dextrum.
1371 2435 1388 2467 ι
1424 2415 1487 2469 Ει
1523 2425 1645 2484 post
1679 2417 1816 2482 haec,
1849 2418 2050 2488 inquit,

483 2501 713 2570 accipiet
737 2504 994 2558 sacerdos
1047 2519 1151 2558 non
1192 2505 1368 2572 ipsum
1399 2508 1654 2577 cyathum
1685 2508 1811 2574 olei,
1849 2511 1942 2564 sed
1983 2527 2052 2565 ex

484 2592 603 2662 ipso
634 2609 649 2646 :
679 2611 697 2644 ι
738 2593 802 2647 Et
831 2593 1093 2649 dillundet
1135 2596 1269 2666 (45),
1321 2597 1514 2666 inquit,
1552 2599 1604 2652 in
1651 2615 1867 2654 manum
1901 2615 2052 2656 suam

486 2686 790 2750 sinistram,
829 2698 888 2742 et
940 2689 1168 2758 intinget
1216 2690 1442 2758 digitum
1505 2705 1661 2744 suum
1687 2695 1948 2747 sacerdos
2001 2695 2053 2749 in

486 2776 628 2840 oleo,
657 2778 799 2844 quod
847 2788 932 2831 est
973 2783 1024 2831 in
1059 2796 1222 2832 manu
1273 2781 1387 2850 ejus
1426 2782 1670 2847 sinistra,
1706 2792 1763 2837 et
1803 2795 2056 2855 asperget

488 2868 687 2935 septies
728 2878 855 2924 ante
887 2869 1203 2936 Dominum;
1245 2890 1263 2924 ι
1298 2882 1352 2926 et
1399 2873 1628 2926 iterum:
1661 2891 1679 2924 t
1716 2875 1788 2928 Ex
1823 2890 1888 2930 eo
1913 2877 2056 2945 quod

488 2969 739 3027 superest
764 2960 815 3012 in
848 2963 1022 3015 manu’
1039 2959 1155 3029 ejus
1193 2963 1441 3028 sinistra,
1481 2964 1722 3033 imponet
1753 2982 1917 3035 super
1959 2984 2054 3022 au-

489 3049 715 3104 riculam
739 3052 856 3119 ejus
885 3051 975 3117 qui
1027 3053 1345 3122 puriﬁcatur
1375 3056 1644 3122 dextram,
1694 3068 1746 3111 et
1769 3075 1930 3126 super
1959 3075 2056 3115 ex-

493 3148 718 3191 tremam
767 3156 985 3194 manum
1024 3142 1141 3211 ejus
1190 3144 1457 3208 dextram,
1487 3155 1540 3200 et
1563 3161 1725 3216 super
1752 3159 2052 3203 extremum
2085 3179 2127 3236 ο

490 3227 676 3294 pedem
731 3230 850 3296 ejus
895 3232 1162 3285 dextrum.
1209 3251 1227 3283 ι
1265 3234 1331 3286 Et
1382 3245 1502 3302 post
1546 3236 1750 3290 haec”
1803 3239 1858 3292 ld
1914 3240 2054 3308 quod

490 3318 738 3372 relictum
771 3319 936 3374 fuerit
983 3336 1048 3375 ex
1081 3323 1219 3386 oleo,
1258 3323 1515 3390 imponet,
1565 3325 1766 3394 inquit,
1801 3328 2057 3381 sacerdos

489 3409 554 3462 de
619 3426 776 3463 tuanu
816 3427 910 3465 sua
954 3428 1116 3481 super
1145 3423 1307 3486 caput
1356 3416 1469 3482 eius
1505 3416 1594 3482 qui
1633 3417 1972 3483 purilicatur.
2034 3437 2053 3470 ι

489 3499 653 3555 Vides
684 3504 950 3570 quomodo
971 3505 1173 3558 ultimae
1197 3516 1249 3558 et
1275 3520 1498 3559 summa:
1520 3505 1916 3574 puriﬁcationis
1949 3515 2056 3571 est,

488 3609 674 3648 aurem
704 3596 978 3662 puriﬁcari
1020 3606 1076 3650 ut
1115 3581 1282 3664 purus
1317 3606 1371 3650 et
1409 3599 1641 3652 mundus
1672 3608 1923 3652 servetur
1959 3615 2056 3652 att-

488 3685 650 3740 ditus.
700 3686 764 3740 Et
809 3703 1024 3741 manum
1080 3691 1348 3753 dextram,
1404 3698 1464 3742 ut
1508 3691 1708 3743 munda
1755 3691 2056 3760 sintopera

489 3789 709 3840 nostra,
755 3794 853 3832 nec
905 3779 1106 3847 aliquid
1170 3779 1506 3832 immundum
1565 3779 1650 3834 his
1694 3782 2062 3836 admisceatur

487 3880 540 3923 et
570 3871 866 3926 sordidum.
909 3871 1013 3926 Sed
1068 3881 1121 3925 et
1157 3875 1320 3940 pedes
1361 3873 1682 3941 puriﬁcandi
1728 3883 1874 3938 sunt,
1903 3883 1959 3926 ut
1992 3875 2057 3927 ad

489 3975 624 4028 Opus
669 3961 863 4014 bonum
930 3965 1307 4017 tantummodo
1371 3966 1710 4034 dirigantur,
1766 3980 1866 4018 nec
1916 3965 2058 4018 ultra

491 4050 673 4120 lapsus
698 4051 998 4118 iuventutis
1028 4055 1330 4107 incurrant.
1377 4055 1590 4122 Septies
1623 4065 1803 4107 aulqu
1844 4069 2063 4124 resper-

493 4141 572 4209 git
603 4141 860 4196 sacerdos
891 4154 1079 4196 contra
1111 4146 1398 4220 Dominum
1427 4161 1494 4198 ex
1527 4146 1673 4199 oleo.
1713 4145 1843 4200 Post
1877 4146 2060 4200 omnia

489 4233 827 4302 etenimqute
853 4251 948 4302 pro
977 4237 1262 4304 puriﬁcato
1294 4239 1572 4292 celebrata
1596 4247 1740 4304 sunt,
1773 4250 2059 4310 postquam

491 4337 792 4378 conversus
817 4334 872 4380 et
905 4327 1292 4382 reconciliatus
1321 4339 1404 4382 est
1443 4331 1571 4393 Deo,
1598 4343 1722 4399 post
1755 4331 2063 4388 immolatae

492 4415 727 4481 hostias,
790 4418 1002 4473 ordinis
1057 4433 1199 4486 erat,
1239 4431 1293 4475 ut
1345 4433 1398 4476 et
1455 4425 1707 4477 virtutem
1743 4439 1908 4492 super
1933 4439 2059 4478 eum

2155 1957 2314 2008 latur.
2344 1956 2467 2010 lltcc
2523 1974 2653 2025 ergo
2687 1975 2806 2027 qua:
2841 1975 2989 2013 nunc
3028 1961 3252 2014 recitata
3290 1969 3421 2013 sunt
3464 1959 3730 2026 legislatio

2151 2055 2234 2098 est
2267 2047 2630 2102 solemnitatis
2655 2049 2845 2118 ipsius,
2871 2066 2991 2116 qua:
3031 2051 3167 2111 dies,
3203 2062 3259 2102 ut
3301 2051 3574 2113 diximus,
3615 2066 3730 2116 pro-

2154 2139 2450 2208 pitiationis
2493 2141 2730 2194 vocitata
2765 2151 2868 2194 est.
2899 2142 3005 2195 Sed
3070 2142 3352 2195 videamus
3401 2143 3590 2210 primo
3615 2143 3730 2208 quid

2153 2229 2254 2282 sibi
2306 2228 2435 2283 velit
2483 2231 2677 2283 littera:
2731 2231 2897 2297 ipsius
2941 2231 3302 2293 continentia,
3351 2240 3412 2283 ut
3451 2231 3732 2284 orantibus

2154 2320 2331 2385 vobis,
2360 2321 2406 2374 si
2442 2331 2620 2374 tamen
2650 2321 2722 2373 ita
2766 2321 2994 2374 Domino
3027 2322 3347 2391 supplicetis
3390 2333 3453 2376 ut
3493 2325 3729 2376 exaudiri

2156 2413 2499 2478 mereamini,
2555 2415 2830 2482 possimus
2896 2416 3146 2482 accipere
3191 2416 3430 2482 gratiam
3489 2417 3728 2484 spiritus,

2155 2522 2252 2575 per
2283 2522 2443 2574 quam
2475 2506 2771 2574 explanare
2824 2505 3104 2559 Valeamus
3141 2508 3404 2576 mysteria
3457 2523 3586 2574 quae.
3612 2523 3729 2559 cou-

2158 2599 2468 2652 tinenturin
2501 2599 2640 2666 lege.
2679 2597 2927 2652 Defuncti
2972 2607 3098 2652 sunt
3129 2601 3234 2653 duo
3275 2599 3372 2651 ﬁlii
3411 2599 3601 2652 Aaron
3638 2599 3730 2652 Na-

2157 2690 2261 2744 dab
2289 2699 2341 2742 et
2367 2690 2545 2742 Abiud
2578 2687 2713 2758 (44),
2739 2705 2861 2743 cum
2889 2685 3147 2742 oﬁ‘errent
3176 2688 3356 2757 ignem
3394 2688 3638 2740 alienum
3672 2688 3726 2739 ad

2158 2779 2330 2833 altare
2387 2780 2621 2833 Domini.
2667 2777 2903 2833 Necesse
2944 2790 3083 2843 erat,
3134 2789 3189 2832 ut
3231 2781 3450 2833 caelesti
3491 2780 3722 2832 doctrina

2161 2870 2520 2924 instrueretur
2535 2870 2717 2922 Aaron
2742 2870 3011 2938 quomodo
3027 2879 3307 2937 oporteret
3335 2885 3403 2923 eu
3415 2886 3466 2921 m
3487 2870 3554 2921 ad
3577 2870 3725 2922 altare

2161 2961 2442 3024 accedere,
2478 2968 2533 3013 et
2581 2977 2692 3028 quo
2747 2958 3208 3028 Supplicationunt
3268 2959 3382 3012 r-itu
3438 2959 3718 3026 propitium

2161 3049 2367 3104 faceret
2402 3051 2592 3112 Deum,
2626 3052 2703 3103 uti
2730 3067 2798 3104 ne
2838 3051 2890 3102 in
2921 3064 2982 3103 ea
3016 3050 3129 3116 ipse
3172 3050 3512 3113 incurreret,
3549 3050 3599 3102 in
3623 3065 3722 3116 qua!

2163 3144 2507 3197 incurrerant
2549 3143 2640 3194 ﬁlii
2678 3143 2782 3203 sui,
2821 3142 3036 3195 incaute
3066 3151 3120 3194 et
3159 3141 3616 3196 inconvenienter
3641 3158 3718 3196 ac-

2163 3236 2418 3289 cedentes
2452 3235 2517 3286 ad
2547 3232 2718 3286 altare
2745 3232 2863 3296 Dei,
2897 3231 3131 3284 alienum
3179 3231 3384 3299 ignem,
3425 3242 3487 3287 et
3525 3249 3626 3286 non
3663 3234 3721 3286 il-

2164 3326 2270 3379 lum
2307 3326 2394 3393 qui
2425 3325 2684 3378 divinitus
2714 3325 2870 3377 datus
2900 3322 3097 3385 fuerat,
3130 3322 3452 3376 ollerentes.
3479 3322 3718 3390 Propter-

2164 3433 2227 3473 ca
2288 3433 2421 3485 ergo
2446 3418 2512 3470 de
2545 3418 2629 3470 his
2655 3417 2758 3469 hoc
2794 3414 2953 3466 modo
2975 3412 3202 3482 przclata
3237 3424 3324 3467 est
3358 3416 3464 3469 lex:
3510 3434 3527 3464 ι
3571 3417 3631 3469 Et
3657 3417 3719 3468 lc-

2162 3524 2318 3566 cutus
2369 3521 2452 3566 est
2512 3512 2776 3564 Dominus
2830 3511 2896 3561 ad
2947 3507 3192 3573 Moysen,
3235 3517 3594 3576 posteaquam
3637 3510 3718 3562 ds-

2165 3604 2333 3657 luncti
2388 3609 2520 3655 sunt
2571 3603 2675 3653 duo
2723 3599 2817 3652 ﬁlii
2875 3599 3057 3650 Aaron
3091 3599 3216 3651 dum
3263 3598 3533 3652 oll'crrent
3563 3599 3717 3667 ignem

2164 3695 2402 3747 alienum
2462 3700 2588 3745 ante
2645 3690 2956 3743 Dominum.
3022 3688 3089 3741 Et
3153 3689 3291 3742 dixit
3351 3691 3614 3744 Dominus
3661 3690 3717 3742 ad

2163 3786 2383 3856 Moysen
2422 3803 2434 3838 :
2463 3783 2711 3850 Loquere
2741 3783 2805 3834 ad
2833 3783 3012 3834 Aaron
3047 3779 3272 3837 fratrem
3323 3793 3502 3845 tuutn,
3548 3795 3602 3834 ut
3626 3796 3717 3834 non

2163 3881 2330 3933 intret
2356 3877 2500 3930 omni
2532 3876 2661 3928 hora
2690 3874 2742 3927 in
2769 3888 2958 3928 sancta
2989 3876 3270 3936 interiora,
3301 3877 3448 3942 quod
3477 3883 3560 3926 est
3593 3874 3719 3926 intra

2163 3972 2340 4023 velum
2374 3976 2500 4020 ante
2540 3977 2896 4034 conspectum
2930 3968 3294 4034 propitiatorii
3341 3967 3489 4034 quod
3521 3975 3602 4018 est
3637 3981 3717 4015 su-

2164 4071 2260 4126 pra
2293 4070 2473 4107 arcatn
2505 4055 2824 4120 testimonii,
2855 4065 2910 4106 et
2943 4069 3049 4108 non
3083 4056 3350 4108 morietur
3374 4054 3444 4107 ³⁷.
3479 4073 3497 4104 ι
3524 4052 3598 4106 Ex
3627 4067 3721 4121 quo

2162 4147 2474 4203 ostenditur
2493 4150 2637 4218 quod
2679 4148 2722 4201 si
2761 4147 2816 4202 in
2851 4149 2998 4200 omni
3028 4149 3164 4202 hora
3193 4147 3434 4200 introeat
3468 4149 3520 4198 in
3551 4156 3716 4200 sancta

2163 4255 2267 4293 non
2305 4249 2661 4308 praeparatus,
2711 4253 2815 4291 non
2853 4237 3074 4291 indutus
3122 4236 3542 4304 pontiﬁcalibus
3591 4236 3719 4288 indo-

2163 4330 2385 4394 meutis,
2415 4345 2588 4398 neque
2618 4329 2812 4382 hoStiis
2846 4343 2966 4396 qua:
2995 4338 3211 4381 statuta:
3244 4337 3371 4380 sunt
3401 4325 3717 4395 prmparatis,

2166 4436 2342 4489 neque
2401 4422 2691 4490 pr0pitiato
2749 4423 2900 4489 prius
2961 4421 3090 4482 Deo,
3146 4421 3434 4472 morietur.
3483 4419 3546 4472 Et
3596 4418 3720 4483 juste

491 4510 895 4578 septemplicem
943 4513 1118 4565 sancti
1158 4512 1396 4581 Spiritus
1442 4514 1721 4578 invitaret,
1759 4517 2057 4569 secundum
2094 4516 2136 4568 ι)
2163 4514 2405 4580 quidem,
2473 4522 2731 4581 tanquam
2771 4513 2860 4581 qui
2890 4526 2992 4565 nou
3019 4511 3208 4567 fecerit
3238 4528 3301 4566 ea
3333 4528 3457 4581 qua!
3489 4510 3720 4565 convenit

491 4613 617 4653 eum
649 4602 740 4669 qtti
769 4603 980 4658 dixerat
1008 4606 1052 4635 ’⁵
1085 4623 1098 4658 :
1139 4621 1157 4654 t
1193 4604 1377 4659 Redde
1415 4605 1544 4658 mihi
1583 4605 1822 4660 laetitiam
1855 4607 2062 4662 saluta-

493 4691 572 4746 ris
612 4693 706 4754 tui,
754 4702 808 4747 et
849 4696 1041 4763 spiritu
1105 4698 1398 4766 principali
1457 4698 1721 4753 conﬁrma
1770 4712 1876 4752 me.
1913 4717 1930 4749 ι
1963 4699 2059 4753 Vel

493 4793 643 4836 certe
672 4787 926 4851 quoniam
959 4799 1304 4854 peccatorum
1334 4790 1497 4844 corda
1526 4790 1790 4844 Dominus
1814 4791 1865 4842 in
1898 4790 2067 4843 Evan-

493 4873 651 4952 gelio'
682 4874 726 4904 ⁸⁸
790 4885 1017 4930 testatur
1066 4895 1094 4931 a
1140 4893 1350 4950 septem
1402 4883 1741 4936 dmmonibus
1797 4880 2064 4944 obsideri,

494 4977 864 5036 competenter
894 4969 1054 5040 236
1089 4973 1286 5038 septies
1326 4981 1450 5027 ante
1487 4974 1774 5026 Dominqu
1806 4975 2066 5027 sacerdos

495 5057 550 5111 in
587 5061 960 5126 puriﬁcatione
996 5065 1282 5131 respergit,
1317 5075 1376 5118 ut
1423 5066 1674 5134 expulsio
1704 5076 1911 5133 septem
1953 5068 2062 5136 spi-

495 5149 698 5204 rituum
760 5153 1122 5220 malignorqu
1181 5156 1245 5206 de
1302 5155 1572 5223 puriﬁcati
1633 5157 1820 5219 corde,
1859 5157 2066 5224 septies

496 5252 728 5292 excusso
759 5240 941 5308 digitis
975 5243 1096 5295 oleo
1128 5242 1454 5297 declaretur.
1496 5244 1586 5299 Sic
1627 5261 1759 5314 ergo
1788 5246 2066 5301 conversis

497 5343 526 5381 a
559 5341 800 5397 peccato,
832 5335 1142 5400 puriﬁcatio
1165 5335 1384 5402 quidem
1412 5351 1506 5402 per
1557 5337 1644 5389 illa
1669 5339 1848 5391 omnia
1879 5340 2059 5402 datur,

569 5467 614 5499 "
637 5467 808 5525 Levit.
841 5487 950 5535 xw,
1006 5472 1091 5527 ll.
1169 5473 1214 5504 "*
1249 5472 1400 5538 iliid.,
1431 5473 1518 5537 H,
1546 5484 1599 5526 et
1625 5489 1776 5541 seqq.

571 5630 682 5698 (45)
711 5629 864 5691 Mss.,
901 5649 920 5681 ι
954 5629 1236 5684 tlill'uudet.
1263 5650 1280 5680 ι
1314 5630 1467 5684 Libb.
1495 5631 1646 5692 editi,
1678 5649 1694 5682 ι
1731 5632 2008 5685 defundet.
2043 5651 2060 5683 ι

571 5699 680 5769 (44)
717 5701 895 5752 Codex
942 5701 1232 5767 Saugerm.
1269 5711 1332 5770 et
1379 5701 1495 5766 alii,
1541 5719 1556 5751 ι
1590 5702 1785 5765 Abiud,
1819 5720 1837 5752 ι
1875 5701 2068 5768 sicque
2108 5766 2119 5770 _

501 5768 849 5839 Septuaginta
883 5771 1211 5840 interpretes
1243 5768 1418 5827 Exod.
1441 5787 1515 5839 vr,
1538 5770 1628 5838 25,
1661 5785 1972 5841 quanquam
2001 5785 2068 5824 cx

1855 5477 1899 5506 ’⁵
1927 5477 2065 5531 Psal.
2099 5494 2151 5538 L,
2196 5472 2280 5525 Μ.

2163 4603 2280 4655 ﬁeri
2343 4610 2635 4671 antequam
2699 4603 3000 4656 accedatur
3052 4603 3119 4655 ad
3175 4602 3348 4656 altare
3393 4603 3511 4656 Dei.
3541 4600 3719 4655 Omnes

2166 4710 2263 4748 nos
2311 4695 2412 4749 iste
2468 4711 2646 4749 sermo
2687 4694 2957 4764 contingit
2989 4693 3124 4762 με),
3161 4696 3229 4748 ad
3278 4709 3471 4748 omnes
3509 4695 3715 4761 pertinet

2167 4786 2310 4854 quod
2375 4787 2463 4840 hic
2516 4786 2753 4854 loquitur
2788 4786 2908 4850 lex;
2942 4786 3202 4854 przecepit
3231 4785 3381 4838 enim
3419 4793 3479 4837 ut
3506 4785 3717 4837 sciamus

2168 4878 2440 4944 quomodo
2475 4877 2738 4930 accedere
2770 4878 3064 4932 debeamus
3094 4878 3160 4929 ad
3193 4877 3364 4929 altare
3404 4874 3518 4928 Dei.
3560 4873 3715 4925 Altera

2167 4969 2311 5020 enim
2346 4977 2428 5021 est
2459 4983 2626 5034 super
2656 4967 2796 5035 quod
2851 4968 3127 5020 orationes
3188 4977 3409 5018 nostras
3459 4963 3709 5017 oﬂ'erimus

2172 5062 2300 5125 Deo,
2337 5071 2394 5113 ut
2426 5062 2664 5114 sciamus
2713 5061 2985 5127 quomodo
3021 5060 3313 5113 debeamus
3354 5051 3715 5119 olferre,srili-

2170 5167 2254 5205 cet
2315 5161 2374 5203 ut
2430 5151 2767 5217 deponamus
2819 5149 3147 5202 vestimenta
3193 5147 3439 5209 sordida,
3492 5161 3602 5212 qua:
3639 5150 3716 5193 εει

2170 5242 2351 5295 carnis
2379 5240 2744 5301 immunditia,
2783 5255 2990 5292 morum
3035 5238 3188 5303 vitia,
3227 5239 3619 5304 inquinamenta
3662 5231 3717 5279 li-

2171 5333 2440 5385 bidinum.
2473 5331 2580 5382 Aut
2603 5331 2824 5399 ignoras
2850 5329 2945 5382 tibi
2977 5343 3215 5397 quoque,
3248 5327 3299 5379 id
3338 5335 3423 5379 est
3464 5325 3598 5377 omni
3625 5320 3715 5371 lic-

2355 5471 2399 5501 "
2436 5469 2661 5523 Luc.xt.
2737 5469 2781 5499 ’⁷
2824 5465 2992 5521 Levit.
3036 5481 3143 5523 xvi.
3179 5465 3196 5517 l
3244 5474 3297 5516 et
3341 5477 3493 5530 seqq.

2175 5629 2403 5683 llebrzco
2450 5626 2735 5696 legendum
2796 5637 2998 5690 essent
3037 5626 3196 5686 Abin,
3255 5642 3294 5674 ι-
3323 5624 3403 5696 vel
3429 5620 3666 5696 Δε-Αιήίιᾳθ.
3693 5635 3713 5667 ι

2249 5697 2358 5767 (45)
2409 5693 2613 5752 Omnes
2676 5711 2842 5763 mss.,
2887 5715 2906 5749 ι
2952 5698 3241 5765 contingit.
3296 5712 3314 5745 ι
3364 5693 3512 5746 Libb.
3565 5693 3717 5750 editi,

2183 5787 2200 5820 ι
2241 5769 2585 5839 constringit.
2615 5784 2637 5820 ι
