3876 6530
136 402 220 456 sua
1246 396 1313 451 IN
1352 354 1733 453 LEVt'rtcuit
1772 396 2052 453 llOMlLlA
2086 396 2176 452 lx.
2950 412 2953 415 ν
3242 393 3347 449 sto

135 516 291 573 clcsizc
344 510 451 575 Dei,
509 518 565 564 et
635 508 973 563 credentium
1045 510 1242 579 populo
1294 513 1663 567 sacerdotium
1696 515 1738 569 Α
1770 511 1993 572 dicitur,
2019 510 2144 577 quia
2182 514 2323 561 terra
2359 506 2423 559 sit
2448 515 2544 571 ,et
2575 505 2626 559 in
2676 513 2877 558 terram
2917 503 3018 558 ibit
3046 503 3112 559 ".
3146 502 3346 559 Volens

135 606 333 667 datum?
360 601 488 656 Audi
537 604 805 669 qnomodo
854 601 1046 654 Petrus
1087 602 1217 655 dicit
1254 603 1319 657 de
1372 604 1659 658 ﬁdelibus:
1766 617 1895 671 ergo
1930 602 2190 654 Dominus
2222 610 2276 654 et
2330 600 2583 652 Salvator
2614 613 2791 662 meus,
2824 599 2926 653 hoc
2952 598 3097 667 quod
3145 597 3198 651 in
3238 608 3345 650 ter-

138 700 371 759 .Genus,
417 692 588 760 inquit
639 692 707 755 ’⁸,
741 692 995 755 electum,
1048 693 1227 761 regale
1278 694 1663 758 sacerdotium,
1768 709 1880 747 ram
1917 696 2053 747 ierat
2085 693 2412 747 resnscitarc
2447 693 2592 761 (A7),
2624 701 2896 745 terrenum
2935 692 3176 759 suscepit
3222 706 3345 745 cor-

130 806 246 864 gens
281 796 476 850 sancta,
531 783 761 854 populus
814 786 865 836 in
915 785 1357 853 acquisitionem.
1418 806 1437 839 ι
1484 785 1664 841 liabes
1769 801 1885 853 pus,
1923 794 1979 837 ut
2025 785 2076 837 id
2110 785 2379 838 elevatum
2413 783 2477 836 de
2515 791 2684 844 terra,
2717 792 2957 848 portaret
3005 783 3070 835 ad
3124 782 3343 836 ccelum.

128 898 241 951 ergo
266 876 637 939 sacerdotium,
667 876 791 943 quia
826 890 957 945 gens
987 877 1343 931 sacerdotalis
1367 893 1442 939 es,
1469 889 1521 933 et
1546 880 1665 933 ideo
1766 875 1832 929 Et
1861 876 2019 943 hujus
2065 874 2307 945 mysterii
2351 882 2498 927 tenet
2536 872 2762 941 ﬁguram
2799 872 2927 939 hoc,
2958 872 3098 940 quod
3129 872 3180 925 in
3226 872 3345 941 lege

128 974 301 1028 offerre
352 969 513 1022 debes
569 967 680 1021 Deo
712 967 943 1021 hostiam
979 967 1170 1033 laudis,
1214 969 1447 1023 hostiam
1470 971 1667 1024 oratio-
1767 968 2044 1028 scribitur,
2096 975 2151 1018 ut
2206 965 2346 1018 linea
2394 965 2575 1017 tunica
2630 965 2865 1033 pontifex
2915 966 3186 1018 induatur.
3237 965 3343 1020 Sed

124 1079 256 1129 num,
309 1060 538 1115 hostiam
604 1058 1018 1126 misericordiae,
1068 1062 1301 1115 hostiam
1371 1063 1662 1131 pudicitiae,
1767 1059 1909 1125 quod
1968 1058 2177 1110 addidit
2226 1056 2597 1119 sanctiﬁcata,
2640 1073 2745 1109 non
2795 1057 2970 1110 otiose
3020 1057 3342 1111 audiendam

128 1156 336 1211 hostiam
368 1150 614 1221 iustitiae,
666 1150 899 1205 hostiam
957 1153 1283 1207 sanctitatis.
1318 1150 1425 1208 Sed
1457 1164 1515 1207 ut
1550 1156 1664 1209 btec
1766 1162 1870 1206 est.
1900 1152 2251 1207 Sanetiﬁcata
2278 1167 2511 1220 namque
2540 1151 2641 1204 fuit
2690 1152 2872 1205 tunica
2909 1153 3092 1204 carnis
3116 1152 3343 1217 Christi,

122 1251 267 1319 digne
310 1243 523 1308 offeras,
580 1244 910 1300 indumentis
942 1246 1037 1299 tibi
1059 1261 1196 1314 opus
1228 1256 1311 1302 est
1347 1249 1583 1312 mundis,
1611 1257 1667 1303 et
1767 1260 1872 1300 non
1908 1245 2053 1299 enim
2087 1254 2206 1298 erat
2234 1260 2302 1298 ex
2325 1245 2531 1298 semine
2564 1243 2667 1297 viri
2704 1243 3092 1310 concepta,sed
3119 1258 3185 1295 ex
3218 1258 3345 1296 san-

121 1338 397 1410 segregatis
460 1352 492 1391 a
552 1336 886 1406 reliquorum
954 1338 1232 1392 hominum
1283 1342 1666 1397 communibus
1767 1347 1856 1391 cto
1887 1335 2092 1404 Spiritu
2152 1346 2434 1405 generata.
2473 1352 2491 1385 ι
2534 1334 2598 1387 Et
2640 1332 2947 1396 femoralia,
2984 1333 3156 1400 inquit
3181 1331 3247 1395 ⁸⁸,
3284 1332 3347 1386 lio

122 1426 456 1492 indumentis,
485 1434 537 1480 et
562 1425 740 1496 ignem
771 1426 1012 1483 divinum
1056 1426 1422 1481 necessarium
1472 1429 1662 1494 habes,
1767 1440 1867 1479 nea
1890 1426 1998 1478 sint
2032 1440 2197 1492 super
2256 1440 2453 1493 corpus
2505 1422 2644 1490 ejus.
2683 1440 2701 1472 ι
2738 1421 3022 1475 Femorale
3054 1421 3345 1476 indumen-

121 1536 213 1575 non
236 1518 459 1586 aliquem
507 1516 741 1570 alienum
782 1532 812 1570 a
839 1518 979 1583 Deo,
1028 1517 1121 1572 sed
1168 1517 1315 1572 illum
1349 1518 1440 1588 qui
1483 1534 1513 1574 a
1556 1520 1665 1576 Deo
1769 1524 1880 1569 tum
1910 1526 2135 1583 est,quo
2168 1516 2418 1585 pudenda
2445 1514 2692 1583 corporis
2715 1513 2931 1581 contegi
2967 1521 3022 1567 et
3044 1512 3345 1583 constringi

117 1611 404 1667 hominibus
437 1610 615 1672 datur,
646 1609 711 1662 de
730 1622 840 1677 quo
861 1608 1031 1663 Filius
1058 1608 1150 1661 Dei
1174 1608 1403 1663 dicit":
1436 1627 1453 1661 ι
1483 1609 1667 1679 Ignem
1768 1607 1968 1662 solent.
1995 1608 2051 1662 Si
2084 1624 2213 1679 ergo
2249 1607 2484 1676 aspicias
2532 1606 2872 1661 Salvatorem
2905 1621 3079 1658 meum
3101 1606 3349 1678 (48)sus-

115 1698 222 1751 veni
253 1697 462 1749 mittere
502 1694 556 1748 in
600 1703 828 1761 terram,
874 1705 928 1751 et
976 1711 1139 1765 quam
1164 1696 1286 1751 volo
1324 1700 1665 1752 ntaccenda-
1764 1700 1974 1770 cepisse
2061 1700 2284 1767 quidem
2322 1712 2556 1765 corpus,
2592 1704 2646 1751 et
2694 1697 2747 1752 in
2800 1712 3033 1766 corpore
3081 1698 3341 1764 positum,

118 1802 213 1846 tur.
255 1808 272 1840 ι
312 1788 367 1840 Si
396 1787 546 1840 enim
570 1802 673 1841 non
702 1788 832 1853 hoc,
871 1788 968 1842 sed
997 1789 1105 1841 alio
1138 1796 1191 1843 et
1222 1789 1351 1842 huic
1392 1788 1666 1843 centrario
1696 1842 1740 1858 ﬁ
1768 1790 1945 1858 egisse
1975 1787 2247 1845 humanos
2279 1799 2454 1853 actus,
2487 1790 2539 1842 id
2582 1797 2665 1843 est
2701 1789 2980 1855 vescendi,
3023 1798 3077 1843 et
3103 1787 3341 1854 bibendi,

116 1879 213 1949 igni
238 1888 471 1944 utamur,
511 1878 603 1931 illo
634 1878 723 1947 qui
764 1892 823 1932 se
851 1878 1202 1947 transfigurat
1229 1880 1371 1933 sicut
1412 1879 1662 1948 angelum
1694 1842 1740 1903 Β
1768 1894 1820 1935 et
1883 1891 2075 1935 caetera
2140 1881 2340 1935 similia
2380 1898 2394 1936 :
2434 1881 2535 1935 hoc
2586 1891 2764 1933 autem
2826 1880 2999 1934 solum
3057 1896 3190 1949 opus
3237 1895 3342 1935 non

116 1968 254 2027 lucis.
285 1967 476 2021 eadem
510 1967 629 2021 sine
663 1968 826 2022 dubio
850 1967 1144 2038 patiemur,
1186 1984 1306 2038 qua:
1331 1967 1514 2022 Nadab
1543 1984 1666 2037 pas-
1768 1972 1942 2041 egisse
1974 1973 2115 2034 quod
2151 1973 2215 2026 ad
2253 1972 2502 2041 pudenda
2550 1973 2795 2040 corporis
2831 1973 3345 2041 pertinet,earnem-

114 2075 196 2113 sus
219 2068 295 2111 est
317 2057 589 2112 etAbiud.
616 2056 869 2127 Praecipit
898 2072 1029 2126 ergo
1051 2061 1366 2113 mandatum
1391 2060 1662 2123 divinum,
1766 2077 1871 2131 que
1930 2062 2048 2131 ejus
2091 2079 2265 2133 neque
2321 2066 2545 2133 nuptiis,
2582 2080 2755 2132 neque
2806 2064 3060 2123 ﬁliormn,
3090 2080 3346 2133 procrea-

114 2148 479 2202 millSll‘llalUl'
525 2151 730 2211 Aaron.
789 2162 856 2202 De
894 2148 1041 2201 omni
1083 2148 1216 2202 hora
1258 2148 1426 2202 iniret
1462 2148 1573 2221 (46)
1609 2149 1663 2203 in
1767 2155 1898 2211 tioni
1950 2157 2226 2223 patuisse,
2278 2157 2524 2210 invenies
2577 2156 2812 2225 qualiter
2858 2155 3137 2209 femoralia
3204 2157 3343 2211 linea

113 2250 278 2294 sancta
306 2240 371 2293 ad
404 2240 604 2301 altare.
638 2239 731 2293 Sed
759 2252 880 2292 cum
911 2239 1104 2294 fecerit
1136 2242 1285 2309 prius
1308 2256 1371 2296 ea
1397 2257 1518 2311 quae
1545 2243 1658 2296 ﬁeri
1768 2247 2106 2302 sanctiﬁcata
2155 2248 2423 2314 habuerit,
2466 2258 2525 2300 ut
2585 2262 2706 2301 vere
2739 2249 2805 2301 de
2844 2246 2956 2314 ipso
2999 2246 3104 2300 dici
3130 2247 3340 2310 debeat,

112 2330 432 2393 mandantur,
470 2343 538 2382 ne
571 2329 708 2383 forte
741 2329 1031 2385 moriatur.

1813 2345 1894 2398 uia
1928 2362 1946 2395 ‹
1987 2345 2360 2400 inhonestiora
2420 2354 2604 2400 nostra
2641 2344 3094 2398 abundantiorem
3143 2344 3344 2397 habent

171 2420 219 2473 2.
248 2418 346 2473 Sed
370 2421 553 2486 primo
581 2421 821 2475 omnium
872 2422 1225 2477 ostendamus
1250 2424 1523 2491 quomodo
1549 2424 1663 2479 haec

1813 2451 2031 2492 onorem
2064 2439 2131 2494 ³⁸.
2176 2458 2194 2489 ι
2233 2438 2532 2493 Considera
2571 2447 2751 2491 tamen
2778 2447 2831 2491 et
2863 2438 3038 2505 ipsum
3073 2435 3344 2505 pontiﬁcis

114 2528 217 2582 (ἰυω
246 2514 306 2565 de
328 2511 617 2566 sacriﬁcus
650 2513 1095 2578 θοηδοΐίδυηίυῖὸ
1128 2513 1331 2583 “Suras
1360 2529 1480 2569 esse
1512 2516 1661 2585 APO“
1765 2530 2035 2593 habitum,
2065 2530 2189 2598 quia
2216 2530 2357 2598 quod
2385 2546 2481 2594 per
2506 2539 2755 2583 naturam
2792 2528 2970 2581 minus
3000 2528 3052 2580 in
3083 2542 3147 2580 eo
3176 2526 3346 2579 hone-

114 2605 263 2659 διοίυε
294 2604 423 2658 die“
450 2614 508 2658 ει
538 2603 765 2667 formas,
800 2619 1033 2673 quarum
1068 2606 1272 2658 vernas
1314 2606 1365 2659 ίη
1410 2606 1534 2660 aliis
1575 2621 1661 2660 05‘
1765 2630 1908 2677 stum
1950 2622 2191 2683 videtur,
2231 2622 2435 2675 intltttis
2474 2621 2827 2675 fetnoralibus
2870 2621 3061 2683 lineis,
3104 2628 3157 2672 et
3209 2633 3343 2672 zona

116 2697 362 2756 tendatur,
392 2710 465 2749 ne
514 2696 656 2748 forte
710 2695 989 2749 auditores
1024 2710 1359 2764 praesumere
1392 2712 1491 2751 nos
1517 2698 1647 2751 arbi-

1814 2712 2103 2777 inStrictis,
2134 2713 2295 2764 etiam
2338 2713 2637 2766 secundum
2680 2712 2917 2764 litteram
2944 2711 3009 2765 de
3052 2725 3118 2763 eo
3154 2724 3345 2763 conve-

114 2800 319 2853 trentur.
350 2798 404 2843 et
429 2789 600 2858 legem
637 2790 729 2843 Dei
765 2791 818 2844 in
850 2791 1013 2844 alium
1060 2805 1277 2845 sensum
1326 2806 1487 2861 quam
1520 2793 1661 2847 scri-
1766 2804 1847 2857 nit
1878 2804 2008 2868 diei,
2043 2805 2168 2874 quia
2210 2823 2225 2854 ι
2259 2804 2629 2858 inhonestiora
2667 2813 2852 2857 nostra
2893 2801 3343 2857 abundantiorem

114 2889 189 2948 pta
217 2891 311 2944 est,
342 2880 614 2935 violenter
664 2880 972 2942 inﬂectere,
1017 2882 1218 2950 quippe
1248 2881 1291 2936 si
1318 2883 1461 2937 nulla
1496 2883 1645 2937 inhi:

1812 2905 2104 2950 onestatem
2146 2896 2364 2949 habent.
2398 2914 2416 2946 ι
2454 2894 2527 2948 Ita
2567 2908 2696 2965 ergo
2727 2903 2780 2948 et
2818 2896 2991 2947 omnis
3022 2894 3112 2961 qui
3169 2884 3219 2945 in
3252 2906 3343 2945 ca-

111 2989 214 3041 nnae
234 2974 544 3036 asserimus.
569 2974 868 3043 apostolica
891 2974 1654 3041 praecedalauctoritas.Pau.
1763 2983 1947 3037 stitate
1976 2983 2165 3037 vivens
2204 2984 2452 3037 imitatur
2481 2983 2783 3047 Christum,
2821 2984 2928 3037 hoc
2954 2981 3126 3037 solum
3157 2982 3222 3035 de
3253 2981 3346 3035 hu-

111 3065 181 3120 lus
221 3080 341 3134 ergo
365 3066 442 3141 ad
463 3065 726 3119 Hebraeos
779 3065 1049 3132 scribens,
1092 3081 1185 3120 eos
1217 3065 1428 3120 scilicet
1457 3068 1548 3136 qui
1586 3068 1661 3123 le-
1764 3072 1939 3126 manis
1989 3072 2197 3126 actibus
2249 3074 2602 3135 nescientem,
2632 3072 2747 3141 ipse
2769 3075 2933 3126 etiam
2971 3073 3133 3127 lineis
3171 3070 3343 3126 femo-

110 3169 212 3226 θείη
243 3156 458 3225 (illide
493 3155 737 3223 ιεεετεηι
770 3164 824 3208 ει
858 3154 970 3208 1133C
999 3154 1257 3208 medilala
1292 3154 1580 3218 haberem.
1608 3165 1662 3209 ει
1688 3180 1728 3235 C
1764 3162 1966 3217 ralibus
2012 3162 2365 3217 sanctiﬁcatis
2397 3163 2616 3217 indutus
2658 3173 2761 3227 est,
2793 3174 2845 3216 et
2883 3162 3341 3218 inbonestiorihue

108 3249 227 3302 bene
248 3256 389 3311 nota,
422 3248 521 3301 sed
550 3248 857 3316 indigerent
894 3244 1660 3312 intellectu,qualitersenliri
1765 3255 1877 3309 suis
1931 3254 2381 3309 abundantiorem
2427 3256 2787 3327 circumdedit
2824 3256 3188 3310 honestatem.
3235 3253 3342 3307 Tu-

109 3340 165 3393 de
187 3339 470 3394 sacriﬁciis
486 3339 696 3400 debeat,
727 3338 829 3391 hoc
862 3337 1021 3391 modo
1038 3334 1166 3388 dicit
1199 3333 1244 3365 ³⁰
1276 3353 1288 3387 ε
1319 3353 1336 3385 ί
1375 3336 1490 3390 Νοη
1516 3339 1660 3391 enim
1766 3345 1884 3398 nica
1918 3360 2047 3415 ergo
2090 3347 2233 3399 linea
2269 3347 2604 3401 sanctiﬁcata
2646 3347 2919 3413 induitur,
2949 3355 3003 3400 et
3054 3345 3340 3400 femoralia

110 3433 153 3484 in
194 3440 368 3485 sancta
446 3429 762 3483 manufacta
837 3428 1086 3482 introivit
1118 3428 1277 3484 Jesus
1334 3429 1663 3497 exemplaria
1765 3435 1905 3491 linea
1942 3452 2105 3505 super
2128 3452 2325 3507 corpus
2351 3438 2465 3506 ejus
2507 3450 2651 3492 sunt.
2687 3439 2791 3491 Sed
2836 3454 2901 3490 ne
2934 3437 3075 3491 forte
3107 3438 3341 3501 femorae

107 3534 356 3583 Veiorum.
413 3518 515 3574 sed
572 3519 625 3572 in
684 3519 857 3587 ipsum
898 3518 1117 3582 ctelum,
1150 3528 1492 3588 utappareat
1520 3534 1663 3573 nunc
1765 3525 1837 3579 lia
1868 3528 1981 3581 haec
2011 3527 2209 3595 quibus
2247 3529 2497 3595 pudenda
2546 3539 2926 3598 conteguntur,
2963 3530 3199 3582 resoluta
3224 3526 3339 3597 (49)

105 3610 256 3665 vultui
289 3610 379 3665 Dei
404 3623 512 3679 pro
544 3607 728 3663 nobis.
758 3626 776 3658 ι
798 3607 1079 3663 Etiterutn
1107 3607 1238 3662 dicit
1266 3609 1331 3663 de
1363 3609 1556 3663 llOSlllS
1579 3609 1659 3663 u:
1764 3619 2031 3681 deﬂuant,
2074 3628 2129 3673 cl,
2160 3619 2548 3687 turpitudinem
2601 3620 2865 3683 revelem,
2914 3628 3006 3671 aut
3057 3628 3337 3685 retegunt,

111 3719 127 3752 ι
156 3700 257 3755 Hoc
290 3701 433 3755 enim
456 3699 1026 3767 fecitsemelseipsum
1059 3699 1291 3753 hostiam
1323 3700 1656 3754 offerendo.»
1765 3708 2007 3779 adjungit
2046 3727 2057 3761 ε
2088 3730 2108 3761 ς
2150 3710 2266 3765 Non
2310 3711 2481 3773 enim,
2516 3712 2695 3779 inquit
2726 3711 2789 3776 ³⁷,
2825 3710 2992 3764 facies
3044 3709 3242 3779 gradus
3273 3708 3340 3761 ad

106 3791 327 3862 Sedquid
346 3791 519 3847 dehis
541 3790 851 3857 singulatim
872 3792 1168 3859 quaerimus
1187 3791 1663 3846 leslimonia?0tl~
1763 3799 1954 3861 altare,
1988 3814 2054 3852 ne
2097 3800 2232 3853 forte
2256 3799 2308 3853 in
2334 3799 2419 3853 his
2460 3801 2727 3853 reveletur
2771 3798 3047 3867 turpitudo
3073 3807 3183 3850 tua.
3215 3814 3234 3847 ι
3262 3794 3340 3849 Ne

105 3898 208 3937 nem
220 3882 688 3953 epistolamipsam
709 3881 776 3937 ad
794 3879 1057 3936 Hebraeos
1079 3881 1338 3949 scriptam
1360 3882 1406 3936 si
1430 3885 1551 3952 quis
1577 3898 1662 3938 re-
1763 3896 1895 3959 ergo
1915 3890 2190 3958 turpitudo
2211 3900 2295 3944 tua
2313 3888 2671 3944 deﬂuentibus
2688 3888 3035 3943 femoralibus
3052 3886 3338 3949 reveletur,

104 3985 322 4042 censeat,
353 3986 409 4032 et
462 3975 735 4045 praecipue
763 3987 885 4027 eum
912 3972 1110 4036 locum,
1136 3973 1552 4042 ubipontiﬁcem
1580 3975 1659 4030 le-
1764 3995 1896 4034 zona
1925 4017 1941 4043 ,
1997 3979 2208 4047 inquit,
2255 3977 2538 4033 femoralia
2587 3978 3050 4047 constt-iugantur.
3095 3975 3339 4041 Quodam

101 4068 392 4134 gisconfert
415 4066 665 4138 pontiﬁci
690 4065 1151 4135 repromissionis,
1182 4066 1249 4119 de
1276 4067 1659 4136 quoseriptum
1766 4080 2006 4140 tempore
2046 4081 2379 4140 exponentes
2426 4069 2686 4123 Joannem
2731 4069 3052 4139 Baptistam,
3106 4080 3159 4123 et
3206 4068 3340 4123 alias

100 4160 241 4231 237
279 4171 361 4216 est
396 4161 444 4192 “
481 4175 496 4213 :
544 4177 563 4211 ι
606 4157 686 4213 Tu
706 4174 764 4213 es
791 4159 1047 4214 sacerdos
1072 4160 1123 4213 in
1172 4166 1435 4213 aeternum
1465 4175 1661 4214 secun-
1761 4160 2073 4229 Jeremiam,
2122 4163 2263 4231 quod
2300 4161 2571 4216 Jeremias
2603 4160 2825 4229 quidem
2852 4176 3068 4223 zonam,
3100 4158 3339 4214 Joannes

102 4256 211 4307 dum
266 4254 516 4309 ordinem
546 4249 948 4306 Melchisedech
970 4290 987 4317 ,
1026 4270 1044 4302 ι
1104 4252 1345 4306 inveniet
1389 4252 1660 4321 quomodo
1761 4270 1890 4309 vero
1914 4255 2193 4324 pelliceam
2229 4268 2422 4307 zonam
2453 4253 2602 4307 circa
2635 4253 2848 4306 lumbos
2903 4253 3157 4306 habuisse
3185 4250 3339 4305 dice-

98 4346 257 4401 omnis
290 4346 379 4401 hic
424 4346 584 4401 locus
631 4344 915 4414 Apostoli,
967 4344 1299 4413 exemplaria
1356 4354 1411 4400 et
1454 4344 1657 4400 formas
1760 4355 1929 4411 retur,
1953 4346 2275 4401 sufﬁcienter
2304 4346 2639 4401 ostendimus
2669 4345 2939 4413 quomodo
2980 4358 3077 4413 per
3112 4344 3225 4398 haec
3246 4343 3339 4398 de-

98 4437 315 4493 ostendit
350 4450 480 4492 esse
510 4450 690 4490 rerum
726 4436 970 4491 vivarum
1006 4445 1062 4491 et
1087 4442 1365 4502 Verarum,
1402 4437 1489 4491 illa
1539 4454 1659 4505 quae
1762 4437 1995 4492 claretur
2027 4438 2223 4492 indicia
2261 4437 2372 4509 (50)
2406 4452 2533 4506 pars
2568 4436 2659 4490 illa
2696 4435 2940 4503 corporis
2972 4434 3113 4502 apud
3148 4433 3337 4503 hujus-

96 4526 143 4581 in
166 4526 275 4600 lege
308 4531 520 4603 scripta
542 4536 687 4584 sunt.
718 4528 948 4598 Oportet
976 4542 1105 4597 ergo
1130 4543 1229 4583 nos
1256 4544 1505 4599 qumrere
1526 4546 1659 4600 pon-
1690 4512 1734 4568 Ῐ)
1766 4530 1908 4584 modi
1946 4532 2087 4584 viros
2116 4530 2191 4583 ita
2219 4537 2489 4594 emortua,
2526 4537 2584 4582 ut
2614 4541 2786 4596 neque
2834 4525 2915 4579 vel
2965 4526 3097 4579 levis
3140 4535 3338 4593 motus,

97 4620 303 4686 tiﬁcem,
330 4624 427 4692 qui
485 4620 652 4675 semel
691 4620 745 4674 in
785 4633 952 4685 anno,
982 4620 1035 4673 id
1086 4627 1173 4675 est
1219 4635 1318 4689 per
1356 4635 1517 4675 omne
1556 4622 1659 4677 hoc
1765 4637 1942 4691 neque
1981 4621 2120 4675 alius
2143 4622 2430 4690 quisquam
2477 4620 2529 4672 in
2565 4618 2766 4672 lumbis
2797 4632 2985 4670 eorum
3021 4615 3187 4669 fuisse
3220 4630 3341 4669 cre-

94 4725 313 4775 prmsens
344 4711 633 4774 saeculum,
664 4710 993 4765 sacriﬁcium
1038 4711 1235 4765 obtulit
1267 4711 1375 4765 Deo
1396 4752 1411 4777 ,
1440 4714 1625 4767 indutu

1805 4723 2007 4779 eretur,
2046 4715 2140 4769 sed
2184 4714 2297 4768 sola
2334 4712 2583 4776 castitas,
2609 4720 2664 4764 et
2720 4725 2852 4780 pura
2882 4707 3159 4777 pudicitia.
3191 4707 3336 4763 Zona

94 4812 248 4868 veste,
270 4805 449 4871 cujus,
472 4801 703 4858 Domino
722 4802 1107 4872 juvante,quaa
1128 4801 1197 4856 sit
1215 4802 1449 4870 qualitas
1470 4812 1656 4857 osten-
1765 4821 1896 4876 ergo
1921 4806 2164 4875 pontifex
2202 4806 2343 4859 linea
2376 4803 2634 4873 cingitur,
2665 4812 2718 4855 et
2750 4801 2974 4855 cidarim
3013 4801 3209 4854 lineam
3236 4800 3339 4852 im-

97 4895 287 4949 dentus.
320 4912 339 4946 ι
382 4894 619 4960 Tunica,
667 4893 847 4963 inquit
873 4892 945 4959 ³³,
982 4892 1125 4947 linea
1179 4894 1514 4948 sanctiﬁcata
1573 4895 1656 4948 in-
1759 4899 2095 4969 ponitsuper
2123 4906 2282 4967 caput
2310 4913 2485 4956 suum,
2527 4895 2707 4949 omnia
2742 4894 2913 4948 linea.
2945 4893 3154 4947 Cidaris
3193 4892 3337 4961 quod

94 4985 292 5040 duetur.
331 5005 350 5038 ι
388 4985 585 5039 Linum
618 4985 685 5039 de
731 4993 878 5039 terra
911 4983 1110 5048 oritur,
1143 4985 1323 5038 tunica
1370 4998 1499 5055 ergo
1526 5000 1655 5040 san-
1759 4990 1957 5044 dicitur
2007 4999 2229 5045 ornatus
2282 4989 2500 5056 quidam
2525 4997 2629 5052 est,
2678 4987 2770 5057 qui
2804 4985 2966 5054 capiti
3010 4984 3334 5055 superponi-

94 5073 312 5128 ctiﬁcata
341 5075 487 5129 linea
512 5073 754 5128 induitur
775 5087 936 5128 verus
965 5072 1208 5139 pontifex
1231 5072 1500 5140 Christus,
1528 5091 1650 5131 cum
1760 5092 1870 5147 tur,
1890 5096 1997 5150 quo
2023 5081 2191 5133 utitur
2213 5079 2453 5148 pontifex
2486 5079 2539 5132 in
2566 5077 2859 5133 offerendis
2881 5077 3097 5141 hostiis,
3128 5076 3210 5130 vel
3228 5090 3336 5129 cae.

92 5178 329 5219 naturam
371 5166 573 5221 terreni
616 5165 859 5236 corporis
900 5166 1086 5219 sumit.
1131 5163 1210 5220 De
1236 5179 1466 5234 corpore
1500 5167 1646 5222 enim
1760 5173 1861 5227 teri
1921 5171 2260 5225 sacerdotes.
2295 5170 2401 5223 Sed
2436 5171 2805 5238 unusquisque
2852 5180 3093 5223 nostrum
3135 5180 3334 5220 ornare

156 5276 199 5347 ’ξ
222 5276 241 5329 l
267 5277 417 5333 Petr.
455 5295 516 5345 ιι,
542 5281 597 5335 9.
672 5281 719 5311 ³⁹
746 5278 878 5334 Luc.
912 5294 1009 5343 xu,
1034 5278 1119 5332 49.
1244 5278 1289 5310 ³ο
1316 5278 1565 5347 llebrax,
1589 5284 1678 5340 24.
1794 5288 1835 5319 ³¹
1867 5283 2028 5337 llebr.
2055 5298 2150 5341 vn,
2186 5282 2277 5336 27.
2335 5279 2380 5312 ⁸⁸
2404 5278 2708 5343 Psal.CIx:l.
2736 5296 2745 5339 ι
2831 5283 2875 5314 ³³
2909 5282 3085 5347 Levit,
3136 5296 3249 5346 xvr,
3276 5280 3330 5335 4.

94 5346 132 5378 “
160 5345 353 5403 Cenes.
378 5364 463 5417 ιιι,
496 5352 585 5408 19.
661 5350 708 5382 ³⁸
729 5349 908 5405 Levit.
944 5363 1054 5415 xu,
1093 5347 1148 5402 4.
1224 5348 1269 5380 ³⁸
1301 5349 1319 5403 l
1349 5350 1474 5405 Cor.
1507 5345 1606 5420 xit,

1224 5348 1269 5380 ³⁸
1301 5349 1319 5403 l
1349 5350 1474 5405 Cor.
1507 5345 1606 5420 xit,
1638 5358 1727 5413 25.
1806 5358 1848 5389 ³⁷
1879 5356 2049 5409 Exod.
2082 5355 2259 5418 xx,2t5
2289 5371 2303 5419 ;
2329 5353 2500 5408 Levit.
2546 5368 2658 5417 χιι,
2683 5353 2738 5406 4.

154 5507 259 5588 (ιε)
298 5509 455 5579 Mss.,
492 5531 511 5565 ι
553 5512 746 5588 intret.
783 5530 803 5565 ι
853 5512 1009 5588 Libb.
1068 5511 1286 5588 editi,_¢
1322 5514 1574 5588 intraret.
1620 5537 1638 5571 ι
1828 5519 1942 5588 (48)
1981 5518 2163 5573 Codex
2192 5518 2508 5585 Sangerm.,
2554 5534 2573 5567 ‹
2616 5523 2879 5568 nostrum.
2916 5531 2936 5565 ι

91 5573 249 5659 ξξθέιισ
274 5594 395 5659 post
434 5573 588 5659 ipss"
629 5600 647 5633 t
673 5584 910 5659 seipsum
943 5582 1178 5637 hostiam
1198 5573 1497 5642 efferendo.
1523 5605 1544 5641 ι
1588 5588 1644 5644 1n
1829 5573 1944 5659 (i9)
1986 5590 2119 5643 Cod.
2155 5573 2527 5659 Sange'rmq}
2562 5587 2900 5659 dissoluta.)

94 5643 396 5733 “biﬁda-editis
427 5643 597 5713 deest,
635 5671 653 5704 ι
693 5643 945 5733 hostiam.
971 5670 988 5703 ι
1027 5722 1047 5733 η
1262 5723 1293 5733 __
1328 5723 1338 5733 .
1981 5659 2181 5716 Omnes
2212 5643 2377 5725 nugs”
2414 5675 2431 5707 ι
2456 5643 2699 5711 ’ἰιιάἰςὶεμ
2738 5673 2757 5706 ›
2796 5651 2953 5708 Libb.
2994 5650 3150 5721 editi,
3187 5666 3209 5704 ι
3237 5648 3325 5709 in-

96 5718 463 5842 tul((3.7).Mssq
500 5741 518 5774 ι
576 5724 925 5780 resuscitare.
966 5740 983 5773 ι
1026 5722 1179 5778 Libb.
1210 5723 1366 5789 editi,
1406 5743 1425 5778 ι
1475 5728 1646 5784 susci-
1758 5718 1947 5788 dicari.
1984 5748 2003 5780 ι
