3876 6532
1933 378 2251 437 ORIGENIS

3630 383 3732 438 519.

493 484 654 543 debet
703 491 863 549 caput
910 496 1068 540 suum
1117 482 1547 546 sacerdotalibus
1577 500 1931 547 ornamentis.
1966 491 2052 544 Et-
2084 492 2133 548 Δ
2160 490 2342 554 habet,
2373 487 2534 543 etiam
2582 488 2723 557 quod
2775 489 2936 544 habet
2985 485 3264 543 auferetur
3301 490 3371 545 ab
3400 506 3492 557 eo,
3531 512 3550 544 ι
3593 506 3652 549 ιιι
3679 500 3728 552 ei

492 574 634 629 enim
665 573 791 642 quia
824 574 1004 630 omnis
1028 575 1132 632 viri
1158 589 1318 648 caput
1345 581 1598 636 Christus
1617 591 1723 645 est,
1747 583 2056 651 quicunque

492 667 566 721 ita
591 667 704 736 agit
727 675 786 722 ut
806 681 876 723 ex
907 669 1121 724 actibus
1151 674 1265 726 suis
1288 674 1537 728 conferat
1567 675 1793 745 gloriam
1818 674 2054 738 Christo,

491 763 826 824 caputsuum
852 758 944 826 qui
981 768 1062 813 est
1103 759 1350 817 Christus
1387 765 1620 817 ornavit.
1650 763 1834 818 Potest
1868 774 1920 818 et
1953 764 2057 818 alio

499 849 657 901 modo
679 847 730 901 in
756 849 910 904 nobis
935 849 1154 921 intelligi
1176 852 1367 919 capitis
1387 864 1627 911 ornatus.
1651 854 1914 920 Quoniam
1939 855 2058 923 qui-

489 939 612 991 dem
634 938 776 1006 quod
809 948 890 994 est
920 941 971 994 in
997 943 1151 996 nobis
1175 943 1402 1011 primum
1427 959 1490 997 ac
1511 960 1801 1010 summum,
1819 957 1873 1000 et
1899 957 2059 1016 caput

490 1028 752 1093 omnium,
780 1044 934 1085 mens
967 1041 1074 1098 est,
1109 1033 1172 1084 ad
1200 1033 1510 1101 dignitatem
1537 1036 1865 1102 pontificiam
1900 1053 2059 1091 exeo.
2098 1096 2103 1103 _

491 1113 552 1167 lit
595 1126 760 1186 caput
791 1133 971 1184 suum,
997 1123 1041 1175 si
1077 1122 1200 1190 quis
1246 1133 1479 1178 mentem
1527 1139 1680 1178 suam
1709 1127 2058 1182 adornaverit

491 1205 771 1273 Sapientiae
809 1207 1127 1278 disciplinis.
1173 1213 1278 1266 Ista
1323 1214 1489 1283 igitur
1527 1225 1652 1269 sunt
1684 1217 1877 1284 quibus
1911 1219 2057 1272 indui

494 1298 1087 1370 prmeipiturpontifex,
1107 1314 1161 1358 et
1189 1305 1258 1358 ita
1291 1306 1504 1360 demum
1525 1307 1749 1362 introire
1770 1307 1822 1361 in
1851 1321 2056 1376 sancta,

493 1403 564 1444 ne
589 1389 703 1444 haec
733 1405 840 1446 non
876 1393 1081 1449 habens
1112 1396 1396 1450 moriatur.

562 1481 620 1535 5.
661 1481 780 1538 Jam
833 1499 964 1540 vero
1004 1487 1070 1539 de
1116 1487 1308 1542 hostiis
1358 1489 1600 1556 quaedam
1630 1491 1844 1558 quidem
1889 1491 2060 1560 ipsius

489 1572 816 1627 mandantur
867 1576 1064 1630 debere
1102 1591 1220 1631 esse
1263 1578 1552 1646 pontificis,
1589 1583 1830 1649 quaedam
1869 1597 1997 1637 vero
2028 1599 2057 1637 a

488 1662 686 1731 populo
727 1666 1004 1719 sumenda:
1045 1667 1176 1735 (5|).
1214 1667 1383 1736 Ipsius
1413 1671 1556 1722 enim
1607 1671 1803 1724 dicitur
1835 1674 2056 1738 vitulus,

490 1754 633 1820 quod
667 1764 750 1809 est
798 1757 853 1812 in
891 1760 1214 1816 animalibus
1259 1763 1546 1830 pretiosius
1581 1773 1634 1818 et
1666 1765 1958 1822 robustius.
1992 1768 2056 1820 Et

489 1847 790 1901 secundum
821 1849 1020 1902 animal
1061 1851 1224 1916 aries,
1260 1853 1404 1920 quod
1440 1853 1492 1906 in
1524 1856 1715 1910 ovibus
1745 1857 1862 1911 sine
1893 1859 2054 1912 dubio

491 1935 781 2002 pretiosius
805 1948 909 1992 est.
950 1941 994 1994 Δ
1043 1942 1235 2009 populo
1287 1958 1415 1996 vero
1442 1959 1662 2000 munera
1680 1946 1941 2013 iubentur
1969 1949 2054 2003 of-

495 2023 644 2088 ferri,
698 2027 840 2081 aries
885 2044 913 2082 a
949 2031 1309 2099 principibus,
1336 2045 1391 2088 et
1426 2035 1560 2090 hirci
1591 2037 1696 2092 duo
1755 2054 1783 2092 a
1832 2042 2053 2110 populo.

496 2112 646 2169 Unus
671 2115 761 2182 qui
794 2117 1097 2174 dimittatur
1123 2124 1175 2175 in
1202 2137 1464 2192 eremum,
1487 2127 1577 2196 qui
1600 2137 1655 2182 et
1682 2143 2054 2200 apopompmus

489 2205 821 2271 nominatur,
852 2218 909 2262 et
933 2225 1072 2265 unus
1091 2215 1180 2281 qui
1214 2215 1441 2271 Domino
1480 2216 1766 2276 offeratur.
1819 2220 1874 2274 Si
1911 2230 2055 2275 esset

489 2297 667 2350 omnis
695 2300 892 2367 popqu
933 2302 1026 2357 Dei
1054 2314 1298 2370 sanctus,
1337 2317 1389 2362 et
1422 2323 1611 2363 omnes
1663 2321 1846 2366 essent
1889 2313 2052 2378 beati,

489 2399 595 2438 non
653 2385 977 2447 fierentduaa
1004 2404 1182 2450 sortes
1237 2410 1398 2466 super
1429 2399 1598 2454 hircis
1632 2420 1643 2454 :
1679 2411 1734 2455 et
1770 2417 1905 2457 unus
1935 2403 2058 2471 qui-

488 2473 608 2526 dem
657 2485 859 2532 sortem
911 2481 1118 2547 ferret,
1161 2493 1220 2538 ut
1275 2485 1639 2543 dimitteretur
1685 2492 1739 2544 in
1789 2507 2051 2554 eremmn,

491 2565 634 2622 alius
665 2582 792 2624 vero
816 2579 876 2624 ut
901 2571 1127 2628 Domino
1151 2574 1426 2642 offeretur,
1459 2580 1549 2633 sed
1599 2592 1740 2637 esset
1770 2599 1888 2637 sors
1929 2599 2047 2643 una,

492 2666 543 2710 et
585 2657 758 2712 hostia
803 2676 906 2715 una
939 2664 1166 2720 Domino
1215 2668 1335 2722 soli.
1376 2667 1528 2724 Nunc
1560 2687 1688 2725 vero
1717 2674 1967 2741 quoniam
2002 2674 2052 2727 in

491 2747 836 2805 multitudine
859 2766 1048 2807 eorum
1073 2757 1162 2823 qui
1192 2760 1452 2814 accedunt
1481 2762 1545 2815 ad
1591 2763 1893 2826 Dominum,
1929 2775 2055 2818 sunt

491 2839 708 2906 quidam
740 2840 970 2908 Domini,
1007 2845 1094 2899 alii
1127 2857 1303 2900 autem
1344 2860 1490 2913 sunt,
1536 2853 1624 2919 qui
1665 2853 1803 2906 mitti
1837 2855 1902 2908 ad
1933 2870 2056 2910 ere-

491 2945 634 2983 mum
680 2931 930 3003 debeant,
972 2936 1022 2989 id
1049 2947 1129 2990 est
1155 2938 1242 3006 qui
1270 2939 1428 3007 abiici
1463 2955 1757 3010 merentur,
1805 2955 1858 2998 et
1899 2963 2055 3016 sepa-

488 3020 598 3073 rari
631 3023 698 3076 ab
729 3024 900 3078 hostia
933 3025 1142 3082 Domini
1188 3047 1202 3083 :
1238 3043 1520 3100 propterea
1557 3049 1680 3101 pars
1718 3036 1906 3090 hostire
1933 3055 2054 3108 qua:

2156 580 2384 634 addatur
2411 580 2503 648 qui
2529 580 2690 634 habet
2717 580 2912 634 multas
2949 595 3102 634 muas
3127 591 3498 649 peccatorum.
3532 584 3726 639 Verum

2157 673 2411 740 quoniam
2437 672 2482 726 is
2497 672 2586 739 qui
2615 672 2667 725 in
2693 680 2838 726 sorte
2865 671 3076 726 Domini
3114 682 3220 735 est,
3251 687 3404 741 spem
3438 675 3587 743 gerit
3628 691 3726 731 non

2160 765 2211 817 in
2239 765 2489 832 prarsenti
2518 763 2734 829 saeculo,
2765 765 2861 819 sed
2889 764 3163 827 iniutnro,
3195 776 3250 819 et
3278 764 3433 829 cujus
3467 781 3590 821 sors
3631 769 3728 822 Do-

2159 852 2340 905 minus
2391 862 2498 914 est,
2537 853 2776 920 quotidie
2805 855 3068 919 moritur;
3097 865 3378 923 propterea
3416 858 3463 910 is
3514 860 3726 926 quidem

2160 958 2321 1012 super
2342 958 2501 1011 quem
2529 958 2648 998 sors
2685 943 2894 999 Domini
2933 947 3152 1009 cecidit,
3183 946 3488 1014 iugulatur,
3520 957 3578 1001 et
3620 963 3728 1002 mo-

2162 1035 2318 1097 ritur,
2358 1044 2415 1087 ιιι
2462 1035 2721 1102 sanguine
2761 1049 2861 1090 suo
2895 1036 3149 1103 pttrificet
3188 1037 3442 1105 pupulum
3490 1037 3618 1102 Dei;
3649 1038 3728 1092 ille

2160 1134 2340 1178 autem
2392 1125 2481 1192 qui
2513 1125 2564 1177 in
2597 1134 2799 1178 sortem
2833 1125 3166 1179 contrariam
3209 1126 3498 1190 ceciderit,
3523 1141 3633 1179 non
3655 1137 3730 1180 est

2161 1213 2354 1282 dignus
2385 1223 2443 1266 ιιι
2469 1198 2893 1281 moriatur,quia
2912 1215 3000 1283 qui
3027 1214 3077 1267 in
3106 1224 3254 1270 sorte
3287 1215 3608 1270 Dominiest
3630 1232 3725 1270 non

2159 1311 2242 1355 est
2271 1301 2337 1355 de
2372 1302 2474 1355 hoc
2499 1301 2696 1355 mundo
2725 1322 2736 1356 :
2773 1302 2861 1356 ille
2888 1316 3015 1356 vero
3045 1302 3115 1357 de
3140 1305 3240 1358 hoc
3263 1304 3472 1358 mundo
3505 1313 3615 1366 est,
3648 1304 3727 1372 qui

2160 1391 2212 1444 in
2242 1392 2442 1445 mundo
2471 1392 2781 1454 dimittitur,
2813 1400 2867 1446 et
2901 1393 3129 1447 mundus
3159 1394 3301 1462 quod
3350 1409 3513 1449 suum
3541 1403 3628 1448 est
3653 1393 3728 1446 di-

2160 1483 2296 1552 ligit.
2333 1482 2452 1536 Ideo
2477 1499 2580 1537 non
2611 1484 2898 1548 occiditur,
2929 1500 3025 1540 nec
3047 1485 3239 1555 dignus
3263 1496 3348 1542 est
3389 1485 3634 1556 iugulari
3669 1484 3727 1540 ad

2159 1574 2328 1628 altare
2360 1574 2478 1640 Dei,
2515 1589 2615 1628 nec
2646 1577 2866 1646 sanguis
2893 1574 3012 1644 eius
3060 1578 3126 1632 ad
3173 1578 3346 1632 basim
3399 1576 3599 1630 altaris
3626 1589 3728 1632 tne-

2162 1674 2310 1718 retur
2347 1664 2574 1720 effundi.

2229 1757 2283 1809 4.
2328 1758 2432 1811 Sed
2489 1759 2765 1813 videamus
2807 1760 2927 1828 quis
2966 1766 3047 1814 est
3078 1759 3165 1813 hic
3203 1757 3295 1827 qui
3341 1757 3553 1824 accipit
3591 1770 3723 1818 eum,

2163 1849 2316 1918 cujus
2367 1864 2485 1903 sors
2516 1853 2848 1918 ap0pompaei
2893 1849 3036 1903 facta
3065 1859 3146 1904 est
3167 1889 3181 1913 ,
3215 1860 3274 1903 ut
3305 1864 3434 1903 eum
3472 1848 3657 1914 eiiciat
3680 1848 3725 1901 in

2161 1953 2420 1992 eremum.
2452 1958 2470 1990 ι
2507 1939 2696 2004 llomo,
2745 1939 2916 2008 inquit
2941 1940 3007 2002 ",
3043 1947 3267 2007 paratus
3339 1937 3584 2005 accipiet
3619 1937 3719 1988 hir-

2161 2047 2306 2094 cum,
2349 2032 2438 2100 qui
2467 2033 2673 2084 venerit
2701 2033 2751 2084 in
2783 2043 2986 2086 sortem
3019 2032 3158 2100 ejus,
3189 2031 3276 2084 cui
3325 2028 3597 2082 ceciderit
3621 2041 3724 2079 sors

2159 2123 2512 2189 apopompwi,
2539 2132 2590 2174 et
2614 2123 2845 2176 adducet
2869 2137 2990 2174 eum
3021 2123 3071 2174 in
3093 2135 3358 2174 eremum.
3400 2139 3419 2170 ι
3447 2117 3603 2171 Finis
3624 2132 3722 2170 sor-

2165 2213 2232 2264 tis
2271 2211 2426 2266 istius
2469 2227 2683 2265 eremus
2726 2221 2833 2276 est,
2868 2212 2919 2266 id
2948 2219 3029 2264 est
3057 2211 3204 2264 locus
3243 2212 3526 2273 desertus,
3559 2207 3723 2260 deser-

2163 2314 2248 2358 tus
2275 2305 2595 2367 virtutibus,
2626 2303 2872 2357 desertus
2917 2305 3045 2366 Deo,
3081 2303 3324 2356 desertus
3361 2300 3616 2370 iustitia,
3646 2299 3723 2350 de-

2162 2407 2342 2451 sertus
2394 2395 2630 2459 Christo,
2665 2397 2907 2450 desertus
2958 2396 3103 2448 omni
3156 2395 3319 2448 bono.
3368 2393 3436 2447 Et
3477 2406 3579 2444 nos
3610 2404 3722 2456 ergo

2161 2487 2400 2555 singulos
2429 2497 2610 2541 manet
2641 2505 2758 2543 sors
2789 2505 2892 2541 una
2934 2502 2964 2540 e
2991 2487 3218 2538 duabus.
3251 2487 3359 2538 Ant
3408 2484 3558 2537 enim
3605 2483 3720 2534 bene

2161 2589 2406 2648 agentes,
2441 2596 2563 2633 sors
2593 2579 2802 2633 Domini
2833 2596 3042 2644 sumus,
3075 2589 3164 2633 aut
3203 2577 3342 2630 male
3370 2585 3604 2643 agentes
3619 2585 3718 2625 sors

2162 2677 2347 2722 nostra
2381 2682 2480 2721 nos
2505 2670 2652 2722 ducit
2685 2667 2750 2720 ad
2777 2668 3156 2726 eremum.Vis
3191 2668 3284 2721 tibi
3317 2665 3604 2718 evidenter
3623 2660 3715 2731 (53)

2161 2760 2437 2812 ostendam
2497 2757 2766 2826 quomodo
2803 2756 2914 2809 ista:
2967 2760 3083 2808 duae
3123 2765 3297 2811 sortes
3353 2765 3578 2819 semper
3607 2761 3713 2815 opc~

2166 2861 2369 2911 rentur,
2402 2860 2456 2901 et
2513 2847 2883 2914 unusquisque
2926 2855 3166 2899 nostrum
3203 2851 3296 2896 aut
3328 2857 3452 2896 sors
3501 2837 3712 2896 Domini,

2161 2949 2253 2992 aut
2283 2954 2404 2991 sors
2436 2938 2766 3005 apopmttpzci
2809 2936 2889 2988 vel
2930 2936 3097 2989 eremi
3148 2936 3239 2987 iiat
3271 2934 3296 2986 ἵ
3321 2931 3619 2988 Considera
3669 2930 3710 2980 in

2163 3030 2470 3100 Evattgcliis
2497 3029 2642 3081 illum
2697 3030 2915 3080 divitem
2951 3031 3217 3080 viventem
3259 3021 3546 3093 splendide
3567 3030 3616 3075 et
3646 3020 3710 3072 lu-

488 3111 719 3167 oﬂ'ertur
741 3128 770 3166 a
798 3116 1015 3185 populo,
1062 3121 1112 3174 id
1158 3129 1241 3174 est
1275 3136 1413 3175 unus
1442 3123 1589 3178 solus
1620 3127 1802 3180 hircus
1829 3129 2054 3185 Domino
2084 3146 2126 3203 ε
2162 3124 2400 3189 xuriose,
2442 3133 2492 3176 et
2523 3121 2792 3175 Lazarum
2831 3121 2895 3172 ad
2930 3121 3149 3186 ianuam
3178 3119 3294 3185 eius
3316 3117 3613 3186 iacentem,
3645 3113 3711 3165 ul-

490 3201 826 3270 immolatur,
856 3206 994 3263 alius
1013 3220 1191 3264 autem
1221 3210 1489 3278 abiicilur,
1518 3224 1572 3268 et
1608 3216 1660 3270 in
1715 3233 1953 3274 eremum
1981 3222 2057 3275 di-

494 3295 750 3360 tnittitur,
796 3308 850 3352 et
899 3314 1282 3371 apopompmus
1315 3308 1641 3363 nominatur.
1689 3309 1818 3366 Sors
1875 3323 2053 3369 tamen

492 3383 637 3438 cadit
657 3399 822 3453 super
851 3397 1156 3458 utrumque,
1186 3402 1240 3446 et
1270 3393 1355 3448 ille
1380 3396 1594 3465 quidem
1620 3398 1708 3466 qui
1734 3400 1785 3452 in
1813 3416 2053 3455 eremum

497 3474 804 3543 dimittitur,
837 3478 1034 3532 dicitur
1059 3485 1197 3547 quod
1242 3483 1354 3550 ipse
1387 3483 1596 3539 auferat
1643 3502 1805 3557 super
1832 3505 1889 3543 se
1933 3505 2058 3556 pec-

493 3576 612 3620 cata
650 3567 881 3622 ﬁliorum
914 3570 1097 3639 Israel,
1134 3587 1188 3626 et
1217 3575 1507 3640 iniustitias
1535 3595 1747 3644 eorum,
1777 3593 1828 3636 et
1860 3585 2057 3653 iniqui-

492 3666 632 3712 tates
668 3660 926 3728 ipsorum.
952 3662 1066 3718 Non
1088 3666 1231 3718 enim
1263 3667 1348 3722 ille
1374 3669 1558 3726 hircus
1581 3673 1671 3741 qui
1700 3673 1912 3729 Domini
1937 3691 2056 3729 sors

492 3748 743 3816 edicitur,
790 3753 883 3806 sed
923 3753 1010 3808 ille
1064 3758 1216 3825 cujus
1255 3772 1375 3813 sors
1397 3771 1479 3815 est
1510 3772 1569 3815 ut
1612 3764 1663 3817 in
1689 3779 1930 3820 eremum
1973 3769 2056 3823 di-

494 3842 762 3906 mittatur,
790 3843 1004 3900 auferre
1029 3862 1091 3901 ea
1118 3848 1339 3912 dicitur,
1367 3854 1659 3907 secundum
1697 3855 1844 3918 illud,
1874 3859 2056 3924 credo,

493 3932 639 4001 quod
667 3934 930 4002 scriptum
953 3946 1036 3990 est
1061 3937 1143 3990 ‘9:
1181 3958 1200 3990 ι
1243 3941 1370 3995 Dedi
1399 3945 1874 4000 commutationem
1912 3957 2058 4003 tuam

497 4023 809 4094 Egyptnnt,
839 4035 894 4081 et
923 4027 1280 4100 Ethiopiam,
1322 4043 1375 4087 et
1430 4033 1658 4089 Soenem
1700 4037 1812 4106 (52)
1842 4053 1940 4107 pro
1987 4050 2058 4106 te,

500 4126 563 4166 ex
589 4129 696 4182 quo
725 4123 777 4168 tu
831 4117 1161 4173 honorabilis
1189 4119 1361 4176 factus
1401 4136 1461 4174 es
1489 4123 1540 4175 in
1568 4134 1856 4190 conspectu
1899 4126 2063 4196 238

500 4222 641 4262 meo.
677 4228 697 4260 ι
731 4209 958 4264 Peccata
999 4210 1162 4278 igitur
1189 4227 1378 4266 eorum
1409 4215 1497 4282 qni
1531 4216 1902 4283 ptenitentiam
1941 4233 2062 4288 ege-

495 4309 643 4363 runt,
661 4309 717 4354 et
759 4316 946 4354 eorum
981 4304 1072 4370 qui
1122 4303 1527 4373 dereliquernnt
1574 4305 1856 4370 malitiam,
1901 4309 2063 4377 super

497 4392 674 4460 capita
718 4407 815 4447 sua
865 4395 1167 4463 suscipiunt
1209 4396 1260 4448 hi
1291 4396 1380 4464 qui
1431 4395 1605 4450 effecti
1653 4407 1778 4451 sunt
1823 4398 1875 4451 in
1915 4408 2062 4452 sorte

2157 3215 2370 3272 ceribus
2394 3213 2628 3280 plenum,
2649 3221 2702 3262 et
2734 3209 3038 3276 cupientem
3067 3208 3300 3261 saturari
3331 3207 3400 3259 de
3434 3205 3589 3258 micis
3613 3218 3709 3272 qua

2157 3306 2424 3361 cadebant
2466 3301 2532 3355 de
2585 3315 2770 3354 mensa
2819 3301 3019 3362 divitis,
3073 3299 3196 3367 quis
3254 3296 3379 3349 linis
3418 3294 3708 3363 designatur

2157 3394 2471 3461 utriusque:
2502 3409 2520 3440 ι
2545 3389 2782 3442 Mortuus
2833 3399 2932 3453 est,
2971 3389 3142 3456 inquit
3167 3387 3232 3448 δ’,
3259 3385 3520 3447 Lazarus,
3547 3394 3598 3436 et
3631 3384 3707 3434 ab-

2157 3487 2352 3538 ductus
2382 3493 2463 3538 est
2509 3484 2576 3536 ab
2626 3480 2834 3549 angelis
2867 3481 2917 3532 in
2969 3479 3146 3531 sinum
3178 3477 3434 3530 Abrabze.
3472 3473 3708 3527 Similiter

2158 3584 2337 3626 autem
2374 3581 2427 3624 et
2460 3571 2632 3635 dives,
2669 3581 2722 3622 et
2753 3569 3014 3623 abductus
3044 3577 3128 3621 est
3158 3568 3221 3619 ad
3261 3564 3536 3618 infernum
3565 3563 3611 3614 in
3645 3563 3708 3615 le-

2158 3680 2280 3718 cum
2312 3663 2562 3716 tormenti
2603 3661 2738 3730 (54).
2779 3680 2796 3711 ι
2856 3659 3260 3714 Animadvertis
3288 3657 3572 3710 evidenter
3615 3654 3707 3706 loca

2158 3757 2321 3811 sortis
2353 3756 2638 3822 utriusque
2668 3755 2940 3808 t’listincta.
2986 3753 3116 3808 Vide
3146 3751 3309 3805 etiam
3356 3749 3447 3817 qui
3479 3757 3599 3801 sunt
3633 3745 3706 3813 qui

2159 3847 2427 3899 abducunt
2475 3844 2611 3914 (55),
2641 3845 2856 3915 angeli,
2892 3845 3099 3912 inquit,
3151 3844 3240 3911 qui
3293 3855 3510 3908 semper
3561 3835 3705 3905 parati

2159 3947 2284 3991 sunt
2315 3939 2380 3992 ad
2408 3939 2794 3992 abducendum.
2843 3935 3068 3994 Ministri
3105 3935 3245 3988 enim
3276 3931 3368 3984 Dei
3395 3940 3525 3984 sunt
3545 3929 3605 3982 ad
3629 3928 3707 3979 hoc

2161 4029 2335 4098 ipsum
2363 4029 2636 4093 destinati,
2669 4028 2758 4097 qui
2797 4028 3053 4098 impleant
3083 4036 3281 4079 sortem
3312 4038 3478 4092 quam
3505 4021 3592 4074 tibi
3619 4020 3707 4086 ipse

2163 4120 2464 4190 paraveris.
2503 4119 2558 4174 Si
2585 4119 2729 4172 enim
2793 4119 2931 4173 bene
2985 4118 3204 4179 vixeris,
3241 4116 3288 4169 si
3349 4113 3574 4183 fregeris
3610 4124 3707 4164 estt-

2164 4212 2322 4267 rienti
2348 4227 2536 4281 panem
2563 4222 2714 4265 tuum
2765 4226 2831 4264 ex
2868 4209 3070 4274 animo,
3097 4217 3150 4262 et
3203 4208 3408 4261 nudum
3471 4201 3705 4262 vestieris,

2166 4313 2370 4360 rectum
2413 4302 2675 4371 indicium
2721 4301 3070 4368 iudicaveris,
3105 4299 3293 4369 iniquo
3323 4300 3604 4350 adversum
3630 4293 3708 4345 ini-

2165 4399 2425 4466 quitatem
2467 4411 2618 4450 suam
2662 4394 2962 4459 restiteris,
3013 4408 3113 4447 nec
3153 4391 3405 4460 posueris
3453 4389 3709 4444 consilium

493 4482 632 4550 eius,
667 4483 757 4552 qui
806 4483 859 4537 in
908 4498 1149 4538 eremum
1182 4485 1493 4548 dimittitur,
1521 4486 1611 4554 qui
1642 4488 1848 4555 seipsos
1874 4488 2064 4555 dignos
2098 4489 2140 4543 D
2171 4498 2321 4543 tuum
2343 4503 2462 4542 cum
2499 4485 2584 4540 his
2612 4486 2701 4555 qui
2737 4485 2956 4553 laqueos
2978 4483 3359 4538 innocentibus
3386 4492 3599 4549 parant,
3618 4493 3711 4531 sor-

498 4573 588 4625 tali
615 4573 940 4639 ministerio,
968 4575 1050 4628 vel
1081 4574 1386 4645 huiusmodi
1433 4585 1580 4630 sorte
1616 4577 1880 4632 fecerunt.
1917 4578 2064 4633 Con-

497 4663 645 4716 venit
671 4673 848 4718 autem
881 4665 1024 4719 velut
1048 4665 1352 4720 econtrario
1377 4667 1550 4734 aptari
1586 4666 1668 4720 his
1689 4677 1741 4720 et
1765 4666 1890 4720 illud
1920 4667 2064 4736 quod

498 4755 700 4807 dictum
753 4764 838 4810 est
874 4757 961 4807 "z
1002 4775 1021 4808 ι
1083 4756 1184 4823 Qui
1243 4757 1404 4811 habet
1455 4757 1673 4812 dabitur
1713 4758 1784 4814 ei.
1846 4775 1864 4808 ι
1909 4757 2066 4812 Sicut

497 4845 638 4896 enim
664 4845 755 4912 qui
786 4845 1197 4914 habetjustitias
1233 4847 1447 4900 dabitur
1471 4848 1518 4901 ei
1553 4863 1566 4898 :
1604 4849 1672 4900 ita
1709 4856 1760 4902 et
1787 4847 1876 4917 qui
1903 4847 2066 4901 habet

499 4945 744 5002 peccata,
767 4934 819 4986 in
859 4943 1064 4989 tantum
1097 4945 1154 4988 ut
1183 4936 1235 4989 itt
1265 4946 1410 4990 sorte
1441 4939 1773 5007 apopompazi
1827 4938 2066 4991 invenia-

502 5034 591 5077 tur
617 5023 759 5079 illius
786 5023 877 5094 qui
922 5024 973 5077 in
1011 5040 1249 5079 eremum
1285 5024 1594 5090 emittitur;
1629 5027 1895 5079 addentur
1932 5027 1979 5080 ei
2003 5042 2065 5080 ea

501 5129 620 5184 quae
643 5114 1021 5186 abstergentur
1053 5131 1082 5168 a
1108 5117 1330 5181 sanctis,
1363 5124 1418 5167 ut
1448 5123 1500 5168 et
1531 5115 1583 5168 in
1630 5117 1760 5185 ipsis
1793 5119 2066 5186 complea-

503 5215 593 5257 tur
634 5205 775 5274 qnod
807 5202 1067 5272 scriptum
1104 5204 1292 5259 est":
1331 5221 1350 5254 ι
1393 5205 1472 5258 Ab
1499 5219 1564 5258 eo
1613 5214 1792 5260 autem
1833 5205 1923 5272 qui
1963 5221 2066 5258 non

2174 4589 2281 4634 tem
2315 4591 2459 4632 tuam
2510 4577 2678 4631 facies
2728 4576 3036 4631 Dominum.
3079 4574 3136 4627 Si
3171 4588 3298 4628 vero
3331 4572 3542 4625 libidini
3572 4572 3712 4624 inser-

2171 4670 2308 4734 vias,
2345 4669 2629 4735 voluptatis
2664 4676 2874 4721 amator
2919 4667 2994 4721 sis
3025 4665 3195 4732 magis
3227 4677 3388 4731 quam
3414 4661 3532 4723 Dei,
3564 4672 3708 4712 saecu-

2171 4761 2280 4814 lum
2319 4760 2536 4828 diligas,
2573 4758 2832 4812 malitiam
2877 4772 2982 4810 non
3014 4757 3214 4818 oderis,
3253 4762 3459 4808 sortem
3487 4763 3623 4803 tuam
3648 4747 3709 4799 fe-

2171 4852 2290 4905 cisti
2342 4849 2691 4920 apopompzei,
2729 4856 2790 4902 ut
2828 4847 3119 4901 abducaris
3147 4845 3201 4899 in
3233 4859 3477 4898 eremum
3503 4857 3592 4909 per
3617 4857 3710 4892 ma-

2171 4956 2297 4994 num
2325 4940 2557 4992 ministri
2591 4938 2708 5004 Dei,
2743 4937 2832 5006 qui
2859 4938 2907 4989 in
2939 4938 3040 4989 hoc
3064 4937 3234 5004 ipsum
3266 4947 3294 4984 a
3330 4933 3441 4984 Deo
3462 4930 3712 4982 ordinatus

2173 5040 2252 5085 est
2299 5048 2313 5085 :
2341 5041 2394 5084 ct
2431 5032 2548 5084 ideo
2580 5040 2797 5099 paratus
2827 5027 3144 5096 appellatur,
3164 5023 3285 5093 quia
3314 5035 3592 5091 personam
3616 5016 3711 5070 nul-

2173 5121 2276 5174 lius
2301 5120 2595 5187 ernbescit,
2628 5135 2726 5172 nec
2770 5117 2979 5180 divitis,
3007 5132 3104 5170 nec
3148 5113 3410 5184 potentis,
3447 5125 3544 5164 nec
3574 5109 3706 5175 regis,

2175 5225 2276 5264 nec
2309 5213 2626 5266 sacerdotis.
2663 5210 2754 5264 Vis
2809 5218 2987 5262 autem
3022 5207 3164 5261 scire
3212 5205 3336 5274 quia
3355 5202 3438 5294 .ad
3493 5215 3584 5255 nos
3612 5212 3707 5269 pe!-

573 5322 619 5354 ³⁸
651 5322 755 5377 lsa.
804 5334 972 5385 nttt,
998 5319 1053 5374 5.
1127 5321 1170 5352 ³⁹
1197 5321 1384 5375 Matth.
1429 5335 1544 5384 xm,
1580 5319 1659 5374 12.
1738 5320 1781 5350 ⁵ο
1813 5319 1940 5373 ibid.
2015 5319 2057 5350 ἰι

2169 5327 2261 5381 vit.
2288 5343 2398 5394 Χνι,
2433 5328 2499 5382 ιο
2527 5334 2580 5381 et
2617 5325 2708 5379 ει.
2781 5325 2826 5356 δ’
2859 5323 2986 5378 Luc.
3027 5337 3138 5385 χνι,
3167 5293 3258 5373 2'2.

574 5462 688 5531 (51)
725 5460 876 5531 Mss"
901 5479 920 5512 ι
943 5459 1234 5531 suinendm.
1263 5478 1282 5510 ι
1304 5459 1456 5531 Libb.
1485 5458 1656 5531 editi,_
1675 5477 1693 5508 ι
1739 5458 2016 5531 smnemla.
2050 5476 2068 5508 ι

575 5527 688 5602 (52)
729 5530 881 5602 Mss.,
926 5547 944 5581 ι
989 5527 1243 5583 Soenem.
1277 5547 1305 5602 ι
1341 5528 1495 5602 _l.ibl_t.
1528 5528 1680 5590 editi,
1719 5545 1737 5577 ι
1779 5527 2066 5602 Syeneum

575 5599 688 5673 (53)
730 5600 804 5673 ln_
838 5601 969 5655 libb.
1017 5607 1173 5653 antea
1225 5599 1385 5653 editis
1436 5599 1610 5663 deest,
1647 5615 1665 5646 ι
1711 5599 2006 5660 evidenter,
2049 5614 2066 5647 ι

505 5671 983 5743 ιιιιιι-ι-ιςιθὲιίιιιὶιιιι
1009 5683 1072 5732 ex
1107 5683 1235 5722 mss.

583 5740 694 5810 (55)
719 5738 902 5796 Codex
932 5740 1219 5808 Sangertn.
1243 5755 1262 5790 ι
1289 5737 1345 5793 in
1376 5736 1528 5792 sinus
1545 5735 1838 5790 Abraham.
1868 5735 2071 5790 Simili--

2185 5470 2265 5513 ter
2289 5459 2509 5512 etdives
2533 5457 2797 5510 abductus
2829 5465 2911 5508 est
2937 5454 2988 5506 in
3023 5452 3195 5505 locum
3228 5449 3503 5504 tormenti.
3535 5463 3556 5500 ι

2253 5527 2364 5599 (55)
2403 5528 2558 5599 Libb.
2607 5525 2772 5599 editi,
2830 5524 3185 5599 inaddncunt,
3225 5538 3251 5599 ι.
3299 5528 3357 5572 et
3408 5515 3694 5599 pauloApo-st.

2185 5615 2203 5648 ι
2230 5589 2294 5650 ad
2343 5589 2804 5665 adducendum.)
2841 5591 2948 5665 Sed
2977 5605 3109 5665 mss:
3137 5599 3190 5665 ut
3239 5589 3292 5665 in
3335 5597 3518 5642 nostro
3537 5592 3694 5665 "tulit.

2176 5667 2443 5720 Caeterum
2492 5663 2712 5719 consule
2763 5661 3014 5717 Huetium
3069 5658 3510 5724 Origeniauorum
3536 5655 3613 5707 lib.
3651 5663 3694 5707 ιι.

2176 5746 2365 5801 quaest.
2397 5735 2454 5797 5,
2486 5749 2636 5789 num.
2669 5732 2760 5789 54.
