3876 6506
159 342 244 400 sis
1257 337 1323 391 IN
1363 314 1730 394 usvmcust
1761 337 2038 394 "0)“le
2070 338 2164 393 ιχ.

3235 334 3342 391 5M

158 458 305 512 tinent
348 460 457 516 qua:
515 445 1114 505 dicunturiAuimatta
1165 466 1279 508 meo
1336 470 1455 524 qum
1502 462 1752 516 sortesA
1788 473 1804 503 ι
1859 468 1979 507 cum
2048 457 2317 516 potestate
2388 446 2665 514 traduxit,
2739 447 3081 517 triumphans
3137 462 3232 502 eos
3285 450 3339 502 itt

155 551 271 604 istas
296 540 557 608 excipiunt
587 538 720 609 (56),
752 556 857 593 non
895 552 1018 597 sunt
1056 544 1351 612 immunda,
1380 562 1478 601 nec
1502 548 1673 602 aliena

152 638 211 692 ab
232 631 469 688 altaribus
495 629 612 693 Dei,
642 633 735 684 sed
768 633 962 685 munda
996 644 1141 700 sunt,
1167 643 1221 689 et
1242 652 1360 705 quae
1385 639 1435 691 itt
1464 640 1673 692 sacriﬁ-

148 728 233 784 ciis
250 720 417 779 oderri
454 719 664 785 solent;
695 729 753 773 ut
781 721 920 775 scias
956 722 1071 778 haec
1107 723 1329 795 ﬁguram
1356 738 1537 783 tenere
1568 745 1673 783 non

148 829 308 874 eorum
336 811 422 879 qui
462 818 613 862 extra
650 810 806 864 [idem
838 823 987 877 sunt,
1015 815 1107 868 sed
1148 830 1332 870 eorum
1365 820 1454 887 qui
1488 820 1537 872 in
1575 821 1676 875 lide

147 913 271 963 sunt.
304 902 488 955 Hircus
518 900 663 954 enim
712 901 913 955 animal
970 905 1223 959 mundum
1251 916 1354 973 est,
1382 920 1437 962 et
1475 910 1674 965 divinis

146 993 376 1052 altaribus
405 1001 801 1046 consecratum.
839 994 907 1047 Et
941 1003 995 1048 tu
1029 1011 1157 1064 ergo
1204 1012 1299 1067 per
1325 1001 1553 1069 gratiam
1581 1004 1669 1055 ba-

142 1086 301 1159 ptismi
326 1092 663 1140 consecratus
686 1099 743 1139 es
773 1086 1036 1141 altaribus
1067 1089 1179 1151 Dei.
1199 1102 1252 1147 et
1276 1094 1472 1147 animal
1498 1096 1672 1150 factus

140 1197 190 1234 cs
212 1178 468 1232 mundum.
501 1176 605 1231 Sed
658 1180 696 1234 si
738 1195 843 1234 non
887 1180 1162 1236 custodias
1202 1186 1512 1238 mandatum
1542 1187 1670 1240 illud

137 1266 326 1323 Domini
365 1268 505 1333 quod
538 1267 672 1321 dixit
699 1268 744 1300 “
773 1286 787 1323 :
822 1286 841 1320 ι
878 1269 1016 1324 Ecce
1053 1284 1216 1325 sanus
1252 1273 1425 1329 factus
1450 1276 1670 1343 es,jam

138 1360 231 1413 noli
253 1371 487 1426 peccare,
510 1372 575 1411 ne
594 1360 737 1427 quod
764 1360 856 1413 tibi
888 1362 1125 1417 deterius
1153 1367 1433 1433 contingat
1460 1381 1475 1431 ;
1525 1387 1544 1420 ι
1579 1370 1669 1423 sed

132 1464 241 1503 cum
272 1460 415 1501 esses
442 1450 692 1515 mundus,
734 1465 947 1505 rursum
980 1461 1029 1506 te
1066 1455 1271 1521 peccati
1297 1455 1660 1524 inquinamen-

134 1551 183 1592 to
224 1538 516 1603 tnaculasti,
559 1547 614 1592 et
663 1554 731 1593 ex
774 1540 971 1596 virtute
1014 1542 1079 1595 ad
1131 1542 1443 1609 libidinem,
1474 1562 1538 1600 ex
1574 1564 1673 1614 pu~

133 1632 276 1684 ritate
311 1629 373 1681 ad
405 1628 805 1684 immunditiam
858 1630 1175 1696 declinasti,
1212 1642 1302 1687 ttto
1351 1636 1515 1701 vitio,
1549 1655 1669 1692 cum

127 1720 308 1775 animal
357 1720 612 1775 mundum
644 1722 833 1788 fueris,
867 1724 999 1779 sorti
1027 1734 1077 1779 te
1106 1732 1437 1797 apopompzei
1477 1733 1673 1786 eremi~

124 1827 217 1882 que
248 1810 531 1867 tradidisti.

184 1903 233 1956 5.
272 1901 453 1955 Potest
489 1900 734 1956 fortassis
776 1915 831 1957 et
858 1903 964 1957 alio
995 1907 1153 1959 modo
1183 1909 1345 1963 homo
1376 1919 1595 1978 paratus
1619 1920 1671 1964 ct

124 1992 334 2047 mundus
378 1990 515 2059 (57),
547 1992 637 2060 qui
674 1994 883 2047 abducit
918 2010 1040 2048 eum
1084 1998 1239 2066 cujus
1284 2014 1401 2053 sors
1441 2002 1587 2053 venit
1616 2002 1668 2053 itt

118 2091 433 2145 ercmu:n,et
473 2097 537 2136 eo
561 2083 675 2151 ipso
708 2098 816 2153 quo
860 2087 1039 2139 educit
1086 2103 1228 2150 eum,
1255 2091 1405 2156 quasi
1437 2092 1526 2158 qui
1566 2091 1669 2143 im-

122 2174 362 2226 mundum
405 2173 717 2241 contigerit,
765 2173 1171 2229 tliciturlavat'e
1208 2179 1525 2231 vestimenta
1574 2194 1668 2232 sua

117 2264 173 2315 ad
203 2277 505 2330 vesperam,
536 2272 587 2316 et
616 2277 737 2317 esse
780 2266 1031 2330 mundus,
1062 2268 1225 2318 etiam
1259 2268 1373 2335 ipse
1414 2268 1669 2323 Dominus

114 2364 162 2407 et
178 2352 415 2406 Salvator
448 2362 631 2406 noster
677 2354 894 2423 intelligi
922 2371 987 2408 ex
1040 2370 1101 2409 ea
1131 2368 1301 2423 parte,
1334 2373 1435 2426 qua
1468 2368 1670 2414 natura:

111 2455 314 2506 nostrae,
343 2443 393 2496 id
419 2454 509 2497 est
536 2446 715 2499 carnis
750 2454 803 2498 et
829 2448 1106 2514 sanguinis
1137 2448 1451 2502 vestimenta
1486 2465 1670 2505 susce-

111 2537 195 2605 pit,
225 2550 342 2604 qua;
389 2535 443 2588 in
503 2550 725 2605 vespera
775 2536 1005 2590 laverit:
1040 2548 1259 2606 propter
1288 2541 1429 2607 quod
1469 2549 1522 2595 et
1572 2542 1664 2593 du-

107 2633 219 2685 dum
246 2630 515 2699 propheta
544 2630 607 2683 de
637 2644 701 2684 eo
727 2630 940 2683 dixerat
964 2629 1009 2661 “
1040 2648 1053 2683 :
1085 2650 1102 2681 ι
1135 2631 1199 2684 Ει
1227 2632 1332 2685 vidi
1364 2632 1545 2686 Jcsnm
1583 2649 1669 2687 sa-

109 2722 366 2775 cerdotem
407 2736 693 2790 magnum,
731 2722 974 2775 indutum
1002 2723 1325 2776 vestimenta
1360 2725 1669 2787 sordida,et

103 2810 361 2865 diabolum
413 2818 659 2864 stantem
692 2825 720 2863 a
751 2810 959 2865 dextris
1005 2826 1141 2879 ejus,
1186 2823 1244 2864 ut
1275 2815 1669 2868 contradiceret

102 2905 164 2957 ei.
203 2922 221 2955 ι
251 2903 407 2958 Lavit
433 2917 574 2973 ergo
602 2904 655 2956 in
684 2902 828 2968 vino,
861 2904 1013 2957 idest
1047 2904 1099 2956 in
1136 2904 1399 2972 sanguine
1427 2920 1525 2959 suo
1557 2915 1669 2959 sto-

99 2993 194 3048 ltm
226 3009 377 3049 suam
403 2993 470 3046 in
504 3008 745 3061 vespera,
778 3004 831 3047 et
862 2995 1036 3047 factus
1068 3003 1149 3047 est
1180 2994 1427 3048 mundus.
1454 2995 1517 3048 Et
1546 2996 1667 3049 inde

103 3086 337 3139 fortassis
367 3092 494 3139 erat
519 3083 632 3155 (58)
669 3088 811 3151 quod
842 3096 959 3152 post
1005 3086 1451 3139 resurrectionem
1483 3085 1665 3139 Mat-ia:
1693 3117 1734 3172 ρ

104 3176 287 3231 volenti
314 3175 480 3247 pedes
505 3176 623 3241 ejus
654 3185 855 3240 tenere,
886 3177 1096 3231 dicebat
1125 3176 1205 3230 "z
1242 3194 1261 3227 ι
1295 3176 1407 3231 Noli
1434 3194 1517 3233 me
1550 3188 1665 3231 tan-

101 3288 236 3343 gere.
264 3292 282 3324 »
318 3273 411 3326 Vis
462 3282 650 3325 autem
685 3270 862 3324 adhuc
909 3274 1110 3336 videre,
1143 3282 1196 3326 et
1249 3272 1409 3325 aliam
1437 3274 1661 3328 duarum

100 3367 319 3417 sortium
374 3361 977 3417 furmam?Considera
1029 3364 1163 3418 duos
1205 3365 1345 3429 illos,
1391 3366 1482 3432 qui
1531 3376 1665 3418 tem-

98 3467 219 3521 pure
258 3455 441 3508 crucis
481 3452 602 3519 eius
646 3466 781 3504 unus
816 3466 845 3504 a
888 3453 1125 3519 tlextris,
1169 3467 1223 3510 et
1268 3473 1405 3509 unus
1443 3473 1470 3509 a
1531 3458 1663 3510 sini-

95 3557 196 3597 stt'a
253 3544 370 3611 ejus
426 3550 805 3614 pependerunt
852 3547 1109 3609 latrones,
1143 3556 1196 3599 et
1230 3546 1352 3599 vide
1380 3546 1524 3599 iilum
1570 3548 1661 3615 qni

92 3636 448 3690 conﬁtebatur
480 3636 792 3703 Dominum,
817 3648 1015 3691 sortem
1048 3636 1249 3690 factum
1284 3651 1400 3691 esse
1426 3635 1658 3700 Dotnitti,

90 3738 137 3780 et
189 3728 488 3783 abductum
555 3743 677 3782 esse
722 3730 842 3783 sine
890 3743 1034 3783 mora
1088 3728 1155 3779 ad
1212 3728 1551 3792 paradisum,
1602 3727 1662 3778 il-

92 3816 191 3869 lum
247 3832 383 3872 vero
431 3817 603 3871 alium
656 3818 1155 3887 blasphemantem,
1200 3826 1405 3871 sortem
1460 3814 1659 3869 factum

88 3907 243 3978 239
268 3923 392 3963 esse
418 3911 779 3978 apopompazi,
811 3912 900 3977 qui
929 3910 980 3961 in
1026 3922 1263 3961 eremum
1301 3908 1664 3960 abduceretur

86 4002 291 4055 inferni.
330 4001 445 4055 Sed
476 4012 536 4055 et
567 4001 620 4055 in
651 4014 716 4055 eo
732 4003 873 4071 quod
897 3999 1112 4064 dicitur,
1141 3998 1269 4067 quia
1316 3998 1483 4051 atllxit
1510 3998 1659 4053 cruci

83 4107 187 4147 suae
214 4094 589 4162 principatus,
624 4103 680 4149 et
719 4101 1013 4164 potestates
1044 4091 1366 4155 contrarias,
1388 4100 1441 4145 et
1476 4093 1662 4146 trium-

80 4187 258 4253 phavit
280 4200 377 4241 eas
407 4188 482 4250 δ’,
511 4198 716 4241 sortem
760 4188 814 4241 in
853 4188 931 4242 eis
961 4186 1293 4255 ap0pompzei
1350 4186 1658 4255 complevit,

78 4284 127 4327 et
148 4285 413 4345 tanquam
456 4276 626 4332 homo
654 4287 877 4347 paratus
917 4279 1140 4331 abduxit
1170 4292 1264 4331 eas
1310 4277 1361 4330 iu
1394 4292 1656 4331 eremnm.

79 4365 315 4437 Denique
366 4378 424 4423 et
467 4369 527 4423 in
575 4368 870 4439 Evangelio
909 4370 1164 4423 Dominus
1221 4368 1356 4423 dicit
1388 4370 1455 4432 ‘7,
1518 4383 1551 4436 q
1579 4371 1647 4421 tia

1778 544 2087 610 semetipso.
2122 560 2140 591 ι
2183 539 2461 603 Traduxit,
2503 554 2611 607 quo
2658 538 2930 603 traduxit,
2984 539 3087 593 nisi
3120 538 3187 592 ad
3219 554 3341 593 ere-

1777 649 1945 697 mum,
1971 634 2037 687 ad
2065 632 2180 686 loca
2212 629 2462 685 deserta?
2495 628 2647 683 Sicut
2674 628 2815 684 enim
2843 629 3030 699 illiqui
3056 630 3335 685 confessus

1775 732 1877 789 est,
1911 724 2124 791 aperuit.
2147 720 2382 791 paradisi
2406 718 2622 785 ianuas,
2649 718 2880 773 dicendo
2894 716 2995 771 “:t
3034 718 3204 773 Hodie
3228 733 3341 773 tne-

1774 830 1895 869 cum
1930 814 2112 868 erisin
2143 812 2413 882 paradiso,
2456 802 2473 862 ὸ
2512 820 2564 863 et
2587 824 2682 877 per
2717 808 2819 863 hoc
2841 809 3088 863 omnibus
3108 810 3339 864 creden—

1779 902 1940 964 tibus,
1968 913 2021 957 et
2044 901 2427 957 confitentibus
2487 897 2823 968 ingrediendi
2882 899 3088 953 aditum
3169 900 3339 967 dedit,

1778 1011 1937 1065 quem
1968 998 2121 1065 prius
2142 996 2313 1049 Adam
2338 1002 2591 1063 peccante
2625 991 2995 1057 concluserat.)
3020 996 3155 1064 Quis
3195 998 3340 1052 enim

1777 1087 1911 1140 alius
1947 1088 2274 1156 rontphzeam
2301 1079 2606 1140 ﬂammeam
2636 1095 2691 1140 et
2723 1089 3051 1153 versatilem,
3094 1105 3219 1159 quae
3245 1106 3341 1159 ap-

1775 1180 1946 1246 posita
1998 1190 2081 1235 est
2129 1181 2405 1235 custodire
2466 1180 2668 1249 lignum
2707 1181 2829 1234 vitae
2882 1188 2937 1234 et
2979 1180 3125 1234 fores
3182 1196 3340 1249 para-

1774 1271 1873 1327 disi
1914 1270 1981 1338 “,
2016 1279 2231 1340 poterat
2254 1270 2563 1326 dimovere?
2594 1271 2724 1337 Quis
2751 1270 2887 1325 alius
2901 1271 3181 1325 cherubim
3212 1287 3338 1339 per-

1774 1344 2222 1431 vigili'excubans
2256 1360 2505 1415 custodia
2542 1360 2756 1414 valebat
2787 1360 3193 1423 inﬂectere,nisi
3219 1363 3337 1428 ipse

1773 1452 1940 1515 solus,
1969 1452 2055 1506 cui
2090 1452 2213 1506 data
2247 1460 2330 1506 est
2376 1452 2552 1505 omnis
2612 1459 2848 1520 potestas
2894 1452 2949 1506 in
3000 1453 3142 1506 caelo
3196 1462 3247 1505 et
3284 1453 3337 1504 in

1777 1556 1917 1599 terra
1941 1544 2027 1597 "?
2055 1544 2142 1608 Ut,
2170 1545 2410 1613 inquam,
2445 1553 2639 1611 praeter
2669 1543 2845 1611 ipsum
2878 1556 3035 1597 nemo
3065 1543 3202 1597 alius
3222 1543 3337 1599 hare

1774 1635 1953 1690 facere
1982 1636 2176 1703 potuit,
2208 1634 2277 1687 ita
2307 1632 2642 1702 principatus
2667 1641 2720 1685 et
2737 1641 3055 1701 potestates,
3080 1642 3135 1687 et
3162 1643 3339 1687 recto-

1776 1740 1861 1779 res
1894 1725 2099 1790 mundi,
2129 1738 2265 1793 quos
2302 1729 2582 1777 enumerat
2612 1723 2986 1790 Apostolus",
3016 1739 3175 1779 nemo
3199 1724 3339 1779 alius

1702 1795 1744 1848 Β
1776 1824 1985 1882 poterat
2011 1815 2364 1883 triumphare.
2391 1822 2443 1867 et
2472 1811 2743 1867 abducere
2765 1815 2817 1868 in
2842 1829 3080 1868 eremum
3116 1815 3337 1880 inferni,

1775 1908 1876 1960 nisi
1914 1910 2025 1975 ipse
2052 1908 2198 1960 solus
2238 1907 2326 1974 qui
2380 1907 2621 1959 dixit”:
2668 1924 2687 1956 ι
2737 1904 3006 1960 Conﬁdite
3050 1906 3185 1974 (59),
3236 1922 3336 1975 ego

1772 2000 1873 2053 vici
1926 2000 2205 2053 mundum.
2238 2017 2255 2049 ι
2285 1998 2488 2053 Idcirco
2522 2014 2652 2067 ergo
2692 1997 3058 2051 necessarium
3099 1998 3199 2051 fuit
3233 2000 3336 2052 Do-

1775 2090 1977 2143 minttm
2002 2100 2054 2143 et
2083 2089 2418 2144 Salvatorem
2442 2106 2639 2153 meum,
2666 2104 2770 2143 non
2798 2089 2969 2142 solum
3002 2089 3142 2142 inter
3164 2089 3338 2143 homi-

1773 2196 1865 2234 nes
1892 2180 2163 2233 hominem
2203 2179 2373 2245 nasci,
2419 2178 2513 2233 sed
2569 2182 2729 2233 etiam
2775 2181 2841 2232 ad
2872 2176 3082 2232 inferna
3108 2179 3334 2232 descen-

1770 2272 1919 2334 dere,
1950 2280 2005 2323 ttt
2028 2281 2225 2324 sortem
2251 2271 2576 2339 apopompazi
2611 2281 2863 2338 tanquam
2910 2268 3071 2321 homo
3117 2278 3337 2336 paratus

1771 2362 1823 2415 in
1852 2376 2091 2414 eremum
2120 2360 2311 2413 inferni
2340 2361 2653 2423 deduceret,
2684 2369 2844 2428 atque
2877 2359 3000 2412 inde
3029 2372 3333 2428 regressus,

1772 2466 1935 2520 opere
1970 2458 2340 2505 consummato
2370 2450 2686 2503 ascenderet
2738 2448 2805 2501 ad
2860 2447 3093 2512 Patrem,
3153 2448 3336 2517 ibique

1771 2542 1980 2611 plenius
2007 2541 2148 2609 apud
2200 2540 2371 2595 altare
2407 2539 2533 2593 illttd
2556 2539 2775 2595 caeleste
2817 2537 3223 2608 puriﬁcaretur,
3279 2548 3337 2593 ut

1769 2634 1953 2688 carnis
1979 2644 2177 2687 nostrae
2196 2632 2409 2699 pignus,
2429 2632 2573 2698 quod
2608 2644 2789 2684 secum
2820 2636 3103 2691 evexerat,
3146 2644 3337 2697 perpe-

1772 2733 1858 2776 tua
1889 2723 2119 2789 puritate
2144 2721 2391 2774 donaret.
2437 2719 2534 2773 Hic
2561 2735 2688 2789 ergo
2714 2728 2795 2774 est
2832 2734 2991 2773 verus
3045 2719 3158 2773 dies
3211 2734 3334 2789 pro-

1769 2813 2084 2882 pitiatiouis,
2128 2828 2252 2867 cum
2307 2810 2630 2879 propitiatus
2670 2819 2753 2863 est
2811 2808 2950 2862 Deus
2996 2809 3333 2867 hominibus.

1770 2904 1923 2959 Sicut
1944 2914 1997 2957 et
2020 2904 2305 2972 Apostolus
2326 2904 2456 2956 dicit
2487 2901 2534 2933 ⁸⁸
2569 2920 2581 2954 :
2616 2918 2635 2952 ‹
2666 2901 2929 2967 Quoniam
2957 2902 3097 2956 Deus
3130 2912 3245 2956 erat
3274 2920 3328 2957 tn

1770 2996 2003 3058 Christo,
2026 2996 2287 3047 mundum
2311 2993 2665 3047 reconcilians
2706 2993 2831 3046 sibi.
2879 3011 2897 3044 ι
2939 2993 3002 3045 Ει
3040 2993 3233 3046 iterum
3263 2993 3333 3047 de

1769 3087 1987 3142 Christo
2012 3086 2141 3139 dicit
2162 3086 2208 3117 ⁸⁸
2239 3102 2253 3138 :
2286 3107 2302 3136 ι
2335 3085 2635 3139 l’aciiicans
2672 3099 2767 3153 per
2799 3085 3115 3153 sanguinem
3157 3086 3336 3140 crucis

1770 3189 1901 3240 sum,
1938 3174 2050 3228 sive
2098 3189 2215 3241 quae
2265 3173 2317 3226 in
2363 3174 2499 3229 cmlo
2520 3182 2666 3236 sunt,
2708 3172 2822 3229 sive
2852 3189 2971 3241 qua:
3008 3173 3062 3226 in
3107 3182 3275 3228 terra.
3309 3193 3329 3227 ο

1770 3264 2051 3318 Mandatur
2077 3279 2205 3334 ergo
2246 3264 2297 3316 in
2333 3264 2468 3332 lege,
2516 3274 2571 3317 ut
2628 3264 2679 3316 in
2733 3264 2821 3317 die
2873 3264 3336 3332 repropitiationis

1768 3356 1945 3407 omnis
1990 3354 2216 3423 p0pulus
2256 3354 2501 3406 humiliet
2542 3354 2776 3407 animam
2833 3369 3006 3408 suam.
3054 3354 3335 3421 Quomodo

1769 3446 2012 3500 humiliet
2057 3446 2283 3514 populus
2330 3444 2565 3496 animam
2596 3458 2777 3509 suam,
2814 3444 2929 3512 ipse
2977 3446 3105 3499 dicit
3134 3461 3149 3499 :
3181 3463 3199 3496 ι
3233 3447 3339 3502 γε.

1776 3540 1944 3598 nient,
1975 3537 2148 3604 inquit
2177 3536 2242 3598 ⁵⁸,
2272 3537 2403 3597 dics,
2457 3548 2581 3588 cum
2629 3536 2904 3589 auferetur
2938 3535 3006 3589 ab
3047 3537 3128 3589 eis
3170 3552 3333 3603 spon-

1767 3642 1879 3688 sus,
1923 3636 1979 3681 et
2028 3637 2152 3679 tunc
2193 3624 2517 3694 jejunabunt
2552 3627 2602 3679 in
2661 3625 2766 3679 illis
2813 3626 3025 3680 diebus.
3080 3644 3099 3677 ι
3145 3625 3335 3680 Plures

1766 3730 1895 3784 ergo
1952 3724 2189 3782 aguntur
2219 3715 2333 3767 dies
2372 3712 2496 3767 festi
2526 3713 2820 3767 secundum
2854 3711 3045 3781 legem.
3092 3711 3186 3766 Est
3212 3713 3334 3781 qni-

1766 3805 1886 3857 dam
1913 3803 2169 3857 solemnis
2200 3803 2314 3856 dies
2360 3803 2414 3856 in
2464 3818 2646 3857 mense
2674 3801 2869 3869 primo,
2910 3810 3069 3856 estet
3099 3803 3235 3857 alius
3278 3806 3331 3856 iu

1765 3896 2025 3949 secundo.
2072 3894 2177 3948 Sed
2211 3902 2265 3948 et
2313 3894 2364 3946 in
2414 3908 2600 3948 mense
2644 3894 2819 3962 primo
2855 3894 2960 3947 alia
3015 3894 3333 3949 solemnitas
3424 3940 3427 3943 λ

1765 4004 2005 4069 Ρειδειιω,
2053 4004 2155 4056 alia
2199 4017 2535 4074 azymorum,
2594 4003 2719 4058 licet
2766 4004 3053 4073 conjuncta
3089 4005 3336 4058 videatur

1763 4096 1970 4165 azymis
1995 4094 2217 4149 Paschae
2245 4093 2581 4147 solemnitas.
2619 4094 2948 4163 Principium
2998 4095 3143 4148 enim
3196 4109 3330 4165 azy-

1763 4203 1975 4241 morum
2009 4186 2073 4238 ad
2104 4188 2261 4239 linem
2312 4182 2536 4238 Pascha:
2574 4185 2943 4253 coniungitur.
2986 4183 3194 4239 Pascha
3237 4200 3336 4239 au-

1765 4288 1869 4333 tem
1900 4278 1987 4331 ille
2011 4277 2156 4330 solus
2180 4275 2297 4328 dies
2328 4274 2649 4342 appellatur,
2679 4276 2729 4328 in
2760 4292 2865 4343 quo
2917 4290 3089 4343 agnus
3128 4278 3333 4331 occidi-

1765 4380 1873 4427 tur.
1906 4369 2112 4437 Reliqni
2161 4383 2290 4421 vero
2321 4380 2633 4438 azymorum
2676 4367 2792 4420 dies
2829 4367 3191 4435 appellantur.
3238 4368 3331 4421 Sic

81 4467 99 4500 ο
137 4469 257 4508 cum
290 4454 509 4509 exierit
544 4456 613 4508 de
641 4454 860 4508 homine
906 4455 1212 4508 immundus
1236 4454 1479 4521 spiritus,
1516 4453 1662 4508 vadit
1692 4456 1738 4512 Ι)
1765 4464 1907 4518 enim
1960 4462 2087 4515 dicit
2116 4461 2160 4492 ⁵⁷
2198 4477 2213 4514 :
2253 4476 2272 4510 ι
2323 4459 2514 4513 Facies
2564 4457 2965 4512 solemnitatem
3015 4473 3328 4527 azymorum

71 4560 165 4613 per
186 4546 305 4600 loca
343 4547 600 4612 deserta,
630 4562 874 4617 quaerens
922 4546 1184 4615 requiem,
1240 4555 1296 4599 et
1342 4560 1449 4599 non
1505 4546 1656 4599 inve-

72 4638 167 4689 nit.
199 4657 219 4691 ι
263 4638 361 4693 Sic
392 4652 538 4707 ergo
562 4649 737 4706 potest
764 4647 819 4692 et
850 4638 1099 4692 Salvator
1143 4645 1324 4690 noster
1362 4637 1520 4689 homo
1562 4651 1657 4705 pa-

68 4741 209 4787 ratus
244 4732 514 4802 intelligi,
546 4732 638 4800 qui
676 4742 876 4786 sortem
921 4729 1138 4795 quidem
1196 4727 1427 4790 Domini,
1474 4728 1660 4782 Eccle-

66 4823 196 4876 siam
226 4837 391 4877 suam
421 4823 643 4890 fecerit,
670 4835 899 4890 eamque
925 4821 1107 4875 divino
1127 4818 1460 4873 consecrarit
1481 4817 1658 4881 altari,

63 4924 261 4970 sortem
291 4928 435 4969 vero
469 4914 806 4982 apOpompasi
831 4911 1134 4966 contrarias
1185 4909 1375 4964 fecerit
1420 4918 1659 4978 potesta-

64 5013 162 5069 tes,
186 5006 431 5075 spiritus
466 5006 752 5075 nequitiaz,
784 5013 839 5058 et
865 5003 1051 5057 tuundi
1094 5000 1252 5068 hujus
1301 5009 1543 5056 rectores
1580 5010 1657 5055 te-

63 5094 362 5150 nebrarum
421 5096 650 5157 harum,
703 5108 861 5163 quos,
912 5093 1052 5149 sicut
1093 5091 1224 5146 dicit
1275 5089 1563 5160 Apostolus
1588 5090 1652 5156 ⁸⁸,

124 5188 172 5221 ⁸³
198 5189 368 5244 Joan.
395 5205 458 5255 v,
493 5188 586 5243 14.
662 5189 707 5221 ⁸⁵
738 5188 907 5243 Zach.
957 5203 1037 5251 ιιι,
1089 5187 1112 5240 1
1153 5194 1207 5241 et
1229 5185 1284 5239 '5.

64 5257 106 5287 ⁸⁸
142 5258 361 5315 Coloss.
455 5270 526 5321 tit
565 5259 652 5313 14.
742 5260 787 5289 θ’
823 5258 952 5312 an.
1008 5271 1163 5318 xxut,
1215 5255 1299 5308 45.

61 5326 102 5359 ⁵³
133 5327 297 5384 Joan.
331 5344 459 5395 xvr,
504 5327 597 5383 55.
688 5326 733 5359 "
763 5326 806 5381 ll
837 5328 962 5383 Cor.
991 5342 1045 5393 v,
1076 5326 1161 5381 19.

128 5468 243 5541 (56)
286 5470 462 5537 Mss.,
492 5486 538 5541 «Α
556 5475 732 5525 sortes
760 5468 894 5525 istas
922 5466 1218 5537 excipiunt.
1258 5484 1278 5519 ι
1314 5464 1470 5521 Libb.
1498 5463 1652 5528 editi,

63 5556 80 5587 ι
118 5537 302 5608 sortes
340 5537 661 5608 accipiunt.
697 5556 716 5589 ι

124 5606 238 5679 (57)
283 5610 429 5666 Mss.
458 5605 816 5679 t'tnundus.)
847 5605 997 5661 Libb.
1015 5606 1167 5669 editi,
1201 5623 1218 5657 I
1254 5605 1580 5659 immundus.
1624 5620 1644 5655 ι

123 5677 238 5749 (58)
337 5680 551 5749 Erat._
626 5677 917 5745 Sttppletur
942 5691 972 5730 e
1003 5692 1130 5749 mss.

124 5745 239 5811 [59)
268 5749 477 5804 Codex
513 5746 823 5815 Sangertn.,
860 5764 878 5799 t
910 5746 1163 5801 conﬁdite
1191 5745 1313 5813 quia
1346 5757 1463 5815 ego,
1500 5760 1517 5791 ι
1541 5750 1647 5795 etc.

1385 5184 1432 5215 ⁴⁸
1461 5182 1617 5239 Joan.
1646 5187 1829 5250 xx,l7.

1383 5255 1428 5286 ⁸ο
1463 5254 1657 5308 Genes.
1714 5260 1921 5320 ηιμ-24.

1250 5326 1296 5356 ⁸⁸
1318 5323 1525 5379 Coloss.
1556 5340 1595 5389 t,
1622 5324 1712 5380 20.

1766 4561 1967 4621 septem
2021 4550 2230 4606 diebus.
2273 4569 2291 4601 ι
2322 4550 2446 4604 Ilaec
2475 4561 2605 4616 ergo
2634 4554 2717 4600 est
2771 4546 2943 4613 prima
2976 4545 3320 4599 solemnitas.

1768 4641 1891 4695 Post
1927 4642 2059 4705 haec,
2094 4641 2268 4709 inquit
2309 4639 2375 4703 ⁸⁸,
2424 4656 2443 4689 t
2508 4652 2629 4690 cum
2666 4636 3036 4689 detnessucris
3096 4650 3325 4689 messem

1763 4742 1932 4794 luant,
1950 4741 2006 4785 et
2033 4728 2453 4800 congregaveris
2472 4730 2780 4783 nativitates
2802 4740 2865 4779 ex
2886 4740 3017 4793 agro
3035 4733 3146 4788 tuo,
3164 4724 3329 4781 facies

1762 4823 1902 4877 diem
1924 4822 2114 4878 festum
2141 4823 2207 4876 de
2237 4821 2406 4874 initiis
2449 4820 2714 4873 fructuum
2756 4825 2991 4870 tuorum.
3026 4834 3043 4867 ι
3078 4815 3177 4881 Qui
3214 4816 3329 4870 dies

1761 4924 1844 4970 est
1866 4924 1987 4984 post
2016 4924 2221 4984 septem
2246 4896 2577 4981 septimanas
2619 4910 2858 4973 Pascltte,
2903 4909 2953 4961 id
2998 4917 3080 4961 est
3135 4906 3330 4961 Penteo

1763 5016 1935 5071 coste,
1961 5021 2085 5060 cum
2135 5006 2303 5060 etiam
2352 5001 2459 5057 dici
2502 5002 2743 5067 jtthetttr,
2790 5008 2844 5055 et
2881 4998 3167 5053 mundabis
3213 4994 3327 5067 (60)

1764 5104 1951 5148 sancta
1973 5094 2039 5148 de
2068 5094 2227 5147 domo
2255 5107 2394 5145 mea.
2442 5090 2569 5145 Post
2607 5090 2720 5144 ba‘c
2775 5089 2826 5142 itt
2871 5088 3098 5155 septimo
3145 5100 3327 5140 mense

1941 5190 1990 5221 "
2042 5189 2249 5242 Coloss.
2304 5201 2364 5248 tt,
2412 5184 2495 5247 14,
2550 5182 2631 5238 15.
2735 5182 2779 5213 ⁴⁷
2848 5179 3034 5234 Matth.
3079 5193 3179 5242 xtt,
3232 5178 3323 5248 45.

2026 5259 2069 5289 ⁸¹
2104 5258 2289 5311 Matth.
2348 5247 2538 5313 itxvttt,
2582 5254 2669 5307 18.
2767 5250 3040 5315 "Ephes.
3098 5264 3170 5305 vt.
3234 5247 3321 5300 12.

1789 5314 1835 5362 εἴ
1865 5330 2056 5383 ιιιειιιιι.
2097 5344 2173 5390 ιιι,
2210 5327 2298 5379 15.
2373 5326 2418 5356 ιτ
2452 5323 2621 5378 Exod.
2656 5336 2810 5387 mu,
2841 5314 2929 5375 ιδ.
3005 5319 3051 5353 ιε
3080 5318 3207 5371 una.
3235 5316 3321 5369 ιθ.

1830 5462 1941 5531 ιθο)
1967 5460 2146 5515 Codex
2182 5457 2537 5531 san_gertn.__t_
2564 5461 2618 5508 et
2662 5452 2937 5531 mnndavi.
2968 5448 3135 5531 sAlii
3162 5460 3321 5531 mss”

1766 5553 1784 5587 ι
1815 5516 2128 5589 έιιιιίιιάιινί.
2162 5547 2180 5580 ι
2220 5516 2373 5580 ιιιῖι).
2410 5524 2563 5586 editi,
2596 5540 2614 5572 ι
2663 5532 2713 5576 et
2764 5520 3067 5574 tnundabis.
3095 5536 3129 5589 At
3183 5516 3321 5589 Infra

1758 5586 1925 5658 codex
1963 5603 2272 5673 Sangerm.,
2306 5613 2325 5648 t
2360 5595 2450 5649 ubi
2477 5602 2560 5650 est
2588 5602 2643 5648 et
2676 5607 2801 5647 arca
2832 5587 3129 5645 testimonii
3158 5594 3212 5640 et
3243 5586 3320 5638 at-

1760 5684 1893 5729 tare.
1938 5692 1957 5725 ι
