3876 6512
549 312 658 379 815

1991 329 2112 387 Οῐὶιέ

2220 331 2312 388 εις
3674 339 3751 393 5ὶῆ

551 441 671 496 aliae
703 448 936 512 aguntur
957 439 1355 498 solemnitates.
1403 443 1586 500 Primo
1613 446 1699 500 die
1735 447 1936 503 mensis
1983 449 2120 502 Neo-
2149 455 2193 510 Α
2227 458 2526 505 morantem
2561 450 2699 505 intra
2734 447 2929 506 Sancta
2958 460 3300 519 sanetorum,
3341 463 3394 510 et
3427 453 3562 510 ellici
3596 457 3641 511 iu
3665 475 3750 515 sor-

552 535 728 588 ntenia
757 535 1026 597 tubarum,
1053 535 1194 588 sicut
1225 537 1425 592 dicitur
1466 540 1518 592 in
1551 539 1764 592 Psalmo
1795 539 1842 572 ⁸³
1874 554 1888 592 :
1919 559 1936 591 ι
1968 539 2114 595 Tuba

549 625 731 680 canite
771 626 822 679 in
871 627 1028 682 initio
1080 631 1282 685 mensis
1322 631 1484 686 tubze.
1521 649 1540 682 ι
1581 630 1799 685 Decima
1859 647 1988 686 vero
2033 634 2118 687 die

550 716 760 786 septimi
788 719 989 773 mensis
1027 730 1112 774 est
1145 721 1465 776 solemuitas
1521 723 2008 792 repropitiatiouis.
2055 724 2112 778 In

551 808 651 862 hac
674 807 785 862 sola
816 810 902 864 die
921 812 1157 878 pontifex
1177 813 1420 867 induitur
1441 815 1694 868 omnibus
1719 816 2119 883 pontiﬁcalibus

550 901 903 970 indumentis,
936 913 1064 958 tunc
1094 905 1336 959 induitur
1359 905 1851 961 manifestationem
1898 919 1952 962 et
1975 910 2117 964 veri-

551 997 735 1052 tatem.
769 999 898 1046 tunc
948 993 1252 1063 ingreditur
1295 997 1361 1049 ad
1413 996 1502 1048 illa
1545 996 1968 1062 iuaccessibilia,
2006 1015 2112 1069 qtto

548 1080 715 1134 semel
749 1087 801 1135 tu
836 1097 979 1137 anno
1017 1085 1200 1140 accedi
1256 1089 1632 1142 tantummodo
1661 1088 1810 1155 licet,
1845 1089 1898 1143 id
1939 1100 2024 1144 est
2057 1091 2109 1145 in

549 1168 748 1224 Sancta
785 1183 1116 1228 sanctorum.
1187 1175 1366 1231 Semel
1422 1180 1564 1232 enim
1607 1179 1658 1232 iu
1691 1194 1831 1235 anno
1877 1182 2116 1251 pontifex

547 1262 800 1328 pupulum
850 1264 1254 1335 derelinquens,
1300 1269 1613 1338 ingreditur
1645 1272 1710 1325 ad
1747 1271 1892 1325 illum
1924 1273 2116 1360 .locum

549 1351 636 1404 ubi
668 1362 750 1407 est
783 1358 1303 1427 repropitiatorium,
1333 1370 1385 1414 et
1416 1375 1580 1431 super
1615 1351 2115 1432 repropitiaforium

549 1443 849 1510 cherubim,
901 1447 990 1501 ubi
1031 1460 1113 1503 est
1139 1459 1338 1505 etarca
1384 1455 1711 1517 testamenti,
1753 1462 1809 1508 et
1841 1456 2117 1510 altareiu-

551 1533 694 1586 censi
723 1534 857 1600 (6i),
892 1550 1000 1602 quo
1038 1539 1170 1592 nulli
1207 1539 1432 1593 introire
1474 1541 1554 1594 fas
1583 1551 1686 1605 est,
1725 1545 1826 1597 nisi
1878 1546 2115 1613 pontiﬁci

549 1621 674 1676 soli.
711 1622 766 1675 Si
795 1638 925 1693 ergo
961 1629 1305 1682 considerem
1363 1644 1550 1683 verum
1596 1633 1903 1700 pontiﬁcem
1937 1651 2116 1689 meum

553 1713 832 1768 Dominum
866 1715 1046 1772 Jesum
1079 1719 1376 1784 Christum,
1409 1725 1678 1790 quomodo
1708 1726 1759 1777 in
1793 1741 1960 1781 carne
1995 1729 2118 1797 qui-

2221 551 2326 595 tetu
2357 543 2584 599 Domini.

2289 633 2342 686 6.
2377 632 2528 698 Quod
2567 645 2745 688 autem
2785 634 3013 688 dicimus
3046 636 3114 690 de
3164 647 3338 702 sorte,
3371 655 3480 692 nou
3522 639 3600 693 sic
3641 645 3752 695 acci-

2219 721 2326 789 piat
2352 724 2583 787 auditor,
2609 726 2762 794 quasi
2789 741 2910 782 sors
2937 727 3059 780 talis
3083 727 3261 795 aliqua
3293 728 3531 790 dicatur,
3553 745 3661 797 qua:
3692 732 3754 784 in-

2220 821 2300 866 ter
2327 813 2568 868 [nomines
2602 831 2764 884 casu,
2801 828 2855 871 et
2910 833 3014 870 non
3056 817 3263 887 judicio
3316 821 3402 888 agi
3449 820 3604 874 solet.
3652 822 3754 878 Son

2221 903 2430 958 Domini
2481 907 2551 959 ita
2599 908 2916 977 accipienda
2961 919 3066 971 est.
3111 919 3367 976 tauquam
3427 911 3472 963 si
3520 911 3753 967 diceretur

2219 995 2411 1049 electio
2451 995 2683 1062 Domini,
2725 1001 2804 1052 vel
2839 1013 2966 1066 pars
3012 1000 3259 1064 Domini;
3309 1009 3364 1054 et
3411 1017 3621 1055 rursum
3663 1020 3753 1058 sors

2219 1083 2334 1151 ejus
2367 1085 2457 1152 qui
2497 1086 2548 1140 in
2592 1102 2832 1142 eremum
2872 1091 3107 1144 mittitur
3142 1092 3459 1161 accipienda
3498 1103 3579 1146 est
3625 1096 3754 1151 veluti

2219 1191 2345 1246 pars
2371 1177 2460 1231 illa
2487 1193 2606 1246 quze
2641 1195 2739 1248 pro
2773 1180 3090 1250 indignitate
3133 1182 3216 1237 sui
3251 1199 3280 1236 a
3325 1182 3558 1238 Domino
3587 1189 3754 1253 sperni-

2221 1275 2308 1320 tur
2342 1276 2396 1320 et
2449 1269 2718 1336 abjicitur.
2779 1271 2948 1341 Magis
2993 1275 3140 1328 enim
3186 1285 3242 1330 et
3284 1291 3470 1330 sermo
3506 1278 3617 1345 ipse
3659 1292 3755 1346 apo-

2219 1359 2472 1428 pompaai,
2498 1360 2692 1429 abjecti
2742 1370 2795 1415 et
2826 1361 3046 1418 refutati
3088 1366 3510 1434 signiﬁcantiam
3535 1369 3754 1422 continet.

2221 1447 2297 1501 Ex
2349 1465 2455 1517 quo
2506 1467 2794 1519 possumus
2838 1455 3002 1510 etiam
3053 1458 3182 1512 illud
3248 1459 3583 1528 intelligere,
3640 1462 3754 1514 verbi

2220 1540 2413 1607 gratia,
2441 1543 2684 1596 ascendit
2712 1545 2764 1599 in
2795 1560 2892 1599 cor
2917 1555 3070 1601 tuum
3101 1548 3242 1602 mala
3275 1549 3560 1617 cogitatio,
3593 1564 3756 1604 concu-

2221 1631 2482 1699 piscentia
2514 1634 2755 1689 mulieris
2793 1635 3004 1703 alienae,
3046 1647 3136 1690 aut
3180 1639 3371 1692 vicinae
3412 1641 3756 1707 possessionis,

2222 1724 2459 1794 intellige
2490 1728 2673 1780 statim
2703 1727 2843 1782 hanc
2885 1744 3006 1783 esse
3042 1730 3106 1784 de
3137 1740 3282 1784 sorte
3312 1735 3662 1800 θροιιοιιιρεει,
3689 1736 3758 1786 ab-

550 1807 671 1860 dem
704 1809 929 1875 positus,
972 1825 1068 1878 per
1097 1819 1266 1865 totum
1321 1785 1521 1866 annum
1577 1823 1695 1868 erat
1745 1831 1864 1869 cum
1897 1785 2114 1886 populo,
2149 1785 2191 1843 Β
2215 1817 2328 1885 jice
2356 1817 2663 1881 c0nfestim,
2709 1828 2762 1872 et
2804 1820 3011 1889 expelle
3044 1822 3109 1876 de
3159 1823 3323 1876 corde
3366 1833 3484 1876 tuo.
3523 1825 3758 1888 Quomodo

551 1912 751 1951 annum
787 1899 954 1964 illum,
991 1902 1055 1953 de
1085 1916 1189 1970 quo
1222 1902 1337 1972 ipse
1384 1903 1513 1957 dicit
1547 1905 1634 1960 '°:
1673 1925 1690 1956 ι
1727 1906 2119 1975 Evangelizarc

551 1989 876 2054 pauperibus
921 1989 1062 2040 misit
1092 2003 1196 2052 me,
1227 1999 1279 2042 et
1315 2005 1510 2046 vocare
1543 2007 1740 2047 annum
1788 1994 1993 2049 Domini
2031 2014 2119 2051 ac-

547 2088 785 2146 ceptum,
820 2087 874 2131 et
914 2079 1053 2131 diem
1097 2081 1467 2143 remissionis,
1510 2102 1527 2134 ι
1575 2083 1799 2138 adverte
1847 2089 2116 2154 quomodo

549 2165 714 2219 semel
745 2167 794 2220 in
824 2182 965 2220 anno
1000 2169 1124 2232 isto,
1169 2170 1221 2222 in
1268 2171 1354 2225 die
1381 2172 1843 2243 repropitiatiouis
1874 2177 2036 2233 intrat
2064 2181 2115 2234 in

545 2255 746 2312 Sancta
774 2267 1107 2326 sanctorum,
1138 2261 1240 2314 hoc
1261 2273 1364 2327 est,
1394 2277 1519 2317 cum
1563 2265 1781 2334 impleta
1832 2272 2116 2341 dispensa-

549 2347 697 2400 tione
728 2357 976 2415 penetrat
1003 2350 1192 2413 coelos,
1225 2361 1278 2405 et
1310 2353 1478 2408 intrat
1520 2357 1586 2409 ad
1617 2357 1860 2425 Patrem,
1897 2371 1956 2414 ut
1993 2379 2115 2416 eum

546 2438 837 2505 pr0pitium
891 2439 1122 2494 humano
1175 2444 1359 2509 generi
1414 2445 1597 2512 faciat,
1655 2457 1708 2502 et
1777 2461 1966 2505 exoret
2018 2468 2118 2522 pro

545 2529 797 2583 omnibus
827 2533 1168 2586 credentibus
1211 2532 1263 2586 in
1305 2549 1383 2589 se.
1431 2536 1580 2592 llanc
1614 2542 2113 2610 repr0pitiationem

547 2623 668 2686 ejus
715 2636 819 2688 qua
887 2623 1196 2680 hominibus
1253 2629 1576 2698 repropitiat
1625 2632 1869 2698 Patrem,
1933 2636 2116 2691 sciens

553 2708 787 2768 Joannes
829 2715 1102 2782 apostolus
1147 2717 1282 2772 dicit
1317 2719 1360 2750 “
1399 2737 1414 2775 :
1450 2739 1468 2772 ι
1503 2721 1627 2777 "(Bc
1677 2726 1818 2791 dico,
1857 2725 2025 2792 ﬁlioli,
2060 2739 2118 2783 ιιι

551 2817 657 2856 non
689 2820 989 2873 peccemus.
1027 2809 1180 2875 Quod
1226 2818 1282 2863 et
1319 2809 1365 2883 si
1407 2814 1833 2879 peccaverimus,
1880 2817 2114 2874 advoca-

2221 1909 2457 1976 abjicis?
2492 1910 2546 1964 Si
2573 1911 2771 1965 habeas
2821 1921 2996 1965 tecum
3045 1915 3214 1981 parati
3267 1915 3509 1968 hominis
3557 1930 3757 1979 manum,

2222 2002 2272 2055 id
2299 2013 2400 2063 est,
2435 2004 2478 2056 si
2534 2003 2696 2057 lectio
2723 2004 2901 2056 divina
2931 2005 3002 2057 sit
3051 2006 3101 2071 in
3133 2007 3384 2060 manibus
3423 2009 3556 2068 tuis,
3581 2016 3628 2060 et
3654 2023 3757 2073 prr-

2222 2103 2376 2161 cepta
2413 2092 2506 2147 Dei
2558 2105 2686 2147 ante
2731 2095 2916 2148 oculos
2951 2095 3274 2160 habeantur,
3323 2108 3454 2152 tunc
3490 2114 3615 2152 vere
3640 2100 3756 2151 inve-

2222 2186 2389 2239 nieris
2417 2197 2633 2254 paratus
2660 2188 2724 2239 ad
2765 2186 3067 2252 abjicicnda
3111 2199 3165 2242 et
3205 2190 3520 2258 repellenda
3555 2204 3635 2250 ea,
3670 2207 3761 2258 qua

2221 2287 2348 2330 sunt
2406 2279 2569 2332 sortis
2629 2277 2835 2331 alienzc.
2889 2279 2994 2333 Sed
3035 2290 3089 2334 et
3134 2281 3213 2333 ira
3258 2281 3303 2334 si
3331 2281 3589 2333 ascendit
3622 2281 3668 2332 in
3693 2297 3764 2333 cor

2222 2377 2394 2431 tuum,
2419 2369 2463 2422 si
2498 2370 2670 2435 zelus,
2696 2371 2739 2425 si
2776 2371 3000 2434 invidia,
3047 2374 3094 2427 si
3122 2373 3325 2426 malitia
3358 2373 3428 2426 ad
3453 2371 3764 2440 supplantan-

2221 2459 2344 2513 dum
2376 2461 2622 2527 fratrem,
2655 2475 2883 2532 paratus
2913 2475 3028 2520 esto
3056 2477 3111 2520 ut
3137 2465 3364 2532 abjicias
3400 2480 3487 2528 ea,
3521 2475 3576 2518 et
3617 2466 3763 2532 expet.

2221 2547 2322 2611 las,
2366 2559 2420 2603 et
2466 2552 2686 2606 emittas
2737 2554 2789 2606 itt
2827 2570 3092 2609 eremutu.
3143 2555 3198 2610 Si
3260 2571 3389 2610 vero
3441 2556 3691 2608 ascendat
3722 2557 3760 2609 in

2220 2652 2316 2692 cor
2367 2647 2514 2693 tuum
2600 2643 2841 2712 cogitare
2885 2659 3003 2712 quae
3041 2647 3132 2702 Dei
3186 2657 3332 2709 sunt,
3370 2647 3440 2700 de
3491 2647 3760 2699 misericor-

2221 2728 2328 2792 dia,
2362 2728 2682 2797 dejustitia,
2716 2733 2783 2788 de
2818 2736 3039 2802 pietate,
3074 2737 3140 2790 de
3183 2752 3337 2804 pace,
3383 2737 3503 2790 haec
3550 2738 3613 2791 de
3649 2747 3763 2792 sorte

2220 2830 2346 2874 sunt
2389 2821 2622 2888 Domini,
2667 2825 2780 2879 haec
2815 2826 3116 2880 oﬁeruntur
3165 2829 3231 2880 ad
3287 2828 3483 2892 altare,
3539 2829 3761 2897 lia-epan-

553 2901 665 2946 tum
727 2897 993 2952 habemus
1055 2902 1194 2970 apud
1256 2900 1499 2968 Patrem,
1560 2903 1741 2959 .lesum
1797 2906 2116 2976 Christum,
2222 2909 2351 2965 tifex
2402 2913 2664 2983 suscipit,
2715 2924 2771 2970 et
2813 2917 2866 2970 in
2923 2918 3006 2972 his
3069 2919 3389 2972 reconciliat
3462 2919 3560 2972 tibi
3610 2918 3758 2971 Deum.

548 2986 791 3046 justum,
833 2994 888 3036 et
927 2985 1041 3054 ipse
1080 2999 1163 3044 est
1203 2995 1576 3063 repr0pitiatio
1615 3015 1714 3068 pro
1752 3006 1988 3070 peccatis
2027 3023 2127 3061 no-
2220 3000 2510 3070 Propterea
2537 3019 2668 3074 ergo
2708 3015 2762 3060 et
2799 3007 2844 3060 is
2895 3008 2989 3076 qui
3051 3009 3197 3078 ejicit
3243 3025 3366 3061 eum
3416 3010 3468 3063 in
3518 3027 3622 3079 quo
3666 3025 3756 3064 sors

548 3070 697 3126 stris.
738 3094 756 3125 ι
795 3075 900 3133 Sed
931 3090 985 3135 et
1016 3082 1217 3138 Paulus
1257 3087 1506 3143 similiter
1543 3092 1610 3145 dc
1657 3094 1757 3149 hac
1804 3100 2187 3176 repr0pitia-c
2222 3098 2552 3162 apopompari
2580 3105 2682 3158 est,
2728 3098 2830 3152 hoc
2862 3109 2944 3152 est
2979 3100 3148 3154 malas
3192 3102 3579 3170 cogitationes,
3623 3101 3757 3154 malas

545 3163 695 3220 tione
717 3183 1122 3241 commemorat,
1157 3194 1278 3234 cum
1307 3182 1437 3238 dicit
1463 3185 1528 3239 de
1554 3185 1770 3244 Christo
1794 3191 1837 3221 θ’
1863 3211 1874 3245 ;
1909 3212 1925 3242 ι
1954 3192 2112 3259 Quen:

2223 3183 2569 3253 cupiditates,
2596 3203 2700 3241 non
2731 3198 2814 3242 est
2840 3189 2999 3243 homo
3027 3191 3198 3260 piger,
3245 3208 3344 3245 nec
3372 3203 3664 3260 occupatus
3695 3206 3760 3245 ne-

546 3262 727 3332 posuit
768 3264 909 3319 Deus
957 3269 1365 3338 propitiatorem
1410 3275 1519 3347 (62)
1561 3279 1614 3333 in
1655 3285 1917 3355 sanguine
1955 3288 2112 3357 ipsius

2220 3276 2373 3341 gotiis
2439 3265 2811 3344 Saecularibus,
2855 3282 2948 3334 sed
2993 3293 3213 3350 paratus
3253 3296 3356 3350 est,
3405 3296 3459 3338 et
3499 3296 3759 3354 prmnptus.

544 3371 642 3424 per
675 3356 857 3414 ﬁdem.
898 3377 916 3408 ι
952 3359 1117 3431 [gitur
1150 3364 1268 3418 dies
1311 3369 1708 3437 propitiationis
1747 3387 1928 3432 manet
1967 3356 2112 3436 nobis

2220 3379 2277 3417 ac
2301 3366 2563 3433 vigilans;
2604 3371 2693 3438 qui
2725 3372 2941 3425 etiamsi
2964 3374 3282 3429 sordescere
3317 3378 3572 3429 videatur
3603 3392 3751 3444 proeo

541 3465 822 3522 usquequo
845 3457 1053 3511 occidat
1075 3461 1174 3522 501‘
1205 3461 1259 3516 id
1285 3473 1366 3518 ρει
1396 3481 1675 3538 usquequo
1699 3472 1859 3527 ﬁnem
1886 3478 2121 3533 mundus
2214 3458 2355 3522 quod
2397 3459 2688 3527 contigerit
2745 3463 3104 3528 immundum,
3162 3465 3364 3518 lavabit
3396 3468 3588 3520 statim
3619 3467 3754 3520 resti-

2215 3562 2395 3603 tttenta
2428 3566 2550 3615 sua,
2580 3560 2635 3606 et
2657 3555 2762 3605 erit
2795 3555 3040 3609 mundus.
3071 3556 3224 3621 Quod
3263 3557 3574 3626 intelligere
3605 3573 3761 3624 possu-

537 3545 785 3614 accipiat.
826 3547 1042 3604 Stamus
1080 3553 1224 3609 enim
1263 3573 1364 3612 nos
1404 3577 1502 3629 pro
1541 3563 1765 3629 foribus,
1809 3569 2119 3636 aperientes

542 3637 854 3702 pomilicem
914 3650 1153 3695 nostrum
1219 3659 1646 3704 commorantem
1712 3652 1852 3707 intra
1913 3655 2114 3712 Sancta

541 3736 875 3792 sanctorum,
908 3731 960 3784 id
989 3741 1070 3786 est
1121 3737 1259 3802 apud
1291 3736 1531 3804 Patrem,
1556 3753 1610 3794 et
1653 3756 1968 3800 exorantem
2015 3764 2113 3812 pro

539 3821 775 3884 peccatis
799 3835 1007 3889 eorum,
1053 3827 1142 3893 qui
1196 3843 1254 3881 se
1313 3842 1655 3899 exspectant,
1702 3851 1806 3888 non
1858 3853 1956 3905 pro
1995 3855 2110 3894 om-

538 3909 689 3962 nium
713 3913 952 3978 peccatis
985 3927 1322 3970 exorantem.
1367 3918 1480 3973 Non
1525 3923 1670 3974 enim
1711 3923 1874 3996 240
1917 3938 2110 3983 exorat

538 4013 637 4067 pro
667 4002 775 4066 his,
806 4003 897 4070 qui
936 4004 988 4057 iu
1019 4017 1220 4061 sortem
1253 4010 1474 4064 veniunt
1497 4013 1614 4082 ejus
1646 4016 1805 4084 hirci,
1829 4021 1917 4087 qui
1949 4021 2112 4074 emit-

543 4089 675 4142 titur
701 4090 753 4143 in
784 4090 1086 4147 desertum.
1123 4094 1228 4149 Pro
1252 4095 1358 4150 illis
1387 4110 1578 4154 exorat
1601 4112 1828 4172 tantum,
1865 4108 1954 4176 qui
1983 4117 2113 4163 sunt

537 4193 658 4233 sors
687 4181 914 4244 Domini,
945 4184 1033 4251 qui
1053 4200 1171 4239 eum
1190 4203 1288 4255 pro
1308 4189 1516 4246 foribus
1541 4200 1984 4268 exspectant,qui
2006 4216 2110 4254 non

539 4272 801 4325 recedunt
833 4287 862 4325 a
897 4275 1114 4344 templo,
1168 4277 1390 4346 jejuniis
1431 4291 1484 4335 et
1517 4285 1854 4340 orationibus
1911 4305 2112 4343 vacan-

541 4369 644 4413 tes.
675 4363 754 4414 An
783 4372 834 4415 tu
871 4373 1050 4432 putas,
1081 4367 1173 4434 qui
1199 4368 1286 4421 vix
1316 4369 1506 4424 diebus
1529 4370 1681 4428 testis
1723 4377 1788 4429 ad
1822 4377 2108 4432 ecclesiam

2219 3657 2340 3695 ntus
2364 3653 2629 3711 quantum
2674 3645 2739 3696 ad
2775 3661 3215 3716 unumquemque
3257 3660 3509 3702 nostrum
3547 3649 3759 3716 pertinet,

2214 3735 2511 3786 secundum
2543 3735 2802 3788 moralem
2835 3737 3034 3803 locum,
3067 3754 3189 3791 esse
3217 3738 3500 3793 hominem
3528 3753 3761 3808 paratum,

2215 3826 2478 3876 rationem
2511 3824 2678 3890 ipsam
2709 3841 2828 3893 qua:
2868 3827 3010 3879 intra
3047 3843 3144 3881 nos
3181 3839 3284 3892 est,
3322 3845 3422 3898 per
3472 3847 3630 3898 quam
3670 3834 3763 3884 dis-

2213 3916 2386 3968 cretio
2417 3915 2572 3970 nobis
2601 3916 2727 3969 boni
2754 3917 2992 3986 malique
3021 3931 3123 3982 est,
3157 3936 3276 3988 quae
3307 3922 3478 3976 etiam
3507 3924 3550 3975 si
3585 3926 3763 3976 videtur

2212 4005 2526 4060 sordescere
2566 4007 2695 4060 dum
2734 4009 3029 4072 discernit,
3071 4019 3124 4063 et
3168 4021 3472 4079 pertractat
3518 4015 3628 4082 ipsa
3667 4030 3761 4084 qn:

2217 4095 2358 4149 mala
2385 4105 2538 4162 sunt;
2571 4106 2750 4152 tamen
2779 4101 2823 4154 si
2849 4117 2911 4154 ea
2947 4101 3190 4169 abjiciat,
3217 4113 3272 4157 et
3291 4106 3535 4174 expellat
3559 4121 3588 4158 a
3614 4107 3761 4168 corde,

2217 4201 2283 4241 ac
2335 4187 2524 4256 procul
2559 4187 2780 4256 eﬁ'uget,
2833 4200 2958 4245 tunc
3015 4192 3334 4250 melioribus
3372 4196 3763 4263 cogitationibus

2214 4279 2364 4332 velut
2407 4279 2690 4347 pttriﬁcata
2729 4294 2792 4334 ac
2830 4280 3020 4344 diluta,
3063 4283 3264 4336 munda
3312 4285 3593 4339 videbitur
3627 4287 3763 4336 ratio-

2215 4370 2412 4425 nabilis
2440 4387 2616 4428 mens.
2651 4372 2761 4426 Nec
2787 4388 2924 4427 sane
2956 4375 3189 4437 mireris,
3225 4378 3366 4445 quod
3395 4378 3559 4431 etiam
3585 4380 3648 4431 ad
3671 4392 3768 4446 per-

537 4453 708 4517 venis,
747 4468 846 4508 uec
874 4454 1120 4510 intentus
1165 4471 1223 4512 es
1274 4459 1341 4514 ad
1395 4463 1660 4518 audienda
1698 4469 1860 4524 verba
1902 4469 2110 4538 divina,
2145 4465 2188 4521 D
2219 4479 2407 4519 sonam
2433 4465 2735 4521 Salvatoris
2765 4468 3027 4522 traximus
3062 4469 3206 4522 hunc
3247 4471 3334 4538 qui
3389 4471 3761 4539 ejicithircum,

538 4560 635 4598 nec
669 4547 763 4599 das
797 4560 1015 4614 operam
1043 4549 1112 4602 ad
1151 4550 1422 4618 implenda
1455 4559 1729 4621 mandata,
1759 4563 1901 4628 quod
1930 4565 2107 4632 possit

537 4651 657 4691 sors
709 4636 917 4692 Domini
977 4641 1162 4696 venire
1202 4658 1369 4713 super
1414 4646 1504 4700 te?
1547 4647 1811 4717 Optamus
1843 4661 2021 4707 tamen
2049 4666 2108 4708 ut

538 4729 619 4781 vel
658 4729 741 4783 his
766 4731 965 4786 auditis
999 4749 1218 4804 Operam
1261 4737 1428 4801 detis,
1456 4754 1561 4792 non
1587 4741 1758 4794 solum
1802 4742 1854 4795 iu
1876 4745 2106 4800 ecclesia

539 4823 732 4874 audire
761 4825 922 4878 verba
961 4826 1070 4888 Dei,
1107 4829 1199 4881 sed
1225 4839 1280 4883 et
1319 4829 1371 4883 in
1415 4830 1669 4884 domibus
1703 4833 1903 4889 vestris
1945 4850 2107 4890 exer-

536 4917 642 4969 ceri
701 4923 755 4968 et
793 4917 1040 4972 meditari
1084 4919 1138 4973 in
1171 4921 1288 4991 lege
1340 4923 1549 4976 Domini
1601 4924 1688 4978 die
1736 4940 1801 4980 ac
1845 4937 2021 4993 nocte,
2053 4941 2108 4984 et

537 5006 605 5059 ibi
643 5006 785 5058 enim
817 5006 1064 5063 Christus
1085 5019 1188 5075 est,
1220 5021 1274 5064 et
1299 5011 1500 5081 ubique
1547 5015 1704 5068 adest
1736 5019 2108 5083 quaerentibus

531 5115 614 5154 se.
647 5099 931 5168 Propterea
971 5115 1204 5171 namque
1246 5104 1537 5159 mandatur
1568 5107 1620 5160 in
1657 5106 1800 5176 lege,
1837 5118 1895 5162 ut
1938 5111 2111 5164 medi-

536 5197 716 5242 temur
757 5202 876 5242 eam
903 5201 1025 5243 cum
1057 5188 1200 5246 imus
1239 5191 1290 5245 in
1337 5193 1440 5258 via,
1493 5201 1548 5247 et
1598 5209 1718 5248 cum
1753 5196 2002 5251 sedemus
2055 5199 2105 5252 in

2215 4566 2271 4610 et
2300 4558 2601 4626 expellitin
2630 4574 2900 4623 eremum,
2945 4561 3072 4628 quia
3128 4560 3329 4614 dicitur
3387 4561 3570 4616 lavare
3630 4561 3764 4614 vesti-

2215 4659 2394 4704 menta
2420 4665 2538 4713 sua,
2563 4659 2617 4704 et
2648 4651 2764 4704 lieri
2813 4653 3064 4716 mundus,
3097 4661 3320 4722 propter
3357 4652 3490 4705 illud
3531 4654 3669 4722 quod
3706 4652 3765 4703 le-

2211 4741 2391 4810 gimus
2437 4743 2490 4796 in
2537 4742 2796 4811 prepheta
2841 4743 2948 4796 dici
3005 4743 3070 4797 de
3131 4743 3385 4807 Domino,
3433 4746 3577 4799 sicut
3625 4757 3758 4810 supra

2209 4831 2444 4886 diximus
2472 4853 2484 4886 :
2516 4849 2533 4883 ι
2574 4832 2638 4886 Et
2684 4832 2791 4886 vidi
2834 4832 3016 4886 Jesum
3045 4835 3383 4889 sacerdotem
3419 4851 3666 4902 magnum
3697 4836 3761 4885 in-

2211 4923 2399 4978 dutnm
2427 4926 2753 4978 vestimenta
2788 4928 3005 4981 sordida
3040 4927 3107 4978 ‘3.
3147 4943 3166 4976 ι
3203 4926 3358 4992 Quod
3391 4928 3434 4979 si
3479 4930 3660 4995 utique
3686 4938 3761 4990 pro

2213 5016 2587 5082 assumptione
2647 5018 2831 5072 carnis
2887 5019 2997 5072 dici
3062 5019 3151 5087 pie
3202 5019 3563 5088 intelligitur,
3616 5019 3757 5069 etiam

2206 5104 2295 5159 hic
2338 5106 2389 5158 in
2421 5107 2664 5162 lavandis
2697 5109 3038 5164 vestimentis
3084 5119 3265 5178 petest
3321 5125 3389 5164 ea
3433 5109 3602 5178 ﬁgura
3657 5120 3756 5161 ser-

2208 5199 2318 5250 vari
2350 5199 2485 5266 (63).

531 5282 712 5344 domo,
743 5288 796 5335 et
827 5279 1076 5349 jacemus
1117 5282 1170 5336 in
1197 5283 1387 5348 cubili,
1443 5294 1499 5339 et
1547 5301 1669 5340 cum
1724 5289 2102 5358 exsurgimus;
2275 5289 2330 5343 7.
2368 5291 2656 5348 Videamus
2707 5303 2828 5365 post
2871 5295 2987 5349 haec
3037 5309 3156 5363 quae
3205 5307 3334 5349 sunt
3376 5309 3493 5366 qure
3541 5289 3756 5365 pontifex

490 5438 495 5443 g
527 5378 583 5425 et
623 5372 724 5423 hoc
755 5379 858 5434 est,
892 5385 1019 5424 vere
1046 5386 1144 5440 pro
1191 5371 1394 5426 foribus
1437 5384 1758 5443 exspectare
1792 5380 2101 5445 pontiﬁcem
2208 5378 2373 5434 faciat
2408 5399 2420 5434 :
2469 5401 2487 5434 ι
2525 5384 2587 5437 Et
2611 5397 2807 5449 sumet,
2833 5387 3011 5455 inquit
3038 5386 3104 5453 “,
3137 5386 3360 5458 plenum
3388 5387 3623 5440 batillum
3649 5394 3754 5434 ear-

595 5461 643 5492 ”
666 5459 787 5584 ﬁssa]
812 5475 976 5531 Lxxx,
1008 5461 1062 5515 4.
1161 5463 1205 5494 ⁶⁰
1241 5461 1346 5516 lsa.
1372 5465 1599 5529 th,let
1625 5465 1682 5519 2.
1756 5467 1798 5498 “
1830 5466 2020 5525 lJoan.
2055 5484 2112 5536 tt,

600 5547 639 5584 ι.
761 5569 776 5584 .

2227 5472 2280 5530 2.
2359 5475 2402 5506 ⁶²
2433 5475 2688 5545 liom.tt|,
2717 5477 2810 5532 25.
2885 5478 2933 5510 “
2955 5477 3121 5534 Zach.
3164 5494 3243 5543 ttt,
3276 5481 3296 5534 1
3328 5490 3383 5533 et
3409 5480 3461 5533 5.
3530 5477 3576 5509 “
3596 5473 3750 5529 ιετιι.

524 5546 639 5597 xvt,
689 5546 776 5584 ιτ.

597 5619 708 5688 (6i)
759 5617 946 5674 Altare
999 5619 1200 5674 incensi
1266 5620 1401 5676 solet
1467 5620 1737 5680 collocare
1790 5624 1844 5680 in
1892 5625 2094 5684 Sancto

523 5699 857 5742 sanctorum.
883 5691 1045 5746 Atuui
1082 5689 1276 5744 eratin
1314 5703 1526 5746 sancto.

598 5758 710 5826 (δὲ)
745 5757 927 5815 Codex
963 5757 1270 5831 Sangerm.,
1298 5780 1315 5813 ι
1353 5763 1812 5834 propitiatorium.
1855 5784 1877 5820 ι

2276 5631 2388 5707 (65)
2423 5632 2555 5707 Cod.
2585 5632 2898 5705 Sangerm.,
2953 5656 2969 5688 ι
3027 5645 3201 5707 potest
3240 5638 3308 5691 ad
3342 5651 3462 5690 eum
3511 5635 3693 5704 ﬁgura.
3737 5648 3750 5676 ι

2203 5703 2388 5760 Codex
2414 5703 2665 5772 Cadom.,
2694 5703 2721 5758 ἱ
2749 5715 2926 5776 potest
2958 5703 3144 5762 eadem
3177 5707 3368 5777 ﬁgura.
3401 5724 3419 5759 ι
