3876 6502
147 310 231 363 5,7
1243 292 1310 355 1N
1349 298 1721 358 LEVlTlCliM
1758 302 2039 359 Houuaa
2078 302 2169 363 ix.

3246 320 3306 376 ξΊ
3318 322 3349 377 8

157 424 352 486 panibus
398 416 534 487 ignis
583 418 647 470 de
702 415 880 481 altari,
931 415 1074 485 quod
1133 428 1216 473 est
1264 431 1453 475 contra
1501 421 1682 476 Domi-
1710 428 1753 482 Α
1789 430 2041 484 tentaret,
2078 437 2255 476 nonne
2295 421 2526 488 diceres,
2570 420 2790 482 Peream
2836 429 3013 485 omnia
3054 448 3150 502 pro
3175 436 3346 491 salute

152 532 276 573 num.
305 532 321 563 ι
349 509 589 575 Legimus
610 517 664 560 et
693 508 744 559 in
779 507 933 571 Isaia,
963 508 1085 575 quia
1118 508 1241 576 igne
1280 521 1539 580 purgatur
1561 527 1677 580 pro-

152 612 282 680 pheta
312 617 397 672 per
427 614 587 653 unum
612 614 676 652 ex
701 600 995 668 seraphim,
1022 601 1166 668 quod
1196 603 1419 656 missum
1455 616 1537 657 est
1565 603 1673 668 ttit)

149 701 203 753 ad
237 710 366 757 elllll,
412 706 531 744 cum
573 691 779 758 accepit
815 690 1017 757 forcipe
1058 693 1349 747 carbonem
1390 710 1554 747 unum
1609 711 1677 748 ex

147 791 219 844 his
243 784 321 853 qui
356 790 507 834 erant
545 795 705 849 super
754 780 942 843 altare,
998 789 1051 832 et
1099 783 1322 852 contigit
1366 784 1503 838 labia
1553 800 1676 853 pro-

145 880 310 945 ιιιιαιω,
343 878 392 921 et
418 868 553 921 dixit
578 870 621 899 ⁶⁸
648 888 659 921 ;
698 886 715 918 ι
755 870 892 923 Ecce
917 870 1114 923 abstuli
1144 872 1453 939 iniquitates
1483 884 1621 931 tuas.
1651 895 1669 927 ι

148 964 254 1020 Mihi
288 963 527 1016 videntur
558 960 783 1030 mystica
823 962 937 1017 hinc
963 977 1103 1028 esse,
1158 975 1210 1019 et
1262 967 1362 1018 hnc
1412 967 1672 1031 indicare,

141 1055 263 1127 quod
313 1050 602 1119 unicuique
652 1052 945 1105 secundum
1015 1053 1067 1106 id
1137 1058 1277 1123 quod
1343 1066 1564 1124 peccat,
1627 1059 1671 1110 si

141 1149 336 1215 dignum
368 1140 528 1194 fuerit
567 1143 840 1207 purificari
871 1159 1016 1209 eum,
1065 1145 1366 1199 inferantur
1411 1148 1675 1202 carbones

138 1235 368 1294 membris
391 1232 527 1299 ejus.
553 1232 687 1287 Nam
719 1236 970 1301 quoniam
996 1236 1126 1290 dicit
1166 1238 1425 1306 propheta
1460 1239 1545 1291 hic
1574 1238 1620 1269 “
1658 1257 1670 1292 :

141 1349 158 1382 ι
193 1329 445 1382 Immunda
487 1325 625 1379 labia
657 1327 855 1391 habeo,
892 1329 941 1379 iu
989 1329 1166 1381 medio
1213 1344 1429 1397 quoque
1489 1331 1670 1399 populi

132 1418 381 1476 immumla
430 1415 568 1469 labia
635 1417 884 1470 habentis
933 1417 1138 1483 habito,
1182 1436 1199 1469 ι
1247 1419 1449 1473 idcirco
1509 1423 1675 1476 carbo

133 1511 317 1577 forcipe
378 1514 686 1575 assumptus
739 1522 767 1559 a
812 1508 1104 1575 seraphim,
1157 1509 1292 1562 labia
1347 1512 1464 1576 ejus
1514 1530 1668 1566 ιιιιιιι-

132 1601 211 1655 dat
252 1596 577 1666 (65),qnibus
611 1596 741 1650 solis
767 1611 822 1649 se
839 1598 1090 1650 mumlum
1112 1613 1213 1651 non
1231 1586 1348 1653 esse
1368 1603 1669 1666 profitetur.

137 1688 205 1742 Ex
237 1701 334 1755 quo
366 1686 672 1740 ostenditur
704 1686 847 1754 quod
881 1701 1051 1753 usque
1082 1688 1146 1739 ad
1181 1688 1406 1740 verbum
1435 1697 1672 1742 tamum-

130 1781 269 1835 modo
291 1786 562 1845 peccatum
595 1776 711 1844 ejus
755 1778 1109 1841 inveniretur,
1160 1779 1210 1831 in
1250 1780 1395 1834 facto
1433 1796 1561 1833 vero
1586 1782 1668 1835 vel

123 1886 267 1941 opere
290 1868 431 1922 nullo
460 1869 790 1936 peccaverit;
828 1868 1066 1937 alioquin
1110 1869 1361 1931 dixisset,
1402 1873 1665 1939 quoniam

124 1961 438 2019 immundum
494 1974 688 2028 corpus
745 1958 950 2019 habeo.
992 1960 1073 2012 vel
1125 1961 1432 2016 immundos
1482 1963 1668 2017 oculos

122 2052 297 2115 habeo,
335 2050 378 2104 si
425 2060 706 2117 peccasset
767 2050 819 2101 in
894 2052 1328 2117 concupiscendo
1379 2052 1572 2116 aliena,
1615 2064 1668 2106 et

120 2143 342 2204 dixisset,
367 2140 674 2193 inunundas
704 2155 893 2193 manus
926 2140 1119 2202 habeo,
1167 2144 1209 2194 si
1243 2156 1337 2196 eas
1386 2143 1668 2211 polluisset

117 2234 348 2303 operibus
372 2231 593 2299 iniquis.
628 2229 777 2283 Nunc
807 2241 985 2283 autem
1031 2233 1289 2300 quoniam
1326 2212 1378 2286 in
1412 2234 1528 2287 solo
1557 2235 1669 2288 for-

118 2337 246 2380 tasse
275 2338 526 2378 sermone
556 2326 809 2378 conscius
852 2324 952 2377 sibi
1008 2318 1141 2379 erat
1174 2326 1356 2380 delicti
1401 2327 1565 2389 illius,
1600 2329 1667 2382 de

112 2434 208 2488 quo
227 2417 353 2470 dicit
382 2415 645 2468 Dominus
673 2415 714 2446 ⁶⁷
750 2432 761 2466 :
793 2434 810 2466 ι
841 2414 975 2480 Quia
1004 2417 1165 2469 etiam
1201 2418 1265 2470 de
1299 2418 1464 2471 verbo
1492 2421 1667 2471 otioso

113 2506 335 2560 reddetis
369 2504 638 2559 rationem
675 2506 724 2557 iu
749 2504 1063 2571 diejudicii,
1090 2523 1118 2557 4
1159 2521 1254 2573 pro
1281 2520 1348 2561 eo
1381 2509 1521 2575 quod
1560 2508 1666 2563 dif-

110 2597 239 2650 licile
260 2606 350 2651 est
379 2595 549 2649 etiam
592 2594 845 2663 perfectis
889 2594 1099 2661 culpam
1156 2597 1326 2649 vitare
1373 2598 1665 2661 sermonis,

110 2688 299 2741 idcirco
337 2684 621 2755 indigebat
677 2683 837 2737 etiam
876 2689 1139 2754 prapheta
1191 2692 1302 2740 sola
1347 2688 1667 2756 purgatione

106 2779 375 2833 labiorum.
401 2775 522 2831 Nos
556 2777 813 2845 autem,si
848 2778 1033 2831 redeat
1060 2778 1428 2847 unusquisque
1450 2782 1514 2831 ad
1538 2794 1667 2833 con-

104 2869 371 2923 scientiam
404 2883 591 2933 suam,
624 2868 807 2922 nescio
837 2869 881 2921 si
930 2883 1213 2936 possumus
1244 2868 1456 2937 aliquod
1499 2885 1668 2923 mem-

100 2963 244 3015 brum
271 2960 532 3028 corporis
565 2974 851 3023 excusare,
876 2958 1015 3027 quod
1043 2974 1147 3011 non
1179 2959 1286 3028 igni
1322 2959 1577 3027 indigeat.
1600 2960 1667 3013 Et

1782 528 1920 574 mea,
1946 528 2043 566 nec
2066 513 2358 581 quidquam
2388 529 2679 583 remaneat,
2702 528 2905 574 tantum
2934 532 2991 575 ut
3011 538 3108 595 ego
3130 526 3347 583 vivam?

1780 602 1891 655 Hoc
1914 618 2082 670 quare
2122 603 2372 657 faceres?
2411 605 2537 673 quia
2576 607 2700 663 inde
2747 626 2849 665 non
2891 614 3184 683 dubitares,
3224 618 3349 674 hinc

1778 694 2009 747 dubitas.
2064 694 2129 747 Et
2176 695 2295 748 ideo
2349 696 2488 749 bene
2544 697 2800 755 Dominus
2849 704 2978 757 dicit
3006 705 3088 761 θδε
3127 725 3144 758 ι
3186 709 3347 766 Putas

1779 782 1997 836 veniens
2036 783 2204 837 Filius
2252 784 2505 846 hominis,
2544 786 2779 843 inveniet
2826 792 2984 846 ﬁdem
3032 812 3194 864 super
3237 809 3346 852 ter—

1778 876 1930 928 ram?
1964 894 1981 925 ι
2021 875 2081 926 Et
2123 875 2247 943 quid
2290 890 2389 945 ego
2438 876 2557 932 dico
2611 880 2674 933 de
2705 884 2870 935 certis
2918 884 3346 956 iudubitatisque

1777 967 2070 1034 periculis?
2102 966 2495 1022 Tantmnmodo
2541 968 2583 1022 si
2625 985 2785 1025 causa
2821 972 3044 1027 dicenda
3089 977 3159 1028 sit
3206 980 3344 1045 apud

1770 1059 2003 1128 jmlicem
2043 1070 2344 1122 terrenum,
2376 1077 2499 1130 quze
2535 1062 2769 1131 aliquem
2820 1073 3015 1118 metum
3040 1067 3150 1132 (66)
3174 1083 3239 1122 ex
3269 1069 3345 1123 le-

1776 1151 1933 1218 gibus
1971 1150 2173 1204 habere
2218 1152 2481 1216 videatur,
2525 1167 2701 1208 nonne
2748 1154 2999 1210 omnibus
3036 1159 3232 1226 vigiliis
3260 1177 3347 1214 ex-

1776 1241 2024 1303 cuhatur,
2067 1243 2332 1295 advocato
2386 1252 2612 1309 patrono
2666 1260 2888 1299 munera
2946 1260 3342 1317 prmparantur,

1775 1332 1987 1386 etiamsi
2022 1347 2218 1398 anceps
2249 1336 2551 1401 periculum
2576 1335 2665 1399 sit,
2694 1345 2786 1389 aut
2810 1337 2971 1390 etiam
3006 1338 3173 1392 solius
3207 1351 3346 1397 nota:

1776 1433 1953 1477 metus
1988 1423 2071 1476 vel
2104 1424 2285 1477 damni
2319 1426 2490 1480 ratio?
2528 1424 2637 1480 Nos
2686 1442 2853 1494 quare
2893 1443 3000 1483 non
3053 1431 3343 1497 credimus,

1775 1516 1915 1584 quod
1963 1528 2150 1568 omnes
2193 1516 2488 1571 astahimus
2515 1536 2533 1568 σ
2575 1527 2698 1572 ante
2744 1519 2980 1573 tribunal
3023 1520 3251 1589 Christi,
3288 1534 3346 1578 ut

1777 1615 2014 1674 reportet
2038 1607 2406 1674 unusquisque
2439 1609 2653 1677 prepria
2693 1611 2936 1677 corporis
2968 1622 3122 1680 prout
3156 1615 3344 1681 gessit,

1776 1700 1888 1753 sive
1923 1700 2062 1752 bona
2087 1699 2200 1754 sive
2244 1699 2381 1752 mala
2416 1701 2479 1753 ‘9.
2519 1721 2538 1752 ι
2580 1700 2706 1755 Ilaec
2747 1702 2793 1757 si
2840 1703 3047 1771 integre
3100 1707 3347 1761 credere-

1775 1805 1916 1854 mus,
1951 1802 2094 1845 esset
2135 1790 2287 1843 nobis
2325 1793 2620 1846 secundum
2660 1795 2801 1862 quod
2842 1795 3100 1863 scriptum
3139 1806 3219 1850 est
3247 1798 3292 1829 ⁷⁸
3326 1812 3342 1851 :

1778 1896 1797 1930 ‹
1836 1878 2157 1949 Redemptio
2196 1882 2389 1935 anima:
2428 1883 2550 1947 viri,
2584 1883 2781 1936 divitia:
2825 1882 2965 1950 ejus.
3000 1905 3019 1937 ι
3057 1886 3160 1939 Sed
3203 1888 3344 1942 unde

1773 1978 2063 2037 possumus
2093 1970 2228 2034 haec,
2260 1969 2341 2022 vel
2381 1971 2604 2035 sentire,
2634 1971 2715 2023 vel
2749 1974 2989 2034 credere,
3028 1974 3106 2027 vel
3147 1975 3345 2028 intelli-

1771 2073 1917 2127 gere,
1953 2058 2072 2113 cum
2113 2075 2177 2113 ne
2215 2061 2281 2113 ad
2323 2061 2435 2113 haec
2470 2060 2582 2126 ipsa
2638 2062 2850 2129 quidem
2892 2063 3152 2117 audienda
3203 2081 3339 2121 con-

1770 2152 2092 2205 veniamus?
2117 2152 2246 2216 Quis
2276 2153 2418 2206 enim
2450 2161 2688 2205 vestrmn
2724 2169 2844 2206 eum
2879 2157 3177 2210 recitantur
3202 2158 3343 2213 Scri-

1770 2252 1941 2310 ptura:
1980 2243 2183 2311 prmbet
2216 2242 2495 2295 auditum?
2528 2242 2669 2296 Deus
2716 2260 2810 2312 per
2850 2245 3163 2314 prophetam
3202 2262 3346 2302 com-

1774 2333 2028 2397 minatur,
2058 2343 2111 2387 et
2137 2334 2351 2400 quidem
2401 2333 2452 2386 iu
2504 2334 2581 2386 ira
2631 2349 2819 2403 magna
2845 2336 2884 2365 ⁷¹
2919 2353 2933 2388 :
2966 2354 2985 2386 ι
3022 2336 3088 2389 Et
3134 2339 3340 2391 mittam

1772 2425 1966 2478 famem
1996 2439 2157 2492 super
2182 2433 2534 2490 terram,‘non
2565 2426 2763 2479 famem
2790 2427 2965 2495 panis,
2995 2443 3169 2496 neque
3194 2420 3341 2484 sitim

1770 2530 1943 2583 aquae,
1973 2514 2064 2569 sed
2096 2512 2290 2566 famem
2336 2514 2586 2567 audiendi
2630 2515 2795 2568 verba
2845 2517 2959 2571 Dei.
2990 2535 3008 2567 ι
3046 2518 3150 2571 Sed
3199 2533 3341 2573 nunc

1768 2607 1964 2661 famem
1990 2624 2092 2662 non
2118 2607 2261 2661 misit
2282 2606 2421 2660 Deus
2448 2621 2612 2674 super
2640 2607 2932 2661 Ecc‘lesiam
2961 2622 3135 2673 suam,
3163 2624 3339 2678 neque

1768 2699 1911 2753 sitim
1960 2698 2028 2751 ad
2073 2696 2399 2751 audiendum
2446 2698 2671 2750 verbum
2718 2697 2831 2750 Dci.
2885 2696 3152 2751 Habemus
3194 2702 3339 2755 enim

1768 2805 1961 2859 panem
2020 2790 2198 2844 vivum
2247 2789 2338 2857 qui
2384 2788 2450 2842 de
2502 2788 2641 2842 cmlo
2705 2788 3021 2854 descendit,
3080 2790 3341 2846 habemus

1769 2896 1961 2950 aquam
1995 2880 2168 2933 vivam
2205 2880 2490 2933 salientem
2516 2879 2568 2931 in
2600 2879 2762 2931 vitam
2797 2888 3075 2932 mteruam.
3105 2879 3214 2935 Cur
3243 2894 3340 2935 nos

1768 2972 1913 3040 ipsos
1966 2971 2309 3025 fecunditatis
2358 2981 2599 3037 tempore
2634 2970 2775 3022 lame
2819 2984 3073 3023 necamus
3113 2987 3175 3025 ac
3213 2971 3339 3025 siti?

100 3052 346 3120 propheta
375 3066 444 3118 qu
465 3051 601 3103 idem
620 3054 878 3119 quoniam
908 3050 974 3103 ab
993 3049 1246 3104 omnibus
1271 3053 1500 3105 mundus
1523 3061 1660 3118 erat,

1775 3062 1941 3132 Pigra:
1971 3072 2025 3116 et
2053 3063 2250 3115 desidis
2278 3062 2471 3114 animae
2497 3068 2602 3125 est,
2639 3061 2691 3112 in
2732 3060 3058 3114 abundantia
3093 3062 3337 3115 omnium

106 3142 295 3196 idcirco
354 3142 563 3194 meruit
593 3151 643 3194 ut
684 3158 824 3196 unus
852 3143 917 3196 de
950 3142 1219 3210 seraphim
1258 3143 1569 3196 mitteretur
1596 3144 1664 3195 ad

102 3250 234 3299 eum,
264 3233 353 3301 qui
384 3234 508 3300 ejus
539 3234 650 3287 sola
690 3233 824 3287 labia
858 3242 1139 3302 purgaret.
1172 3231 1279 3286 Nos
1308 3248 1438 3286 vero
1473 3248 1663 3286 vereor

102 3341 161 3379 ne
202 3327 373 3395 ignem
435 3342 547 3379 non
606 3325 864 3379 membris
929 3325 1173 3393 singulis,
1241 3325 1334 3377 sed
1390 3334 1497 3378 toto
1547 3341 1667 3379 cor-

95 3433 218 3488 pore
251 3433 590 3472 mereamur.
641 3417 774 3470 Cum
820 3416 964 3470 enim
1019 3415 1306 3469 lasciviunt
1368 3416 1536 3479 oculi,
1584 3417 1667 3470 vel

97 3524 184 3577 per
232 3509 455 3562 illicitas
504 3507 1013 3575 concupiscentias,
1062 3505 1145 3560 vel
1209 3520 1306 3574 per
1361 3506 1667 3574 spectacula

92 3600 241 3673 24],
271 3600 568 3662 diabolica,
600 3598 727 3667 quid
761 3597 904 3650 aliud
947 3597 1051 3650 nisi
1091 3597 1267 3666 ignem
1309 3596 1407 3649 sibi
1437 3610 1665 3665 congre-

93 3694 246 3764 gant?
291 3692 431 3747 Cum
481 3706 645 3745 aures
698 3706 803 3743 non
849 3698 1167 3741 avertuntur
1191 3690 1257 3741 ab
1295 3688 1475 3741 auditu
1507 3703 1665 3750 vano,

88 3804 146 3843 ac
175 3786 634 3855 derogationibus
661 3783 1049 3852 proximorum,
1083 3796 1205 3833 cum
1242 3795 1429 3833 manus
1458 3796 1484 3831 a
1522 3780 1667 3833 caede

87 3895 445 3950 nequaquam,
481 3891 586 3931 nec
614 3891 644 3929 a
681 3873 884 3942 rapinis
913 3887 977 3925 ac
1019 3869 1505 3940 depraadationibus
1536 3885 1667 3923 con-

84 3976 341 4037 tinentur,
376 3986 509 4026 cum
554 3967 720 4036 pedes
770 3964 981 4018 veloces
1022 3972 1147 4016 sunt
1187 3966 1254 4014 ad
1288 3959 1666 4014 effundendum

84 4068 427 4136 sanguinem,
452 4078 692 4133 cumque
717 4074 913 4128 corpus
952 4072 1057 4111 non
1088 4055 1337 4117 Domino,
1367 4053 1457 4107 sed
1497 4053 1665 4105 forni-

78 4159 272 4215 cationi
308 4159 612 4221 tradimus,
640 4155 768 4223 quid
797 4152 936 4205 aliud
982 4150 1080 4204 nisi
1130 4156 1300 4202 totum
1335 4158 1530 4212 corpus
1560 4151 1668 4195 tra-

80 4254 254 4307 dimus
287 4254 343 4306 in
379 4246 736 4320 gehennam?
784 4249 854 4299 At
903 4244 1016 4296 haec
1068 4255 1192 4295 cum
1239 4238 1508 4299 dicuntur,
1541 4250 1669 4288 con-

81 4339 300 4407 temptui
330 4338 638 4391 habentur.
664 4332 878 4399 Quare?
906 4330 1027 4399 quia
1055 4329 1187 4383 fides
1218 4328 1389 4382 deest.
1416 4324 1666 4393 Alioquin

1770 3154 2049 3221 penuriam
2082 3154 2211 3219 pati.
2242 3151 2356 3205 Non
2382 3152 2607 3205 audistis
2630 3165 2693 3206 ex
2727 3152 2924 3205 divinis
2957 3153 3340 3220 Scripturis",

1768 3244 1892 3312 quia
1942 3250 2211 3295 certamen
2246 3249 2330 3294 est
2382 3240 2520 3293 inter
2567 3240 2812 3291 homines
2856 3238 3003 3290 carni
3052 3239 3340 3291 adversum

1768 3333 2038 3402 spiritum,
2074 3341 2128 3386 et
2166 3330 2381 3399 spiritui
2424 3330 2682 3382 adversus
2721 3329 2981 3381 carnem?
3016 3328 3080 3380 Et
3126 3327 3345 3382 nescitis

1770 3422 1912 3491 quod
1947 3422 1989 3475 si
2022 3435 2242 3474 carnem
2278 3419 2447 3472 solam
2474 3418 2746 3479 nutriatis,
2779 3428 2835 3470 et
2866 3417 3035 3484 ipsam
3068 3415 3345 3485 frequenti

1770 3513 1992 3566 mollitie
2027 3527 2090 3564 ac
2116 3512 2229 3579 jugi
2256 3510 2571 3562 deliciarum
2605 3508 2748 3559 llum
2775 3506 3026 3569 foveatis,
3058 3508 3346 3560 insolescet

1770 3603 2075 3657 necessario
2097 3602 2383 3654 adversum
2420 3598 2691 3667 spiritum,
2721 3606 2774 3650 et
2807 3596 2997 3650 fortior
3023 3596 3111 3649 illo
3135 3595 3342 3650 ellicie-

1771 3696 1891 3749 tur?
1916 3695 2067 3760 Quod
2094 3693 2137 3747 si
2175 3692 2285 3755 fiat,
2312 3707 2433 3745 eum
2468 3694 2583 3744 sine
2611 3691 2775 3744 dubio
2808 3691 2861 3743 in
2887 3690 3147 3753 ditionem
3186 3704 3343 3741 suam
3419 3668 3431 3677 ’

1771 3786 2067 3847 redactmn,
2100 3782 2215 3835 suis
2262 3789 2417 3848 coget
2463 3780 2666 3847 legibus
2714 3794 2777 3832 ac
2812 3778 2958 3831 vitiis
2999 3777 3243 3831 obedire.
3284 3776 3343 3831 Si

1768 3892 1896 3930 vero
1929 3877 1994 3930 ad
2028 3874 2312 3930 ecclesiam
2352 3871 2660 3939 frequenter
2693 3870 2902 3932 venias,
2932 3884 3115 3923 aurem
3148 3869 3345 3922 litteris

1770 3967 1964 4021 divinis
1995 3967 2304 4027 admoveas,
2344 3963 2777 4031 explanationem
2820 3961 3196 4013 mandatorum
3238 3973 3346 4012 cce-

1769 4058 1982 4112 lestium
2018 4056 2235 4125 capias,
2254 4058 2395 4109 sicut
2431 4054 2569 4107 cibis
2606 4061 2660 4106 et
2700 4052 2907 4106 deliciis
2954 4065 3105 4114 caro,
3131 4051 3201 4102 ita
3235 4049 3341 4117 spi-

1771 4154 1906 4205 ritus
1937 4151 2116 4203 verbis
2147 4148 2346 4202 divinis
2385 4146 2726 4201 convalescet
2763 4160 2825 4197 ac
2864 4143 3129 4209 sensibus,
3159 4151 3213 4195 et
3249 4157 3340 4195 ro-

1769 4242 1977 4296 bustior
2006 4238 2253 4299 effectus,
2290 4252 2507 4291 carnem
2550 4234 2648 4288 sibi
2698 4248 2888 4301 parere
2933 4242 3113 4300 coget,
3136 4246 3198 4284 ac
3232 4231 3347 4285 suis

1772 4326 1982 4396 legibus
2028 4324 2275 4393 obsequi.
2324 4322 2668 4377 Nutrimenta
2720 4322 2886 4390 igitur
2934 4322 3155 4387 spiritus
3197 4328 3345 4387 sunt,

75 4431 118 4485 si
158 4431 254 4484 tibi
294 4430 471 4485 hodie
520 4427 814 4488 diceretur,
862 4424 986 4492 quia
1034 4421 1192 4490 judex
1242 4418 1420 4473 saeculi
1460 4417 1571 4469 vult
1615 4426 1667 4470 te
1697 4417 1744 4475 D
1772 4419 1951 4471 divina
2002 4416 2180 4477 lectio,
2214 4416 2491 4469 orationes
2541 4414 2795 4474 assidue,
2844 4427 3024 4489 sermo
3062 4412 3337 4466 doctrinae.

76 4522 318 4576 crastino
375 4521 574 4573 vivum
610 4528 857 4580 exurere,
890 4524 944 4569 et
970 4513 1054 4567 his
1082 4511 1280 4566 auditis
1313 4511 1355 4564 si
1395 4519 1537 4565 esset
1575 4509 1667 4563 tibi

75 4616 232 4668 unius
284 4611 400 4667 diei
455 4609 696 4679 spatium
745 4606 996 4669 liberum,
1029 4612 1231 4672 quanta
1263 4602 1510 4656 faceres?
1537 4616 1670 4669 quo-

73 4706 232 4761 modo
261 4712 318 4760 et
348 4717 458 4772 per
490 4714 632 4769 quos
653 4695 1025 4751 discurreres?
1048 4709 1207 4762 quam
1239 4693 1481 4754 humilis,
1508 4705 1668 4759 quam

72 4796 261 4865 lugens
319 4803 382 4848 et
448 4788 707 4845 sordidus
766 4784 1087 4841 oberrares?
1134 4782 1323 4837 Nonne
1372 4780 1674 4836 effunderes

69 4902 286 4944 omnem
334 4884 646 4955 pecuniam
695 4890 839 4935 tuam
880 4879 934 4933 in
988 4892 1102 4939 eos,
1142 4890 1370 4943 quorum
1408 4875 1673 4928 interces-

68 4983 221 5035 sione
273 4978 536 5033 evadere
594 4987 750 5042 posse
806 4981 856 5025 te
911 4968 1197 5024 crederes?
1258 4967 1447 5020 Nonne
1494 4964 1672 5018 omnia

70 5086 185 5141 quae
228 5068 505 5141 possides
554 5061 978 5131 redemptionem
1027 5058 1232 5112 faceres
1288 5056 1481 5109 animae
1533 5054 1676 5106 tuae?

68 5162 218 5228 Quod
255 5161 302 5214 si
343 5160 537 5212 etiam
576 5153 770 5223 aliquis
830 5162 881 5207 te
935 5148 1216 5204 retardare
1262 5154 1354 5200 aut
1414 5144 1676 5213 impedire

154 5261 198 5291 "
231 5260 342 5313 Isa.
374 5276 458 5324 vr,
501 5260 558 5311 7.
670 5257 714 5287 ⁵⁸
743 5254 872 5307 ibid.
906 5255 958 5307 5.
1074 5253 1115 5284 ⁶⁷
1150 5249 1340 5305 Matth.
1371 5265 1469 5314 xu,
1501 5249 1588 5303 56.

68 5330 106 5361 ⁷⁸
136 5332 337 5386 Amos.
370 5323 512 5394 vm,
552 5329 638 5383 11.
713 5327 757 5357 ⁷³
786 5323 963 5381 Galat.
986 5340 1038 5378 v.

140 5438 257 5509 (64)
291 5437 469 5509 Libb.
526 5434 679 5496 editi,
714 5449 733 5482 ‹
773 5434 863 5499 qui
915 5431 1110 5481 missus
1154 5434 1255 5489 est,
1308 5444 1328 5474 ν
1365 5425 1458 5478 sed
1516 5439 1674 5488 mss.,

72 5528 90 5560 ι
135 5507 299 5577 quod
323 5507 578 5577 missum
603 5513 700 5557 est.
743 5520 763 5554 ι

136 5563 254 5647 (65)
283 5576 460 5635 Mss.,
509 5592 530 5625 ε
572 5581 782 5647 purgat.
818 5588 836 5622 ι
872 5567 1012 5646 infra
1046 5567 1178 5621 libb.
1206 5565 1367 5647 'editi,
1404 5582 1423 5614 ι
1462 5563 1675 5647 inveni-

67 5633 247 5717 retur;
288 5648 368 5699 ita
405 5633 751 5713 q'uod'facvto
801 5640 885 5695 vel
906 5653 1087 5709 opere.
1138 5656 1158 5690 ι
1205 5635 1312 5692 Sed
1350 5649 1481 5691 mss.
1531 5642 1588 5688 ut
1621 5633 1677 5690 in

64 5730 263 5774 DOSII'O
297 5726 396 5772 ῑϐι
406 5724 467 5768 ιιι
479 5751 496 5766 .

1701 5247 1747 5279 ⁸⁸
1777 5244 1909 5300 Luc.
1939 5257 2096 5307 xvm,
2132 5239 2185 5295 8.

1776 4508 1873 4561 His
1909 4507 2068 4560 alitur
2092 4505 2247 4570 cibis,
2289 4507 2370 4560 his
2398 4505 2748 4567 convalescit,
2774 4504 2858 4557 his
2889 4487 3063 4556 victbr
3090 4502 3341 4557 eﬂicitur.

1776 4599 1927 4664 Quod
1960 4599 2085 4667 quia
2120 4613 2222 4652 non
2260 4596 2461 4661 facitis,
2499 4597 2665 4650 nolite
2715 4594 2976 4661 conqueri
3015 4594 3080 4646 de
3114 4593 3344 4647 infirmi-

1781 4701 1889 4746 tate
1939 4691 2141 4751 carnis,
2188 4690 2355 4743 nolite
2410 4689 2593 4742 dicere
2636 4688 2762 4755 quia
2811 4685 3077 4747 volumus,
3111 4686 3205 4739 sed
3241 4701 3346 4739 non

1779 4794 2089 4850 possumus,
2130 4780 2375 4832 volumus
2419 4777 2761 4830 continenter
2795 4776 2994 4838 vivere,
3036 4774 3130 4829 scd
3167 4774 3348 4828 carnis

1780 4872 2075 4943 fragilitate
2103 4870 2420 4938 decipimur,
2449 4879 2502 4921 et
2536 4869 2914 4935 impugnamur
2942 4864 3178 4918 stimulis
3210 4864 3346 4931 ejus.

1780 4965 1857 5018 Tu
1894 4966 1991 5018 das
2019 4962 2269 5017 stimulos
2299 4960 2476 5013 carnis
2511 4968 2633 5024 tum,
2664 4966 2716 5009 tu
2752 4972 2870 5010 eam
2901 4957 3160 5009 adversus
3187 4955 3349 5024 Spiri-

1783 5064 1897 5108 tum
1934 5063 2081 5108 tuum
2121 5066 2328 5115 armas,
2358 5060 2412 5104 et
2438 5058 2709 5118 potentem
2740 5048 2901 5111 facis,
2924 5062 3046 5100 cum
3077 5061 3193 5099 eam
3228 5060 3349 5098 car-

1782 5147 1941 5200 nibus
1993 5146 2180 5208 satias,
2226 5143 2351 5197 vino
2409 5141 2574 5194 nimio
2627 5140 2892 5200 inundas,
2936 5138 3080 5191 omni
3127 5134 3351 5188 mollitie

2296 5237 2338 5269 ⁶⁹
2366 5235 2413 5290 ll
2443 5234 2566 5290 Cor.
2597 5251 2650 5299 ν,
2688 5236 2769 5289 10.
2883 5233 2927 5265 ⁷⁰
2957 5237 3116 5290 Prov.
3154 5252 3270 5301 xui,
3307 5237 3361 5292 8.

1854 5426 1973 5497 (66),
1994 5425 2170 5480 Codex
2204 5425 2530 5497 rSangerm”
2579 5439 2597 5471 ι
2634 5421 2726 5497 qui
2781 5419 3013 5487 aliquem
3064 5426 3350 5497 metum“!

1785 5484 1871 5548 Et‘
1898 5484 2056 5558 infra,
2088 5513 2106 5545 ‹
2145 5484 2389 5548 θόνοςδῖἰ
2437 5484 2667 5559 [διηνοιιῖ
2700 5484 2945 5551 munera,
2980 5506 2997 5537 ι
3031 5486 3215 5551 sicque
3263 5484 3354 5537 alii

1787 5567 2040 5629 mss.,ubi
2073 5566 2196 5620 libri
2227 5564 2357 5620 editi
2382 5563 2602 5627 habent,
2638 5577 2664 5612 ι
2687 5559 2958 5617 advocato
2988 5564 3214 5624 patrono
3234 5570 3353 5613 mu-

1788 5649 1938 5690 nera.
1978 5652 2000 5689 ι
