3876 6506
461 318 570 376 519

1906 310 2225 368 ORIGENIS

3606 313 3695 366 5!!

460 432 668 503 palpas,
699 436 755 484 et
783 427 849 482 ad
875 426 1156 482 illecebras
1186 424 1379 479 nutris.
1414 425 1493 477 An
1526 422 1746 479 nescitis
1775 423 1899 492 quia
1927 439 2030 477 non
2060 429 2103 484 Α
2138 422 2382 476 Pontifex
2418 422 2580 491 igitur
2610 430 2793 478 noster
2830 422 3093 476 Dominus
3133 432 3189 476 et
3237 421 3491 477 Salvator
3537 428 3699 494 apa'it

461 529 642 590 potest
672 518 953 574 aedificium
998 517 1138 570 istud
1186 514 1438 570 Ecclesia:
1466 530 1530 568 ex
1566 514 1793 582 leprosis
1833 514 2029 582 lapidi-

462 612 565 665 bus
595 606 867 663 construi?
894 606 1030 661 Audi
1076 605 1203 673 quid
1239 606 1368 659 dicit
1401 604 1693 671 Apostolus
1724 604 1769 634 ⁷³
1802 621 1815 656 :
1858 622 1877 653 ι
1914 603 2027 657 Μο-

459 704 639 758 dicum
690 701 1012 754 fermentum
1066 707 1229 751 totam
1286 712 1520 750 massam
1560 696 1880 764 corrumpit.
1920 695 2028 749 Ex-

458 799 684 861 purgate
718 804 851 855 ergo
884 798 1037 843 vetus
1075 787 1421 852 fermentum,
1454 798 1512 841 ut
1554 786 1674 841 sitis
1709 801 1845 841 nova
1898 800 2030 841 con-

458 884 688 953 spersio.
726 900 743 933 i
778 880 885 935 Sed
920 881 984 934 ad
1024 881 1360 949 propositum
1395 878 1698 932 redeamus.

528 974 582 1028 8.
620 973 733 1027 «Et
785 972 1036 1042 accipiet,
1085 971 1256 1038 inquit
1280 970 1344 1033 τι,
1378 968 1619 1023 batillum
1661 967 1873 1035 plenum
1913 981 2029 1021 car-

458 1062 712 1117 bonibus.
755 1078 773 1112 i
808 1060 921 1113 Non
970 1073 1158 1113 omnes
1204 1068 1501 1127 purgantur
1553 1072 1616 1111 eo
1661 1056 1780 1125 igne
1825 1058 1914 1124 qui
1963 1056 2029 1111 de

460 1152 617 1208 altari
648 1152 967 1207 assumitur.
989 1152 1164 1204 Aaron
1199 1148 1564 1218 purgatnrillo
1597 1150 1739 1218 igne,
1770 1160 1822 1202 et
1845 1148 2026 1214 Isaias,

458 1251 513 1295 et
555 1242 600 1295 si
642 1240 736 1309 qui
777 1249 904 1294 sunt
942 1241 1147 1294 similes
1183 1240 1303 1291 illis.
1338 1238 1438 1291 Alii
1474 1252 1601 1291 vero
1641 1239 1731 1306 qui
1765 1253 1869 1290 non
1905 1247 2029 1292 sunt

463 1332 622 1395 tales,
650 1332 717 1385 de
746 1331 943 1398 quibus
974 1330 1136 1385 etiam
1170 1329 1430 1399 meipsum
1464 1340 1733 1397 computo,
1767 1328 1872 1382 alio
1908 1329 2028 1397 igne

461 1422 837 1491 purgabuntur
882 1420 1017 1490 (67).
1064 1418 1249 1472 Timeo
1289 1432 1354 1471 ne
1397 1418 1486 1472 illo
1524 1420 1589 1471 de
1629 1434 1733 1486 quo
1767 1421 2026 1487 scriptum

456 1522 542 1565 est
566 1512 651 1563 "':
686 1529 705 1561 ι
741 1510 960 1564 Fluvios
987 1510 1128 1578 ignis
1173 1510 1423 1563 currebat
1481 1520 1604 1563 ante
1638 1510 1832 1577 ipsum.
1868 1528 1886 1559 ι
1924 1510 2028 1563 Iste

458 1603 597 1671 ignis
620 1617 726 1656 non
754 1610 841 1654 est
863 1603 928 1665 de
956 1600 1136 1653 altari.
1165 1600 1264 1666 Qui
1297 1600 1362 1652 de
1399 1600 1552 1652 altari
1593 1609 1675 1653 est
1705 1600 1861 1668 ignis,
1888 1600 2025 1668 ignis

454 1702 539 1748 est
570 1692 807 1757 Domini;
832 1691 924 1760 qui
952 1700 1131 1744 autem
1160 1700 1310 1744 extra
1340 1690 1509 1744 altare
1536 1699 1638 1752 est,
1673 1707 1778 1743 non
1808 1701 1889 1744 est
1924 1690 2021 1743 Do-

457 1785 612 1850 mini,
642 1783 735 1837 sed
782 1788 1032 1852 proprius
1069 1789 1152 1835 est
1195 1781 1615 1850 uniuscujusque
1657 1783 2021 1849 peccantium,

455 1876 523 1929 de
549 1888 654 1942 quo
686 1872 888 1927 dicitur
911 1872 957 1902 "
986 1885 1002 1924 :
1041 1888 1063 1924 ι
1099 1871 1312 1926 Verniis
1346 1886 1534 1925 eorum
1586 1887 1689 1925 non
1741 1873 2024 1937 morietur,

454 1973 511 2017 et
544 1964 685 2033 ignis
711 1978 896 2018 eorum
931 1977 1039 2017 non
1068 1963 1466 2031 exstinguetur.
1508 1981 1525 2014 i
1563 1963 1666 2017 Iste
1695 1978 1824 2032 ergo
1864 1964 2023 2033 ignis,

456 2053 696 2124 ipsorum
736 2063 821 2108 est
866 2055 958 2121 qui
1016 2067 1139 2107 eum
1189 2054 1573 2116 accenderunt,
1623 2056 1764 2108 sicut
1804 2066 1857 2108 et
1898 2056 2023 2109 alibi

453 2144 712 2212 scriptum
761 2153 844 2197 est
868 2143 911 2172 "
944 2159 956 2195 :
986 2158 1005 2192 ι
1036 2142 1323 2195 Ambulate
1367 2143 1421 2195 in
1472 2143 1596 2212 igne
1648 2152 1848 2205 vestro,
1882 2152 1935 2196 et
1970 2143 2021 2196 in

450 2233 664 2290 ﬂamma
694 2249 856 2304 quam
899 2233 1224 2287 accendistis
1256 2234 1427 2287 vobis.
1466 2253 1483 2285 i
1520 2234 1669 2287 Isaiae
1698 2245 1877 2287 autem
1913 2248 2019 2287 non

449 2337 582 2379 enus
614 2323 752 2391 ignis
786 2325 1076 2393 apponitur
1106 2326 1171 2388 ⁷⁸,
1207 2329 1299 2377 sed
1353 2324 1494 2392 ignis
1525 2324 1733 2390 altaris,
1789 2325 1877 2394 qui
1916 2326 2022 2377 cir-

450 2416 846 2487 cumpurgabat
880 2418 1017 2471 labia
1058 2418 1191 2487 ejus,
1226 2425 1279 2471 et
1310 2418 1438 2471 huic
1474 2417 1538 2471 de
1560 2432 1667 2484 quo
1707 2417 1902 2469 dicitur
1930 2417 1973 2449 ⁷³
2006 2438 2017 2472 :

455 2525 473 2560 ι
516 2510 581 2562 Et
614 2518 793 2564 sumet
836 2507 1082 2563 batillum
1129 2508 1347 2577 plenum
1393 2507 1719 2561 carbonibus
1764 2507 1905 2576 ignis
1952 2507 2019 2561 de

451 2600 630 2667 altari,
662 2600 815 2671 quod
849 2611 930 2655 εει
958 2610 1144 2654 contra
1178 2600 1490 2663 Dominum,
1528 2608 1581 2652 et
1619 2598 1858 2667 implebit
1900 2614 2016 2652 nia-

450 2705 554 2746 nus
606 2706 735 2745 suas
786 2691 1009 2744 incenso
1070 2690 1483 2760 compositionis
1540 2690 1768 2743 minuto.
1808 2688 2017 2756 i.Quod

449 2780 666 2848 quidem
716 2781 931 2849 plenius
997 2780 1254 2833 Dominus
1315 2788 1499 2834 noster
1562 2780 1713 2834 fecit.
1776 2780 2017 2849 implevit

446 2872 594 2925 enim
622 2885 810 2925 manus
840 2884 967 2924 suas
1002 2868 1229 2923 incenso
1275 2870 1501 2932 minuto,
1529 2870 1595 2921 de
1621 2883 1726 2935 quo
1755 2869 2013 2937 scriptum

448 2971 527 3017 est
557 2962 644 3015 "z
680 2978 699 3011 ι
739 2961 1009 3029 Dirigatur
1043 2960 1217 3011 oratio
1273 2974 1392 3013 mea
1442 2960 1581 3012 sicut
1625 2960 1902 3011 illt'ellSIIm
1962 2959 2012 3012 in

2131 530 2323 568 manus
2352 530 2501 579 suas,
2536 522 2592 566 et
2640 515 2917 583 suscipere
2955 515 3066 569 vult
3116 518 3184 569 ab
3236 530 3570 584 unoquoque
3609 532 3698 570 no-

2130 613 2299 659 strum
2350 605 2627 660 incensum
2676 605 3087 674 compositionis
3143 604 3433 668 minutum,
3491 618 3701 659 necesse

2130 705 2214 750 est
2259 710 2358 749 nos
2402 710 2648 764 quaerere
2699 696 2905 764 species
2957 695 3188 749 incensi.
3241 694 3508 749 Libanum
3556 697 3701 749 nobis

2129 788 2475 853 quaerendum
2508 795 2608 851 est,
2641 796 2695 840 et
2742 801 2844 839 non
2887 784 3265 854 qualecunque
3312 784 3583 847 libanuin,
3616 788 3699 839 sed

2130 876 2447 930 dilucidum.
2475 874 2590 929 Non
2619 876 2731 929 vult
2761 890 2787 927 a
2822 883 2874 928 te
2917 875 3195 943 suscipere
3234 873 3481 942 pontifex
3507 873 3699 928 obscu-

2131 982 2247 1019 rum
2277 966 2500 1031 aliquid,
2534 975 2625 1019 aut
2654 965 2954 1028 sordidum,
2994 965 3288 1017 dilucidum
3340 967 3558 1033 quaerit.
3607 965 3699 1018 Sed

2129 1068 2183 1111 et
2214 1058 2501 1128 galbanum
2533 1073 2562 1110 a
2599 1067 2649 1112 te
2678 1058 2871 1125 poscit,
2915 1056 3071 1127 cujus
3110 1066 3307 1111 natura
3341 1067 3428 1110 est
3462 1066 3520 1107 ut
3550 1057 3701 1109 τοῦτο

2130 1148 2328 1208 utentia
2367 1148 2549 1202 odoris
2596 1149 2676 1202 sui
2731 1156 3013 1216 serpentes
3062 1148 3256 1201 noxios
3293 1146 3462 1217 fuget.
3506 1146 3700 1212 qurit

2130 1246 2309 1290 autem
2341 1252 2368 1289 a
2414 1247 2463 1290 te
2488 1247 2541 1291 et
2573 1247 2802 1299 stacten,
2834 1238 3008 1291 colata
3054 1239 3197 1292 enim
3222 1248 3273 1291 ει
3305 1238 3569 1291 defaecata
3603 1238 3703 1288 vult

2128 1340 2265 1392 esse,
2298 1327 2378 1381 vel
2413 1329 2573 1382 verba
2617 1339 2823 1393 nostra,
2868 1327 2951 1382 vel
3002 1344 3189 1396 opera.
3232 1328 3439 1393 Quaerit
3471 1337 3529 1380 ει
3572 1342 3698 1397 ony-

2128 1417 2307 1481 oheni,
2340 1434 2446 1485 quo
2484 1420 2629 1473 velut
2659 1430 2815 1473 scuto
2848 1420 3082 1489 quodam
3123 1421 3413 1488 obtegatur
3446 1419 3629 1471 anima
3657 1429 3701 1472 et

2129 1508 2288 1562 illaesa
2318 1521 2633 1578 permaneat
2662 1511 2797 1581 (70).
2832 1512 2904 1564 lla
2946 1522 2999 1565 et
3036 1522 3085 1566 ιε
3114 1512 3226 1563 vult
3254 1518 3411 1564 scuto
3439 1511 3565 1563 fidei
3596 1526 3700 1563 esse

2127 1608 2454 1667 protecuiin,
2487 1616 2593 1667 quo
2622 1601 2802 1653 omnia
2832 1601 3014 1669 jaculn
3049 1601 3264 1669 maligni
3308 1602 3480 1671 ignita
3516 1601 3701 1653 restin-

2128 1706 2280 1760 guas.
2312 1690 2436 1745 Haec
2462 1702 2640 1745 tamen
2684 1693 2861 1746 omnia
2898 1692 3011 1745 vult
3044 1708 3070 1745 a
3110 1702 3160 1746 te
3184 1707 3306 1746 esse
3358 1693 3657 1759 composita
3687 1709 3698 1742 :

2131 1781 2204 1835 nil
2240 1782 2621 1845 inordinatum,
2671 1782 2806 1834 nihil
2854 1782 3194 1850 inquietum,
3250 1781 3385 1835 nihil
3433 1781 3699 1841 indecens,

2129 1873 2222 1925 sed
2252 1870 2355 1925 hoc
2380 1872 2511 1935 vult,
2539 1880 2595 1925 ut
2623 1873 2805 1926 omnia
2848 1882 3029 1925 nostra
3074 1872 3375 1941 composite
3400 1880 3458 1925 et
3485 1871 3702 1924 honeste

2130 1964 2277 2016 fiant.
2310 1963 2428 2016 Stat
2461 1978 2591 2034 ergo
2643 1964 2804 2017 etiam
2860 1979 3003 2017 nunc
3050 1978 3210 2017 verus
3250 1963 3497 2032 pontifex
3531 1974 3701 2016 noster

2126 2055 2395 2118 Christus,
2425 2064 2479 2109 et
2527 2055 2719 2123 repleri
2762 2056 2877 2109 vult
2916 2070 3106 2110 manus
3147 2072 3274 2110 suas
3307 2056 3539 2110 incenso
3569 2071 3695 2108 coni-

2128 2148 2299 2213 posito
2331 2146 2572 2209 minuto;
2608 2154 2660 2198 et
2706 2147 2773 2199 ab
2816 2161 3136 2215 unaquaque
3174 2146 3416 2200 Ecclesia
3456 2161 3579 2214 qua:
3611 2144 3699 2197 sub

2125 2236 2260 2290 ccelo
2317 2246 2434 2299 est,
2491 2237 2797 2290 considerat
2848 2238 2976 2305 quid
3017 2235 3289 2297 oﬂ'eratur,
3349 2252 3520 2306 quam
3578 2238 3697 2288 intc-

2126 2341 2220 2395 gre
2254 2326 2530 2379 incensum
2580 2341 2733 2379 suum
2783 2326 3170 2395 diligenterque
3200 2336 3517 2395 componat,
3547 2342 3694 2395 quam

2125 2418 2390 2471 minutum
2445 2419 2494 2470 id
2533 2417 2718 2481 faciat,
2771 2418 2823 2471 id
2869 2427 2974 2483 est,
3018 2419 3295 2487 quomodo
3329 2422 3695 2487 unusquisque

2122 2517 2363 2561 nostrum
2398 2522 2562 2577 opera
2600 2523 2695 2561 sua
2726 2508 2961 2572 ordinet,
2997 2518 3052 2563 et
3088 2512 3363 2579 quomodo
3397 2525 3617 2563 sensum
3642 2526 3693 2564 ac

2120 2598 2289 2651 verba
2322 2597 2727 2667 Scripturaruin
2760 2598 2988 2666 spiritali
3017 2599 3407 2669 explanatione
3431 2600 3691 2653 discutiat.

2120 2685 2229 2740 Nec
2244 2687 2553 2755 angelorum
2583 2688 2882 2741 ministeria
2905 2690 2971 2741 ad
2998 2688 3371 2759 hujuscemodi
3398 2689 3574 2743 oflicia
3594 2692 3688 2757 (if)

2119 2776 2332 2831 desunt.
2378 2777 2559 2845 Angeli
2604 2778 2748 2831 enim
2803 2778 2893 2832 Dei
2945 2782 3241 2833 ascendunt
3278 2791 3336 2835 et
3367 2783 3689 2835 descendunt

2119 2868 2185 2920 ad
2222 2866 2415 2921 Filium
2470 2869 2727 2931 hominis,
2773 2870 3114 2937 perquirunt,
3165 2881 3220 2926 et
3272 2876 3496 2926 curiose
3539 2882 3689 2943 agunt

2116 2958 2245 3025 quid
2297 2958 2349 3010 in
2395 2968 2622 3029 utroque
2668 2973 2909 3015 nostrum
2949 2958 3254 3024 inveniant,
3288 2965 3437 3032 quod
3475 2963 3686 3018 offerant

448 3061 737 3120 conspectu
771 3062 883 3106 tuo.
923 3069 942 3103 ι
990 3049 1235 3119 Implevit
1263 3064 1392 3117 ergo
1431 3064 1621 3103 manus
1659 3064 1785 3104 suas
1815 3051 2015 3104 sanctis
2040 3075 2083 3134 ε
2120 3048 2247 3105 Deo.
2282 3050 2473 3105 Vident
2496 3062 2550 3105 et
2574 3064 2981 3120 perscrutantur
3004 3056 3437 3124 uniuscujusque
3459 3066 3683 3109 nostrum

446 3148 722 3214 operibus,
772 3159 894 3213 qua:
944 3159 1041 3213 pro
1090 3147 1327 3196 humano
1373 3156 1567 3210 genere
1615 3150 1866 3209 operatus
1911 3153 2012 3195 est.

448 3238 626 3306 Quare
652 3247 830 3289 autem
866 3236 1274 3304 compositionis
1304 3233 1584 3287 incensum
1623 3232 1861 3286 dicitur?
1890 3234 2014 3301 quia

446 3342 553 3384 ιιοιι
593 3338 675 3383 est
712 3343 813 3380 una
844 3329 1053 3395 species
1100 3340 1345 3395 Operuni,
1378 3325 1472 3378 sed
1519 3338 1583 3378 ex
1609 3324 1839 3393 justitia,
1866 3336 1921 3381 et
1950 3341 2016 3381 ex

447 3418 667 3486 pietate,
710 3430 777 3471 ex
809 3416 1161 3478 continentia,
1201 3430 1269 3469 ex
1313 3415 1622 3483 prudentia,
1655 3424 1709 3467 et
1742 3429 1806 3468 ex
1837 3416 2015 3469 omni-

445 3512 543 3564 liiis
584 3508 955 3576 hujuscemodi
991 3507 1285 3562 virtutibus
1315 3505 1658 3573 componitur
1724 3507 1824 3559 hoc
1871 3508 2013 3575 quod

443 3603 617 3673 placet
650 3602 756 3655 Deo
784 3602 919 3670 (68).
951 3599 1117 3670 242
1149 3600 1252 3653 Sed
1289 3608 1344 3653 ει
1378 3600 1639 3651 niinutuin
1672 3598 1814 3665 quod
1842 3598 2009 3665 addit,

442 3709 547 3747 non
582 3693 755 3747 otiose
781 3692 1156 3759 intelligimus.
1194 3689 1307 3743 Non
1342 3688 1486 3743 enim
1525 3688 1637 3741 vult
1671 3702 1794 3741 eum
1824 3689 1913 3756 qui
1947 3689 2011 3741 ad

440 3778 827 3847 perfectionem
860 3779 1052 3843 tendit,
1097 3777 1321 3831 verbum
1356 3777 1447 3831 Dei
1477 3792 1664 3831 crasse
1697 3786 1754 3831 et
1783 3778 2015 3829 carnali-

441 3880 523 3923 ter
545 3869 867 3940 intelligero,
891 3870 988 3923 sed
1011 3869 1276 3922 minutum
1304 3869 1355 3921 in
1388 3869 1470 3922 his
1490 3883 1706 3921 sensum
1730 3868 2012 3923 subtilem-

440 3974 547 4027 que
585 3960 920 4027 perquirere,
954 3967 1014 4011 ιιι
1038 3959 1082 4012 si
1108 3958 1247 4011 forte
1272 3959 1457 4010 audiat
1484 3958 1744 4024 scriptum
1774 3970 1895 4011 esse
1918 3956 1961 3987 ⁸⁸
1994 3973 2007 4008 :

443 4064 465 4098 ι
498 4046 614 4100 Νοιι
646 4048 928 4101 obturabis
976 4062 1037 4099 os
1087 4047 1206 4099 bovi
1246 4046 1543 4108 trituranti,
1575 4064 1594 4095 ι
1631 4045 1719 4099 ille
1760 4044 1873 4099 haec
1902 4060 2008 4099 non

441 4136 507 4190 de
543 4136 715 4189 bobus
751 4136 1037 4204 intelligat,
1070 4150 1244 4203 neque
1270 4136 1414 4188 enim
1462 4136 1528 4187 de
1560 4133 1730 4189 bobus
1772 4150 1898 4189 cura
1926 4145 2012 4191 est

441 4225 573 4289 Deo,
600 4226 692 4279 sed
730 4225 797 4279 de
826 4225 1086 4293 apostolis
1116 4226 1240 4279 dici.
1272 4223 1378 4277 Sed
1400 4233 1456 4277 et
1485 4224 1529 4278 si
1570 4228 1689 4293 quis
1738 4227 1805 4279 de
1827 4227 2008 4295 provi-

436 4315 619 4370 dentia
652 4317 745 4370 Dei
781 4316 1069 4378 rationem,
1096 4330 1214 4382 quze
1255 4324 1337 4368 est
1369 4312 1724 4369 minutissima
1759 4324 1812 4370 et
1835 4317 2009 4371 subti-

2122 3150 2381 3206 nienleni,
2412 3142 2457 3194 si
2488 3142 2684 3197 habeat
2714 3144 2917 3212 aliquid
2948 3144 3074 3209 tale,
3105 3147 3148 3199 si
3184 3156 3293 3198 tam
3322 3157 3571 3200 sanctum
3596 3147 3682 3198 ali-

2117 3231 2245 3300 quid
2285 3233 2508 3302 cogitet,
2550 3234 2691 3301 quod
2723 3235 2832 3287 Di-o
2858 3244 3130 3289 mereatur
3161 3234 3368 3289 offerri.
3402 3235 3681 3297 Inluentur,

2115 3332 2172 3376 et
2198 3325 2543 3377 considerant
2580 3325 2623 3379 si
2653 3325 2776 3394 quis
2810 3338 3051 3379 nostrum
3080 3342 3147 3380 ex
3177 3328 3261 3380 liis
3289 3343 3421 3397 qum
3446 3329 3682 3380 dicuntur

2118 3412 2170 3465 in
2220 3413 2451 3466 ecclesia
2483 3414 2646 3468 corde
2676 3416 3074 3484 compungitur,
3104 3426 3155 3468 et
3194 3418 3440 3469 animum
3475 3431 3683 3470 conver-

2117 3503 2181 3557 tit
2209 3504 2275 3557 ad
2314 3505 2710 3573 paenitentiam,
2751 3507 2793 3560 si
2835 3506 2919 3561 liis
2947 3510 3145 3561 auditis
3188 3511 3465 3577 corrigere
3499 3508 3684 3577 cogitat

2115 3594 2230 3647 vias
2259 3608 2406 3658 suas,
2432 3605 2488 3648 et
2512 3595 2757 3649 oblivisci
2790 3598 3083 3664 praeterita,
3102 3613 3167 3652 ac
3209 3613 3518 3667 praeparare
3542 3614 3593 3651 se
3619 3600 3681 3650 ad

2116 3681 2315 3747 futura,
2346 3683 2531 3738 saltem
2565 3688 2857 3738 secundum
2886 3687 3069 3739 Achab
3106 3686 3259 3740 illiini
3291 3687 3681 3756 impiissimum,

2115 3774 2181 3827 de
2215 3789 2320 3843 quo
2368 3776 2495 3830 dicit
2543 3776 2804 3831 Dominus
2831 3777 2879 3807 "
2913 3793 2928 3830 :
2973 3793 2993 3827 ι
3027 3777 3216 3832 Vidisti
3254 3779 3523 3848 quomodo
3547 3794 3685 3832 com-

2115 3875 2372 3931 punctum
2399 3876 2482 3920 est
2510 3882 2604 3921 cor
2634 3868 2854 3922 Achab?
2894 3886 2913 3919 ι
2950 3866 3054 3923 Sed
3086 3869 3135 3922 in
3173 3870 3256 3923 liis
3281 3871 3533 3924 omnibus
3554 3871 3683 3941 quid

2115 3956 2181 4010 dc
2218 3957 2322 4011 illis
2355 3960 2553 4022 dicam,
2583 3959 2675 4026 qui
2725 3974 2825 4014 nec
2876 3961 3103 4015 audiunt
3155 3962 3384 4017 auribus
3429 3964 3555 4028 lucc,
3582 3977 3682 4017 nec

2114 4049 2277 4103 corde
2318 4050 2621 4121 recipiunt?
2658 4051 2787 4117 Quae
2828 4056 2878 4107 in
2919 4053 3026 4109 illis
3062 4055 3497 4122 compunctionis
3528 4056 3685 4125 spes?

2114 4153 2232 4208 qua:
2276 4142 2649 4198 conversionis
2688 4143 2965 4214 suspicio;
3003 4160 3122 4214 quae
3172 4146 3566 4200 emendationis
3594 4161 3685 4198 ex-

2113 4232 2381 4299 spectatio
2406 4231 2563 4304 (72)?
2614 4234 2671 4289 Si
2710 4236 2856 4289 enim
2902 4246 3065 4289 etiam
3116 4238 3182 4291 de
3215 4236 3305 4291 his
3336 4238 3429 4306 qui
3465 4237 3688 4289 audiunt

2112 4320 2442 4387 dubitamus,
2472 4325 2602 4393 quid
2638 4339 2924 4394 speramus
2970 4329 3035 4381 de
3088 4328 3171 4382 his
3196 4322 3303 4397 qui.
3330 4329 3545 4381 omnino
3572 4343 3683 4379 nou

436 4404 664 4470 lissima,
696 4406 867 4474 possit
893 4420 1183 4474 exponere,
1222 4405 1321 4459 iste
1369 4405 1574 4459 minuto
1618 4406 1842 4460 incenso
1888 4422 2005 4460 ma-
2038 4413 2084 4469 D
2113 4414 2373 4468 audiunt?
2401 4416 2504 4470 Sed
2535 4428 2753 4474 utamur
2778 4420 2960 4474 verbis
2990 4420 3198 4473 Domini
3230 4420 3300 4483 ⁸³,
3329 4430 3385 4474 ει
3405 4420 3642 4474 dicamus
3666 4435 3683 4470 :

439 4511 566 4549 nutu
600 4511 752 4549 suam
806 4495 1014 4563 replere
1062 4495 1283 4549 dicitur.
1313 4494 1444 4561 Quis
1487 4510 1615 4566 ergo
1655 4506 1896 4550 nostrum
1931 4498 2006 4550 ita

436 4598 714 4656 promptus
744 4598 825 4641 est
849 4600 904 4643 et
932 4598 1176 4656 paratus,
1205 4597 1264 4641 ut
1290 4590 1599 4657 ingressuro
1626 4588 1861 4659 pontifici
1891 4589 2003 4660 ((39)

438 4678 489 4731 in
516 4678 713 4732 Sancta
755 4690 1082 4745 sanctorum,
1109 4682 1384 4735 incensum
1436 4680 1843 4749 compositionis
1866 4680 2003 4733 offe-

439 4778 521 4820 rat
552 4769 851 4822 minutum?
884 4767 1115 4823 Necesse
1137 4778 1217 4824 est
1240 4770 1384 4823 enim
1416 4784 1512 4823 nos
1540 4770 1779 4839 singulos
1802 4769 2003 4837 aliquid

433 4856 632 4910 offerre
667 4859 1014 4913 tabernaculo
1043 4860 1158 4923 Dei,
1186 4860 1387 4929 aliquid
1411 4860 1571 4915 etiam
1602 4859 1999 4928 pontificalibus

433 4947 783 5012 indumentis,
817 4949 1018 5017 aliquid
1050 4966 1175 5004 vero
1202 4950 1343 5018 quod
1380 4964 1477 5018 per
1506 4949 1777 5019 pontificis
1810 4964 1999 5003 manus

432 5036 499 5093 ad
545 5038 717 5106 ipsum
770 5039 943 5119 Deum
979 5055 1074 5109 per
1119 5040 1340 5096 odorem
1382 5042 1667 5097 suavitatis
1713 5042 1997 5095 ascendat.

2114 4504 2216 4569 Qui
2250 4505 2449 4561 habent
2488 4524 2647 4564 aures
2691 4511 2942 4565 audiendi
2982 4512 3220 4576 audiant,
3259 4522 3315 4565 et
3344 4511 3434 4579 qui
3466 4508 3689 4562 audiunt

2112 4586 2289 4651 sciant
2319 4600 2573 4667 scriptum
2605 4617 2748 4667 esse,
2779 4605 2900 4671 quia
2936 4617 3056 4656 cum
3088 4618 3387 4657 conversus
3417 4602 3687 4669 ingemue-

2112 4687 2211 4749 ris.
2242 4696 2367 4743 tunc
2387 4692 2566 4747 salvus
2599 4695 2728 4756 eris.
2755 4704 2809 4749 et
2839 4696 2977 4751 scies
3006 4696 3094 4750 ubi
3125 4694 3314 4748 fueris.
3348 4692 3433 4757 Et,
3464 4692 3503 4745 si
3523 4690 3689 4743 dixe-

2111 4777 2189 4831 ris
2221 4786 2275 4831 tu
2303 4791 2524 4848 peccata
2560 4795 2649 4838 tua
2679 4787 2849 4855 prior,
2882 4802 2981 4857 ego
3018 4787 3305 4841 exaudiam
3346 4796 3397 4837 te
3432 4793 3687 4849 tanquam

2107 4868 2362 4935 p0pnluin
2400 4883 2667 4928 sanctum.
2695 4876 2904 4931 Audisti
2936 4876 3203 4945 quomodo
3231 4875 3399 4929 etiam
3427 4874 3467 4927 si
3488 4886 3692 4941 pecca-

2107 4965 2191 5009 tor
2230 4956 2398 5020 fuisti,
2444 4968 2649 5015 tantuin
2698 4964 2743 5017 si
2786 4980 3078 5019 conversus
3120 4978 3199 5046 es,
3257 4972 3312 5017 et
3358 4961 3612 5017 destitisti
3658 4976 3688 5013 a

2107 5057 2347 5115 peccato,
2376 5050 2487 5117 jam
2520 5064 2736 5109 sanctus
2782 5055 3105 5125 appellaris?
3134 5054 3279 5109 Nihil
3328 5068 3455 5122 ergo
3480 5050 3688 5117 despe—

500 5220 547 5253 "
571 5220 732 5302 lgor.
756 5220 881 5302 1,9,
905 5222 957 5302 7_.
1032 5222 1077 5252 ⁷⁸
1108 5220 1528 5302 [ενίικιιιςιτ-η.
1606 5224 1650 5254 ⁷⁵
1672 5223 2052 5302 ΛῡθιιΣΔι-ιι-ηω.
2128 5229 2173 5258 ’⁷⁸
2196 5228 2295 5302 lsa.
2323 5232 2560 5288 waﬁd.
2637 5234 2681 5264 "
2707 5233 2806 5288 lsa.
2844 5250 2895 5302 ι,
2922 5236 3009 5291 H.
3083 5233 3129 5267 ⁷⁸
3159 5232 3263 5289 lsa.
3290 5248 3364 5288 Vt.
3423 5233 3462 5266 τ’
3487 5229 3689 5287 Levil.

428 5305 545 5357 XVI,
596 5292 681 5346 12.
759 5292 805 5323 ⁸ο
833 5292 973 5346 Psal.
1002 5306 1125 5356 CXL,
1156 5293 1211 5347 2.
1285 5294 1326 5323 ⁸⁸
1364 5293 1528 5345 oni'.
1566 5308 1641 5359 ix,
1670 5294 1721 5347 9.

523 5408 612 5479 67)
642 5409 821 5479 Codex
855 5408 1165 5479 Sangernn,
1200 5428 1218 5461 ι
1258 5410 1631 5479 purgabimur.
1670 5428 1688 5461 i

524 5478 611 5548 68)
636 5478 799 5545 Libb.
862 5478 1011 5545 editi,
1053 5497 1071 5530 ι
1120 5490 1177 5533 ιιι
1239 5478 1304 5536 eo
1355 5480 1596 5548 placetur
1643 5480 1801 5534 Deus.
1836 5498 1854 5532 i
1885 5481 1991 5537 Sed

432 5564 564 5602 mss.
592 5558 643 5600 ut
684 5550 736 5601 in
765 5560 949 5604 nostro
983 5560 1151 5603 textu.

501 5615 609 5687 (69)
639 5619 815 5672 Codex
869 5621 1179 5690 Sangerun,
1226 5638 1245 5672 ι
1278 5618 1537 5689 pontifici.
1570 5636 1592 5672 ι
1629 5618 1786 5675 Libb.
1830 5619 1990 5687 editi,

501 5688 771 5740 pontiﬁce.
813 5707 831 5740 i

435 5701 458 5737 ι
497 5696 771 5754 pontifice.
813 5707 831 5740 ι

1796 5295 1922 5348 "Ill
1951 5298 2083 5366 lieg.
2114 5300 2317 5363 “1,29
2342 5342 2357 5361 .
2414 5302 2461 5333 ⁸³
2500 5302 2686 5356 Matth.
2729 5319 2801 5358 χι.

2174 5415 2284 5485 (70)
2322 5416 2479 5483 Mss.,
2521 5436 2539 5470 ‹
2586 5420 2854 5490 obtegitur
2892 5418 3091 5474 animal
3143 5434 3299 5475 suum
3343 5430 3394 5475 et
3436 5417 3686 5475 illaesa-

2102 5498 2402 5553 pertiianel.
2440 5507 2458 5539 ι

2174 5555 2286 5696 ing
2315 5556 2461 5622 Mss.,
2504 5576 2523 5608 ι
2562 5558 2629 5639 ab
2658 5557 3023 5627 hujuscemodi
3046 5556 3256 5616 ciliciis.
3293 5575 3315 5611 ι

2198 5626 2266 5679 72
2319 5626 2469 5692 Mss.,
2504 5644 2522 5679 i
2566 5642 2671 5683 \iia.
2709 5646 2729 5680 ι

2198 5626 2286 5692 72)
2319 5626 2469 5692 Mss.,
2504 5644 2522 5679 i
2566 5630 2671 5683 via.
2709 5646 2729 5680 ι
