3876 6506
160 441 241 499 εει
1279 432 1349 487 ΙΝ
1386 432 1692 490 ιεγιτκῖῑ

1799 432 2082 490 HOMILIA
2120 432 2209 489 IX.

3267 441 3371 499 522

160 557 353 616 randum
378 560 458 608 est
494 553 577 608 his
622 552 715 623 qui
750 562 1185 623 compunguntur
1214 561 1268 608 et
1308 564 1698 610 convertuntur
1725 562 1772 616 Α
1800 554 1972 609 obtuli
2014 554 2081 609 ad
2112 556 2287 609 altare
2314 555 2428 612 Dei.
2462 554 2517 610 Si
2565 558 2782 628 diligam
2814 558 3013 616 fratres
3072 579 3219 617 meos
3250 607 3264 628 ,
3299 566 3370 621 ita

159 651 212 703 ad
236 644 515 702 Dominum.
551 643 666 699 Non
695 648 837 700 enim
869 656 1084 716 superat
1125 646 1419 701 bonitatem
1453 648 1546 703 Dei
1581 664 1694 702 ma-

152 742 250 797 litia
286 737 626 791 delictorum.

125 853 145 889 s,
212 832 258 886 9.
277 828 584 899 Sumitergo
598 827 835 899 pontifex
861 828 1101 884 batillum
1129 829 1343 899 plenum
1368 832 1695 889 carbonibus

151 923 273 993 ignis
300 920 362 973 de
387 919 563 984 altari,
592 921 735 990 quod
761 933 843 975 est
872 932 1057 976 contra
1088 922 1395 987 Dominum,
1425 934 1477 977 et
1510 925 1694 993 implet

152 1027 340 1069 manum
371 1026 520 1064 suam
554 1013 619 1066 de
655 1013 878 1068 incenso
927 1014 1333 1082 compositionis
1381 1016 1609 1079 minuto,
1642 1026 1697 1072 et

147 1106 289 1160 infert
335 1103 385 1156 in
436 1102 690 1158 interiora
738 1104 1047 1159 velaminis.
1102 1106 1470 1177 Intelligamus
1520 1110 1695 1178 primo

144 1196 257 1266 quid
281 1193 514 1264 designet
540 1193 787 1259 historia,
818 1205 873 1250 et
901 1206 1027 1252 tunc
1048 1198 1176 1268 quid
1207 1214 1401 1254 sensus
1436 1201 1696 1271 spiritalis

140 1288 315 1343 haheat
372 1287 725 1355 requiremus.
783 1290 982 1357 Duplex
1031 1291 1172 1346 aedes
1219 1301 1300 1348 est
1360 1294 1695 1350 tabernaculi

141 1375 411 1433 testimonii
460 1376 542 1429 vel
597 1377 778 1446 templi
829 1378 1060 1434 Domini.
1114 1379 1294 1435 Prima
1342 1389 1444 1446 est,
1489 1382 1542 1435 in
1587 1397 1693 1451 qua

136 1471 292 1528 altare
325 1468 695 1525 holocaustum
723 1479 806 1524 est
832 1470 969 1541 (73),
995 1472 1138 1540 quod
1162 1474 1438 1543 perpetuis
1477 1473 1694 1543 ignibus

137 1563 405 1625 excitatur,
431 1560 482 1614 in
515 1576 618 1630 qua
646 1564 760 1616 aede
787 1563 918 1618 solis
957 1562 1081 1617 licet
1112 1564 1366 1619 assistere
1396 1564 1697 1619 sacerdoti-

134 1656 241 1719 bus,
266 1662 319 1710 et
342 1653 737 1709 sacriﬁciorum
770 1655 908 1711 ritus
948 1670 1013 1711 ac
1049 1656 1347 1713 ministeria
1396 1657 1693 1725 celebrare,

132 1757 179 1803 et
204 1761 366 1816 neque
404 1745 630 1814 Levitis,
656 1764 831 1820 neque
868 1748 960 1805 alii
995 1750 1248 1821 cuiquam
1281 1749 1392 1822 (74)
1432 1761 1692 1821 praeterea

130 1840 423 1909 indulgetur
482 1856 750 1898 accessus.
804 1842 1052 1897 Secunda
1107 1857 1237 1898 vero
1285 1844 1429 1898 aedes
1474 1842 1696 1899 interior

127 1942 221 1996 est,
252 1932 364 1987 solo
406 1931 476 1985 ah
511 1933 612 1987 hac
644 1934 876 1991 discreta
909 1934 1193 1990 velamine.
1238 1935 1387 1990 Intra
1428 1936 1570 2007 quod
1600 1953 1691 1992 ve-
1729 1923 1770 1979 Β

128 2028 319 2091 lamen,
371 2040 500 2081 arca
550 2029 862 2084 testamenti
911 2038 965 2084 et
1022 2029 1484 2098 propitiatorium,
1532 2045 1692 2098 super

125 2119 255 2189 quod
300 2120 583 2175 cherubim
632 2124 735 2177 duo
799 2131 1004 2178 statuta
1065 2131 1223 2189 sunt,
1270 2132 1325 2178 et
1378 2122 1548 2176 altare
1604 2123 1690 2176 in-

123 2215 257 2269 censi
286 2212 396 2284 (75)
431 2214 758 2269 collocatum
794 2225 896 2271 est.
936 2214 992 2270 In
1039 2217 1180 2271 hanc
1222 2216 1388 2270 :edem
1421 2214 1586 2270 semel
1632 2215 1687 2269 in

122 2319 255 2359 anno
282 2304 496 2373 primus
527 2302 845 2376 quicunque
871 2317 989 2361 erat
1027 2307 1289 2377 pontifex,
1318 2308 1513 2362 oblatis
1542 2307 1691 2376 prius

124 2399 298 2453 hostiis
331 2400 758 2470 propitiationis,
792 2402 858 2457 de
888 2402 1084 2471 quibus
1118 2417 1278 2471 supra
1314 2404 1687 2473 exposuimus,

122 2490 545 2559 ingrediebatur,
573 2493 777 2550 habens
821 2502 1109 2563 utramque
1142 2511 1357 2550 manum
1409 2497 1686 2566 repletam,

119 2597 268 2638 Luam
303 2585 501 2640 batillo
530 2586 849 2652 carbonum,
881 2597 937 2643 et
981 2588 1137 2641 aliam
1170 2589 1573 2658 compositionis
1603 2590 1688 2644 in-

116 2688 287 2740 censo,
312 2684 373 2731 ut
403 2691 532 2731 cum
562 2676 751 2733 fuisset
774 2681 1066 2750 ingressus,
1083 2681 1264 2734 statim
1300 2681 1577 2751 supposito
1608 2682 1691 2735 in-

119 2781 269 2821 censo
301 2768 635 2824 carbonibus
655 2768 834 2825 fumus
856 2771 1192 2835 ascenderet,
1218 2781 1495 2842 totamque
1515 2774 1689 2828 aedem

117 2858 367 2929 repleret,
421 2870 489 2915 ut
537 2872 817 2932 aspectum
870 2871 1215 2925 sanctorum,
1257 2876 1414 2930 quem
1480 2863 1691 2933 ingres-

116 2967 199 3005 sus
230 2952 512 3022 pontiﬁcis
547 2953 903 3021 revelaverat,
936 2956 1107 3010 nubes
1137 2954 1343 3009 velaret
1374 2955 1597 3009 incensi.
1631 2953 1690 3010 Si

117 3045 199 3098 tibi
249 3048 654 3103 sacriﬁciorum
705 3063 823 3103 mos
871 3048 1045 3118 patuit
1085 3051 1363 3117 antiquus,
1400 3046 1527 3115 quid
1578 3048 1691 3102 hmc

114 3140 266 3192 etiam
316 3140 625 3194 secundum
694 3142 958 3195 rationem
1018 3140 1301 3210 mysticam
1357 3140 1688 3203 contineant,

110 3231 263 3303 243
289 3234 613 3289 videamus.
646 3233 791 3290 Duas
832 3232 1035 3287 audisti
1081 3234 1263 3288 mdes:
1316 3247 1480 3287 unam
1534 3232 1687 3300 quasi

112 3325 380 3381 visibilem
406 3334 471 3382 et
509 3337 785 3396 patentem
817 3326 1219 3391 sacerdotibus,
1248 3325 1408 3379 aliam
1442 3340 1569 3379 vero
1606 3327 1691 3379 in-

108 3418 372 3473 visibilem
400 3458 419 3483 ,
459 3428 523 3473 et
554 3419 887 3474 inaccessam
912 3460 927 3483 ,
982 3428 1212 3488 excepto
1251 3417 1366 3471 solo
1413 3417 1691 3486 pontiﬁce,

107 3510 278 3564 caeteri
311 3510 454 3567 foris
494 3520 639 3566 sunt.
670 3509 852 3565 Prima
885 3509 1030 3565 aedes
1059 3510 1160 3564 ista
1191 3519 1324 3580 puto
1355 3510 1502 3578 quod
1538 3508 1695 3562 intel-

106 3601 191 3672 ligi
222 3604 399 3672 possit
429 3605 557 3658 haec
589 3603 645 3657 in
681 3619 790 3673 qua
831 3617 975 3657 nunc
1004 3616 1191 3657 sumus
1226 3601 1279 3655 in
1315 3616 1482 3655 carne
1532 3599 1692 3669 positi

104 3691 340 3750 Ecclesia
367 3735 383 3759 ,
425 3695 491 3750 in
523 3709 630 3764 qua
676 3694 993 3749 sacerdotes
1052 3692 1372 3747 ministrant
1424 3692 1489 3746 ad
1525 3691 1696 3748 altare

103 3784 584 3851 holocaustorum,
614 3798 883 3840 succenso
913 3782 1005 3838 illo
1033 3783 1179 3854 igne,
1214 3782 1282 3837 de
1315 3797 1420 3851 quo
1448 3780 1584 3837 dixit
1607 3781 1698 3837 Je—

104 3892 191 3933 sus
216 3879 306 3933 “z
357 3898 377 3931 ε
411 3878 616 3951 Ignem
648 3879 769 3933 veni
816 3878 1036 3934 mittere
1086 3877 1138 3931 in
1169 3886 1372 3933 terram
1400 3916 1415 3943 ,
1445 3887 1499 3931 et
1532 3890 1694 3947 quam

103 3970 220 4027 volo
271 3981 332 4027 ut
367 3971 731 4027 accendatur.
770 3989 788 4022 ι
838 3970 907 4025 Et
943 3970 1066 4025 nolo
1116 3971 1333 4024 mireris
1386 3970 1527 4039 quod
1583 3972 1697 4025 haec

107 4062 248 4117 ardes
298 4062 441 4118 solis
492 4062 875 4117 sacerdotibus
909 4070 1116 4130 pateat.
1144 4060 1348 4116 Omnes
1377 4062 1521 4115 enim
1578 4061 1697 4129 qui-

98 4168 312 4223 cunque
342 4164 636 4224 unguento
661 4153 801 4207 sacri
828 4153 1145 4207 chrismatis
1171 4152 1392 4207 delibuti
1427 4162 1574 4216 sunt,
1609 4167 1697 4206 sa-

97 4249 355 4302 cerdotes
388 4246 581 4302 eﬁecti
624 4255 792 4310 sunt,
821 4246 963 4299 sicut
1016 4254 1071 4300 et
1117 4244 1309 4299 Petrus
1361 4245 1427 4298 ad
1479 4258 1694 4298 onmem

94 4338 220 4392 dicit
262 4338 588 4395 Ecclesiam
622 4338 668 4371 ⁸⁵
697 4354 712 4391 :
752 4355 771 4388 ι
808 4336 915 4394 Vos
947 4348 1128 4393 autem
1162 4352 1331 4408 genus
1354 4337 1610 4401 electum,
1641 4345 1698 4389 et

94 4432 277 4501 regale
303 4431 715 4499 sacerdotium,
745 4448 879 4502 gens
903 4440 1113 4486 sancta.
1147 4449 1165 4483 ι
1202 4429 1344 4484 Estis
1374 4444 1506 4499 ergo
1528 4444 1698 4498 genus

91 4524 451 4580 sacerdotale
479 4563 498 4590 ,
562 4533 620 4578 et
650 4525 770 4579 ideo
828 4523 1090 4579 acceditis
1141 4522 1207 4576 ad
1247 4531 1458 4580 sancta.
1496 4522 1602 4575 Sed
1641 4529 1697 4574 et

1800 655 1857 699 ut
1886 647 2125 701 animam
2166 662 2337 701 meam
2372 663 2566 718 ponam
2596 666 2692 720 pro
2718 652 2977 709 fratribus
3012 656 3167 722 meis,
3200 658 3244 712 si
3273 674 3373 727 pro

1791 736 2035 807 justitia,
2072 753 2171 807 pro
2204 740 2436 793 veritate
2488 755 2655 808 usque
2692 743 2758 797 ad
2810 757 3036 800 mortem
3070 758 3372 817 certavero,

1800 829 2178 886 holocaustum
2229 832 2396 886 obtuli
2427 832 2493 885 ad
2525 832 2694 888 altare
2724 835 2839 890 Dei.
2869 837 2925 893 Si
2962 841 3203 894 membra
3254 859 3371 896 mea

1798 925 1867 978 ab
1919 924 2065 978 omni
2119 925 2565 992 concupiscentia
2629 929 2813 984 carnis
2864 930 3296 998 mortiﬁcavcro,
3328 934 3372 988 si

1800 1017 2031 1070 mundus
2062 1016 2192 1070 mihi
2225 1018 2523 1071 cruciﬁxus
2575 1018 2664 1083 sit,
2702 1031 2756 1075 et
2809 1038 2909 1092 ego
2963 1025 3182 1089 mundo,
3218 1024 3372 1080 bolo-

1798 1116 2043 1160 caustum
2071 1108 2239 1161 obtuli
2263 1110 2328 1161 ad
2354 1109 2525 1165 altare
2554 1113 2667 1179 Dei,
2697 1120 2752 1167 et
2776 1112 2887 1181 ipse
2913 1129 3047 1168 meae
3072 1117 3258 1171 hostia:
3286 1134 3372 1173 sa-

1797 1200 1989 1255 cerdos
2015 1199 2238 1255 elIicior.
2267 1200 2379 1256 Hoc
2405 1218 2537 1273 ergo
2564 1205 2722 1259 modo
2750 1206 3111 1261 sacerdotium
3142 1212 3372 1276 geritur,

1798 1294 1850 1349 in
1884 1295 2056 1364 prima
2090 1294 2224 1361 aede,
2249 1304 2304 1349 et
2336 1295 2525 1351 hostiae
2552 1295 2878 1363 offeruntur,
2916 1309 2969 1353 et
2997 1314 3063 1353 ex
3112 1301 3213 1355 hac
3259 1303 3376 1357 cede

1797 1385 2159 1442 sanctiﬁcatis
2206 1387 2428 1442 indutus
2484 1389 2825 1444 vestimentis
2864 1391 3111 1460 pontifex
3158 1394 3377 1460 proﬁci-

1796 1477 1989 1545 scitur,
2018 1486 2071 1532 et
2105 1478 2416 1550 ingreditur
2452 1479 2505 1533 in
2562 1480 2821 1536 interiora
2855 1482 3142 1538 velaminis
3171 1525 3188 1547 ,
3232 1486 3377 1540 sicut

1799 1570 2050 1638 superius
2090 1568 2243 1624 Pauli
2279 1572 2446 1625 verba
2472 1572 2786 1641 posuimus,
2821 1575 3054 1630 dicentis
3087 1576 3166 1628 ⁸ος
3205 1595 3225 1630 ι
3260 1576 3374 1631 Non

1799 1660 1851 1715 in
1887 1676 2048 1716 manu
2075 1660 2217 1717 facta
2242 1670 2450 1731 sancta,
2477 1664 2571 1719 sed
2606 1664 2660 1718 in
2690 1665 2866 1735 ipsum
2894 1667 3091 1721 coelum
3121 1678 3373 1738 penetra-

1799 1752 1897 1815 vit,
1930 1753 2124 1823 inquit,
2151 1752 2328 1820 Jesus,
2358 1765 2412 1809 et
2444 1765 2669 1825 apparet
2697 1757 2863 1811 vultui
2903 1758 2991 1813 Dei
3020 1775 3115 1829 pro
3144 1761 3317 1815 nobis.
3349 1779 3370 1813 ι

1799 1845 1932 1900 C(eli
1968 1860 2097 1913 ergo
2133 1846 2306 1909 locus,
2335 1855 2389 1901 et
2421 1848 2535 1918 ipsa
2568 1849 2662 1903 Dei
2722 1851 2878 1904 sedes
2905 1890 2919 1915 ,
2976 1866 3068 1920 per
3099 1852 3374 1907 interioris

1797 1939 1933 1993 tedis
1960 1939 2187 2008 ﬁguram
2238 1948 2404 2007 atque
2439 1941 2729 2011 imaginem
2765 1943 3101 2011 designatur.
3136 1946 3239 1999 Sed
3275 1945 3376 1998 mi-

1800 2048 1919 2087 rum
1949 2042 2208 2087 contuere
2237 2032 2481 2087 ordinem
2530 2045 3021 2089 sacramentorum.
3064 2036 3374 2106 Ingrediens

1798 2128 2041 2196 pontifex
2103 2127 2157 2181 in
2210 2125 2409 2183 Sancta
2455 2135 2789 2193 sanctorum,
2836 2130 3013 2195 ignem
3077 2145 3261 2185 secum
3307 2133 3375 2185 de

1798 2219 1900 2273 hoc
1952 2218 2108 2272 altari
2142 2226 2342 2287 portat,
2397 2228 2451 2273 et
2500 2220 2779 2275 incensum
2835 2223 2885 2274 in
2939 2223 3038 2275 hac
3077 2223 3193 2276 aede
3241 2239 3373 2277 sus-

1797 2311 1947 2382 cipit.
1988 2310 2094 2366 Sed
2124 2321 2177 2366 et
2218 2311 2540 2366 vestimenta
2581 2313 2773 2381 quibus
2806 2313 3020 2367 indutus
3048 2324 3150 2377 est,
3184 2315 3249 2369 de
3274 2316 3376 2371 hoc

1798 2402 1916 2457 loco
1965 2403 2215 2473 sumpsit.
2270 2402 2508 2457 Putasne
2546 2404 2857 2472 dignabitur
2903 2403 3161 2460 Dominus
3222 2422 3375 2461 meus

1797 2510 1959 2549 verus
1991 2495 2240 2564 pontifex
2274 2507 2326 2550 et
2365 2510 2394 2549 a
2437 2510 2521 2551 me
2555 2496 2833 2564 suscipere
2873 2504 3080 2564 partem
3136 2498 3372 2566 aliquam

1801 2587 2010 2641 incensi
2060 2588 2474 2656 compositionis
2509 2589 2703 2641 minuti
2755 2589 2899 2658 quod
2931 2604 3115 2643 secum
3167 2588 3378 2644 deferat

1799 2679 1865 2733 ad
1893 2678 2141 2734 Patrem?
2170 2678 2407 2734 Putasne
2437 2680 2677 2735 inveniet
2707 2680 2758 2734 in
2788 2695 2873 2735 me
2899 2680 3102 2749 aliquid
3132 2679 3373 2750 igniculi,

1797 2777 1853 2823 et
1885 2768 2264 2824 holocaustum
2320 2783 2499 2823 meum
2536 2769 2758 2831 ardens;
2797 2778 2855 2822 ut
2908 2769 3161 2839 dignetur
3208 2782 3273 2823 ex
3311 2783 3377 2823 eo

1798 2859 2044 2915 batillum
2076 2876 2235 2915 suum
2272 2861 2498 2931 implere
2537 2863 2890 2922 carbonibus,
2925 2870 2977 2914 et
3010 2861 3060 2914 iu
3096 2862 3226 2930 ipsis
3265 2862 3377 2917 Deo

1800 2952 1945 3007 Patri
1982 2952 2205 3008 odorem
2238 2954 2526 3007 suavitatis
2558 2953 2792 3009 oll‘erre?
2842 2953 3041 3008 Beatus
3094 2965 3178 3009 est
3224 2954 3379 3025 cujus

1800 3056 1907 3101 tam
1960 3048 2136 3115 vivos,
2167 3056 2384 3117 tamque
2426 3048 2626 3117 ignitos
2648 3048 2947 3103 holocausti
2983 3048 3063 3103 sui
3108 3050 3376 3103 carbones

1800 3139 2089 3206 invenerit,
2120 3150 2184 3195 ut
2211 3154 2305 3195 eos
2335 3150 2489 3208 aptos
2509 3141 2718 3210 judicet
2745 3155 2882 3210 quos
2915 3140 3074 3193 altari
3113 3154 3377 3210 superpo-

1801 3240 1890 3285 nat
1908 3232 2136 3287 incensi.
2162 3231 2358 3286 Beatus
2377 3232 2427 3285 in
2454 3232 2609 3301 cujus
2635 3233 2800 3287 corde
2826 3232 3091 3287 invenerit
3118 3242 3225 3286 tam
3244 3231 3374 3287 sub-

1800 3325 1969 3389 tilcm,
2007 3335 2115 3379 tam
2152 3326 2422 3380 minutum
2456 3336 2675 3396 tamque
2701 3326 2998 3397 spiritalem
3039 3341 3282 3391 sensum,
3320 3336 3374 3381 et

1797 3418 1870 3473 ita
1893 3419 2109 3474 diversa
2129 3417 2388 3472 virtutum
2412 3418 2678 3472 suavitate
2696 3420 3079 3487 compositum,
3115 3429 3174 3470 ut
3200 3418 3377 3486 reple-

1798 3526 1856 3567 re
1885 3511 2140 3581 dignetur
2165 3524 2232 3565 ex
2249 3523 2314 3566 eo
2344 3526 2537 3564 manus
2563 3509 2943 3578 suas,Deoque
2972 3507 3119 3562 Patri
3151 3523 3374 3562 suavem

1797 3605 2022 3658 odorem
2057 3602 2431 3671 intelligentia:
2462 3602 2580 3672 ejus
2611 3602 2830 3657 oflerre.
2866 3602 2935 3654 At
2965 3610 3154 3655 contra
3190 3600 3375 3654 infelix

1800 3693 2169 3764 anima,cujns
2204 3695 2324 3751 ﬁdei
2358 3695 2500 3765 ignis
2532 3692 2929 3764 exstinguitur,
2981 3704 3036 3746 et
3073 3691 3376 3761 refrigescit

1798 3784 2085 3839 charitatis
2114 3784 2307 3840 calor:
2366 3786 2432 3839 ad
2464 3800 2627 3853 quam
2684 3800 2806 3839 ettm
2868 3784 3077 3837 venerit
3137 3782 3376 3836 caelestis

1801 3873 2046 3946 pontifex
2078 3886 2289 3941 nomer,
2334 3890 2585 3945 quaarens
2616 3875 2684 3928 ab
2717 3890 2779 3929 ea
2817 3875 3017 3944 ignitos
3043 3882 3097 3926 et
3128 3874 3379 3926 ardentes

1798 3971 2064 4026 carbones
2110 3985 2272 4040 super
2294 3985 2430 4039 quos
2464 3970 2745 4024 incensum
2786 3966 2977 4022 oﬁ‘erat
3008 3966 3176 4028 Patri,
3213 3964 3368 4019 inve-

1801 4066 1883 4120 nit
1910 4065 1965 4119 in
1996 4079 2059 4119 ea
2108 4064 2291 4118 aridus
2322 4062 2536 4118 cineres
2567 4072 2621 4115 et
2671 4059 2894 4128 frigidas
2953 4057 3182 4111 favillas.
3217 4056 3375 4110 Tales

1766 4178 1779 4190 ο
1802 4166 1930 4213 sunt
1959 4171 2155 4212 omnes
2196 4154 2289 4223 qui
2326 4153 2655 4209 subtrahunt
2687 4165 2745 4206 se
2779 4159 2835 4203 et
2888 4149 3045 4219 longe
3100 4148 3311 4203 faciunt
3342 4164 3371 4201 a

1798 4250 1966 4303 verbo
1997 4247 2133 4311 Dei,
2168 4262 2237 4300 ne
2284 4244 2564 4299 audientes
2614 4257 2893 4297 sermones
2923 4242 3133 4295 divinos
3181 4255 3375 4293 accen-

1800 4341 2001 4394 dantur
2024 4340 2089 4392 ad
2123 4339 2304 4399 ﬁdem,
2332 4336 2668 4390 incalescunt
2695 4334 2761 4388 ad
2788 4335 3136 4397 charitatem,
3168 4331 3377 4400 ignian-

1803 4441 1893 4485 tur
1921 4430 1986 4484 ad
2038 4427 2496 4482 misericordiam.
2540 4425 2630 4479 Vis
2663 4425 2757 4480 tibi
2793 4425 3073 4478 ostendam
3104 4423 3378 4491 quomodo
3454 4438 3457 4441 λ

1802 4521 1868 4575 de
1903 4518 2086 4573 verbis
2132 4516 2368 4587 Spiritus
2421 4515 2595 4570 sancti
2634 4514 2774 4584 ignis
2812 4522 2992 4576 exeat,
3028 4522 3083 4566 et
3115 4513 3378 4566 accendat

91 4618 489 4687 unusquisque
510 4626 755 4672 nostrum
780 4618 942 4671 habet
971 4617 1022 4669 in
1045 4630 1103 4669 se
1122 4615 1493 4670 holocaustum
1513 4628 1692 4676 suum,
1729 4633 1773 4688 ι)
1803 4615 1964 4669 corda
1993 4611 2377 4667 credentium?
2421 4609 2557 4663 Audi
2584 4609 2850 4662 dicentem
2890 4605 3053 4659 David
3087 4604 3140 4657 in
3169 4604 3379 4672 psalmo

89 4719 141 4765 et
171 4712 504 4766 holocausti
544 4712 629 4766 sui
664 4712 776 4780 ipse
806 4710 1091 4765 succendit
1140 4708 1335 4773 altare,
1390 4717 1446 4760 ut
1480 4721 1695 4775 semper

87 4805 299 4858 ardeat.
336 4804 466 4874 Ego
508 4804 557 4858 si
613 4802 921 4857 renuntiem
969 4802 1226 4856 omnibus
1254 4815 1374 4870 quae
1399 4799 1652 4867 possideo
1677 4842 1691 4866 ,

86 4908 137 4952 et
173 4900 371 4953 tollam
411 4914 646 4954 crucem
674 4913 871 4961 meam,
908 4906 962 4951 et
985 4911 1183 4967 sequar
1204 4894 1507 4961 Christum,
1537 4893 1688 4949 holo-

84 5003 344 5047 caustum
376 4990 568 5047 obtuli
598 4991 665 5044 ad
693 4990 867 5045 altare
892 4989 985 5045 Dei
1015 5010 1025 5044 :
1060 4998 1153 5042 aut
1182 4988 1227 5042 si
1267 4986 1542 5041 tradidero
1575 5000 1697 5039 cor-

83 5098 185 5153 pus
218 5100 415 5139 meum
458 5094 528 5136 ut
562 5084 782 5137 ardeam
839 5082 1044 5137 habens
1076 5079 1399 5135 charitatem
1428 5117 1444 5143 ,
1494 5086 1550 5131 et
1580 5075 1696 5143 glo-

82 5178 222 5231 riam
276 5175 560 5249 martyrii
607 5190 956 5245 consequar,
999 5172 1380 5227 holocaustum
1427 5168 1692 5237 meipsum

148 5292 193 5326 “
228 5294 376 5351 an.
436 5307 551 5357 xit,
600 5290 687 5346 I9.

151 5435 270 5502 (73)
302 5432 379 5486 In
405 5448 530 5502 qua
553 5430 720 5484 altare
749 5429 1200 5502 holocaustoru‘nt,
1230 5431 1335 5502 etc:
1360 5417 1479 5474 Jam
1502 5414 1687 5502 monui

80 5488 274 5559 hoinil'.
303 5504 341 5559 9
372 5488 433 5559 iri
469 5502 673 5565 Exod.,
705 5514 852 5554 num.
891 5501 945 5561 '5,
980 5512 1082 5551 non
1110 5495 1277 5568 fuisse
1314 5491 1365 5543 in
1398 5498 1587 5568 sancto
1609 5488 1688 5568 al-

81 5586 198 5629 tare
233 5559 733 5633 holocaustoruin,
767 5581 824 5624 ut
858 5559 945 5624 hic
988 5576 1141 5638 putat
1182 5564 1462 5631 Origenes,
1494 5559 1597 5638 sed.
1636 5559 1689 5610 in

78 5646 220 5700 atrio
249 5641 632 5700 sacerdotum
672 5641 773 5696 sub
799 5641 910 5704 dio,
935 5635 1003 5693 ad
1047 5638 1191 5708 quod
1228 5645 1477 5689 accessus
1526 5635 1690 5682 etiam

81 5714 319 5773 Levitis.
1358 5772 1403 5779 _-

148 5768 491 5856 (τὶῖιῑιιι).
546 5782 703 5849 editi,
740 5800 759 5836 ι
805 5780 965 5835 alicui
1008 5791 1263 5847 unquam.
1303 5792 1322 5827 ι
1358 5772 1508 5837 Mss.,
1550 5789 1567 5823 ι
1600 5768 1692 5823 alii

79 5860 368 5929 cuiquam.
412 5876 436 5909 ι

423 5950 717 6055 Pyrum"
743 5944 863 6009 Gtt.
894 5942 1038 6007 XII.

1603 6024 1687 6034 ..ι

766 5288 863 5344 ⁸⁸1
903 5288 1017 5345 Pet.
1074 5304 1133 5353 ll,
1179 5287 1233 5343 9.
1308 5285 1354 5318 “
1389 5279 1767 5346 IIebr.tx,2i.

1803 4706 1915 4776 (76)
1949 4707 1991 4738 ⁸⁷
2024 4724 2076 4759 ε(
2105 4705 2384 4774 Eloquium
2418 4701 2627 4757 Domini
2653 4700 3003 4771 igniviteum.
3044 4716 3063 4749 ι
3092 4697 3157 4751 Ει
3181 4698 3373 4751 iterum

1805 4800 1857 4852 in
1888 4797 2186 4867 Evangelio
2216 4797 2479 4864 scriptum
2502 4803 2608 4855 est,
2634 4802 2920 4862 postquam
2953 4790 3212 4844 Dominus
3236 4791 3377 4843 locu—

1807 4900 1891 4943 tus
1931 4898 2013 4942 est
2045 4888 2110 4940 ad
2145 4886 2437 4956 CleOpham
2470 4900 2483 4936 :
2528 4901 2545 4933 ι
2582 4881 2778 4936 Nonne
2808 4896 2903 4935 cor
2939 4892 3181 4934 nostrum
3213 4920 3228 4943 ,
3290 4881 3373 4932 in-

1802 4981 1920 5047 quit
1969 4980 2035 5045 ”,
2066 4988 2186 5033 erat
2218 4976 2414 5031 ardens
2442 4977 2584 5030 intra
2621 4989 2740 5037 nos,
2771 4989 2890 5027 cum
2934 4973 3174 5040 aperiret
3220 4972 3376 5026 nobis

1804 5068 2158 5138 Scripturas?
2193 5086 2212 5119 ι
2254 5064 2337 5117 Tu
2371 5081 2500 5136 ergo
2548 5064 2689 5117 unde
2733 5062 2988 5117 ardebis?
3036 5060 3187 5115 Unde
3223 5061 3376 5113 inve-

1800 5164 2019 5217 nientur
2051 5162 2103 5214 in
2139 5170 2189 5214 te
2220 5160 2483 5215 carbones
2518 5156 2677 5227 ignis,
2708 5155 2797 5224 qui
2851 5169 3129 5223 nunquam
3164 5152 3375 5207 Domini

1843 5279 1888 5310 ⁸⁷
1912 5277 2053 5333 Psal.
2082 5292 2192 5338 cut,
2231 5273 2319 5329 40.
2393 5275 2437 5307 ⁸⁸
2472 5274 2601 5327 Luc.
2641 5287 2786 5334 xxw,
2827 5270 2915 5323 3|.

1865 5413 1978 5488 (75)
2009 5412 2283 5488 ιξιμαιςςινε
2306 5412 2530 5488 incensi,
2550 5424 2658 5488 etc.
2695 5408 2824 5488 Vide
2858 5414 3030 5488 notas.
3055 5402 3121 5455 ad
3158 5399 3375 5488 nunt?

1800 5482 1989 5541 hoinil.
2025 5484 2057 5538 9
2093 5483 2145 5537 in
2173 5483 2435 5547 Exodum,
2474 5482 2562 5536 ubi
2598 5483 2790 5550 monui
2823 5482 2987 5550 altare
3021 5482 3374 5550 incelLSI.ll0lI

1802 5540 1966 5612 fuisse
2015 5555 2067 5608 in
2108 5555 2306 5607 Sancto
2338 5540 2671 5615 sanctorum,
2701 5548 2794 5604 sed
2830 5548 2878 5599 in
2912 5540 3376 5615 sancto._0rigeni

1802 5609 1980 5681 fucum
2017 5625 2149 5681 fecit
2176 5639 2205 5677 a
2244 5638 2302 5678 se
2339 5623 2478 5677 male
2511 5609 2818 5675 intellectus
2845 5617 2992 5670 locus
3044 5610 3178 5666 Heb.
3217 5609 3371 5675 n.4,

1802 5698 1867 5753 de
1897 5712 2005 5764 quo
2035 5693 2345 5766 consulendi
2379 5694 2754 5766 interpretes.__
2788 5759 2798 5766 _
2988 5754 3001 5766 ‘
3066 5753 3078 5766 θ

1875 5754 1987 5840 (76)
2014 5766 2141 5823 Mss.
2177 5783 2196 5818 ε
2227 5763 2455 5836 psalmo.
2487 5754 2636 5817 rLib.
2670 5759 2801 5815 editi
2832 5776 2847 5810 ι
2890 5754 3137 5826 psalmis.
3172 5768 3191 5803 ι
3224 5770 3227 5775 ·

2983 5918 3059 5980 17
