3876 6558
527 423 640 478 59:3

2004 416 2323 476 OlthEN-ls
2429 469 2432 472 .
3645 446 3704 503 εει

529 540 720 607 igniris
749 539 985 607 eloquio,
1020 552 1296 608 nunquam
1334 539 1514 594 verbis
1544 537 1782 610 Spiritus
1815 540 1986 594 sant-ti
2021 540 2100 592 iu-
2128 545 2171 598 Α
2207 540 2319 594 rius
2351 539 2762 595 tabernaculum
2789 578 2804 604 ,
2857 548 2911 595 et
2965 541 3228 596 ctelorum
3267 544 3703 606 excelsa-consent.

523 629 864 684 ﬂammaris?
912 631 1048 685 Audi
1106 639 1159 685 et
1219 632 1392 700 ipsum
1456 633 1620 686 David
1677 632 1942 686 dicentem
2003 633 2092 685 89:

527 738 548 773 ι
589 723 872 778 Concaluit
905 739 1002 778 cor
1038 739 1216 778 meum
1247 726 1388 778 intra
1429 738 1535 789 me,
1560 733 1614 777 et
1655 724 1706 778 in
1738 725 2094 781 meditatione

521 829 638 867 mea
669 817 972 871 exardescit
1007 817 1166 888 ignis.
1210 835 1227 869 ι
1263 817 1420 874 Unde
1449 827 1500 871 tu
1527 819 1907 872 concalescis?
1943 819 2093 874 Unde

521 906 661 973 ignis
691 910 1034 975 accenditur,
1065 910 1154 978 qui
1184 925 1461 980 nunquam
1497 911 1549 964 in
1585 911 1784 965 divinis
1814 912 2093 966 meditaris

519 1002 786 1072 eloquiis:
847 1001 954 1055 into
1006 1001 1151 1070 quod
1201 1011 1285 1055 est
1321 1000 1613 1065 infelicius,
1650 1002 1982 1057 concalescis
2038 1004 2091 1056 in

517 1093 841 1162 Spectaculis
879 1093 1036 1157 circi,
1081 1092 1415 1147 concalescis
1469 1093 1521 1146 in
1556 1109 1822 1162 equorum
1858 1103 2088 1148 conten-

514 1184 771 1244 tionibus,
801 1183 852 1236 in
879 1183 1176 1236 certamine
1205 1181 1582 1236 athletarum?
1614 1184 1775 1252 Atqui
1816 1184 1914 1238 iste
1952 1185 2090 1254 ignis

509 1290 618 1328 non
655 1282 739 1328 est
788 1276 853 1327 de
890 1274 1048 1326 altari
1094 1273 1332 1339 Domini,
1387 1274 1479 1327 sed
1519 1274 1565 1327 is
1597 1283 1700 1335 est,
1739 1275 1831 1343 qui
1890 1275 2090 1329 dicitur

513 1368 656 1434 ignis
689 1367 943 1433 alienus;
981 1375 1034 1420 et
1065 1366 1261 1418 audisti
1296 1365 1456 1435 paulo
1488 1368 1738 1436 superius
1762 1407 1777 1432 ,
1814 1369 1940 1436 quia
1992 1370 2082 1436 qui

512 1460 830 1513 obtulerunt
859 1459 1092 1512 alienum
1122 1457 1300 1528 ignem
1329 1464 1453 1511 ante
1487 1458 1794 1523 Dominum,
1831 1459 2085 1514 exstincti

514 1564 662 1605 sunt.
693 1551 1040 1606 CeuCaIescis
1079 1558 1133 1602 et
1164 1565 1284 1603 cum
1327 1559 1377 1603 te
1413 1549 1697 1618 repleverit
1747 1550 2032 1606 iracundia
2066 1591 2082 1617 ,

506 1652 562 1697 et
597 1657 718 1695 cum
759 1650 806 1695 te
834 1640 1251 1694 inllammaverit
1290 1638 1462 1700 furor,
1514 1638 1691 1692 ureris
1724 1641 1993 1694 interdum
2029 1651 2082 1696 et

506 1751 690 1789 amore
720 1735 951 1800 earnali,
978 1749 1041 1787 ac
1071 1733 1396 1802 turpissima:
1448 1732 1692 1787 libidinis
1715 1731 1944 1801 jactaris
2001 1733 2083 1787 in-

506 1828 735 1881 cendiis.
765 1825 868 1880 Sed
908 1826 1086 1880 omnis
1113 1825 1216 1880 iste
1247 1825 1386 1894 ignis
1422 1825 1630 1879 alienus
1664 1834 1747 1880 est
1778 1835 1833 1879 et
1861 1836 2082 1880 contra-

506 1920 619 1973 rius
651 1919 778 1982 Deo,
808 1933 966 1986 quem
1000 1917 1090 1985 qui
1137 1918 1474 1984 accenderit,
1515 1919 1634 1972 sine
1688 1919 1850 1972 dubio
1886 1918 2074 1974 Nadab

502 2016 559 2061 et
581 2007 754 2060 Abittd
789 2007 1024 2076 perferet
1055 2015 1276 2060 sortem.

573 2098 663 2155 l0.
695 2099 787 2152 Ait
814 2113 943 2167 ergo
973 2099 1248 2167 eloquium
1283 2098 1524 2154 divinum
1561 2101 1606 2132 9°
1639 2115 1652 2152 :
1692 2119 1709 2150 ι
1746 2101 1810 2155 Ει
1841 2102 2078 2171 imponet

499 2191 779 2246 incensum
836 2207 1000 2260 super
1054 2194 1230 2261 ignem
1284 2192 1338 2245 in
1386 2203 1676 2263 conspectu
1732 2195 1970 2261 Domini,
2023 2206 2078 2250 et

503 2285 714 2354 operiet
759 2284 939 2338 fumus
979 2283 1184 2338 incensi
1217 2284 1330 2356 (77)
1365 2287 1800 2355 propitiatorimn
1825 2289 1964 2354 quod
1994 2298 2076 2342 est

499 2394 661 2448 super
694 2378 1024 2440 testimonia,
1052 2388 1105 2431 et
1131 2393 1233 2432 non
1268 2381 1616 2443 morietur,et
1646 2391 1822 2433 sumet
1849 2383 1914 2435 de
1949 2397 2074 2436 san-

496 2473 656 2541 guine
680 2471 855 2534 vituli,
882 2480 936 2525 et
972 2480 1247 2541 resperget
1279 2472 1446 2540 digito
1476 2489 1575 2527 suo
1607 2488 1772 2542 super
1804 2475 2068 2544 propitia.

495 2567 695 2620 torium
727 2573 918 2620 contra
954 2565 1238 2619 orientem.
1279 2583 1298 2617 ι
1340 2563 1492 2618 Ritus
1528 2566 1756 2635 quidem
1807 2570 1946 2637 apud
1977 2585 2071 2623 ve-

494 2666 641 2711 teres
701 2656 1108 2727 propitiationis
1161 2671 1257 2724 pro
1327 2655 1657 2722 hominibus,
1734 2659 1823 2727 qui
1909 2661 2072 2715 liebat

493 2749 559 2802 ad
595 2747 788 2811 Demn,
817 2748 1052 2818 qualiter
1074 2747 1447 2802 celebraretur
1474 2748 1695 2802 edocuit
1721 2768 1734 2805 :
1767 2752 1860 2805 sed
1894 2762 1947 2806 tn
1977 2755 2070 2820 qui

492 2843 559 2894 ad
593 2839 868 2895 Christum
888 2840 1103 2904 venisti,
1124 2839 1432 2908 pontificem
1469 2856 1680 2906 verum,
1701 2843 1790 2910 qui
1809 2846 2070 2914 sanguine

490 2949 590 2987 suo
638 2932 804 2988 Deum
839 2934 932 2988 tibi
962 2933 1253 3002 propitium
1295 2931 1445 2998 fecit,
1497 2945 1552 2990 et
1611 2937 1985 2990 reconciliavit
2019 2949 2069 2991 te

489 3027 662 3092 Patri,
714 3044 819 3082 non
872 3028 1082 3080 intereas
1134 3027 1186 3078 in
1219 3028 1484 3095 sanguine
1514 3030 1728 3092 carnis;
1793 3030 1887 3084 sed
1919 3031 2066 3084 disce

490 3120 670 3189 potius
695 3121 1012 3191 sanguinem
1054 3117 1236 3183 Verbi,
1267 3129 1321 3174 et
1357 3121 1481 3174 andi
1511 3122 1684 3190 ipsum
1736 3122 1830 3175 tibi
1880 3122 2062 3176 dicen-

489 3221 598 3266 tem
641 3213 708 3276 “,
744 3212 869 3281 quia
913 3229 932 3262 ι
963 3212 1050 3266 hic
1084 3211 1306 3281 Sanguis
1341 3227 1492 3266 meus
1523 3222 1626 3276 est,
1656 3213 1747 3282 qui
1781 3228 1878 3280 pro
1909 3214 2061 3267 vobis
2090 3243 2131 3300 ο

487 3305 794 3360 etfundetur
849 3308 900 3358 in
961 3306 1338 3361 remissionem
1392 3318 1762 3375 peccatorum.
1823 3326 1841 3360 ι
1899 3305 2062 3363 Nevit

487 3396 651 3470 244
681 3399 768 3466 qui
802 3398 1075 3468 mysteriis
1110 3399 1348 3453 imbutus
1384 3407 1463 3453 est
1496 3399 1630 3469 (78),
1664 3408 1718 3454 et
1753 3415 1976 3455 carnem
2007 3411 2064 3456 et

483 3491 802 3560 sanguinem
831 3490 989 3544 Verbi
1033 3491 1145 3547 Dei.
1180 3491 1295 3546 Non
1340 3506 1471 3562 ergo
1499 3495 1852 3547 immoremur
1885 3494 1936 3547 in
1976 3495 2060 3548 his

482 3599 604 3652 quse
631 3591 686 3637 et
716 3583 1013 3638 scientibus
1043 3594 1169 3638 nota
1201 3592 1347 3650 sunt,
1385 3593 1439 3637 et
1470 3585 1851 3654 ignorantibus
1876 3595 2060 3655 patere

481 3692 585 3730 non
622 3687 872 3746 possunt.
905 3676 1058 3742 Quod
1089 3686 1270 3729 autem
1313 3687 1506 3730 contra
1552 3677 1814 3732 orientem
1847 3694 2060 3747 resper-

479 3771 578 3840 git,
610 3786 716 3825 non
743 3770 920 3824 otiose
955 3769 1213 3839 accipias.
1266 3768 1346 3822 Ab
1378 3769 1592 3823 oriente
1618 3769 1712 3824 tibi
1744 3770 2058 3838 propitiatio

477 3861 649 3915 venit.
686 3859 812 3913 lude
839 3869 923 3914 est
948 3861 1093 3914 enim
1128 3859 1232 3922 vir,
1261 3860 1349 3913 cui
1381 3859 1574 3915 Oriens
1599 3876 1796 3914 nomen
1827 3870 1932 3924 est,
1963 3862 2054 3930 qui

481 3953 749 4007 mediator
780 3952 869 4006 Dei
898 3961 952 4006 et
996 3953 1275 4007 hominum
1305 3950 1481 4006 factus
1511 3961 1614 4006 est.
1646 3951 1901 4006 lnvilaris
1923 3968 2055 4023 ergo

477 4061 575 4115 per
607 4048 730 4110 hoc,
759 4055 816 4098 ιιι
848 4046 913 4098 ad
940 4045 1206 4099 orientem
1233 4059 1448 4114 semper
1486 4046 1750 4114 aSpicias,
1779 4046 1922 4099 unde
1953 4046 2048 4099 tibi

477 4139 652 4192 oritur
685 4137 1028 4207 soljustitiae,
1057 4136 1199 4190 unde
1252 4152 1468 4204 semper
1516 4137 1611 4190 tibi
1648 4137 1824 4190 lumen
1876 4137 2054 4192 nasci-

480 4244 600 4287 tur:
636 4243 690 4287 ut
726 4247 1001 4300 nunquam
1043 4231 1092 4284 in
1135 4229 1378 4284 tenebris
1412 4230 1677 4294 ambules,
1731 4245 1905 4300 neque
1937 4233 2053 4284 dies

476 4325 565 4380 ille
601 4324 931 4379 novissimus
989 4334 1038 4375 te
1075 4322 1128 4376 iu
1186 4321 1427 4376 tenebris
1485 4321 1947 4390 comprehendat:
1985 4336 2052 4375 ne

413 4439 425 4452 -
476 4419 570 4472 tibi
607 4417 924 4488 ignorantiae
955 4431 1062 4470 nox
1091 4425 1145 4470 et
1179 4415 1353 4484 caligo
1385 4415 1659 4482 subrepat,
1693 4415 1786 4467 sed
1822 4423 1878 4466 ut
1909 4428 2050 4467 scm-

475 4524 570 4578 per
604 4511 656 4562 in
692 4509 932 4562 scientiae
963 4507 1082 4562 luce
1110 4506 1369 4573 versegis,
1430 4520 1646 4572 semper
1676 4505 1881 4559 habeas
1904 4505 2047 4559 diem

2200 632 2354 694 dere,
2377 630 2489 698 jam
2537 647 2644 685 non
2705 633 2810 686 erit
2847 635 3030 696 homo,
3091 636 3184 688 sed
3219 637 3521 691 secundum
3561 641 3700 697 verbum

2201 726 2371 793 ipsius
2419 726 2523 779 erit
2558 734 2812 793 tanquam
2867 726 3089 803 angelus
3131 729 3246 780 Dei.
3286 728 3390 782 Aut
3445 729 3585 782 forte
3603 735 3702 790 etiam

2203 810 2292 864 ille
2344 826 2506 879 super
2540 828 2662 864 eum
2695 827 2878 867 sermo
2908 814 3271 882 complebitur
3318 833 3480 886 quem
3523 819 3615 886 ipse
3641 825 3702 878 llo.

2199 903 2375 956 minus
2403 903 2537 956 dixit
2570 904 2655 958 ⁹³ε
2695 923 2714 955 ‹
2747 905 2856 974 Ego
2888 906 3041 959 dixi:
3075 907 3156 960 Dii
3181 909 3337 976 estis,
3359 920 3415 966 et
3440 912 3539 964 lilii
3573 913 3702 972 Eit‘ebi

2195 1008 2404 1049 Omnes.
2440 1014 2459 1047 ι
2525 993 2652 1050 Sive
2706 1012 2836 1067 ergo
2872 998 3134 1066 spiritalis
3167 1000 3428 1068 ell‘ectus,
3486 1017 3611 1058 unus
3632 1023 3703 1062 cum

2195 1084 2423 1139 Domino
2478 1087 2706 1156 spiritus
2767 1088 2898 1155 ﬁat;
2933 1090 3048 1144 sive
3083 1107 3178 1161 per
3221 1094 3622 1150 resurrectionis
3640 1101 3705 1166 glo-

2193 1176 2329 1229 riam
2380 1177 2432 1231 in
2483 1179 2804 1248 angelorum
2852 1182 3101 1236 ordinem
3152 1192 3703 1256 transeat,,rectepm

2193 1287 2298 1326 non
2325 1272 2431 1326 erit
2460 1271 2658 1337 homo;
2690 1275 2783 1327 sed
2815 1276 3184 1346 unusquisque
3222 1277 3336 1344 ipse
3385 1279 3486 1332 sibi
3519 1282 3706 1349 hocpra-

2189 1373 2317 1428 Stat,
2349 1371 2407 1417 ut
2427 1363 2512 1417 vel
2541 1366 2767 1420 excedat
2794 1367 3029 1421 hominis
3054 1368 3500 1437 appellationem,
3525 1371 3603 1424 vel
3622 1373 3704 1426 intra

2189 1455 2560 1509 conditionem
2591 1456 2750 1525 hujus
2793 1457 3037 1511 vocabuli
3064 1468 3374 1513 censeatur.
3415 1461 3471 1514 Si
3507 1462 3633 1514 enim
3659 1465 3707 1518 ia-

2188 1553 2306 1598 ctus
2356 1543 2517 1600 homo
2571 1545 2637 1600 ab
2671 1546 2824 1601 initio
2879 1559 3151 1602 servasset
3206 1550 3332 1603 illud
3369 1555 3519 1619 quod
3553 1553 3610 1604 ad
3633 1571 3704 1608 eam

2187 1632 2470 1704 Scriptura
2499 1635 2630 1689 dicit
2658 1636 2744 1689 ’δε
2809 1654 2827 1688 ι
2880 1636 3019 1692 Ecee
3059 1639 3215 1706 posui
3267 1647 3397 1692 ante
3429 1640 3613 1694 oculos
3636 1652 3706 1696 tuos

2187 1737 2414 1782 mortem
2439 1736 2493 1782 et
2519 1729 2705 1795 vitam,
2733 1730 2873 1802 elige
2904 1732 3001 1786 tibi
3028 1732 3226 1798 vitam;
3258 1753 3277 1786 ι
3318 1735 3362 1788 si
3392 1735 3497 1789 hoc
3527 1735 3704 1804 κείω,

2184 1834 2458 1886 nunquam
2492 1821 2740 1889 profecto
2797 1821 3098 1876 humanum
3144 1839 3312 1894 genus
3344 1826 3592 1882 mortalis
3629 1846 3706 1884 coa-

2115 1895 2154 1952 Β
2184 1909 2318 1962 ditio
2351 1910 2632 1964 tenuisset.
2685 1910 2790 1965 Sed
2845 1915 3102 1982 quoniam
3157 1915 3545 1986 derelinquens
3581 1920 3704 1985 vitam,

2185 2010 2410 2055 mortem
2446 2012 2663 2057 secutus
2689 2013 2792 2070 est,
2824 2005 2988 2059 homo
3021 2007 3194 2061 lactus
3219 2018 3335 2075 est;
3373 2020 3428 2062 et
3453 2025 3564 2064 non
3594 2012 3703 2067 solum

2180 2093 2374 2156 homo,
2411 2097 2502 2148 sed
2551 2103 2607 2148 et
2639 2105 2805 2160 terra,
2835 2109 3054 2168 pmpter
3086 2101 3228 2169 quod
3263 2110 3317 2156 et
3350 2102 3404 2155 in
3450 2112 3638 2158 terram
3659 2120 3707 2159 re-

2179 2186 2295 2241 dire
2329 2186 2529 2241 dicitur
2572 2187 2638 2242 ³⁵.
2676 2189 2915 2258 Requiro
2966 2201 3142 2245 tamen
3181 2209 3301 2262 qua:
3330 2199 3405 2250 sit
3440 2195 3546 2249 ista
3595 2213 3705 2260 mors,

2177 2293 2340 2346 quam
2365 2279 2497 2333 dicit
2526 2289 2649 2334 ante
2683 2299 2701 2333 ι
2729 2281 2915 2338 oculos
2953 2293 3068 2338 tuos
3094 2287 3270 2355 posui.
3303 2305 3322 2338 ι
3363 2288 3437 2342 De
3469 2291 3578 2342 vita
3613 2293 3704 2344 enim

2178 2385 2283 2423 non
2333 2371 2614 2424 dubitatur
2649 2373 2791 2442 quod
2833 2376 3182 2444 semetipsum
3237 2380 3441 2435 indicet
3475 2383 3704 2452 Deus,qui

2175 2465 2307 2519 dicit
2339 2466 2422 2519 96:
2463 2485 2481 2518 ι
2516 2465 2628 2536 Ego
2654 2482 2770 2522 sum
2805 2471 3008 2524 veritas
3034 2481 3086 2524 ct
3117 2473 3248 2530 vita.
3284 2491 3302 2525 ι
3355 2475 3488 2542 Qum
3520 2487 3706 2548 estergo

2175 2559 2273 2612 ista
2312 2575 2456 2614 mors
2497 2561 2619 2614 vitae
2651 2563 2921 2616 contraria
2953 2603 2966 2626 ,
3003 2580 3163 2633 quam
3208 2567 3391 2636 posuit
3434 2569 3579 2622 Deus
3627 2583 3705 2625 ιιειιι

2172 2653 2362 2707 oculos
2391 2653 2656 2706 nostros?
2710 2652 2783 2708 De
2813 2653 2908 2708 illo
2945 2656 3052 2711 dici
3096 2669 3258 2725 puto.
3295 2660 3361 2712 de
3403 2675 3513 2728 quo
3563 2661 3707 2714 Paulus

2170 2743 2304 2797 dicit
2330 2743 2414 2794 97:
2450 2760 2468 2793 t
2496 2741 2832 2799 Novissimns
2881 2748 3131 2802 inimicus
3175 2751 3492 2804 destruetur
3529 2770 3701 2806 morsu

2169 2836 2277 2890 lste
2307 2846 2390 2890 est
2439 2852 2566 2905 ergo
2608 2835 2860 2892 inimicus
2903 2840 3167 2903 diabolus,
3197 2843 3286 2910 qui
3327 2843 3509 2912 primo
3537 2846 3706 2912 quidem

2170 2941 2293 2985 ante
2324 2931 2508 2986 oculos
2539 2935 2764 3003 positus.
2802 2934 2896 2988 sed
2941 2935 3270 2989 novissimus
3292 2925 3616 2998 destruetur.
3642 2938 3708 2991 Ρη-

2168 3025 2301 3079 situs
2337 3036 2516 3079 autem
2553 3027 2729 3080 fuerat
2764 3036 2887 3080 ante
2912 3027 3095 3081 oculos
3117 3067 3132 3091 ,
3167 3042 3272 3082 nan
3300 3037 3357 3080 ut
3389 3044 3705 3098 sequeremur

2166 3131 2311 3181 enin,
2337 3117 2430 3170 sed
2463 3118 2855 3171 utvitaremus.
2903 3115 3053 3171 Unde
3095 3126 3147 3173 et
3188 3118 3431 3174 arbitror
3463 3122 3601 3189 quod
3625 3124 3705 3191 ipsa

2167 3222 2263 3275 per
2298 3222 2354 3260 se
2377 3208 2559 3261 anima
2596 3208 2855 3272 humana,
2906 3223 3081 3278 neque
3131 3209 3398 3276 mortalis,
3437 3228 3608 3280 neque
3638 3215 3707 3266 im-

2169 3301 2417 3355 mortalis
2446 3302 2548 3355 dici
2582 3310 2762 3370 potest
2795 3321 2809 3368 ;
2850 3303 2944 3356 sed
2997 3303 3040 3355 si
3089 3303 3382 3373 contigerit
3422 3305 3619 3369 vitam,
3657 3321 3700 3359 et

2166 3395 2453 3463 participio
2488 3395 2608 3450 vita:
2631 3397 2736 3450 erit
2781 3396 3144 3463 immortalis;
3180 3397 3231 3451 in
3267 3399 3434 3451 vitam
3464 3400 3602 3452 enim
3625 3415 3704 3450 non

2166 3489 2356 3542 incidit
2383 3504 2532 3544 mors
2570 3507 2584 3556 ;
2641 3491 2684 3543 si
2737 3505 2866 3544 vero
2908 3500 3164 3544 avertens
3203 3505 3261 3544 se
3289 3506 3316 3543 a
3360 3493 3468 3545 vita
3519 3493 3706 3560 partici-

2163 3582 2309 3650 pium
2339 3586 2562 3638 traxerit
2596 3585 2808 3648 tnortis,
2845 3585 2960 3654 ipsa
2997 3600 3054 3638 se
3084 3583 3213 3638 facit
3263 3599 3385 3640 esse
3434 3587 3704 3638 mortalem.

2164 3674 2228 3728 Et
2254 3676 2374 3730 ideo
2398 3677 2660 3745 propheta
2687 3677 2818 3732 dicit
2846 3677 2891 3707 ⁸⁸
2918 3695 2931 3731 :
2970 3695 2987 3728 ι
3023 3677 3217 3731 Anima
3240 3693 3364 3746 quae
3389 3687 3588 3746 peccat,
3611 3678 3704 3746 ipsa

2163 3769 2468 3834 morietur;
2513 3787 2530 3820 ι
2571 3771 2814 3838 quamvis
2859 3780 3085 3824 mortem
3137 3772 3255 3836 ejus
3296 3788 3401 3825 non
3445 3771 3510 3825 ad
3559 3773 3706 3824 inter-

2163 3859 2292 3912 itum
2346 3863 2664 3916 substantia:
2710 3865 3030 3928 sentiamus,
3090 3867 3182 3919 sed
3232 3865 3335 3918 hoc
3380 3865 3543 3932 ipsum
3583 3865 3704 3930 quod

2159 3951 2331 4006 aliena
2367 3961 2419 4007 et
2448 3956 2682 4008 extorris
2708 3957 2827 4008 sita
2859 3958 2988 4022 Deo,
3018 3959 3105 4026 qui
3139 3974 3262 4010 vera
3299 3959 3407 4010 vita
3454 3969 3550 4022 est,
3578 3972 3704 4008 mors

2157 4044 2204 4096 ci
2261 4060 2384 4099 esse
2431 4047 2698 4099 credenda
2745 4058 2848 4102 est.
2901 4048 3053 4102 Nulla
3103 4064 3231 4117 ergo
3287 4050 3608 4117 partitipatio
3653 4051 3702 4100 lit

2097 4188 2106 4198 ,
2151 4135 2377 4205 justitite
2400 4151 2524 4192 eum
2551 4139 2857 4208 iniquitate,
2887 4141 3033 4194 nulla
3071 4143 3303 4196 societas
3336 4142 3468 4195 locis
3495 4142 3552 4194 ad
3575 4151 3701 4194 tene-

2155 4229 2305 4292 bras,
2341 4229 2486 4283 nulla
2537 4235 2896 4286 consonantia
2938 4232 3157 4286 Christo
3193 4249 3314 4287 cum
3369 4233 3527 4287 Belial
3552 4234 3607 4285 ”.
3647 4233 3694 4283 Si

2153 4320 2412 4390 elegimus
2446 4323 2640 4388 vitam,
2679 4338 2894 4394 semper
2929 4325 3202 4388 vivemus,
3241 4341 3390 4379 mors
3435 4326 3576 4379 nobis
3602 4340 3695 4376 non

2154 4415 2545 4479 dominabitur,
2592 4427 2647 4470 et
2687 4416 3047 4484 complebitur
3095 4418 3148 4470 in
3195 4417 3354 4472 nobis
3396 4434 3563 4472 sermo
3605 4419 3697 4470 bo-

2154 4507 2310 4570 mini,
2344 4507 2436 4576 qui
2476 4507 2612 4562 dixit
2645 4509 2660 4538 ¹
2692 4525 2705 4560 :
2749 4525 2766 4558 ι
2796 4509 2893 4574 Qui
2929 4509 3102 4563 credit
3136 4511 3187 4562 in
3226 4525 3330 4573 me,
3369 4512 3567 4565 etiamsi
3593 4526 3696 4564 mo-

476 4602 625 4664 lidci,
657 4615 871 4669 semper
903 4600 1081 4652 lumen
1123 4598 1412 4653 charitatis
1448 4605 1503 4650 et
1536 4596 1684 4666 pacis
1735 4597 2006 4651 obtinens.
2077 4595 2362 4665 D'riator,
2428 4600 2591 4655 vivet.
2644 4619 2663 4651 ›
2709 4601 2984 4667 Eligamus
3023 4618 3154 4669 ergo
3214 4603 3422 4666 vitam,
3466 4603 3693 4672 eligamus

545 4695 631 4748 tl.
664 4692 824 4747 Addit
855 4701 974 4759 post
1002 4691 1114 4745 lnec
1145 4690 1430 4759 Scriptura
1465 4688 1509 4720 ⁹²
1540 4706 1552 4741 :
1595 4704 1613 4738 ι
1656 4688 1724 4741 Ει
1755 4704 1859 4743 non
1913 4689 2042 4756 erit,

473 4791 670 4860 inquit,
710 4789 866 4843 homo
897 4803 1016 4842 cum
1045 4785 1379 4855 ingredietur
1408 4781 1645 4853 pontifex
1700 4782 1840 4835 intra
1893 4783 2042 4836 vela-

474 4901 593 4936 men
627 4882 854 4936 interius
885 4881 937 4934 in
995 4877 1405 4932 tabernaculum
1459 4874 1778 4930 testimonii.
1821 4891 1839 4925 ι
1895 4876 2041 4940 Quo-

473 4975 635 5030 modo
664 4989 766 5027 non
802 4973 906 5026 erit
951 4970 1154 5026 homo?
1183 4969 1294 5039 Ego
1323 4970 1404 5022 sic
1454 4967 1665 5034 accipio
1691 5007 1706 5032 ,
1765 4968 1908 5036 quod
1949 4970 2041 5037 qui

469 5064 706 5136 potuerit
728 5061 878 5131 sequi
914 5061 1215 5120 Christum,
1248 5071 1300 5112 et
1331 5065 1617 5128 penetrare
1647 5071 1768 5112 cum
1806 5071 1870 5108 eo
1907 5058 2041 5110 intc-

538 5210 584 5241 ⁸⁵
623 5206 767 5262 Psal.
833 5221 1022 5268 xxxix,
1085 5203 1138 5255 5.
1216 5203 1261 5233 ⁹⁰
1293 5202 1610 5261 Levit.xv1,
1675 5201 1758 5254 15.

465 5281 511 5312 ⁸³
554 5281 712 5334 Deut.
745 5276 998 5339 xxx,
1074 5275 1118 5304 ³⁵
1157 5274 1354 5327 ches.
1413 5287 1493 5334 Ill,
1549 5275 1626 5326 ιιι.

463 5350 664 5417 ιι,1ιί,
705 5349 792 5402 15.
877 5345 1072 5399 'Joan.
1103 5360 1176 5408 xt,
1202 5343 1292 5397 25.

531 5464 643 5534 (77)
683 5463 838 5534 Libb.
878 5459 1006 5514 editi
1030 5469 1149 5528 post
1191 5456 1688 5534 oprppitiatorinm
1741 5475 1757 5506 ι
1807 5456 2028 5519 addunt,

467 5555 483 5585 ι
515 5529 707 5588 contra
738 5532 1007 5586 orientem
1048 5549 1064 5581 ι
1101 5529 1241 5597 quod
1274 5529 1430 5581 abest
1461 5540 1571 5578 tum
1606 5544 1632 5578 a
1669 5542 1824 5590 mss.,
1849 5537 1957 5578 tum
1997 5543 2025 5580 a

461 5614 717 5658 contextu
744 5601 931 5656 Graeco
965 5599 1318 5665 Septuaginta
1362 5598 1740 5664 interpretum.

532 5677 643 5746 (78)
683 5673 958 5746 Νοισιι-ιιιιὶ
1001 5668 1510 5746 ηιῃειενὶἱδῌὶηιὺιιιιιι
1535 5677 1635 5746 est,
1679 5678 1783 5746 etc.
1811 5666 2025 5719 Eni-ha-

461 5737 635 5799 ris‘tiaa'
651 5743 962 5811 mysterium
998 5737 1100 5792 non
1124 5741 1377 5792 omnibus
1406 5737 1807 5811 pateh.tt.__‘l.lco
1857 5752 2022 5811 parce

460 5821 524 5867 de
552 5829 614 5867 eo
639 5808 890 5880 loquitur.
928 5811 1053 5864 Scio
1078 5811 1327 5878 equidem
1373 5827 1400 5860 a
1449 5809 1720 5861 nonnullis
1765 5808 2022 5876 vapulare

462 5885 712 5938 llulinum
758 5885 912 5951 quasi
951 5881 1320 5960 plurimorum
1376 5881 1613 5935 locorum
1668 5880 2021 5948 interpolator

1858 5200 1900 5231 θ’
1939 5200 2129 5258 Matth.
2174 5219 2317 5265 xxvi,
2359 5202 2448 5256 28.

1706 5273 1751 5302 ⁹⁶
1779 5269 1936 5324 Joan.
1963 5288 2070 5340 xlv,
2119 5276 2172 5327 6.

2154 4689 2352 4754 lucem,
2399 4696 2460 4742 ut
2502 4690 2553 4742 in
2609 4690 2697 4742 die
2744 4691 2968 4744 honeste
3014 4691 3378 4758 ambulemus,
3429 4703 3484 4747 ut
3525 4705 3573 4748 ιι
3611 4709 3691 4745 nos

2152 4792 2439 4849 sequentes
2478 4780 2661 4836 Jesum
2703 4783 2842 4834 intra
2893 4783 3137 4837 velamen
3187 4788 3516 4841 tabernaculi
3565 4787 3684 4839 inte-

2153 4874 2340 4938 rioris,
2376 4873 2486 4940 jam
2539 4889 2642 4927 non
2694 4874 2866 4930 simus
2909 4885 2964 4928 ut
3002 4877 3254 4931 hemines
3300 4879 3575 4941 mortales,
3611 4878 3688 4930 sed

2151 4976 2209 5019 ut
2243 4965 2417 5036 angeli
2456 4966 2829 5030 immortales,
2873 4983 2994 5022 cum
3038 4969 3398 5023 novissimum
3443 4971 3686 5023 inimicum

2148 5060 2734 5114 destruxeritmorlem
2780 5061 2894 5128 ipse
2945 5060 3205 5114 Dominus
3257 5059 3417 5115 Jesus
3454 5061 3686 5115 Christus,

2558 5203 2602 5234 θ’
2649 5200 2816 5254 Levit.
2869 5217 2980 5263 xvt,
3019 5202 3106 5254 17.
3182 5202 3228 5232 ⁸³
3260 5161 3404 5255 Psal.
3437 5214 3616 5254 Luxu.
3641 5198 3682 5249 6.

2249 5275 2331 5326 υτι
2360 5276 2484 5328 Cor.
2523 5289 2611 5336 xv,
2640 5274 2729 5328 ‘26.
2807 5271 2852 5303 ⁸⁸
2880 5272 3076 5326 Ezerh.
3121 5287 3274 5335 xvnt,
3306 5272 3362 5325 4.
3437 5274 3477 5302 ⁹⁹
3515 5271 3550 5323 ll
3577 5271 3682 5322 Cor.

2142 5456 2305 5511 fuerit
2334 5457 2421 5509 ubi
2449 5466 2835 5524 mysteriorum
2871 5469 2976 5506 non
3017 5453 3464 5522 publicandorum
3502 5447 3675 5524 premit.

2138 5530 2238 5590 lit;
2283 5529 2376 5581 sed
2402 5517 2582 5593 iniqua
2619 5527 2805 5578 istha‘e
2839 5517 3146 5576 criminatio
3193 5527 3406 5574 abunde
3450 5517 3680 5593 refellitur

2133 5600 2218 5652 vel
2280 5614 2344 5651 ex
2403 5591 2598 5650 celebri
2663 5596 2764 5648 hoc
2825 5596 3076 5662 Origeuis
3142 5594 3305 5646 ell'atn
3350 5593 3446 5645 sub
3491 5591 3675 5662 initium

2139 5670 2231 5721 lib.
2280 5684 2294 5721 ι
2336 5677 2517 5720 contra
2547 5665 2776 5729 Celsum,
2805 5654 2944 5733 apud
2971 5665 3334 5725 Christianos,
3367 5671 3422 5714 ut
3459 5669 3509 5733 et
3552 5654 3672 5732 apti}

2130 5741 2482 5807 philosophos
2531 5746 2586 5790 et
2646 5730 2872 5807 gentiles
2929 5737 3171 5803 quzmlam
3217 5730 3562 5807 esseAxp'szta
3607 5730 3670 5791 tsi“,

2127 5803 2208 5873 ὲίς
2241 5803 2364 5872 “coiri
2402 5807 2628 5871 πολλοὺς
2659 5805 2953 5875 φθάνοντα,
2986 5815 3034 5877 et
3069 5803 3389 5874 ἐσωτερικά.
