3876 6512
170 434 256 492 59-5

166 557 242 625 qui
262 557 337 606 est
361 546 460 609 via,
486 553 541 599 et
568 543 793 607 veritas,
825 549 878 598 et
910 541 1016 594 vita
1051 561 1061 594 :
1096 540 1180 594 cui
1219 539 1390 610 gloria
1428 549 1482 592 et
1522 539 1689 604 impe-
1731 545 1776 601 Α

167 650 286 703 rium
307 643 354 697 in
384 638 578 694 saecula
615 637 958 692 saeculorum.
991 637 1184 689 Amen.

724 747 998 802 HOMILIA
1041 747 1109 800 Χ.

163 842 433 918 Defejunio
466 844 682 918 quqdin
705 845 785 895 die
815 841 1200 918 propitiatiouis
1237 838 1314 918 ﬁt,
1369 849 1416 892 et
1445 840 1507 891 dc
1553 837 1700 890 hirco

477 915 565 980 qui
601 915 653 967 in
684 929 910 967 eremum
946 913 1236 964 dimittitur
1265 913 1304 964 ¹.

221 1015 265 1066 l.
305 1009 404 1063 Nos
443 1007 680 1075 quidem,
733 1006 821 1075 qui
851 1005 916 1058 de
970 1005 1210 1058 Ecclesia
1250 1018 1459 1065 sumus,
1509 999 1733 1073 merito.

158 1107 352 1175 Mitysen
401 1100 724 1166 recipimus,
772 1106 827 1151 et
871 1098 1072 1166 scripta
1118 1097 1236 1164 ejus
1273 1097 1522 1166 legimus,
1577 1109 1702 1147 sen-

158 1201 332 1255 tientes
359 1193 422 1246 de
455 1208 544 1254 en,
569 1191 710 1258 quod
740 1190 997 1259 prepheta
1030 1199 1079 1243 et
1134 1190 1241 1243 Deo
1273 1190 1374 1243 sibi
1405 1189 1698 1255 revelaule,

154 1293 200 1347 in
226 1284 488 1359 symbolis,
526 1295 578 1337 et
610 1283 818 1354 figuris,
869 1297 932 1336 ac
985 1283 1178 1336 formis
1227 1282 1533 1352 allegoricis
1570 1297 1702 1337 con-

153 1378 406 1448 scripserit
459 1376 639 1429 futura
695 1376 976 1446 mysteria,
1031 1360 1167 1443 quze
1207 1376 1259 1430 in
1314 1387 1557 1446 tempore
1601 1391 1701 1429 suo

152 1474 384 1528 docemus
424 1468 663 1537 impleta.
721 1469 822 1533 Qui
876 1483 1008 1523 vero
1062 1467 1326 1535 ejusmodi
1369 1469 1420 1521 in
1469 1483 1534 1523 eo
1595 1485 1699 1522 non

153 1562 327 1631 recipit
374 1574 614 1623 sensum,
673 1560 787 1613 sive
833 1559 1144 1614 .ludzcorum
1187 1559 1328 1628 quis,
1373 1560 1488 1614 sive
1535 1560 1700 1613 etiam

148 1667 436 1712 nostrorum
471 1662 574 1720 est,
623 1655 668 1709 is
700 1669 763 1708 ne
793 1655 1108 1723 prophetam
1144 1655 1356 1724 quidem
1383 1668 1506 1708 eum
1538 1655 1702 1709 fuisse

148 1755 322 1808 docere
343 1759 519 1819 potest
543 1767 556 1802 :
583 1748 853 1817 quomodo
882 1749 1028 1803 enim
1059 1750 1382 1818 prophetam
1422 1749 1696 1819 probabit,

143 1846 281 1915 cujus
301 1845 506 1898 litteras
531 1855 740 1898 asserat
771 1858 891 1896 esse
911 1858 1260 1907 communes,
1295 1843 1466 1896 futuri
1499 1843 1699 1896 nullius

61 2013 64 2016 λ
143 1937 392 2002 conscias,
429 1953 531 1991 nec
552 1937 751 1991 occulti
786 1937 992 2005 aliquid
1021 1936 1268 2006 mysterii
1313 1936 1655 1990 continentes
1683 1937 1704 1988 ?
1736 1911 1778 1965 Β

152 2031 290 2086 Hunc
336 2030 525 2096 itaque
565 2029 656 2098 qui
695 2029 768 2083 ita
811 2028 999 2093 sentit,
1046 2027 1310 2097 legentem
1364 2027 1480 2082 haec
1524 2027 1707 2095 arguit

142 2138 308 2178 sermo
355 2121 598 2184 divinus,
648 2130 706 2176 et
752 2120 937 2174 dicit’
991 2135 1005 2174 :
1068 2138 1087 2172 ι
1149 2119 1381 2173 Putasne
1435 2118 1693 2188 intelligis

138 2232 248 2285 qua:
288 2214 470 2284 legis?
501 2235 518 2266 ι
555 2214 647 2267 Est
691 2229 823 2282 ergo
875 2212 985 2279 lex,
1034 2223 1089 2267 et
1133 2211 1314 2266 omnia
1339 2227 1457 2281 quae
1501 2213 1554 2266 in
1592 2213 1706 2282 lege

137 2321 272 2370 sunt,
315 2310 618 2362 secundum
671 2306 910 2374 Apostoli
966 2306 1289 2360 sententiam
1345 2305 1368 2336 *
1412 2319 1583 2374 usque
1638 2305 1706 2360 ad

137 2411 332 2469 tempus
383 2399 746 2454 correctionis
790 2399 1063 2466 imposita,
1115 2406 1171 2453 et
1213 2397 1354 2452 sicut
1401 2397 1455 2451 hi
1506 2397 1706 2467 quibus

135 2492 410 2548 artificium
427 2501 520 2546 est
539 2492 690 2560 signa
712 2507 779 2545 ex
797 2506 906 2545 tere
927 2489 1128 2552 facere.
1150 2498 1204 2545 et
1221 2498 1428 2544 statuas
1459 2489 1704 2553 fundere,

134 2596 415 2655 antequam
485 2599 679 2638 verum
710 2599 844 2652 opus
868 2584 992 2638 aeris
1012 2583 1324 2652 producant,
1352 2594 1446 2636 aut
1473 2584 1706 2652 argenti,

137 2679 213 2733 vel
259 2679 399 2740 auri,
456 2677 775 2747 figmentum
833 2677 983 2743 prius
1034 2675 1130 2729 luti
1174 2676 1240 2728 ad
1300 2675 1706 2731 similitudinem

133 2770 314 2826 futurae
364 2769 625 2836 imaginis
672 2768 906 2822 formant
953 2765 1066 2839 (79)
1118 2782 1133 2821 :
1180 2769 1323 2835 quod
1389 2766 1706 2838 figmentum

129 2861 498 2916 necessarium
531 2861 746 2930 quidem
795 2868 898 2924 est,
937 2858 1029 2912 sed
1083 2872 1365 2926 usquequo
1405 2873 1538 2928 opus
1560 2858 1708 2928 quod

129 2953 417 3022 principale
439 2960 549 3014 est,
575 2951 858 3020 expleatur
879 2969 892 3003 :
913 2966 1036 3005 cum
1059 2961 1241 3006 autem
1265 2951 1431 3005 fuerit
1451 2949 1704 3005 effectum

124 3065 252 3118 opus
277 3049 407 3104 illud
446 3058 673 3118 propter
705 3049 846 3116 quod
905 3047 1215 3115 figmentum
1245 3045 1343 3099 ltiti
1384 3045 1560 3100 fuerat
1595 3045 1710 3099 for-

129 3151 350 3206 matum,
383 3155 524 3193 usus
546 3137 660 3206 ejus
683 3137 822 3190 ultra
860 3153 964 3190 non
1004 3139 1264 3204 qmeritur
1299 3153 1312 3188 :
1358 3135 1461 3189 tale
1501 3133 1707 3203 aliquid

123 3235 356 3303 iatellige
382 3233 563 3288 etiam
598 3233 648 3285 iu
685 3231 788 3294 bis,
818 3245 939 3298 quae
983 3230 1037 3283 in
1078 3239 1200 3300 typo
1237 3237 1293 3282 et
1330 3228 1502 3297 figura
1558 3225 1710 3280 futuo
1736 3257 1777 3313 ο

125 3343 303 3381 :‘orum
342 3327 399 3380 in
435 3327 566 3395 lege
608 3334 660 3378 et
700 3321 1002 3392 prophetis,
1049 3322 1136 3376 vel
1173 3323 1396 3389 scripta,
1440 3319 1521 3373 vel
1557 3328 1705 3388 gesta

119 3431 256 3478 sunt.
285 3419 462 3475 Venit
502 3417 647 3472 enim
685 3417 798 3485 ipse
824 3416 1021 3470 artifex
1061 3425 1116 3469 et
1141 3423 1332 3467 auctor
1357 3413 1622 3476 catinium,
1651 3419 1707 3463 et

121 3513 281 3579 legem
314 3527 441 3581 qua:
480 3510 728 3564 umbram
768 3506 1338 3564 habebatfuturorum
1370 3503 1632 3557 bonorum
1661 3502 1706 3566 ⁵,

117 3603 399 3658 transtulit
437 3605 516 3656 ad
549 3603 719 3670 ipsam
758 3600 1049 3670 imaginem
1086 3611 1290 3651 rerum.
1318 3596 1424 3650 Sed
1463 3609 1530 3647 ne
1567 3593 1708 3648 forte

116 3693 323 3748 diﬁicile
360 3695 462 3748 tibi
507 3694 724 3763 probari
763 3706 922 3762 posse
965 3705 1085 3758 quae
1125 3687 1362 3742 dicimus
1399 3686 1704 3748 videantur,

113 3799 456 3854 recognosce
495 3798 594 3853 per
615 3782 854 3850 singula.
882 3781 1010 3834 Erat
1042 3778 1190 3847 prius
1233 3775 1533 3832 Jerusalem
1581 3777 1708 3830 urbs

113 3877 199 3928 illa
254 3893 462 3946 magna
529 3874 748 3943 regalis,
825 3873 915 3927 ubi
968 3871 1225 3938 templum
1279 3868 1705 3922 famosissimum

107 3968 267 4041 245
299 3971 415 4024 Deo
451 3967 638 4022 fuerat
673 3973 1033 4022 exstructum.
1070 3962 1434 4030 Posteaquam
1457 3975 1586 4014 vero
1614 3975 1707 4013 ve-

108 4065 184 4114 nit
217 4061 329 4127 ille,
363 4062 462 4130 qui
514 4067 638 4114 erat
685 4073 870 4112 verum
917 4055 1172 4124 templum
1223 4053 1344 4120 Dei,
1395 4061 1450 4106 et
1497 4052 1710 4106 dicebat

105 4156 168 4207 de
198 4154 414 4222 templo
444 4151 702 4221 corporis
725 4149 810 4205 sui
847 4166 861 4202 :
896 4166 914 4200 ι
950 4146 1154 4202 Solvite
1180 4143 1436 4214 templum
1463 4143 1562 4197 hoc
1585 4143 1606 4173 ⁸
1635 4182 1652 4208 ,
1685 4161 1703 4194 ›

103 4255 156 4300 et
200 4250 334 4314 quia
372 4245 628 4300 caelestis
673 4240 975 4312 Jerusalem
1030 4240 1196 4310 cmpit
1236 4239 1452 4309 aperire
1493 4247 1708 4308 mystco-

104 4339 178 4392 ria
213 4337 228 4393 ὲ
267 4339 465 4393 deleta
506 4348 594 4392 est
626 4335 715 4388 illa
752 4346 992 4397 terrena,
1028 4333 1119 4386 ubi
1152 4330 1394 4384 caelestia
1414 4330 1663 4399 apparuit
1693 4346 1706 4383 :

103 4427 152 4480 in
184 4426 400 4496 templo
453 4424 552 4478 illo
604 4438 711 4476 non
751 4419 1010 4474 remansit
1061 4419 1196 4486 lapis
1243 4433 1408 4487 super
1453 4417 1708 4487 lapidem,

99 4542 163 4579 ex
193 4539 310 4594 quo
338 4537 549 4579 verum
587 4518 846 4588 templum
879 4518 972 4572 Dei
1019 4517 1163 4570 facta
1213 4522 1295 4570 est
1325 4527 1454 4569 caro
1483 4512 1707 4567 Christi.

99 4618 236 4672 Erat
280 4618 450 4686 prius
497 4613 740 4684 pontifex
801 4611 1066 4681 sanguine
1117 4617 1395 4662 taurorum
1436 4615 1489 4660 et
1533 4605 1705 4660 hirco-

1819 4589 2049 4642 dicentis
2085 4586 2123 4616 ¹¹
2157 4603 2170 4638 :
2209 4603 2226 4635 ‹
2259 4581 2528 4650 Crucilige

97 4727 217 4766 rum
273 4709 606 4777 purificans
646 4703 902 4774 populum
941 4720 954 4756 :
987 4703 1080 4757 sed
1111 4716 1176 4756 ex
1213 4714 1322 4769 quo
1361 4698 1507 4752 venit
1551 4709 1711 4750 verus

98 4802 379 4873 pontifex,
420 4800 526 4870 qui
572 4797 836 4867 sanguine
864 4809 962 4849 suo
991 4793 1363 4848 sanetilicaret
1400 4788 1707 4851 credentes,

96 4910 380 4966 nusquam
429 4902 524 4947 est
556 4890 645 4945 ille
678 4888 923 4958 pontifex
971 4885 1145 4956 prior,
1188 4899 1289 4938 nec
1325 4881 1466 4935 ullus
1494 4881 1544 4934 ei
1578 4878 1708 4933 relic
1757 4945 1761 4949 Δ

93 4999 218 5045 ctus
249 4999 342 5043 est
379 4989 571 5041 locus.
603 4985 789 5038 Altare
829 4981 932 5035 fuit
970 4979 1146 5048 prius,
1180 4986 1233 5030 et
1265 4974 1530 5028 sacrificia
1570 4971 1712 5026 cele-

87 5082 416 5137 brabantur
453 5096 469 5132 :
508 5077 601 5131 sed
637 5084 695 5128 ut
740 5072 893 5127 venit
930 5085 1090 5125 verus
1118 5070 1308 5137 Agnus
1342 5065 1432 5134 qui
1471 5064 1709 5130 seipsum

91 5176 344 5231 hostiam
387 5168 606 5227 obtulit
636 5168 773 5232 Deo,
811 5175 1008 5220 cuncta
1045 5163 1133 5216 illa
1165 5160 1310 5213 velut
1343 5174 1438 5226 pro
1471 5166 1712 5223 tempore

89 5269 278 5339 posita
305 5269 711 5322 cessaverunt.
747 5259 862 5316 Non
899 5259 994 5313 tibi
1031 5271 1161 5326 ergo
1190 5253 1404 5308 videtur
1433 5250 1573 5319 quod
1627 5263 1712 5302 se-

87 5366 343 5419 cundum
382 5362 629 5429 figuram
666 5370 827 5424 quam
861 5368 1021 5422 supra
1056 5349 1360 5420 posuimus,
1407 5344 1574 5398 veluti
1603 5340 1714 5395 for-

90 5470 195 5510 ma:
230 5453 463 5508 fuerint
496 5448 745 5517 quau—lam
777 5460 806 5499 e
833 5443 947 5496 luto
976 5442 1136 5502 fictae,
1182 5452 1280 5508 per
1305 5449 1441 5504 quas
1464 5430 1713 5487 veritatis

87 5549 580 5617 exprimerentur
609 5533 912 5605 imagines?
950 5531 1238 5599 Propterea
1269 5525 1502 5594 denique
1533 5521 1714 5576 divina

160 5641 184 5671 ⁸
221 5639 416 5694 Levit.
452 5648 576 5688 xvr.
650 5631 670 5662 ⁸
697 5632 818 5684 Act.
847 5644 964 5692 vni,
998 5628 1087 5680 50.
1162 5627 1183 5654 ⁸
1217 5622 1351 5694 lleh.
1381 5636 1455 5674 lx.

85 5712 108 5744 ’
143 5688 328 5766 mihi.
352 5688 454 5763 tit.
551 5704 591 5734 ‘°
621 5701 808 5756 Matth.
842 5688 1008 5764 xxvii,
1047 5697 1132 5749 l7.
1211 5694 1250 5724 ¹¹
1282 5693 1413 5747 Luc.
1451 5705 1584 5750 λιιι,
1608 5688 1698 5740 9.1.

163 5807 288 5881 (79)
327 5803 514 5881 Libb.
543 5801 690 5881 editi.
733 5817 753 5881 ε
786 5797 1052 5851 formant:
1085 5789 1712 5881 non‘quootldigr-nentum

90 5859 510 5937 necessarium
545 5873 630 5939 sit,
662 5870 755 5925 sed
786 5879 1090 5938 usquequo,
1123 5883 1141 5915 ι
1170 5859 1275 5918 etc.
1311 5859 1414 5914 Sed
1479 5869 1611 5910 mss.
1658 5863 1716 5906 ut

1295 415 1364 470 IN
1403 409 1780 468 LEVITICUM
1822 407 2106 465 IlOMlldA
2148 406 2214 460 Χ.

1532 5617 1553 5649 ⁸
1587 5615 1718 5670 lleh.
1752 5629 1805 5678 κ,
1840 5611 1888 5665 l.

3279 401 3384 456 5‘26

1807 530 2143 599 dispensatio
2165 524 2501 597 procuravit,
2550 532 2608 577 ut
2654 531 2709 577 et
2754 521 2947 576 civitas
2991 519 3128 589 ipsa,
3158 526 3212 571 et
3243 528 3383 572 tom-

1810 623 1974 692 plum.
2002 631 2056 676 et
2087 621 2265 674 omnia
2310 617 2397 671 illa
2440 617 2642 686 pariter
2675 615 3162 669 subverterentur:
3191 627 3258 665 ne
3288 612 3382 679 qui

1811 716 1952 769 forte
1985 715 2162 767 adlmc
2192 709 2450 782 parvulus
2503 715 2558 760 et
2595 708 2804 761 lacteus
2855 706 2905 759 iu
2952 705 3055 758 fide
3096 704 3140 758 si
3176 703 3387 757 videret

1811 809 1898 862 illa
1957 815 2232 867 constare,
2265 803 2390 856 dum
2421 798 2815 854 sacrificiorum
2847 797 3032 856 ritum,
3070 797 3195 849 dum
3228 795 3391 848 mini-

1809 901 2099 956 steriorum
2149 897 2397 952 ordinem
2443 893 2709 948 attonitus
2747 898 3006 959 stuperet,
3060 888 3176 958 ipso
3205 871 3386 941 diver-

1809 1008 1994 1048 sarum
2035 991 2331 1044 formarum
2361 996 2644 1055 raperetur
2690 983 2908 1037 intuitu.
2947 981 3054 1035 Sed
3096 981 3386 1049 providens

1811 1086 1951 1139 Deus
1986 1083 2290 1138 infirmitati
2330 1057 2552 1141 nostrre.
2585 1087 2638 1133 et
2679 1077 2865 1130 volens
2899 1075 3248 1143 multiplicari
3288 1073 3387 1127 Ec-

1809 1176 2026 1230 clesiam
2062 1190 2212 1228 suam
2238 1214 2252 1237 ,
2283 1174 2462 1226 nnmia
2513 1172 2601 1225 illa
2648 1169 2890 1224 subverti
2923 1168 3052 1222 fecit
3079 1178 3133 1220 et
3170 1167 3389 1236 penitus

1809 1267 2110 1330 auferri,nt
2133 1267 2250 1320 sine
2282 1265 2388 1317 ulla
2422 1263 2766 1317 cunctatione
2795 1260 2898 1314 illis
2916 1259 3388 1314 cessantibushaac

1811 1376 1936 1413 vera
1987 1375 2107 1413 esse
2135 1400 2150 1424 ,
2204 1374 2302 1428 pro
2339 1355 2536 1426 quibus
2578 1357 2629 1409 iu
2665 1354 2771 1408 illis
2805 1365 2960 1424 typus
3014 1360 3386 1422 praecesserat,

1810 1440 2196 1509 crederemus;

1879 1542 1935 1599 2.
1971 1541 2126 1597 Unde
2158 1555 2212 1597 ct
2238 1558 2383 1597 nunc
2408 1541 2634 1596 dicenda
2671 1539 2826 1594 nobis
2860 1548 2987 1594 sunt
3017 1539 3196 1607 aliqua
3225 1540 3387 1593 etiam

1811 1636 1878 1689 ad
1911 1650 2025 1696 eos,
2050 1634 2148 1702 'qui
2187 1643 2378 1702 putant
2411 1649 2511 1702 pro
2543 1634 2798 1686 mandato
2843 1629 2975 1699 legis
3027 1628 3128 1682 sibi
3171 1643 3389 1698 quoque

1808 1725 2116 1781 Judzcorum
2140 1727 2402 1796 jejunium
2433 1723 2811 1794 jejunandum,
2844 1730 2896 1776 et
2934 1721 3108 1790 prium
3147 1719 3386 1775 omnium

1813 1817 2160 1872 sermonibus
2193 1827 2316 1871 utar
2366 1817 2518 1871 Pauli
2553 1817 2787 1870 dicentis
2823 1834 2835 1869 :
2867 1815 2991 1883 quia
3027 1814 3070 1867 si
3121 1813 3241 1881 quis
3271 1810 3385 1866 vult

1810 1925 1974 1962 unum
2011 1909 2213 1978 aliquid
2244 1907 2522 1962 custodire
2574 1908 2640 1961 de
2689 1905 3160 1963 observationibus
3225 1904 3382 1974 legis,

1815 2019 1834 2052 ι
1864 2001 2136 2056 obnoxius
2183 2010 2267 2055 est
2320 2001 2592 2054 universa:
2646 2000 2780 2068 legis
2831 1998 3094 2051 faciendae
3135 1996 3179 2052 ".
3219 2015 3238 2049 ι
3281 1995 3388 2064 Qui

1809 2108 1940 2164 ergo
1968 2094 2224 2149 observat
2258 2092 2360 2148 ista
2388 2090 2626 2160 jejunia,
2677 2089 2935 2144 ascendat
2963 2098 3016 2142 et
3047 2097 3128 2144 ter
3155 2089 3207 2142 in
3245 2103 3390 2144 anno

1809 2189 1864 2241 in
1908 2186 2251 2252 Jerusalem,
2302 2197 2362 2239 ut
2405 2191 2663 2254 appareat
2694 2193 2819 2237 ante
2851 2181 3104 2251 templum
3151 2183 3388 2249 Domini,

1809 2288 1870 2334 ut
1907 2279 2102 2335 offerat
2133 2293 2190 2334 se
2211 2278 2514 2342 sacerdoti;
2544 2277 2784 2346 requirat
2817 2276 2988 2330 altare
3014 2277 3158 2346 quod
3188 2275 3239 2330 in
3271 2276 3390 2346 pul-

1809 2385 1992 2425 verem
2042 2384 2254 2426 versum
2310 2377 2435 2434 est,
2491 2366 2685 2421 offerat
2735 2365 2940 2420 hostias
2989 2366 3136 2418 nullo
3173 2374 3389 2421 astante

1809 2464 2086 2534 pontifice.
2133 2461 2410 2531 Scriptum
2442 2468 2522 2514 est
2560 2459 2704 2512 enim
2731 2457 2784 2524 ⁸,
2829 2465 2886 2511 ιιι
2914 2458 3050 2512 duos
3081 2459 3261 2513 hircos
3305 2459 3390 2526 je-

1805 2555 2008 2624 junans
2035 2553 2268 2623 pepulus
2299 2551 2490 2606 offerat
2530 2549 2882 2612 sacrificium,
2919 2564 3083 2616 super
3107 2564 3243 2617 quos
3265 2565 3388 2604 sor-

1813 2657 1891 2703 tes
1915 2647 2056 2700 mitti
2093 2646 2346 2707 debeant,
2382 2653 2439 2697 ut
2466 2658 2604 2697 unus
2642 2657 2705 2696 ex
2737 2641 2822 2695 his
2865 2642 2956 2694 fiat
3001 2642 3212 2696 Domini
3245 2657 3389 2711 sors,

1811 2750 1863 2795 et
1889 2738 2068 2794 hostia
2102 2739 2328 2791 Domino
2357 2734 2649 2799 offeratur;
2695 2735 2923 2788 alterius
2954 2750 3082 2788 vero
3124 2751 3243 2789 s0rs
3273 2737 3389 2802 fiat,

1813 2841 1873 2886 ut
1908 2832 2210 2885 dimittatur
2255 2830 2308 2883 in
2359 2844 2600 2882 eremum
2653 2827 2807 2880 vivus
2835 2869 2849 2893 ,
2888 2827 2976 2894 qui
3012 2836 3065 2880 et
3098 2826 3298 2881 habeat
3333 2827 3390 2882 in

1812 2941 1871 2980 se
1919 2934 2141 2994 peccata
2195 2921 2401 2992 populi.
2459 2920 2584 2974 Haec
2629 2920 2725 2974 tibi
2772 2921 2952 2973 omnia
2990 2929 3392 2990 consequenter

1811 3018 2077 3086 explenda
2107 3025 2254 3080 sunt,
2289 3013 2379 3083 qui
2427 3012 2509 3066 vis
2538 3012 2836 3066 secundum
2882 3021 3210 3080 przeccptum
3257 3012 3390 3080 legis

1811 3112 2103 3164 observare
2147 3106 2412 3176 jejunium
2463 3122 2477 3159 :
2525 3105 2590 3159 (le
2623 3105 2821 3173 quibus
2869 3123 2898 3158 a
2936 3104 3088 3158 nobis
3128 3106 3344 3174 quidem
3374 3147 3389 3169 ,

1813 3211 1974 3273 prout
2016 3201 2318 3270 potuimus,
2373 3197 2640 3268 superiori
2692 3197 3059 3266 disputatione
3095 3197 3386 3252 dissertum

1811 3305 1914 3349 est.
1949 3293 2153 3347 Tamen
2195 3292 2450 3360 quoniam
2495 3291 2646 3345 dives
2677 3298 2758 3343 est
2813 3305 2995 3345 sermo
3041 3290 3160 3354 Dei,
3197 3299 3251 3355 et
3304 3304 3391 3344 se-

1811 3388 2045 3440 cundum
2099 3384 2426 3440 sententiam
2485 3379 2797 3434 Salomonis
2835 3381 2856 3412 ⁰
2896 3397 3000 3435 non
3049 3379 3390 3448 simpliciter,

1811 3481 1906 3535 sed
1931 3489 1985 3533 et
2017 3477 2301 3547 dupliciter
2323 3486 2375 3531 et
2408 3474 2696 3544 tripliciter
2719 3473 3110 3528 describeudns
3139 3473 3190 3526 in
3226 3473 3392 3527 corde

1811 3584 1914 3639 est,
1953 3581 2227 3627 tentemus
2257 3570 2417 3624 etiam
2449 3555 2823 3622 nunc'addere
2857 3565 3035 3634 aliqua
3065 3567 3129 3619 ad
3155 3580 3240 3630 ea,
3269 3579 3390 3633 qua:

1812 3667 2012 3720 dudum
2047 3680 2142 3734 pro
2172 3663 2381 3717 viribus
2418 3662 2562 3716 dicta
2594 3667 2740 3728 sunt,
2781 3667 2838 3714 ut
2883 3660 3235 3714 osmndamus
3263 3673 3392 3726 quo-

1814 3761 1971 3812 modo
2001 3759 2050 3811 in
2085 3767 2210 3828 typo
2244 3755 2552 3809 futurorum
2579 3755 2741 3807 etiam
2767 3751 2856 3806 hic
2886 3768 3023 3806 unus
3053 3751 3238 3806 hircus
3280 3751 3390 3806 Do-

1814 3850 1960 3903 mino
1986 3848 2200 3903 oblatus
2229 3855 2310 3900 est
2361 3845 2556 3907 hostia,
2612 3853 2666 3898 et
2720 3845 2858 3898 alius
2901 3843 3058 3898 vivus
3106 3842 3390 3897 dimissus.

1812 3942 1950 3996 Audi
1984 3941 2033 3994 in
2078 3937 2389 4008 Evangeliis
2423 3937 2650 3991 Pilatum
2683 3937 2950 3991 dicentem
2983 3935 3047 3989 ad
3079 3937 3392 3990 sacerdotes

1812 4046 1866 4089 et
1894 4033 2151 4103 populum
2181 4031 2493 4087 Judmorum
2533 4028 2574 4059 ¹⁰
2602 4045 2614 4081 :
2654 4047 2672 4079 ς
2708 4027 2875 4094 Quem
2903 4027 3064 4082 vultis
3093 4028 3156 4080 de
3185 4027 3397 4082 duobus

1813 4128 2081 4181 dimittam
2136 4125 2332 4188 vobis,
2393 4122 2578 4178 Jesum
2637 4123 2726 4190 qui
2782 4120 3284 4184 dicitur-Christus,
3325 4134 3394 4173 an

1813 4217 2158 4273 Barabbam?
2189 4237 2207 4269 ι
2244 4216 2399 4270 Tunc
2433 4214 2692 4269 clamavit
2718 4212 2897 4266 omnis
2925 4212 3177 4281 populus,
3208 4219 3267 4264 ut
3292 4209 3397 4264 Ba-

1813 4314 2036 4367 rabbam
2096 4310 2436 4371 dimitteret,
2486 4305 2671 4361 Jesum
2731 4319 2860 4360 vero
2910 4305 3070 4358 morti
3132 4304 3394 4359 traderet.

1815 4406 1953 4462 Ecce
1988 4404 2156 4460 habes
2196 4402 2407 4456 hircum
2450 4400 2543 4469 qui
2597 4399 2853 4453 dimissus
2881 4406 2966 4450 est
2997 4397 3152 4452 vivus
3184 4395 3237 4450 in
3271 4411 3396 4451 ere-

1816 4515 1998 4560 mum,
2029 4503 2253 4566 peccata
2296 4507 2477 4546 secum
2519 4488 2698 4559 p0puli
2752 4487 2970 4554 ferens,
3021 4486 3313 4540 elan'iantis
3341 4494 3396 4541 et

2550 4621 2566 4642 ,
2601 4578 2885 4648 crucifige.
2919 4597 2937 4630 ι
2992 4577 3096 4631 Iste
3147 4587 3233 4632 est
3265 4592 3397 4648 ergo

1819 4681 2006 4734 hircus
2037 4679 2191 4731 vivus
2223 4675 2480 4730 dimissus
2511 4673 2562 4726 in
2597 4687 2840 4727 eremum
2891 4687 2906 4725 :
2948 4680 3000 4726 et
3033 4670 3122 4724 ille
3155 4679 3238 4726 est
3288 4671 3396 4724 hir-

1817 4790 1937 4840 cus,
1963 4772 2052 4841 qui
2089 4769 2316 4823 Domino
2341 4766 2557 4820 oblatus
2581 4772 2666 4818 est
2695 4763 2870 4818 hostia
2893 4763 2960 4817 ad
2987 4762 3392 4833 rcpropitianda

1818 4874 2066 4935 peccata,
2100 4871 2154 4916 et
2188 4874 2371 4914 veram
2401 4855 2840 4926 prepitialiouem
2877 4855 2928 4908 in
2958 4869 3017 4909 se
3047 4853 3397 4908 credentibus

1817 4957 2028 5028 populis
2063 4954 2213 5010 fecit.
2247 4949 2400 5019 Quod
2429 4949 2472 5004 si
2507 4957 2562 5001 et
2590 4949 2694 5001 hoc
2729 4947 2994 5016 requiras,
3031 4947 3154 5016 quis
3197 4947 3268 5001 sit
3302 4943 3397 5016 qui

1819 5053 1960 5106 hunc
1994 5049 2205 5103 hircum
2251 5043 2506 5114 perduxit
2536 5040 2646 5111 (80)
2681 5040 2732 5093 in
2760 5052 3026 5103 erenmm,
3051 5045 3109 5090 ut
3138 5037 3398 5104 probetur

1821 5145 1872 5196 in
1910 5157 1974 5195 eo
2015 5140 2177 5193 etiam
2221 5139 2362 5205 quod
2420 5134 2559 5188 lotus
2604 5132 2676 5186 sit
2737 5138 2795 5184 et
2844 5128 3075 5182 mundus
3128 5126 3350 5180 effectus
3378 5163 3394 5188 ,

1817 5246 1997 5311 potest
2057 5232 2264 5285 Pilatus
2319 5227 2435 5294 ipse
2488 5226 2660 5294 accipi
2707 5213 2870 5276 homo
2928 5230 3168 5290 paratus.
3204 5215 3396 5271 ‘Judex

1817 5309 2015 5402 quippe
2047 5327 2224 5399 gentis
2259 5326 2424 5393 ipsius
2467 5329 2614 5382 erat,
2662 5318 2752 5387 qui
2791 5330 2921 5397 cum.
2945 5328 3040 5383 per
3067 5309 3396 5366 sententiam

1818 5396 1972 5479 suam
2005 5396 2188 5473 emisit
2221 5419 2274 5469 in
2309 5427 2576 5468 eremum.
2623 5407 2758 5461 Audi
2795 5396 2973 5458 autem
3011 5401 3282 5471 quomodo
3314 5396 3396 5451 lo-

1819 5525 1905 5569 tus
1936 5513 2003 5566 sit
2045 5520 2097 5563 et
2130 5507 2360 5562 mundus
2403 5502 2651 5557 effectus.
2696 5498 2830 5552 Cum
2865 5496 2930 5549 ad
2963 5490 3214 5562 populum
3243 5490 3392 5543 dice-

1967 5607 1986 5637 ⁶
2011 5604 2168 5659 Joan.
2207 5618 2268 5668 il,
2306 5601 2391 5654 19.
2491 5597 2511 5628 ⁷
2542 5594 2662 5650 Gal.
2688 5608 2739 5657 v,
2769 5593 2823 5647 5.
2925 5587 2947 5618 ⁸
2973 5585 3151 5639 Levit.
3191 5599 3304 5648 xvr,
3337 5582 3391 5636 ὅ.

1825 5779 1877 5833 ἰιι
1902 5784 2085 5829 nostro
2116 5781 2285 5824 textu.
2632 5829 2652 5833 _
2681 5829 2711 5833 __
2738 5827 2750 5833 _
2879 5824 2909 5833 __
2945 5823 2955 5833 ,
3183 5820 3195 5833 ,
3243 5832 3246 5833 ν
3281 5817 3289 5826 .

1899 5820 2200 5917 (scias;
2215 5820 2252 5889 ’ί
2274 5820 2546 5907 perduxit.
2579 5849 2596 5882 ι
2632 5827 2792 5885 Libb.
2828 5823 2986 5890 editi,
3020 5840 3037 5873 ι
3065 5820 3340 5890 produxit.
3370 5834 3387 5867 ι
