3876 6506
488 420 589 476 527

1927 416 2247 474 ORIGENIS

3634 419 3719 472 528

487 549 568 593 ret
591 539 674 591 υς
718 554 737 587 σ
774 533 949 590 V'nltis
982 533 1257 587 dimittam
1290 536 1445 589 vobis
1490 535 1697 601 Jesum,
1727 540 1818 609 qui
1858 541 2055 596 dicitur
2085 545 2130 603 Α
2160 542 2311 595 adire
2344 542 2652 613 pontificem
2685 550 2837 596 tuum
2881 540 3181 605 Christum.
3213 542 3305 612 qui
3330 541 3519 610 utique
3552 556 3646 592 non
3674 543 3717 597 in

394 688 400 693 _
486 630 781 689 Christus?
808 650 825 682 ι
854 640 911 684 et
934 630 1292 684 acclamasset
1318 630 1494 684 onmis
1518 630 1762 699 populus,
1783 632 1970 689 dicens
1990 635 2054 689 "z

487 748 507 781 ι
545 728 601 783 Si
630 728 775 781 hunc
806 725 1057 788 dimittis,
1092 739 1198 778 non
1242 738 1303 777 es
1327 725 1537 779 amicus
1561 723 1836 790 Caesaris;
1875 744 1893 778 ι
1930 736 2061 782 tunc

480 821 766 892 poposcit,
811 819 1003 889 inquit,
1049 817 1274 881 Pilatus,
1326 833 1543 887 aquam,
1579 827 1634 873 et
1679 818 1811 875 lavit
1867 835 2060 875 manus

481 933 607 971 suas
634 931 819 970 coram
854 915 1071 983 populo,
1097 911 1348 967 dicens“
1386 929 1399 966 :
1438 931 1455 962 ι
1494 911 1721 967 Mundus
1752 929 1853 984 ego
1881 928 1998 969 sum
2029 931 2057 967 a

480 1008 747 1079 sanguine
777 1007 894 1076 ejus
920 1046 935 1066 .
982 1020 1079 1060 vos
1122 1005 1393 1060 videritis.
1435 1024 1453 1056 ι
1488 1006 1581 1059 Sic
1620 1018 1753 1074 ergo
1793 1004 2061 1059 videbitur

410 1106 444 1125 "
481 1100 609 1154 lotis
652 1099 907 1153 manibus
952 1098 1066 1153 suis
1102 1098 1334 1151 mundus
1370 1094 1613 1152 eﬂectus.
1645 1096 1839 1151 Nostra
1874 1096 2057 1167 igitur,

479 1195 532 1249 id
570 1202 654 1248 est
707 1192 797 1261 qui
832 1206 939 1245 non
970 1191 1175 1245 umbra:
1225 1200 1280 1242 et
1324 1189 1618 1258 exemplari
1652 1189 1941 1255 servimus,
1968 1190 2058 1242 sed

479 1285 722 1347 veritati.
758 1285 872 1339 hmo
909 1296 991 1337 est
1044 1281 1447 1351 propitiationis
1502 1282 1641 1344 dies,
1691 1282 1744 1335 in
1796 1296 1900 1350 qua
1933 1282 2057 1335 data

480 1389 565 1432 est
618 1377 777 1430 nobis
834 1374 1083 1429 remissio
1131 1382 1513 1441 peccatorum,
1555 1386 1677 1433 cum
1724 1371 1921 1440 pascha
1958 1386 2057 1425 no-

480 1482 656 1526 strum
687 1468 998 1524 immolatus
1020 1475 1105 1521 est
1134 1467 1382 1521 Christus
1410 1467 1474 1519 “'.
1508 1465 1788 1532 Quomodo
1819 1479 1945 1533 ergo
1969 1479 2062 1517 eo-

480 1559 627 1628 gnita
680 1557 916 1611 veritate
957 1557 1330 1611 convertimur
1382 1556 1574 1609 iterum
1626 1555 1693 1608 ad
1747 1555 1958 1607 infirma
2006 1562 2061 1607 et

478 1666 649 1721 egena
678 1650 944 1705 elementa
988 1647 1147 1718 hujus
1199 1646 1406 1711 mundi,
1457 1645 1653 1715 quibus
1684 1659 1873 1699 rursus
1902 1663 1929 1698 a
1963 1660 2057 1698 ca-

478 1746 589 1812 pite
619 1744 826 1798 servire
860 1741 1045 1806 vultis,
1082 1740 1198 1794 dies
1227 1739 1603 1802 observantes,
1643 1747 1697 1791 et
1734 1752 1968 1801 menses,
2004 1748 2057 1790 et

480 1849 748 1907 tempora,
797 1846 848 1889 et
882 1832 1097 1889 annos?
1122 1832 1260 1886 Audi
1288 1831 1560 1902 quomodo
1592 1833 1751 1884 etiam
1794 1833 2054 1899 propheta

481 1930 789 1998 huiusmodi
817 1927 1083 1997 jejunium
1118 1925 1326 1995 respuit
1353 1965 1366 1986 ,
1400 1933 1455 1978 et
1490 1923 1623 1977 dicit
1646 1924 1729 1977 ’σε
1760 1940 1778 1973 ι
1810 1922 1923 1977 Νοιι
1955 1924 2057 1977 hoc

472 2022 738 2093 jejunium
774 2019 934 2089 elegi,
970 2016 1103 2072 dicit
1142 2016 1403 2070 Dominus
1428 2056 1441 2080 ,
1493 2028 1669 2084 neque
1702 2015 1841 2068 diem
1874 2024 1932 2067 ut
1963 2014 2057 2067 lut-

477 2115 652 2171 miliet
693 2114 856 2167 homo
902 2111 1137 2165 animam
1176 2124 1351 2164 suam.
1382 2127 1399 2158 ι
1462 2105 1541 2160 Tu
1598 2106 1641 2161 si
1685 2108 1767 2159 vis
1808 2106 2055 2174 jejunare

474 2206 773 2263 secundum
818 2203 1093 2259 Christum
1135 2209 1189 2256 et
1237 2199 1525 2254 bumiliare
1578 2200 1813 2252 animam
1867 2210 2007 2251 tuam
2036 2240 2050 2264 ,

471 2313 635 2353 omne
666 2296 759 2351 tibi
802 2304 1013 2362 tempus
1041 2300 1223 2363 aptum
1260 2300 1342 2345 est
1370 2289 1481 2360 (81)
1517 2290 1685 2343 totius
1746 2290 1907 2353 anni;
1945 2288 2054 2342 imo

476 2392 645 2445 totius
685 2388 809 2442 vitae
853 2397 957 2442 tua:
990 2386 1107 2440 dies
1154 2385 1351 2439 habeto
1394 2384 1458 2437 ad
1498 2382 1887 2437 lmmiliandam
1925 2382 2051 2435 ani-

474 2500 617 2538 mam
652 2492 821 2547 tuam,
858 2481 901 2536 si
939 2491 1118 2534 tamen
1154 2478 1391 2533 didicisti
1436 2493 1463 2529 a
1500 2477 1729 2531 Domino
1767 2474 2054 2530 Salvatore

475 2586 685 2642 nostro,
727 2576 852 2646 quia
887 2574 1034 2628 mitis
1063 2582 1147 2628 est
1177 2582 1230 2627 et
1256 2570 1476 2627 hunnlis
1507 2572 1675 2625 corde
1721 2570 1785 2623 ¹⁷.
1824 2570 2052 2637 Quando

475 2684 607 2740 ergo
634 2683 743 2724 non
774 2674 859 2721 est
897 2666 993 2721 tibi
1025 2665 1422 2721 humiliationis
1462 2664 1604 2727 dies,
1649 2662 1741 2732 qui
1771 2661 2051 2717 Christum

406 2784 421 2801 ί
476 2762 747 2834 sequeris,
786 2762 875 2831 qui
905 2768 987 2814 est
1019 2759 1240 2813 humilis
1264 2758 1432 2813 corde
1452 2801 1466 2825 ,
1497 2766 1551 2811 et
1587 2756 1909 2811 humilitatis
1939 2770 2056 2808 ma-

478 2854 690 2926 gister?
721 2853 799 2907 Tu
836 2853 1021 2921 itaque
1044 2852 1087 2905 si
1117 2851 1198 2905 vis
1233 2848 1504 2918 jejunare,
1532 2849 1717 2920 jejuna
1752 2850 2051 2904 secumlum

475 2956 801 3019 praeceptum
847 2943 1150 3014 Evangelii,
1183 2951 1237 2998 et
1264 2944 1493 2997 observa
1533 2943 1583 2995 in
1614 2941 1834 3010 jejuniis
1880 2958 2053 2996 evan-

471 3038 675 3111 gelieas
704 3039 870 3109 leges,
900 3036 953 3091 in
981 3037 1181 3107 quibus
1228 3038 1331 3091 hoc
1375 3036 1533 3089 modo
1578 3035 1831 3091 Salvator
1874 3037 1942 3091 de
1972 3035 2050 3105 je~

476 3131 639 3196 juniis
666 3129 888 3185 mandat
915 3128 959 3161 ¹⁸
994 3145 1007 3182 :
1041 3146 1059 3180 ι
1100 3127 1177 3183 Tu
1210 3136 1388 3185 autem
1434 3128 1478 3184 si
1508 3128 1744 3196 jejunas,
1783 3143 1925 3199 unge
1956 3143 2048 3183 ca-

2165 634 2326 689 terris
2362 636 2724 704 requirendus
2762 645 2867 695 est.
2910 635 3001 689 sed
3034 637 3085 687 in
3118 634 3306 697 caelis,
3352 642 3409 685 et
3438 648 3538 702 per
3571 632 3715 700 ipsum

2161 728 2324 782 debes
2355 726 2553 782 oﬂ'erre
2578 727 2809 783 hostiam
2841 729 2968 781 Deo.
2998 725 3090 780 Vis
3118 726 3213 779 tibi
3246 726 3422 779 adhuc
3459 727 3715 778 ostendam

2160 820 2320 887 quale
2369 828 2419 873 te
2483 828 2699 888 oportet
2767 818 3017 887 jejunare
3070 814 3384 884 jejunium?
3432 813 3621 881 Jt'juna
3662 816 3717 867 ab

2160 913 2304 966 omni
2342 921 2584 980 peccato,
2633 914 2840 968 nullum
2871 912 3051 966 cibum
3081 925 3265 965 sumas
3294 908 3539 971 malitiae,
3568 907 3718 959 nullas

2161 1005 2346 1073 capias
2400 1005 2587 1072 epulas
2634 1006 2949 1074 voluptatis,
2998 1003 3145 1059 nullo
3177 1003 3304 1057 vino
3340 1001 3575 1055 luxuria:
3609 1015 3717 1053 con-

2162 1098 2419 1152 caleseas.
2454 1097 2645 1169 Jejuno
2690 1116 2719 1152 a
2775 1099 2931 1155 malis
2983 1100 3221 1164 actibus,
3269 1096 3485 1151 abstine
3525 1110 3554 1148 a
3587 1095 3719 1148 malis

2163 1189 2525 1253 sermonibus,
2581 1190 2798 1243 contine
2840 1200 2890 1243 te
2930 1204 2959 1242 a
3009 1188 3433 1259 cogitationibus
3465 1187 3718 1257 pessimis.

2165 1277 2279 1332 Noli
2318 1282 2634 1351 contingere
2674 1297 2841 1351 panes
2888 1279 3118 1335 furtivos
3152 1294 3423 1351 perversze
3454 1280 3717 1333 doctrina.

2163 1370 2277 1425 Non
2316 1375 2671 1441 concupiscas
2724 1372 2948 1428 fallaces
2990 1373 3345 1443 philosophiae
3399 1372 3596 1436 cibos,
3643 1376 3719 1439 qui

2164 1474 2213 1516 te
2242 1480 2270 1517 a
2306 1467 2535 1519 veritate
2566 1467 2851 1521 sedncant.
2902 1466 3033 1521 Tale
3081 1466 3349 1536 jejunium
3393 1467 3507 1519 Deo
3544 1466 3716 1533 placet.

2161 1556 2449 1610 Abstinere
2478 1572 2607 1612 vero
2631 1573 2660 1611 a
2687 1559 2850 1622 cibis,
2887 1574 3023 1628 quos
3068 1560 3210 1613 Deus
3242 1559 3451 1613 creavit
3479 1599 3495 1621 ,
3526 1558 3591 1611 ad
3617 1573 3721 1624 per-

2161 1647 2475 1716 cipiendum
2516 1664 2643 1703 cum
2687 1650 2986 1718 gratiarum
3013 1649 3225 1704 actione
3253 1649 3529 1713 ﬁdelibus,
3559 1660 3608 1703 et
3637 1650 3721 1703 hoc

2162 1740 2344 1794 facere
2380 1756 2502 1793 cum
2542 1740 2627 1795 his
2673 1743 2766 1811 qui
2799 1740 3078 1796 Christum
3114 1744 3537 1810 cruciﬁxerunt,
3580 1759 3721 1798 acce-

2161 1841 2309 1899 ptmn
2346 1846 2466 1885 esse
2493 1846 2599 1885 non
2628 1842 2806 1901 potest
2834 1833 2966 1890 Deo.
2994 1834 3262 1906 lndignati
3294 1846 3421 1890 sunt
3452 1835 3720 1904 aliquando

2158 1933 2211 1976 et
2236 1923 2491 1978 Pharisaei
2540 1925 2791 1990 Domino,
2840 1943 2941 1981 cur
2990 1944 3097 1983 non
3142 1926 3453 1998 jejunarent
3484 1928 3719 1995 discipuli

2157 2016 2295 2085 ejus.
2326 2016 2536 2083 Quibus
2584 2020 2672 2073 ille
2707 2022 3018 2090 respondit,
3062 2023 3190 2091 quia
3240 2038 3349 2075 non
3389 2036 3616 2091 possunt
3642 2023 3719 2075 ﬁlii

2156 2112 2338 2177 sponsi
2370 2111 2623 2179 jejunare
2664 2116 2904 2183 quandiu
2950 2129 3071 2169 cum
3108 2116 3237 2184 ipsis
3276 2128 3364 2170 est
3412 2132 3644 2184 sponsus
3662 2117 3713 2167 ".

2158 2203 2236 2257 Illi
2289 2218 2421 2273 ergo
2461 2204 2709 2273 jejuneut
2744 2210 2837 2275 qui
2888 2208 3239 2276 perdiderunt
3282 2223 3588 2277 sponsum,
3638 2223 3720 2262 nos

2157 2296 2417 2352 habentes
2439 2298 2721 2353 nobiscum
2746 2313 3002 2369 sponsum
3024 2298 3272 2367 jejunare
3295 2314 3403 2354 non
3426 2316 3716 2368 possumus.

2156 2388 2267 2443 Nec
2294 2390 2397 2444 hoc
2432 2398 2614 2445 tamen
2649 2391 2773 2446 ideo
2800 2371 3051 2458 dicimus,
3090 2400 3151 2445 ut
3203 2393 3557 2447 abstinentia
3581 2394 3719 2447 Chri-

2156 2481 2354 2536 stiana:
2389 2482 2543 2538 frena
2578 2482 2845 2538 laxemus.
2901 2482 3176 2538 llahemus
3208 2484 3354 2537 enim
3388 2485 3720 2555 quadragesi-

2156 2592 2259 2632 ma:
2302 2577 2419 2632 dies
2464 2575 2690 2647 jejuniis
2747 2586 3119 2647 consecratos.
3162 2573 3443 2631 Habemus
3490 2592 3717 2647 quartam

2154 2679 2209 2725 et
2231 2679 2440 2725 sextam
2470 2670 2787 2737 septimana:
2833 2671 2969 2734 dies,
3020 2667 3223 2739 quibus
3249 2668 3573 2727 solemniter
3600 2673 3718 2739 jeju-

2156 2776 2353 2816 namns
2378 2759 2512 2833 (83).
2548 2760 2642 2817 Est
2665 2772 2813 2817 certe
2841 2762 3069 2820 libertas
3096 2764 3416 2821 Christiano
3448 2782 3551 2837 per
3576 2784 3717 2821 mune

2157 2859 2371 2920 tempus
2399 2851 2708 2921 jejunandi,
2763 2869 2871 2909 non
2907 2855 3273 2912 observantia:
3319 2861 3715 2928 superstitione.

2153 2942 2249 2997 sed
2295 2943 2498 2998 virtute
2538 2946 2914 3001 continentiaz.
2954 2946 3088 3001 Nam
3136 2954 3414 3019 quomodo
3463 2953 3603 3021 apud
3637 2969 3716 3007 eos

2152 3035 2377 3090 castitas
2425 3036 2737 3107 incorrupta
2762 3051 3032 3103 servatur,
3066 3041 3168 3095 nisi
3202 3043 3535 3099 arctioribus
3562 3047 3717 3100 conti-

2156 3127 2359 3183 nentiae
2399 3127 2531 3183 fulta
2580 3130 2881 3187 subsidiis?
2920 3131 3201 3200 Quomodo
3250 3133 3557 3205 Seripturis
3606 3152 3713 3206 ope

478 3232 571 3292 put
600 3231 770 3288 tuum,
796 3220 1065 3275 etfaciem
1112 3227 1262 3275 tuam
1305 3221 1444 3275 lava.
1476 3240 1494 3273 ι
1541 3220 1696 3287 Quod
1729 3221 1773 3275 si
1819 3221 2052 3292 requiris
2079 3229 2122 3287 ο
2157 3233 2273 3274 ram
2321 3220 2570 3275 dabunt?
2608 3220 2889 3289 Quomodo
2929 3224 3172 3280 scientiae
3211 3235 3268 3282 et
3296 3230 3585 3297 sapientia:
3617 3240 3714 3283 stu-

476 3314 747 3383 quomodo
776 3313 925 3369 laves
966 3314 1158 3368 faciem
1192 3322 1340 3367 tuam
1368 3353 1383 3377 ,
1419 3314 1620 3367 Paulus
1652 3312 1930 3383 apostolus
1959 3315 2052 3368 do-

482 3416 571 3461 cet
605 3408 647 3439 ¹⁹
673 3407 1127 3477 quemadmodum
1175 3424 1193 3458 ι
1228 3406 1465 3461 revelata
1514 3405 1650 3461 facie
1680 3407 1905 3476 gloriam
1940 3406 2051 3461 Do-

474 3499 608 3556 mini
646 3498 1053 3569 contempleris,
1083 3499 1147 3552 ad
1178 3499 1423 3553 eamdem
1468 3498 1756 3569 imaginem
1787 3498 2053 3554 formatus

473 3607 504 3646 a
533 3590 707 3663 gloria
750 3591 805 3646 in
837 3591 1089 3663 gloriam,
1133 3600 1390 3660 tanquam
1432 3606 1460 3645 a
1501 3591 1716 3646 Domini
1758 3592 1986 3659 spiritu.
2026 3612 2045 3645 ι

475 3683 627 3755 Unge
654 3685 815 3739 etiam
848 3693 1011 3753 caput
1044 3694 1216 3747 tuum,
1265 3683 1359 3739 sed
1388 3683 1616 3739 observa
1660 3700 1725 3739 ne
1756 3684 1876 3739 oleo
1925 3701 2052 3756 pec-

473 3779 580 3832 cati
615 3795 629 3832 :
664 3775 826 3849 256
850 3794 869 3828 ι
898 3774 1085 3831 Oleum
1114 3776 1258 3829 enim
1290 3776 1591 3845 peccatoris
1618 3792 1724 3831 non
1755 3777 2051 3848 impinguet

474 3879 636 3939 caput
667 3881 815 3923 tuum
838 3869 884 3900 “
913 3866 1048 3940 (82).
1088 3888 1106 3921 ι
1155 3870 1259 3924 Sed
1296 3884 1437 3940 unge
1475 3862 1639 3941 caput
1664 3870 1782 3926 oleo
1810 3870 2051 3926 exsulta~

474 3960 661 4026 tionis,
707 3961 827 4015 oleo
858 3958 1080 4023 lmtitiae,
1118 3960 1239 4017 oleo
1272 3960 1657 4017 misericordia:
1684 4004 1697 4027 ,
1749 3963 1821 4017 ita
1860 3972 1919 4017 ut
1964 3978 2050 4017 se-

474 4055 714 4107 cundum
743 4053 1053 4108 mandatum
1082 4052 1359 4124 sapientia:
1389 4094 1404 4120 ,
1439 4054 1806 4111 misericordia
1834 4065 1887 4111 et
1915 4055 2048 4111 fides

476 4160 582 4201 non
615 4146 867 4199 deserant
897 4154 967 4199 te.
1000 4144 1292 4216 Propterea
1322 4145 1469 4199 enim
1516 4157 1569 4199 et
1597 4148 1886 4214 Apostolus
1908 4189 1923 4213 ,
1955 4162 2050 4201 vo-

473 4238 593 4294 lens
639 4239 961 4294 abstrahere
1000 4255 1098 4295 nos
1139 4242 1205 4295 ab
1238 4242 1320 4296 bis
1350 4239 1654 4294 visibilibus
1682 4250 1734 4294 et
1774 4244 2004 4295 terrenis
2028 4281 2043 4306 ,

472 4341 529 4389 et
559 4332 770 4401 erigere
791 4330 1016 4387 animos
1064 4348 1361 4401 sensusque
1400 4342 1613 4386 nostros
1645 4334 1713 4386 ad
1758 4335 1998 4389 ctelestia
2030 4376 2045 4401 ,

469 4426 671 4482 clamat
701 4437 757 4480 et
789 4424 921 4480 dicit
949 4427 993 4457 ’ί
1022 4442 1034 4478 :
1062 4443 1081 4475 ι
1122 4424 1178 4478 Si
1222 4425 1599 4480 resurrexistis
1630 4442 1751 4480 cum
1801 4427 2041 4492 Christo,

473 4535 594 4589 quae
621 4534 835 4573 sursum
868 4526 995 4572 sunt
1023 4518 1270 4586 quatrite,
1306 4534 1414 4574 non
1441 4534 1560 4588 qua:
1588 4536 1753 4591 super
1783 4530 2038 4577 terram.»

475 4611 667 4667 Nonne
696 4618 881 4679 aperte
919 4610 1013 4664 tibi
1048 4610 1220 4667 dicit:
1252 4609 1371 4666 Noli
1406 4628 1651 4682 quaerere
1682 4616 1733 4669 in
1761 4616 1922 4671 terris
1951 4616 2045 4671 Je-

478 4704 726 4768 rusalem,
760 4718 856 4759 nec
881 4703 1250 4759 observantiae
1300 4704 1457 4773 legis,
1506 4721 1604 4761 nec
1646 4708 1909 4778 jejunium
1949 4708 2044 4764 Ju-

474 4795 734 4861 daeorum,
761 4795 852 4848 sed
878 4792 1139 4864 jejunium
1162 4794 1406 4851 Christi?
1427 4794 1688 4866 Jejunans
1706 4801 1850 4852 enim
1877 4800 2041 4856 debes

548 4893 590 4924 ¹²
628 4890 920 4955 Mam-xv,
944 4889 997 4944 9.
1078 4890 1119 4921 "
1142 4890 1298 4945 Joan.
1325 4908 1442 4957 χιχ,
1474 4893 1561 4947 12.

472 4962 562 5015 ‘29.
641 4962 684 4993 ¹⁸
709 4960 899 5015 Matth.
943 4975 1018 5024 VI,
1047 4961 1134 5015 17.

471 5033 581 5088 Cur
643 5048 696 5097 ν,
728 5032 813 5086 17.

546 5129 875 5201 (8l)_(_lodex
905 5128 1211 5201 sangerm.,
1250 5149 1269 5183 ι
1298 5140 1547 5199 apertum
1581 5137 1683 5184 est.
1716 5148 1736 5182 ι

545 5198 855 5270 (⁷82)Μξβ.,ι
876 5199 1037 5269 caput
1056 5202 1224 5254 tuum.
1239 5198 1561 5255 il.ibb.editi
1578 5240 1592 5262 ,
1607 5210 1796 5267 «caput
1812 5214 2040 5255 meum.»

543 5268 658 5343 (85)
714 5268 984 5343 Habemus
1011 5280 1255 5343 quartam
1286 5282 1333 5324 et
1366 5274 1900 5343 sextnmseptimanm
1932 5273 2044 5325 dies

467 5340 657 5412 quibus
709 5341 1022 5412 solemniter
1073 5340 1404 5408 jejunamus.
1460 5341 1915 5410 Antiquissimum
1956 5352 2041 5397 est

471 5409 755 5482 utriusque
785 5410 921 5482 diei
950 5409 1215 5482 jejunium
1244 5450 1259 5473 ,
1299 5412 1499 5480 quippe
1528 5409 1670 5481 quoii
1699 5412 1925 5480 perinde
1975 5428 2039 5467 ac

468 5479 962 5568 quadragesiinale
985 5479 1327 5568 'pracipitur’
1351 5479 1565 5568 cappne
1594 5479 1857 5568 Napostol.
1917 5482 1977 5535 61
2014 5522 2031 5546 ,

470 5544 758 5607 Constitit.
790 5544 1015 5615 apostol'.
1053 5544 1229 5615 lib.'v,
1264 5565 1383 5620 cap.
1417 5551 1485 5604 15
1510 5560 1565 5604 et
1594 5544 1686 5614 2T,
1724 5561 1777 5605 et
1810 5568 1839 5604 ιι
1874 5544 2036 5619 pseu-

472 5622 777 5692 do-lgnatio
808 5622 1024 5692 epistol.
1068 5622 1133 5674 ad
1180 5621 1561 5692 Philipp.eap.
1593 5622 1686 5692 15.
1724 5622 1796 5675 De
1822 5621 1923 5676 hoc
1948 5621 2030 5689 je-

468 5691 618 5761 junio
648 5692 972 5746 mentionem
1004 5691 1129 5746 facit
1158 5707 1264 5746 non
1284 5691 1392 5745 uno
1422 5691 1473 5744 in
1506 5692 1622 5745 loco
1648 5691 2034 5759 'l‘ertullianus,

472 5772 525 5813 et
548 5764 820 5832 stationes
854 5762 960 5816 illis
992 5763 1121 5832 ipsis
1152 5763 1343 5818 diebus
1372 5762 1511 5817 obiri
1562 5764 1911 5832 consuevisse
1963 5765 2037 5818 si-

470 5830 691 5893 gnificat
728 5850 749 5903 :7
777 5844 834 5885 ut
864 5832 917 5887 in
951 5830 1045 5887 lib.
1093 5831 1169 5888 De
1205 5832 1429 5903 jejuniis
1466 5844 1651 5888 contra
1707 5831 2033 5903 Psychicos:

480 5902 617 5956 cCur
629 5902 954 5961 stationibus
974 5902 1225 5974 quartam
1237 5902 1291 5961 et
1303 5915 1511 5962 sextam
1536 5902 1751 5963 sabbati
1768 5902 2033 5969 dicamus,

1212 4963 1255 4994 ¹⁹
1288 4964 1327 5017 Il
1356 4965 1481 5020 Cor.
1530 4980 1613 5030 In,
1655 4967 1741 5022 18.

1644 4894 1688 4927 ³⁸
1714 4894 1901 4950 Matth.
1935 4913 2106 4959 xxvii.
2129 4898 2220 4952 21.

1820 4967 1867 4999 ³ο
1901 4966 2039 5023 Psal.
2072 4984 2218 5030 cxu.
2245 4969 2298 5021 Ξ).

2154 3312 2403 3367 debunt?
2429 3311 2620 3369 Nonne
2650 3331 2747 3384 per
2788 3318 3189 3372 continentiam
3228 3322 3443 3375 ventris
3467 3331 3522 3375 et
3553 3332 3713 3394 guttae

2154 3406 2269 3461 ris?
2292 3405 2575 3473 Quomodo
2603 3408 2725 3477 quis
2752 3409 2989 3478 seipsum
3018 3420 3229 3465 castrat
3259 3422 3488 3481 propter
3510 3429 3713 3481 regnum

2152 3499 2440 3563 caelorum,
2480 3499 2585 3553 nisi
2638 3499 2890 3554 ciborum
2942 3501 3279 3557 afﬂuentiam
3325 3516 3585 3570 resecet,
3622 3507 3711 3560 nisi

2153 3592 2488 3648 abstinentia
2543 3602 2728 3648 utatur
2762 3594 3207 3651 ministra?ll:ee
3244 3612 3376 3668 ergo
3412 3596 3713 3655 Christianis

2148 3686 2429 3757 jejunandi
2454 3686 2633 3741 oratio
2664 3695 2768 3742 est.
2798 3686 2904 3743 Sed
2932 3698 3017 3743 est
3048 3698 3101 3744 et
3123 3690 3227 3743 alia
3248 3690 3431 3745 adhuc
3458 3691 3709 3759 religiosa.

2150 3778 2306 3848 cujus
2339 3777 2459 3833 laus
2489 3777 2853 3847 quorumdam
2888 3779 3257 3850 apostolorum
3309 3781 3510 3835 litteris
3538 3782 3711 3851 pradi-

2155 3880 2330 3925 catur.
2347 3871 2657 3927 Invenimus
2668 3873 2809 3927 enim
2828 3873 2884 3927 in
2906 3874 3134 3943 quodam
3155 3874 3339 3929 libello
3356 3874 3495 3944 (83')
3514 3875 3581 3929 ab
3602 3890 3708 3944 apo-

2155 3964 2311 4020 stolis
2338 3964 2541 4019 dictum
2570 3982 2586 4019 :
2618 3984 2635 4017 ι
2672 3965 2867 4020 Beatus
2898 3975 2982 4020 est
3010 3966 3101 4035 qui
3133 3967 3297 4021 etiam
3314 3967 3523 4037 jejunat
3546 3983 3707 4037 proco

2157 4069 2214 4111 nt
2242 4058 2354 4113 alat
2385 4071 2738 4128 pauperem.»
2777 4059 2945 4128 Hujus
2970 4057 3238 4129 jejunium
3269 4062 3428 4115 valde
3450 4071 3703 4130 acceptum

2151 4158 2234 4204 est
2271 4152 2412 4221 apud
2461 4150 2670 4216 Deum,
2727 4162 2783 4204 et
2832 4166 3020 4205 revera
3080 4151 3243 4220 digne
3290 4153 3449 4209 satis.
3483 4151 3703 4207 Imitatur

2150 4242 2295 4298 enim
2332 4242 2502 4306 illum,
2529 4242 2621 4312 qui
2653 4242 2888 4295 animam
2924 4257 3077 4301 suam
3120 4244 3303 4312 posuit
3331 4258 3434 4312 pro
3467 4243 3703 4298 fratribus

2153 4334 2287 4389 suis.
2329 4332 2470 4400 Quid
2520 4347 2652 4402 ergo
2699 4333 2977 4387 veteribus
3015 4335 3209 4399 pannis
3242 4349 3383 4389 nova
3419 4336 3699 4388 indumenta

2152 4426 2482 4481 miscemus?
2523 4424 2660 4492 Quid
2699 4425 2753 4479 in
2802 4436 2954 4480 utres
2999 4436 3206 4481 veteres
3238 4428 3506 4482 mittimus
3542 4428 3701 4480 vinum

2153 4518 2394 4573 novum?
2432 4536 2451 4569 ι
2489 4518 2684 4573 Vetera
2720 4518 3080 4581 transierunt,
3111 4532 3243 4573 ecce
3270 4519 3416 4574 facta
3452 4530 3575 4575 sunt
3602 4534 3707 4572 om-

2154 4610 2244 4663 nia
2277 4625 2414 4664 nova
2445 4609 2525 4674 ⁹³,
2562 4628 2581 4660 ι
2643 4624 2739 4679 per
2785 4609 3059 4663 Christum
3106 4608 3408 4678 ,Domiunm
3461 4621 3707 4671 nostrum,

2153 4706 2238 4760 cui
2269 4712 2353 4759 est
2402 4702 2574 4774 gloria
2627 4713 2682 4757 et
2721 4702 3006 4772 imperium
3052 4702 3103 4755 in
3146 4701 3345 4756 steeula
3382 4703 3703 4758 saeculorum.

2148 4803 2341 4856 Amen.

2307 4900 2350 4929 ¹⁵
2378 4896 2394 4949 Ι
2421 4896 2550 4949 Cor.
2581 4909 2629 4953 ν,
2672 4892 2722 4944 7.

2398 4967 2441 4998 ²¹
2474 4964 2680 5019 Coloss.
2741 4979 2823 5027 ut,
2856 4963 2901 5015 1.

3367 4894 3407 4923 ⁸⁷
3428 4892 3610 4944 Matth.
3637 4904 3703 4949 ιι.

3368 5006 3384 5014 -
3421 4964 3505 5014 15.
3605 4962 3644 4991 ³³
3670 4958 3709 5014 11

2839 4893 2882 4923 ¹⁶
2917 4892 3014 4947 lsa.
3044 4909 3191 4951 Lvtn.
3228 4892 3281 4945 5.

3000 4966 3043 4994 ³²
3074 4966 3262 5017 Matth.
3306 4980 3385 5029 ix,
3421 4964 3505 5017 l5.

2155 5142 2210 5187 et
2235 5132 2459 5201 jejuniis
2488 5130 2881 5201 paraseevem?
2911 5149 2930 5182 ι
2967 5128 3182 5201 Etcap.
3215 5127 3289 5181 2:
3330 5148 3349 5179 ι
3385 5130 3475 5183 Sic
3504 5138 3563 5201 et
3591 5143 3708 5195 apo.

2153 5199 2322 5257 stolos
2350 5199 2692 5265 observasse,
2746 5201 2948 5253 nullum
2988 5200 3131 5252 aliud
3165 5199 3507 5268 imponentes
3530 5200 3703 5267 jugqu

2150 5284 2465 5337 certorum,
2514 5282 2569 5326 et
2614 5274 2665 5325 in
2718 5284 3008 5324 commune
3042 5270 3293 5323 omnibus
3344 5271 3702 5325 obeundarum

2140 5342 2473 5411 jejuniorum
2496 5360 2509 5396 :
2529 5343 2757 5413 proinde
2774 5356 2873 5393 nec
2888 5340 3203 5413 stationum,
3223 5354 3345 5407 qua:
3370 5351 3424 5394 et
3450 5343 3701 5413 ips:n_s_oos

2145 5408 2371 5484 quidem
2389 5413 2504 5468 dies
2529 5408 2791 5476 habeant,
2816 5422 3025 5478 quarta:
3057 5410 3202 5484 ferite
3230 5422 3285 5463 et
3315 5408 3531 5484 sextans
3559 5408 3699 5475 Ejus-

2143 5480 2264 5538 dem
2301 5482 2493 5551 jejunii
2546 5484 2885 5551 mentioiest
2933 5481 3072 5549 apud
3106 5480 3467 5551 ljlpiphanium
3515 5482 3693 5533 δίετες.

2138 5549 2473 5619 ωιχνζιιιιιιι.
2500 5553 2553 5616 6,
2579 5563 2633 5607 et
2660 5556 2708 5605 in
2736 5550 3075 5620 Expositione
3098 5549 3224 5617 ﬁdei
3245 5550 3531 5620 catholiat,
3556 5559 3689 5599 nuru.

2139 5624 2245 5687 εἰς
2287 5618 2412 5678 item
2462 5624 2601 5693 apud
2641 5624 2776 5678 alios
2820 5618 3017 5692 passim
3070 5628 3284 5676 veteres
3338 5631 3441 5674 tam
3485 5618 3687 5674 Graeci

2144 5710 2309 5764 quam
2340 5693 2582 5747 Latinos.

2212 5764 2351 5835 (83‘)
2376 5764 2720 5835 Apocryplto.

2212 5828 2534 5903 (διγρουεί
2559 5828 2873 5905 Εἰιηεετυι..
2912 5852 2931 5885 ι
2968 5832 3200 5888 Domini.
3230 5850 3250 5887 ι
3284 5835 3349 5888 Et
3375 5828 3523 5903 paulo
3545 5830 3681 5895 post.

2145 5922 2165 5958 ι
2206 5907 2405 5967 quidve
2433 5904 2697 5975 designet
2721 5904 2776 5959 ln
2818 5904 3172 5975 Scripturis.»
