3876 6526
217 336 322 392 5ἓ9

797 458 1079 518 HOMIUA
1123 462 1209 519 ΧΙ.

205 562 282 615 De
320 580 380 616 eo
418 566 557 633 quod
592 568 847 635 scriptum
886 580 960 646 est
999 587 1018 625 :
1042 591 1081 646 Δι
1125 570 1311 646 Sancti
1346 582 1535 639 estote,
1578 573 1704 646 quia
1739 581 1792 631 et

364 651 458 704 ego
495 647 709 693 sanctus
743 655 861 694 sum
897 641 1152 697 Dominus
1190 643 1331 699 Deus
1366 654 1550 700 vester.
1590 641 1620 697 ⁷»

282 750 336 805 l.
373 749 560 820 Nuper
591 751 641 806 in
675 752 897 811 auribus
934 755 1187 812 Ecclesiae
1213 760 1473 815 recitatus
1498 770 1581 817 est
1608 776 1787 819 sermo

208 842 306 897 Dei
354 842 490 915 (84),
538 843 726 901 dicens
757 848 804 879 ³⁵
845 866 858 902 :
910 868 931 902 ι
969 850 1153 905 Estote
1200 852 1380 907 sancti
1425 856 1551 922 quia
1588 864 1643 909 et
1687 871 1787 925 ego

208 944 441 989 sanctus
482 951 600 992 sum
654 937 916 994 Dominus
949 941 1091 997 Deus
1119 953 1322 999 vester.
1363 963 1382 997 ι
1416 946 1618 1001 Nomen
1680 949 1787 1006 hoc

211 1045 232 1078 ι
276 1037 521 1097 sanctus,
562 1049 581 1082 ι
638 1032 767 1101 quid
808 1031 911 1087 sibi
952 1033 1104 1101 velit,
1152 1035 1351 1103 quidve
1405 1038 1678 1105 significet
1729 1043 1783 1096 in

206 1116 515 1190 Scripturis
549 1123 773 1185 divinis.
801 1124 1112 1194 diligentius
1166 1128 1549 1197 requirendum
1591 1141 1696 1197 est,
1729 1145 1787 1191 ut

206 1227 335 1266 cum
371 1214 479 1268 vim
509 1216 659 1271 verbi
694 1217 1063 1287 didicerimus,
1110 1221 1273 1277 etiam
1301 1236 1436 1291 opus
1462 1222 1580 1291 ejus
1608 1228 1782 1296 possi-

203 1319 331 1360 llllls
361 1306 605 1377 implere.
638 1307 1040 1379 Congregemus
1071 1327 1203 1383 ergo
1253 1313 1319 1368 de
1362 1313 1665 1385 Scripturis
1704 1320 1786 1375 di-

203 1394 377 1459 vinis,
409 1412 574 1465 super
605 1400 801 1467 quibus
827 1412 1073 1457 sanctum
1104 1405 1210 1460 dici
1239 1405 1568 1475 invenimus,
1595 1420 1649 1466 et
1683 1416 1780 1468 de-

200 1489 609 1554 prehendemus
646 1493 759 1562 (85)
811 1510 915 1549 non
953 1496 1125 1551 solum
1160 1499 1431 1564 homines,
1483 1504 1577 1558 sed
1618 1505 1782 1560 etiam

201 1590 358 1634 muta
391 1582 648 1638 animalia
686 1596 874 1642 sancta
908 1590 1199 1658 appellata,
1235 1592 1546 1651 invenimus
1570 1605 1626 1651 et
1652 1612 1781 1653 vasa

202 1670 495 1725 ministerii
520 1683 705 1729 sancta
736 1677 992 1741 vocitata,
1014 1688 1068 1733 et
1091 1682 1411 1737 vestimenta
1440 1693 1625 1740 sancta
1653 1687 1782 1755 dici,

201 1768 259 1813 et
290 1761 409 1817 loca
442 1764 817 1837 nihilominus,
848 1784 968 1838 qua:
1000 1772 1052 1824 in
1087 1773 1315 1829 urbibus
1340 1776 1425 1831 vel
1452 1778 1782 1835 suburbibus

200 1856 384 1922 posita
441 1868 606 1925 sunt,
662 1870 718 1917 et
767 1866 1149 1922 sacerdotibus
1180 1869 1435 1939 deputata
1476 1889 1489 1924 :
1522 1886 1587 1926 ex
1621 1873 1786 1928 mutis

198 1947 425 2015 quidem
457 1952 780 2008 animalibus
812 1956 1174 2026 primogenita
1202 1963 1385 2027 boum,
1418 1964 1501 2017 Vcl
1530 1981 1784 2035 pecorum

200 2039 539 2096 sanctificari
573 2059 670 2113 per
700 2046 871 2115 legem
907 2048 1134 2104 Domino
1156 2050 1436 2121 jubentur,
1463 2065 1517 2109 et
1550 2057 1783 2111 dicitur:

197 2127 282 2183 Ne
307 2130 481 2186 facias
529 2135 580 2190 in
630 2138 711 2193 eis
740 2154 875 2207 opus
905 2139 1068 2194 ullum
1102 2145 1223 2211 quia
1262 2144 1494 2201 Domino
1534 2150 1784 2204 sanctifi-

194 2232 326 2274 cata
387 2234 536 2279 sunt.
594 2226 770 2297 Super
804 2232 949 2285 vasis
984 2247 1144 2300 vero,
1178 2248 1302 2288 cum
1338 2237 1391 2292 in
1429 2239 1784 2296 tabernaculo

199 2312 506 2368 testimonii
543 2333 671 2371 vasa
706 2320 1016 2389 ministerii,
1049 2323 1356 2391 thuribnla,
1413 2329 1494 2381 vel
1546 2330 1769 2399 phialae,

196 2404 290 2458 vel
332 2416 523 2462 caetera
577 2411 887 2480 hujusmodi
939 2428 1104 2481 vasa,
1160 2426 1352 2472 sancta
1416 2420 1774 2489 appellantur.

196 2494 381 2566 Super
412 2502 771 2569 vestimentis,
803 2507 971 2560 etiam
1006 2507 1141 2561 stola
1181 2510 1461 2579 pontificis
1492 2515 1676 2569 Aaron
1729 2526 1785 2572 et

194 2594 392 2646 tunica
433 2594 572 2649 linea
604 2635 620 2659 ,
685 2607 740 2651 et
795 2608 994 2654 caetera
1044 2600 1358 2669 huiusmodi
1420 2608 1780 2674 vestimenta,

193 2693 393 2740 sancta
416 2687 688 2743 dicuntur.
724 2689 782 2746 Si
811 2706 941 2762 ergo
976 2693 1288 2749 intueamur
1320 2712 1428 2767 quo
1457 2714 1619 2755 sensu
1668 2703 1783 2756 haec

192 2778 388 2832 omnia
420 2791 610 2835 sancta
646 2795 835 2838 vocata
892 2794 1057 2851 sunt,
1117 2790 1469 2847 advertemus
1507 2797 1781 2861 quomodo

189 2872 367 2924 etiam
400 2888 500 2927 nos
537 2876 665 2931 dare
692 2892 915 2946 operam
944 2880 1235 2937 debeamus
1266 2921 1282 2944 ,
1327 2894 1384 2937 ut
1437 2887 1609 2941 sancti
1662 2903 1782 2944 esse

190 2965 495 3032 possimus.
545 2967 717 3025 Natus
762 2981 847 3026 est
880 2973 1011 3028 mihi
1044 2976 1438 3046 primogenitus
1494 2981 1594 3035 bos
1620 3022 1635 3046 ,
1673 2997 1777 3037 non

190 3055 337 3110 mihi
397 3057 525 3114 licet
595 3076 863 3131 occupare
932 3079 1054 3120 eum
1116 3067 1183 3121 ad
1234 3083 1371 3137 opus
1441 3085 1777 3129 commune:

184 3158 283 3201 est
334 3151 479 3203 enim
553 3151 781 3208 Domino
835 3168 1239 3225 consecratus,
1293 3172 1350 3216 et
1406 3162 1527 3219 ideo
1580 3165 1849 3240 diciturc

184 3251 448 3300 sanctus.
508 3243 862 3314 lntelligimus
913 3264 1043 3318 ergo
1092 3266 1159 3303 ex
1214 3253 1317 3307 hoc
1368 3266 1517 3308 muto
1568 3257 1776 3312 anima-

182 3329 254 3393 li,
295 3334 572 3401 quomodo
613 3334 695 3390 lex
747 3340 889 3404 quod
953 3351 1202 3394 sanctum
1267 3344 1381 3397 vult
1436 3359 1599 3411 esse,
1648 3349 1776 3402 nulli

176 3423 286 3477 alii
346 3425 398 3479 id
457 3426 734 3483 deservire
783 3430 977 3500 jubet,
1044 3434 1149 3488 nisi
1210 3434 1441 3492 Domino
1486 3440 1607 3495 soli.
1669 3442 1775 3497 lte-

180 3531 320 3570 rum
377 3526 596 3587 pateras
642 3520 726 3575 vel
790 3523 1001 3591 phialas
1046 3538 1183 3594 quas
1222 3527 1355 3582 dicit
1397 3540 1637 3595 sanctas,
1674 3532 1778 3587 illa;

176 3620 322 3665 sunt
345 3626 465 3680 quae
482 3628 758 3685 nunquam
792 3614 1047 3685 jubentur
1071 3618 1223 3673 exire
1262 3620 1327 3674 de
1361 3622 1578 3691 templo,
1613 3619 1775 3696 2’47

176 3703 284 3757 sed
317 3718 439 3758 esse
468 3720 682 3771 semper
710 3706 763 3760 in
796 3709 1020 3775 sanctis,
1046 3724 1145 3765 nec
1179 3710 1300 3766 ullis
1324 3714 1544 3781 penitus
1577 3717 1777 3772 Imma-

178 3796 274 3850 nis
306 3796 499 3852 usibus
543 3799 872 3853 miuistrare.
917 3800 1182 3857 Similiter
1218 3813 1273 3859 et
1300 3806 1620 3862 vestimenta
1653 3825 1776 3879 qua:

176 3898 383 3943 sancta
415 3891 788 3959 nominantur,
814 3906 916 3945 non
946 3890 1205 3959 jubentur
1230 3895 1371 3949 intra
1402 3899 1620 3953 douunn
1654 3903 1771 3957 usui

174 3979 473 4034 deservire
502 3981 792 4051 pontiﬁcis,
823 3983 916 4038 sed
949 3983 1001 4035 in
1035 3984 1233 4053 templo
1262 3998 1402 4051 esse,
1427 3998 1481 4043 ct
1510 3990 1632 4045 inde
1657 4007 1774 4046 om-

174 4069 325 4123 nino
343 4086 615 4141 nunquam
641 4072 843 4139 efferri,
872 4073 966 4129 sed
996 4075 1062 4128 ad
1090 4077 1190 4129 hoc
1218 4083 1422 4131 tantum
1458 4094 1771 4138 consecrata

170 4180 315 4220 esse
346 4205 359 4229 ,
398 4175 455 4218 ut
486 4165 566 4220 eis
609 4165 719 4221 Deo
770 4168 1087 4223 ministrans
1136 4169 1380 4237 pontifex
1413 4170 1688 4240 induatur,
1719 4186 1772 4232 et

173 4259 301 4311 sint
337 4271 551 4324 semper
580 4257 633 4313 in
667 4261 888 4330 templo,
927 4260 994 4315 ad
1024 4267 1253 4315 caeteros
1288 4277 1417 4317 vero
1448 4281 1581 4319 usus
1617 4282 1769 4322 com-

174 4367 409 4417 munes,
440 4362 624 4406 utatur
654 4356 1029 4413 communibus
1058 4359 1407 4414 indumentis.
1435 4358 1697 4414 Similiter
1719 4368 1773 4414 et

170 4446 416 4515 pateris,
443 4461 507 4500 ac
557 4447 755 4516 phialis
800 4449 884 4503 his
920 4465 1041 4519 quas
1068 4458 1272 4504 sanctae
1299 4451 1668 4521 appellantur,
1702 4453 1769 4507 ad

1402 341 1472 397 ΙΝ
1506 340 1881 398 LEVITICUM
1920 339 2207 397 HOMILIA
2242 338 2329 394 XI.

1827 471 1870 525 Α
1902 472 1957 517 et
1995 463 2285 518 mundanis
2334 463 2567 535 negotiis
2623 462 2914 534 obligatis,
2972 481 3076 521 non
3110 481 3361 537 quaerens
3410 484 3477 525 ea

3367 345 3479 402 550

1896 569 2015 623 qua:
2041 570 2204 625 super
2238 565 2465 620 terram.
2493 559 2587 615 sed
2618 573 2738 629 qua:
2771 559 2822 614 in
2849 559 3007 616 ctelis
3034 570 3162 616 sunt
3188 576 3203 627 ;
3232 561 3335 616 iste
3357 575 3473 615 me-

1897 647 2003 701 rito
2038 658 2259 704 sanctus
2296 650 2617 721 appellatur.
2660 653 2841 710 Donec
2873 654 3018 709 enim
3063 652 3358 723 permistus
3387 662 3475 709 est

1898 740 2111 805 turbis.
2148 751 2203 797 et
2256 743 2308 796 in
2363 742 2706 800 multitudine
2750 743 3131 801 ﬂuctuantium
3170 745 3471 812 volutatur,
3528 824 3531 825 ν

1894 848 1999 891 nec
2033 846 2192 889 vacat
2223 835 2320 890 soli
2350 836 2492 901 Deo,
2542 852 2718 907 neque
2755 848 3069 909 segregatus
3106 854 3138 893 a
3170 838 3332 907 vulgo
3361 845 3469 903 est,

1897 943 2006 984 non
2039 938 2217 999 potest
2251 945 2371 985 esse
2395 942 2635 987 sanctus.
2666 932 2800 986 Nam
2838 933 2904 987 de
2930 933 3011 988 eis
3040 932 3172 1003 quid
3205 932 3468 997 dicemus,

1895 1023 1988 1092 qui
2020 1038 2143 1078 cum
2176 1023 2457 1094 gentilium
2502 1025 2677 1081 turbis
2710 1026 2776 1079 ad
2821 1025 3131 1095 spectacula
3172 1033 3467 1089 maturant,

1895 1127 1950 1173 et
1978 1126 2307 1186 conspectus
2336 1112 2657 1188 suos’atque
2694 1118 2914 1173 auditus
2942 1118 3229 1188 impudicis
3259 1129 3313 1173 et
3344 1134 3470 1171 ver-

1895 1210 1980 1267 bis
2003 1220 2059 1265 et
2078 1212 2290 1267 actibus
2314 1210 2562 1267 fmdant?
2592 1211 2706 1267 Non
2738 1219 2823 1266 est
2848 1221 3091 1267 nostrum
3117 1210 3470 1280 pronuntiare

1893 1302 1963 1357 de
2001 1303 2218 1358 talibus.
2272 1302 2375 1372 Ipsi
2425 1304 2569 1358 enim
2618 1303 2858 1369 sentire,
2916 1312 2971 1359 et
3012 1302 3201 1357 videre
3243 1311 3470 1372 possunt

1892 1408 2055 1464 quam
2076 1394 2177 1448 sibi
2203 1393 2508 1465 delegerint
2532 1410 2595 1464 pa
2606 1403 2763 1450 rtem.
2788 1392 2869 1449 Tu
2895 1409 3026 1465 ergo
3040 1395 3132 1464 qui
3160 1396 3271 1450 haec
3291 1394 3468 1460 audis,

1893 1485 1984 1538 cui
2026 1484 2108 1539 lex
2144 1486 2322 1540 divina
2353 1489 2621 1542 recitatur
2644 1486 2778 1559 (86),
2799 1501 2959 1556 quem
2988 1486 3156 1555 ipsius
3183 1484 3346 1542 etiam
3374 1485 3467 1538 Dei

1893 1591 2072 1633 sermo
2104 1582 2361 1635 convenit
2395 1583 2583 1637 dicens
2628 1602 2641 1637 :
2694 1600 2713 1634 ι
2755 1582 2943 1639 Sancti
2984 1590 3197 1645 estote,
3239 1579 3366 1650 quia
3412 1586 3469 1633 et

1892 1685 1993 1740 ego
2023 1680 2246 1728 sanctus
2272 1686 2392 1728 sum
2416 1674 2675 1730 Dominus
2706 1675 2849 1731 Deus
2871 1685 3054 1731 vester
3079 1693 3092 1742 ;
3134 1693 3154 1727 ι
3185 1672 3466 1742 sapienter

1897 1762 2135 1833 intellige
2157 1777 2279 1833 qua-
2305 1764 2581 1831 dicuntur,
2602 1777 2660 1823 ut
2678 1769 2755 1823 sis
2781 1768 2974 1823 beatus
2999 1780 3122 1822 cum
3156 1763 3357 1821 feceris
3380 1777 3464 1819 ea.

1818 1835 1859 1895 Β
1892 1853 2005 1909 Hoc
2031 1864 2114 1911 est
2141 1856 2285 1911 enim
2324 1858 2465 1926 quod
2502 1858 2698 1915 dicitur
2729 1861 2823 1917 tibi
2860 1875 2875 1915 :
2904 1860 3109 1931 Separa
3141 1870 3193 1916 te
3219 1859 3286 1915 ab
3316 1859 3465 1914 omni

1890 1963 1994 2002 non
2032 1949 2206 2003 solum
2240 1950 2496 2017 homine,
2534 1953 2627 2007 sed
2670 1960 2726 2009 et
2772 1953 2940 2009 fratre
2986 1953 3227 2022 inquiete
3271 1952 3464 2006 ambu-

1889 2040 2065 2104 lante,
2119 2050 2173 2097 et
2218 2058 2322 2097 non
2374 2045 2673 2100 secundum
2730 2046 3056 2103 traditiones
3113 2043 3460 2114 apostolicae.

1893 2152 1911 2186 ι
1954 2135 2293 2203 Separamini
2328 2137 2529 2191 etenim
2565 2138 2659 2207 qui
2702 2139 2938 2208 portatis
2963 2177 2979 2203 ,
3014 2136 3190 2207 inquit
3212 2136 3259 2168 ”
3287 2177 3302 2204 ,
3334 2149 3463 2189 vasa

1888 2225 2124 2294 Domini,
2159 2238 2214 2284 et
2247 2227 2395 2283 exite
2421 2229 2486 2283 de
2512 2230 2690 2285 medio
2720 2244 2931 2295 eorum,
2966 2249 2984 2281 ι
3012 2229 3145 2283 dicit
3175 2227 3458 2282 Dominus.

1888 2322 2093 2394 Separa
2125 2333 2178 2380 te
2207 2342 2235 2380 a
2268 2322 2499 2380 terrenis
2532 2325 2739 2380 actibus
2762 2366 2778 2393 ,
2825 2340 3017 2395 separa
3060 2333 3110 2378 te
3142 2338 3170 2377 a
3202 2321 3465 2390 concupi-

1886 2422 2091 2471 scentia
2129 2419 2313 2474 mundi
2350 2438 2364 2473 :
2407 2438 2425 2470 ι
2463 2419 2638 2475 Omne
2666 2418 2810 2473 enim
2863 2417 3005 2487 quod
3043 2417 3094 2470 in
3133 2416 3332 2469 mundo
3354 2423 3462 2479 est.

1885 2511 2183 2566 secundum
2218 2512 2519 2584 apostolum
2549 2512 2616 2577 “,
2659 2510 3099 2580 concupiscentia
3131 2508 3314 2565 carnis
3358 2514 3460 2567 est,

1885 2614 1939 2654 et
1964 2603 2408 2673 concupiscentia
2442 2605 2761 2669 oculorum,
2798 2619 2920 2673 quae
2949 2617 3055 2656 non
3090 2610 3171 2656 est
3209 2616 3238 2655 a
3271 2601 3398 2654 Deo.
3430 2616 3455 2650 ι

1884 2692 2019 2748 Cum
2056 2709 2186 2764 ergo
2225 2696 2568 2765 separaveris
2615 2706 2667 2750 te
2693 2697 2762 2750 ab
2797 2696 2883 2751 his
2930 2692 3222 2761 omnibus,
3255 2691 3463 2746 devove

1886 2794 1939 2841 te
1964 2786 2072 2841 Deo
2101 2796 2355 2856 tanquam
2388 2788 2809 2858 primogenitum
2843 2785 3097 2851 vitulum,
3126 2800 3232 2838 non
3265 2796 3461 2851 opere-

1887 2884 1976 2930 tur
2004 2891 2100 2945 per
2132 2887 2183 2931 te
2209 2888 2514 2948 peccatum,
2554 2894 2652 2934 nec
2672 2880 2856 2948 iugum
2896 2876 2991 2930 tibi
3027 2875 3272 2944 imponat
3304 2872 3461 2927 mali-

1886 2970 1999 3034 tia;
2029 2970 2123 3026 sed
2157 2981 2277 3026 esto
2305 2982 2576 3037 semotus,
2608 2981 2663 3026 et
2708 2980 3063 3041 segregatus,
3104 2968 3289 3023 usibus
3335 2977 3457 3021 tan-

1886 3073 1995 3116 tutu
2028 3064 2458 3121 sacerdotalibus
2477 3108 2492 3132 ,
2529 3075 2782 3134 tanquam
2810 3062 3226 3134 primogenitum
3256 3058 3459 3115 anima;

1887 3157 2244 3227 mancipatus.
2287 3157 2521 3229 Segrega
2569 3167 2620 3211 te
2649 3166 2703 3212 et
2751 3170 2980 3212 secerne
3025 3153 3160 3224 (87),
3196 3162 3454 3221 tanquam

1883 3248 2080 3318 phiala:
2106 3258 2308 3304 sanctae
2328 3293 2341 3317 ,
2387 3259 2439 3303 et
2468 3257 2652 3305 sancta
2686 3249 2955 3303 thuribnla
2984 3288 2998 3312 ,
3048 3246 3217 3302 solius
3269 3244 3456 3314 templi

1882 3339 2069 3395 usibus
2099 3350 2153 3395 et
2182 3342 2273 3396 Dei
2304 3341 2607 3395 ministerio
2633 3355 2849 3395 vacans.
2897 3340 3101 3408 Separa
3148 3348 3199 3391 tc
3220 3377 3235 3401 ,
3280 3348 3334 3392 et
3368 3353 3455 3393 se-

1882 3446 2039 3485 move
2070 3432 2139 3485 ab
2173 3432 2319 3487 omni
2358 3431 2653 3500 pollutione
2678 3429 2886 3500 peccati
2913 3469 2929 3493 ,
2976 3436 3032 3482 et
3064 3435 3182 3482 esto
3214 3439 3455 3483 semotus

1879 3534 1936 3577 et
1974 3532 2286 3593 segregatus
2323 3524 2466 3578 intra
2500 3522 2757 3592 templum
2790 3522 2925 3588 Dei,
2961 3532 3216 3593 tanquam
3261 3533 3452 3579 sancta

1880 3618 2193 3672 indumenta
2224 3617 2521 3686 pontificis.
2548 3617 2603 3671 ln
2636 3617 2832 3686 templo
2867 3633 3103 3687 namque
3130 3618 3223 3673 Dei
3255 3628 3339 3674 est
3366 3633 3452 3672 se-

1877 3718 2133 3779 gregatus
2163 3717 2217 3764 et
2247 3717 2530 3778 separatus
2564 3709 2651 3764 ille
2679 3711 2768 3780 qui
2804 3711 2858 3764 in
2891 3710 3010 3780 lege
3035 3710 3131 3765 Dei
3162 3710 3455 3781 meditatur

1878 3802 1964 3856 die
1989 3817 2053 3856 ac
2081 3811 2239 3856 nocte
2264 3841 2278 3866 ,
2307 3810 2360 3856 et
2388 3800 2484 3870 qui
2519 3801 2573 3856 in
2613 3801 2883 3857 mandatis
2926 3802 3043 3871 ejus
3076 3802 3225 3871 cupit
3264 3800 3449 3856 nimis.

1883 3912 1902 3945 ι
1937 3893 2126 3948 Sancti
2157 3910 2285 3965 ergo
2327 3904 2540 3958 estote,
2585 3895 2717 3949 dicit
2762 3895 3019 3950 Dominus
3042 3935 3059 3962 ,
3106 3895 3233 3964 quia
3269 3904 3323 3947 et
3350 3908 3453 3963 ego

1875 3997 2097 4043 sanctus
2136 4004 2278 4043 sum.
2327 4005 2347 4038 ι
2402 3988 2540 4054 Quid
2593 3998 2715 4056 est,
2764 4007 2783 4040 ι
2838 3988 2965 4057 quia
3008 3997 3065 4042 et
3097 4001 3196 4058 ego
3226 3996 3448 4041 sanctus

1877 4080 2039 4132 smn?
2068 4098 2087 4131 ι
2118 4078 2273 4133 Sicut
2300 4094 2420 4149 ego,
2456 4079 2646 4149 inquit,
2678 4090 2991 4150 segregatus
3022 4096 3162 4144 sum,
3188 4090 3261 4149 let
3291 4079 3451 4148 longe

1875 4183 2159 4239 separatus
2191 4172 2258 4227 ab
2280 4171 2529 4227 utitttibus
2570 4187 2690 4241 qua:
2719 4174 3033 4238 adorantur,
3062 4172 3145 4227 vel
3170 4170 3448 4235 coluntur,

1874 4264 1987 4317 sive
2017 4264 2069 4316 in
2104 4272 2243 4316 terra
2279 4264 2393 4317 sive
2422 4264 2475 4317 in
2502 4264 2639 4319 coelo
2666 4280 2681 4318 :
2707 4265 2964 4332 sicutcgo
2988 4264 3194 4319 excedo
3224 4276 3442 4317 omnem

1874 4367 2204 4423 creaturam,
2232 4365 2396 4427 atque
2420 4357 2486 4411 ab
2514 4357 2785 4412 universis
2807 4373 2926 4427 quite
2957 4373 2983 4410 a
3016 4372 3099 4411 me
3127 4358 3268 4410 facta
3297 4366 3449 4424 sunt.

1874 4460 2170 4517 segregor;
2219 4448 2293 4502 ita
2342 4457 2397 4504 et
2422 4463 2518 4505 vos
2558 4451 2823 4521 segregati
2858 4460 3034 4504 estote
3072 4450 3139 4503 ab
3168 4450 3444 4513 omnibus,

172 4539 463 4591 humanos
495 4546 549 4592 et
582 4552 898 4595 communes
925 4556 1053 4595 usus
1088 4543 1165 4594 uti
1199 4556 1309 4597 non
1345 4544 1490 4609 licet,
1525 4546 1619 4600 sed
1650 4554 1766 4600 tan-
1802 4531 1845 4585 Ῐ)
1873 4541 1963 4610 qui
1993 4555 2098 4595 non
2132 4549 2262 4596 Sllnl
2283 4542 2490 4607 8300“.
2529 4559 2628 4597 nec
2660 4544 2769 4597 Deo
2800 4543 2988 4598 ἀίοθῑίο
3017 4541 3316 4612 .Sesregari
3349 4557 3448 4596 θυ-

171 4640 304 4682 tnm
333 4630 401 4683 ad
428 4631 607 4684 divina
648 4631 978 4688 ministeria.
1015 4633 1165 4700 Quod
1205 4637 1250 4691 si
1287 4637 1595 4694 intellexiSti
1627 4656 1765 4707 quo-

169 4721 351 4774 modo
381 4721 464 4775 vel
492 4723 712 4787 animal,
731 4723 816 4778 vel
845 4740 960 4790 vas,
996 4726 1079 4781 vel
1108 4731 1490 4785 vestimentum
1518 4742 1765 4787 sanctum

164 4812 521 4883 appellatur,
553 4828 950 4886 consequenter
991 4819 1237 4891 intellige
1267 4825 1412 4891 quod
1458 4824 1542 4878 his
1576 4824 1766 4880 obser-

166 4906 503 4961 vationibus
534 4915 590 4962 et
617 4907 825 4979 legibus
864 4912 1030 4965 etiam
1077 4914 1239 4968 homo
1280 4925 1500 4971 sanctus
1526 4917 1766 4986 appelle-

160 5013 289 5057 tur.
335 5001 393 5057 Si
431 5001 553 5072 quis
586 5003 730 5058 enim
771 5005 1011 5074 seipsum
1065 5007 1349 5064 devoverit
1378 5009 1488 5065 Deo
1517 5030 1530 5065 :
1561 5011 1604 5065 si
1641 5013 1765 5081 quis

161 5095 346 5152 nullis
383 5112 442 5151 se
492 5099 723 5168 negotiis
780 5101 1140 5157 saecularibus
1189 5102 1564 5172 implicaverit,
1602 5114 1660 5158 ut
1709 5104 1758 5158 ei

160 5189 403 5260 placeat
432 5190 519 5245 cui
555 5206 613 5245 se
640 5193 911 5259 probavit,
942 5194 986 5247 si
1019 5195 1140 5265 quis
1170 5205 1454 5265 separatus
1480 5207 1562 5251 est
1592 5206 1646 5251 et
1671 5210 1760 5250 se-

160 5293 441 5355 gregatus
471 5299 501 5338 a
536 5284 756 5355 reliquis
782 5287 1095 5344 hominibus
1116 5289 1408 5345 carnaliter
1433 5291 1759 5354 viventibus.

242 5477 298 5509 “
335 5476 508 5533 Levit.
545 5493 639 5543 xx,
673 5476 762 5531 "26,
836 5478 881 5508 ’³
912 5477 1016 5532 lsa.
1050 5492 1144 5544 ιιι,
1172 5479 1259 5532 li.
1332 5477 1419 5531 ’⁸1
1450 5477 1606 5532 Joan.
1640 5493 1699 5544 ll,
1730 5477 1818 5532 16.

252 5662 374 5735 (85)
412 5660 540 5735 Mss.
565 5705 579 5727 ,
611 5679 629 5711 ί
661 5660 1156 5730 deprehendemus.
1185 5680 1203 5712 ι
1232 5658 1386 5715 Libb.
1413 5659 1566 5726 editi,
1605 5678 1623 5711 ε
1658 5660 1753 5715 de-

158 5733 586 5813 ντεέέξεξιιιιὲιηῑιε·
616 5750 675 5813 »κ
1150 5803 1161 5813 .
1213 5802 1225 5813 .
1352 5802 1383 5813 ..
1429 5803 1439 5813 .
1658 5800 1665 5808 .

250 5804 368 5876 (86)
410 5803 594 5859 Codex
644 5804 969 5874 Sangetm.,
1026 5824 1044 5856 ς
1079 5803 1165 5859 cui
1211 5802 1295 5858 lex
1334 5802 1514 5857 divina
1560 5802 1758 5856 recita-

1879 4641 1984 4687 tem
2013 4632 2244 4688 dicimus
2272 4650 2376 4688 non
2423 4634 2557 4690 locis
2584 4637 2677 4690 sed
2715 4635 2942 4700 actibus,
2975 4649 3073 4689 nec
3111 4634 3449 4703 regionibus,

1873 4727 1969 4779 sed
2018 4726 2547 4781 conversationibus.
2595 4727 2838 4796 Denique
2884 4736 2937 4781 et
2997 4729 3112 4795 ipse
3161 4742 3341 4781 sermo
3390 4726 3446 4781 in

1872 4818 2058 4873 Grazca
2092 4819 2297 4889 lingua,
2331 4819 2475 4889 quod
2508 4819 2711 4874 dicitur
2745 4819 2931 4889 ἅγιος,
2958 4819 3113 4889 quasi
3146 4826 3302 4874 extra
3330 4826 3445 4874 ter-

1873 4927 1986 4966 ram
2020 4927 2143 4966 esse
2166 4911 2455 4981 significat.
2489 4912 2806 4982 Quicunque
2830 4913 2974 4967 enim
2999 4927 3058 4968 se
3081 4925 3444 4968 consecrave-

1871 5005 1942 5059 rit
1972 5005 2082 5060 Deo
2103 5045 2118 5069 ,
2148 5007 2340 5061 merito
2368 5014 2522 5061 extra
2560 5014 2796 5071 terram,
2824 5013 2978 5058 extra
3008 5003 3267 5057 mundum
3294 5003 3447 5057 vide-

1871 5100 2062 5155 bitur:
2094 5107 2271 5169 potest
2316 5101 2460 5154 enim
2503 5111 2558 5155 et
2603 5100 2720 5170 ipse
2757 5099 2944 5154 dicere
2982 5098 3201 5166 :Super
3245 5105 3446 5151 terram

1871 5193 2215 5251 ambulantes
2237 5235 2251 5260 ,
2282 5192 2750 5249 conversationem
2783 5190 2836 5245 in
2888 5189 3043 5246 caelis
3086 5188 3351 5243 habemus
3375 5186 3444 5239 ’⁷.

1874 5289 2131 5344 Salomon
2187 5302 2404 5359 quoque
2463 5287 2518 5341 in
2575 5284 2883 5340 Proverbiis
2941 5282 3072 5337 dicit
3108 5281 3211 5335 ”:
3272 5299 3292 5332 ι
3338 5277 3444 5333 La-

1898 5478 1941 5508 "
1978 5476 2173 5547 Philip.
2208 5492 2291 5539 ιιι,
2316 5475 2404 5529 20.
2481 5473 2528 5506 ’⁸
2561 5473 2721 5527 Prov.
2758 5487 2849 5536 xx,
2886 5470 2973 5523 25η

1872 5670 1981 5711 tur.
2017 5675 2036 5707 ι
2080 5655 2215 5709 Tres
2263 5654 2351 5707 alii
2407 5669 2536 5708 mss.
2565 5694 2579 5715 ,
2632 5670 2649 5702 ι
2683 5652 2770 5705 cui
2816 5652 2930 5703 hazc
2976 5645 3159 5702 divina
3207 5644 3441 5702 recitau-

1870 5739 1975 5781 tur.
2032 5745 2051 5777 ι
2096 5725 2255 5781 Libb.
2312 5724 2481 5784 editi,
2521 5741 2539 5774 ι
2570 5739 2689 5775 cum
2714 5722 2797 5773 lex
2850 5719 3031 5774 divina
3085 5716 3379 5773 recitatur.
3407 5730 3439 5770 ον

1936 5796 2047 5868 (87)
2076 5795 2231 5864 Mss,
2261 5815 2279 5848 t
2314 5809 2599 5865 segregare
2623 5800 2675 5847 cl
2706 5802 3010 5847 secernere.
3041 5805 3065 5843 ι
