3876 6512
481 327 580 383 531

1942 316 2260 377 ORlGENlS
3632 305 3711 360 53!

481 459 657 515 quens
697 449 779 497 est
824 442 943 496 vlro
990 440 1114 495 forti
1173 440 1280 495 cito
1328 440 1530 510 aliquid
1589 441 1655 498 de
1702 443 1814 498 suis
1863 443 2066 496 sancti-
2095 446 2141 500 Α
2173 449 2252 494 rct
2298 452 2454 508 pcena
2495 453 2600 490 non
2637 435 2812 489 fuerat
2847 433 3165 504 ascriptum.
3207 431 3357 486 Nunc
3389 445 3521 500 ergo
3554 429 3712 481 eadem

482 536 667 590 ﬁeare.
707 553 725 586 ι
761 533 951 588 Postea
988 533 1131 587 enim
1170 549 1328 602 quam
1365 536 1572 587 voverit
1600 576 1616 599 ,
1669 536 1846 589 evenit
1882 536 2055 605 poeni-

482 637 618 682 tere.
655 626 717 680 Et
751 627 851 680 hoc
890 633 970 679 est
1020 625 1209 692 utique
1257 627 1401 694 quod
1445 625 1577 679 dicit
1608 641 1622 679 ι
1655 625 1731 680 Ne
1765 627 1885 695 quis
1916 626 2057 680 forte

482 735 603 773 cum
655 719 864 772 fructus
904 733 970 770 ex
1023 732 1148 769 area
1179 757 1194 783 ,
1228 727 1315 769 aut
1355 717 1536 770 vinum
1589 731 1651 771 ex
1697 718 2056 770 torrula:ihus

480 811 708 880 colligit,
731 819 784 863 et
813 808 1039 863 dixerit:
1064 807 1196 862 Volo
1227 819 1433 861 tantum
1464 807 1657 863 offerre
1682 809 1952 872 Ecclesiae,
1976 809 2056 862 vel

478 896 534 951 in
563 913 718 951 usum
753 913 1050 967 pauperum
1081 910 1173 950 aut
1217 898 1622 966 peregrinorum
1665 909 1873 952 lanlttm
1915 915 2050 968 pra:-

477 987 606 1042 bere
635 1002 650 1039 :
681 988 724 1042 si
777 998 963 1058 postea
995 1003 1060 1040 cx
1095 988 1180 1041 his
1223 1004 1342 1057 quae
1376 997 1530 1042 vovet
1577 989 1778 1058 aliquid
1815 989 1880 1043 ad
1926 1005 2056 1045 usus

477 1076 729 1147 proprios
761 1087 1078 1146 praesumat,
1104 1077 1214 1146 jam
1243 1093 1345 1130 non
1381 1079 1446 1132 de
1478 1078 1593 1132 suis
1631 1078 1897 1133 fructibus
1924 1095 2056 1148 pra:-

476 1169 730 1234 sumpsit,
770 1169 862 1222 sed
895 1177 1082 1222 sancta
1122 1167 1212 1221 Dei
1267 1167 1510 1223 violavit.
1553 1172 1617 1224 Et
1670 1171 1789 1224 ideo
1831 1170 2057 1239 laqueus

475 1259 638 1313 fortis
666 1268 748 1313 est
791 1261 1131 1315 sanetilicare
1166 1262 1387 1332 aliquid,
1428 1263 1528 1316 hoc
1561 1273 1646 1317 est
1698 1277 1890 1318 vovere
1926 1263 2052 1329 Deo,

476 1362 534 1404 et
561 1352 906 1419 postmodum
945 1353 1260 1420 pmnitentia
1297 1355 1515 1409 ductmn
1549 1355 1614 1406 ad
1642 1369 1771 1408 usus
1804 1353 2054 1422 proprios

478 1459 543 1498 ea
575 1459 697 1514 qum
719 1455 1139 1499 consecraverat
1171 1461 1449 1500 revocare.
1481 1445 1586 1500 Sed
1617 1455 1672 1500 et
1709 1447 1754 1499 si
1787 1461 1883 1500 nos
1912 1445 2056 1514 ipsos

479 1547 864 1589 consecramus
897 1542 951 1588 et
1001 1535 1282 1589 olferimus
1335 1536 1477 1598 Deo,
1514 1545 1604 1588 aut
1651 1540 1813 1589 etiam
1848 1535 1892 1588 si
1919 1537 2056 1589 alios

475 1628 1122 1691 vovemus,obscrvemus
1155 1628 1297 1682 hunc
1331 1629 1604 1696 laquemn,
1634 1643 1699 1682 ne
1739 1627 1875 1681 forte
1909 1636 2054 1697 post-

478 1734 705 1788 eaquam
755 1735 852 1774 nos
883 1718 989 1771 Deo
1042 1720 1368 1785 voverimus,
1408 1720 1598 1773 iterum
1634 1718 1884 1772 humanis
1935 1719 2051 1771 usi-

2167 542 2482 600 repetuntur
2505 569 2522 593 ,
2557 540 2613 584 et
2650 528 3070 596 uniuscujusque
3102 540 3258 594 ptena
3302 525 3513 594 peccati
3554 524 3712 576 decer-

2165 626 2350 678 nitur:
2384 632 2438 677 et
2468 623 2590 675 ideo
2631 622 2745 674 haec
2789 630 2933 674 recte
2973 618 3395 684 iustiﬁcationes
3450 625 3507 669 et
3538 613 3715 680 judicia

2164 714 2520 785 appellantur,
2557 714 2758 783 quibus
2783 714 2926 782 quod
2962 711 3167 781 justum
3198 719 3283 764 est
3319 708 3565 776 recipere
3601 705 3718 772 judi-

2164 817 2319 863 catur
2365 807 2452 860 ille
2499 808 2590 874 qui
2627 814 2842 875 peccat.
2872 806 2978 858 Sed
3017 806 3230 857 intuere
3257 802 3512 855 ordinem
3554 797 3719 851 divin:

2164 901 2462 969 sapientiae,
2505 916 2611 956 non
2657 903 2916 955 continuo
2943 913 3133 969 pinnas
3158 914 3282 953 cum
3316 897 3513 966 primis
3559 895 3719 948 statuit

2163 994 2470 1063 praeceptis.
2499 992 2622 1046 Vult
2650 992 2868 1047 enimut
2901 1008 3006 1046 non
3043 1000 3186 1045 metu
3217 1005 3412 1060 preme,
3442 988 3541 1041 sed
3562 1002 3718 1040 amore

2163 1085 2402 1156 pietatis,
2440 1086 2608 1154 patris
2639 1094 2903 1155 praecepta
2939 1083 3254 1147 custodias;
3289 1081 3384 1136 sed
3421 1080 3466 1132 si
3499 1089 3716 1133 content-

2162 1175 2357 1246 pseris,
2387 1190 2492 1228 non
2524 1184 2629 1228 tam
2647 1173 2846 1228 homini
2870 1173 3004 1241 jam,
3025 1191 3187 1243 quam
3209 1170 3579 1238 contemptori
3600 1185 3720 1220 nian-

2164 1268 2324 1320 datur
2362 1282 2540 1335 pmna.
2587 1265 2772 1320 Primo
2803 1281 2934 1332 ergo
2979 1266 3311 1336 benignitate
3339 1262 3654 1332 provocaris
3679 1271 3723 1315 ut

2164 1357 2306 1412 filius
2330 1358 2416 1410 3‘:
2453 1376 2470 1408 ι
2515 1358 2625 1427 Ego
2651 1357 2794 1409 enim
2830 1357 2937 1410 dixi
2965 1371 2978 1408 :
3011 1356 3089 1408 Dii
3123 1356 3283 1420 estis,
3315 1365 3369 1406 et
3399 1352 3495 1405 ﬁlii
3538 1350 3722 1403 Excelsi

2161 1463 2370 1501 Omnes.
2411 1465 2429 1498 ι
2462 1447 2612 1514 Quod
2647 1448 2691 1502 si
2729 1448 2868 1501 filius
2894 1462 3014 1500 esse
3047 1448 3308 1499 obediens
3337 1463 3444 1497 non
3477 1445 3585 1506 vis,
3615 1459 3724 1496 cen-

2166 1547 2395 1606 temptor
2435 1539 2688 1606 plecteris
2741 1549 2799 1592 ut
2848 1553 3066 1592 servus.
3117 1537 3244 1590 Post
3298 1538 3414 1590 inec
3472 1535 3606 1588 dicit
3640 1533 3723 1587 ":

2170 1649 2187 1680 ι
2227 1629 2291 1684 Ει
2323 1631 2366 1685 si
2393 1631 2516 1700 quis
2547 1631 2829 1686 dormierit
2864 1647 2983 1684 cum
3037 1647 3174 1682 nuru
3221 1646 3314 1683 sua
3343 1673 3355 1696 ,
3418 1639 3596 1680 rnorte
3632 1644 3730 1679 rno-

2166 1723 2370 1774 riantur
2396 1724 2586 1784 ambo,
2621 1721 2951 1789 impietatem
2988 1720 3270 1782 fecerunt,
3310 1720 3386 1773 rei
3430 1729 3583 1772 sunt.
3621 1737 3637 1768 ι
3676 1717 3729 1771 Et

477 1812 582 1865 bus
619 1811 697 1864 vel
728 1813 939 1866 actibus
967 1813 1338 1881 subjugemur.
1379 1810 1546 1864 Vovet
1585 1821 1764 1864 autem
1807 1827 1865 1865 se
1893 1826 2060 1864 unus-
2091 1807 2131 1862 B
2163 1813 2258 1867 bas
2299 1813 2440 1881 leges
2472 1814 2548 1865 vel
2583 1815 2693 1866 haec
2727 1821 2990 1880 praecepta
3047 1810 3251 1879 absque
3282 1810 3461 1879 poenis
3498 1808 3728 1875 superius

479 1905 735 1971 quisque,
771 1905 916 1957 verbi
953 1904 1122 1972 gratia
1149 1943 1164 1965 ,
1202 1903 1346 1955 sicut
1382 1902 1622 1955 Nazarmi
1662 1902 1934 1955 faciebant
1963 1901 2059 1954 tri-

475 1991 604 2056 bus,
633 2003 726 2046 aut
755 2002 988 2062 quatuor
1009 2031 1024 2056 ,
1058 2002 1150 2045 aut
1179 2001 1312 2060 quot
1345 1993 1640 2061 placuisset
1667 1993 1824 2046 anuis
1859 1993 2055 2063 templo

477 2098 539 2138 se
567 2095 946 2139 consecrautes
975 2085 1089 2150 Dei,
1122 2093 1180 2138 ut
1206 2085 1278 2139 ibi
1317 2101 1530 2153 semper
1563 2095 1820 2138 vacarent
1865 2086 2054 2139 obser-

475 2182 667 2226 vantes
706 2173 794 2226 illa
843 2188 961 2242 qua:
1006 2175 1072 2228 de
1103 2172 1376 2228 Nazarans
1425 2176 1628 2243 scripta
1670 2183 1836 2228 sunt:
1876 2185 1933 2227 ut
1960 2190 2054 2228 co-

473 2281 621 2319 mam
644 2266 839 2336 capitis
872 2268 1168 2333 nutrirent,
1193 2282 1291 2323 nec
1321 2268 1639 2323 ascenderet
1674 2265 1872 2321 lerrum
1893 2283 2058 2335 super

474 2367 640 2426 caput
682 2371 870 2411 eorum
907 2367 1019 2411 toto
1055 2359 1166 2412 voti
1199 2361 1279 2413 Siti
1329 2368 1568 2428 tempore
1600 2358 1732 2429 (88),
1782 2368 1840 2412 ut
1873 2358 2053 2412 vinum

474 2463 584 2502 non
619 2449 1018 2518 contingerent,
1052 2464 1227 2520 neque
1268 2448 1466 2518 aliqnil
1499 2465 1565 2504 ex
1599 2449 1725 2510 vile,
1759 2457 1811 2502 et
1855 2458 2052 2501 caetera

475 2556 813 2612 quzecunquc
845 2545 1127 2612 complexa
1159 2544 1350 2598 fuisset
1384 2544 1488 2596 voti
1520 2542 1811 2612 professio.
1851 2541 1958 2596 Sed
2004 2550 2057 2594 et

478 2633 644 2687 alium
675 2636 798 2702 quis
830 2635 900 2688 ita
935 2647 1092 2688 vovet
1124 2635 1260 2701 Deo,
1296 2635 1431 2688 sicut
1463 2635 1617 2687 Anna
1660 2634 1789 2688 fecit
1826 2634 2054 2687 Samue-

477 2724 586 2778 lem
617 2744 629 2779 :
661 2733 786 2780 ante
821 2727 963 2779 enim
996 2743 1156 2795 quam
1193 2736 1540 2792 nasceretur,
1581 2728 1778 2781 obtulit
1812 2743 1932 2781 eum
1977 2729 2058 2781 di-

479 2832 608 2871 cens
637 2818 731 2870 3°:
780 2836 798 2870 ι
837 2819 899 2872 Et
947 2820 1086 2873 dabo
1129 2834 1250 2872 cmn
1302 2818 1524 2872 Domino
1569 2819 1754 2872 datum
1803 2818 2056 2874 omnibus

481 2911 673 2966 diebus
702 2913 824 2966 vita:
856 2929 986 2969 sum.
1029 2933 1048 2966 ι
1081 2913 1156 2967 Ex
1195 2914 1393 2983 quibus
1421 2913 1674 2968 omnibus
1715 2913 1924 2966 clarum
1953 2926 2052 2974 est,

481 3004 753 3071 quomodo
782 3006 1149 3076 unusquisque
1181 3015 1464 3070 nostrum,
1507 3005 1596 3074 qui
1635 3005 1746 3058 vult
1777 3021 1896 3060 esse
1928 3021 2050 3059 sau-

481 3105 622 3160 ctus,
651 3099 964 3152 consecrari
995 3098 1188 3152 debeat
1219 3098 1348 3163 Deo,
1387 3109 1441 3150 et
1481 3098 1641 3150 nullis
1673 3110 1931 3168 praeterea
1959 3112 2056 3152 ue-

480 3188 642 3261 gotiis
676 3188 761 3244 vel
794 3190 1004 3245 actibus
1055 3190 1147 3260 qui
1187 3191 1254 3245 ad
1287 3190 1456 3245 Deum
1507 3191 1729 3245 minime
1777 3191 2050 3260 pertinent

481 3284 763 3353 occupari.

552 3376 608 3429 2.
650 3375 775 3428 Post
815 3375 926 3430 haec
953 3377 1212 3446 scriptum
1245 3385 1327 3432 est
1371 3394 1385 3430 :
1424 3394 1442 3427 ι
1483 3374 1748 3441 Servate,
1783 3375 1959 3445 inquit
1988 3377 2057 3440 '°,

481 3477 750 3536 prmcepta
783 3483 899 3521 ritca
927 3478 980 3522 et
1011 3468 1172 3523 facite
1207 3482 1268 3522 ea
1299 3506 1314 3532 ,
1357 3483 1458 3537 ego
1493 3468 1750 3523 Dominus
1779 3483 1793 3532 ;
1833 3487 1850 3518 ι
1887 3477 1942 3521 et
1993 3468 2059 3522 iis

483 3559 634 3612 addit
663 3575 676 3612 :
716 3578 734 3611 ι
771 3560 964 3627 llomo,
998 3561 1160 3615 homo
1208 3561 1250 3615 si
1286 3561 1626 3615 maledixerit
1658 3571 1864 3631 patrem
1894 3561 2060 3632 248

478 3662 573 3706 aut
604 3662 830 3708 matrem
857 3667 1011 3707 suam
1034 3692 1049 3716 ,
1084 3654 1351 3706 moriatur
1389 3670 1404 3719 ;
1443 3671 1463 3705 ι
1498 3662 1552 3707 et
1593 3663 1712 3722 post
1743 3652 1908 3706 multa
1939 3668 2058 3722 qua:

479 3745 759 3814 prmcepit,
783 3745 979 3814 quibus
1001 3746 1161 3799 etiam
1185 3760 1376 3813 poenas
1402 3745 1864 3814 prmvaricationis
1889 3749 2059 3799 ascii~

482 3838 608 3903 psit,
641 3837 791 3890 addit
819 3837 870 3890 in
903 3837 1146 3891 clausula
1171 3836 1213 3867 ⁸¹
1244 3855 1258 3890 :
1295 3854 1313 3888 ι
1357 3836 1422 3890 Ει
1457 3845 1671 3892 servate
1704 3837 1885 3891 omnia
1924 3853 2060 3905 prae-

483 3936 642 3994 cepta
676 3943 818 3993 mea,
843 3938 897 3983 et
925 3929 1341 3999 justiﬁcatioues
1370 3945 1536 3998 meas,
1563 3943 1616 3985 et
1643 3931 1844 4001 judicia
1872 3948 2010 3987 mea.
2035 3951 2054 3985 ι

485 4017 638 4072 Unde
667 4030 719 4073 et
749 4036 1088 4090 consequens
1128 4023 1259 4078 mihi
1291 4023 1506 4079 videtur
1536 4025 1813 4093 requirere
1846 4025 1974 4095 quid
2008 4026 2058 4079 in

483 4111 569 4163 bis
587 4111 816 4183 singulis
844 4114 1134 4169 indicetur.
1173 4116 1434 4185 Equidem
1463 4118 1754 4172 secundum
1791 4119 1933 4186 quod
1963 4118 2061 4174 ob-

485 4220 704 4258 servare
733 4206 904 4274 potui,
936 4218 1263 4276 prteceptum
1292 4220 1372 4265 est
1393 4251 1408 4276 ,
1440 4211 1554 4266 sive
1589 4213 1898 4265 mandatum
1931 4213 2059 4267 illud

484 4297 667 4365 quod,
698 4299 844 4352 verbi
878 4301 1052 4369 gratia
1078 4339 1092 4365 ,
1129 4302 1180 4355 in
1220 4301 1488 4372 Decalogo
1521 4303 1716 4358 dicitur
1747 4305 1789 4335 “
1829 4322 1840 4358 :
1893 4325 1910 4357 ι
1945 4305 2058 4360 Non

482 4392 720 4457 occides,
758 4408 863 4445 non
900 4392 1236 4448 adulterabis
1277 4412 1291 4458 ;
1338 4414 1356 4446 ι
1398 4395 1500 4450 hoc
1537 4396 1681 4450 cnim
1717 4397 1890 4451 solum
1920 4415 2060 4467 pra:-

483 4483 722 4549 uipitur,
760 4494 814 4538 et
855 4499 962 4538 non
1014 4484 1309 4540 ascribitur
1358 4501 1517 4555 pmna
1567 4490 1864 4546 commissi.
1906 4489 2060 4544 Nunc

485 4589 662 4628 autem
700 4576 966 4630 iterantur
998 4577 1214 4647 quidem
1245 4580 1455 4643 eadem,
1485 4579 1683 4635 additis
1714 4581 1800 4636 his
1845 4583 2057 4650 pomis:

485 4670 686 4723 dicitur
713 4671 854 4724 enim
879 4671 955 4725 ³³ε
982 4690 999 4723 ι
1037 4670 1227 4739 Ιιοιιιο,
1259 4674 1418 4728 homo
1445 4675 1756 4745 quicunque
1785 4675 2059 4731 adultera-

485 4763 622 4815 vorit
655 4778 876 4818 uxorem
906 4765 1004 4818 viri
1031 4805 1046 4828 ,
1077 4774 1130 4821 et
1163 4781 1386 4820 uxorem
1438 4767 1671 4836 proximi
1719 4768 1841 4832 sui,
1888 4778 2061 4824 morte

487 4856 755 4909 moriatur
784 4855 828 4910 is
856 4859 952 4926 qui
989 4847 1296 4925 adulterat,
1335 4870 1388 4912 et
1431 4875 1550 4928 quae
1591 4861 1955 4916 adulteratur.
1996 4863 2063 4918 Et

486 4950 531 5001 si
564 4949 687 5017 quis
712 4949 994 5004 dormierit
1037 4965 1162 5005 cum
1196 4967 1365 5006 uxore
1397 4953 1567 5020 patris
1599 4953 1720 5018 sui,
1764 4955 2059 5023 turpitudi-

488 5059 614 5095 nem
647 5045 816 5112 patris
846 5045 926 5098 sui
957 5045 1192 5110 detexit,
1223 5056 1394 5099 morte
1429 5047 1729 5100 moriantur
1757 5048 1916 5102 ambo
1937 5090 1952 5113 ,
1981 5049 2061 5103 rei

485 5136 630 5186 enim
678 5143 825 5191 sunt.
865 5153 883 5188 ι
921 5135 995 5188 De
1034 5137 1116 5190 his
1149 5146 1330 5191 autem
1381 5137 1432 5190 in
1479 5137 1750 5205 prioribus
1793 5138 1906 5207 jam
1939 5143 2061 5195 data

489 5227 702 5280 fuerant
727 5237 1019 5298 praecepta,
1048 5227 1146 5282 sed
1184 5244 1289 5282 non
1317 5229 1694 5284 observantem
1730 5246 1849 5300 quae
1878 5247 2066 5288 mane-

556 5396 644 5450 “l
677 5395 809 5466 Reg.
839 5413 876 5456 ι.
914 5396 998 5449 ll.
1102 5395 1146 5426 ³ο
1181 5396 1352 5450 Levit.
1386 5413 1484 5459 xx,
1522 5397 1588 5459 8,
1622 5399 1673 5452 9.

487 5484 689 5529 LKXXII,
724 5465 781 5520 ϐξ
854 5467 897 5498 ³⁸
929 5467 1102 5522 chit.
1134 5483 1224 5534 xx,
1267 5468 1352 5522 1‘2.
1430 5467 1473 5498 ³⁸
1506 5467 1680 5522 Levit.
1712 5483 1864 5530 xvnt,
1899 5468 1984 5520 lii.

562 5647 673 5716 (88)
718 5645 845 5700 Mss.
891 5641 1248 5716 Cadomcnsis
1277 5681 1291 5706 ,
1335 5639 1776 5716 Gemeticensis_,
1806 5651 1876 5716 Δ(ξι
1930 5642 2061 5716 μετιε-

491 5709 712 5784 censis,
765 5736 782 5767 ι
843 5726 952 5780 toto
996 5715 1118 5768 vitae
1168 5728 1280 5768 suae
1336 5720 1601 5780 tempore.
1663 5730 1682 5763 ι
1740 5709 1878 5764 Infra
1930 5713 2058 5766 bbb.

1773 5397 1812 5428 ³¹
1849 5396 1975 5450 ibid.
2012 5394 2099 5448 29..

2061 5463 2104 5496 ³⁷
2139 5463 2302 5518 Hebr.
2336 5479 2385 5527 ιι,
2416 5464 2504 5528 9.8,
2535 5464 2623 5514 “29.

2166 1905 2390 1960 dederat
2430 1921 2443 1958 :
2498 1905 2709 1959 dixerat
2753 1905 2894 1957 enim
2933 1903 3020 1955 ³⁶;
3073 1921 3091 1953 ι
3131 1901 3552 1968 Turpitudinem
3584 1915 3731 1953 nonis

2161 2006 2265 2051 tua:
2298 2014 2402 2052 non
2447 1997 2713 2051 revelabis
2735 2038 2750 2060 ,
2775 1995 3031 2066 queniam
3077 2011 3214 2048 uxor
3246 1995 3339 2047 ﬁlii
3375 1993 3452 2046 tui
3490 2004 3610 2055 est,
3643 2008 3729 2044 non

2159 2088 2425 2143 revelabis
2458 2089 2844 2158 turpitudinem
2877 2089 3014 2157 ejus,
3052 2109 3069 2141 ι
3103 2097 3155 2140 et
3188 2085 3372 2139 omnia
3407 2101 3536 2153 qua:
3564 2084 3729 2137 subse-

2160 2194 2418 2248 quuntur.
2450 2181 2512 2234 Et
2544 2182 2686 2236 hunc
2712 2184 2890 2234 locum
2922 2180 3082 2235 simili
3111 2180 3270 2233 modo
3295 2178 3365 2232 ibi
3393 2178 3606 2244 absque
3625 2191 3730 2242 sup-

2161 2272 2363 2341 pliciis,
2403 2273 2488 2326 bic
2520 2289 2648 2327 vero
2688 2288 2809 2326 cum
2841 2273 3071 2326 diversis
3107 2270 3500 2340 suppliciormn
3541 2270 3732 2336 generi-

2160 2365 2261 2418 bus
2289 2365 2564 2434 ascripsit.
2590 2365 2711 2432 Quo
2735 2366 2786 2419 in
2821 2365 2943 2418 loco
2978 2367 3235 2418 recordor
3269 2364 3554 2418 sermonis
3584 2362 3726 2422 illius.

2161 2475 2321 2529 quem
2349 2461 2547 2515 beatus
2574 2459 2852 2529 apostolus
2876 2457 3073 2512 Paulus
3104 2456 3168 2511 ad
3207 2456 3472 2509 llcbrmos
3501 2457 3729 2509 scribens

2161 2553 2237 2606 ait.
2263 2553 2303 2583 ³⁷
2332 2571 2345 2607 :
2388 2572 2404 2604 ι
2441 2552 2655 2606 lrritam
2691 2551 2813 2620 quis
2847 2549 3051 2604 faciens
3077 2549 3244 2619 legem
3273 2547 3473 2618 Moysi,
3496 2549 3612 2600 sine
3636 2547 3725 2601 ulla

2162 2646 2510 2699 miseratione
2560 2644 2768 2698 duobus
2820 2651 2912 2695 aut
2963 2645 3139 2698 tribus
3189 2641 3427 2696 teStibus
3473 2641 3722 2694 moritur:

2161 2749 2363 2805 quando
2416 2735 2713 2804 majoribus
2761 2735 3042 2803 suppliciis
3087 2735 3282 2804 dignus
3314 2733 3616 2802 potabitur,
3645 2733 3723 2800 qui

2161 2826 2358 2881 Filium
2395 2826 2486 2879 Dei
2515 2824 2944 2887 couculeaverit,
2977 2833 3030 2878 et
3069 2824 3390 2894 sanguinem
3433 2822 3722 2876 testamenti

2161 2920 2422 2989 pollutum
2458 2919 2698 2984 duxerit,
2731 2919 2782 2972 in
2816 2935 2923 2988 quo
2953 2920 3324 2973 sanctiﬁcatns
3351 2928 3476 2981 est,
3506 2928 3558 2971 et
3583 2918 3723 2984 spiri-

2163 3009 2239 3062 tui
2282 3009 2470 3078 gratim
2518 3007 2902 3062 contumeliam
2955 3007 3145 3063 fecerit
3187 3008 3260 3061 ἳι
3311 3008 3421 3061 Sed
3472 3023 3628 3074 quam
3664 3009 3724 3059 ob

2161 3116 2380 3154 causam
2429 3100 2754 3153 mentionem
2805 3098 3022 3154 fecerim
3074 3098 3359 3168 scriptura:
3407 3097 3597 3164 hujus,
3643 3113 3700 3148 au

2159 3193 2353 3248 sculta.
2386 3192 2690 3247 Secundum
2731 3191 2898 3262 legem
2935 3192 3149 3245 adulter
3189 3203 3243 3245 et
3275 3191 3529 3244 adultera
3568 3201 3722 3244 morio

2158 3285 2556 3350 moriebantur,
2587 3297 2685 3337 nec
2717 3292 2968 3352 poterant
3013 3282 3195 3336 dicere
3234 3283 3615 3352 pcenitentiam
3644 3294 3721 3349 pe-

2161 3377 2366 3444 timus,
2404 3389 2459 3430 et
2490 3377 2702 3431 veniam
2756 3377 3132 3445 deprecamur.
3175 3373 3286 3429 Non
3320 3385 3442 3429 erat
3486 3374 3724 3442 lacryuds

2157 3471 2326 3535 locus,
2361 3487 2460 3526 nec
2492 3471 2860 3526 emendationi
2893 3470 2998 3523 tilla
3031 3473 3446 3526 concedebatur
3491 3470 3724 3528 facultas.

2157 3564 2256 3618 sed
2287 3564 2598 3618 omnimode
2627 3563 2804 3632 puniri
2839 3580 3061 3620 necesse
3097 3572 3213 3619 erat
3236 3603 3251 3627 ,
3284 3564 3376 3632 qui
3422 3563 3725 3616 incurrisset

2160 3655 2212 3709 in
2246 3655 2443 3724 legem.
2481 3654 2593 3710 lloc
2627 3665 2807 3710 autem
2837 3659 3157 3711 servabatur
3185 3664 3237 3709 et
3278 3657 3329 3709 in
3362 3655 3590 3722 singulis
3616 3654 3721 3721 qni-

2157 3747 2366 3816 busque
2404 3747 2726 3801 criminibus
2757 3748 2956 3816 quibus
2993 3759 3108 3801 erat
3154 3763 3309 3816 pcena
3347 3748 3544 3800 mortis
3573 3745 3722 3798 ascrio

2159 3854 2269 3911 pta.
2301 3840 2452 3910 Apud
2489 3841 2829 3895 Christianos
2858 3855 2985 3896 vero
3019 3841 3063 3894 si
3092 3841 3421 3894 adulterium
3459 3840 3618 3894 fuerit
3640 3839 3719 3890 ad-

2161 3934 2407 3998 miSsum,
2442 3949 2548 3987 non
2579 3941 2661 3986 est
2687 3943 3014 4003 praiceplum
3045 3943 3102 3987 ut
3136 3933 3350 3988 adulter
3377 3935 3462 3987 vel
3503 3933 3716 3986 adultera

2162 4025 2432 4096 corporali
2468 4025 2688 4077 interitu
2723 4027 3059 4093 puniantur:
3095 4039 3192 4077 nec
3236 4034 3481 4094 potestas
3512 4025 3625 4076 data
3651 4032 3718 4075 cst

2161 4120 2416 4190 episcopo
2454 4117 2710 4172 Ecclesiae
2739 4117 3040 4172 adulterum
3081 4119 3330 4186 praesenti
3385 4130 3560 4171 morte
3592 4116 3717 4167 datu-

2165 4225 2316 4272 nare,
2355 4209 2492 4261 sicut
2523 4218 2649 4261 tunc
2689 4210 2991 4262 secundum
3041 4207 3208 4277 legem
3247 4207 3410 4260 lit-bat
3447 4223 3473 4258 a
3522 4205 3716 4275 presby-

2167 4305 2296 4358 teris
2335 4302 2540 4372 populi.
2574 4301 2714 4368 Quid
2747 4301 2959 4372 igitur?
3002 4302 3244 4355 dicemus
3278 4302 3425 4370 quod
3463 4300 3541 4353 lex
3571 4298 3713 4366 Moysi

2164 4394 2398 4447 crudelis
2424 4393 2517 4457 sit,
2550 4407 2670 4460 qua:
2697 4389 2854 4459 jubet
2890 4392 3067 4461 puniri
3101 4391 3427 4451 adulterum,
3465 4389 3542 4442 vel
3583 4387 3712 4440 adut-

2091 4524 2135 4582 Β
2169 4499 2383 4552 teram;
2447 4493 2500 4538 et
2542 4485 2894 4554 Evangelium
2936 4483 3138 4539 Christi
3197 4499 3293 4552 per
3347 4480 3713 4549 indulgentiam

2167 4581 2385 4634 rcSolvit
2423 4578 2704 4632 auditores
2742 4578 2792 4632 in
2835 4579 3072 4632 deterius
3111 4578 3134 4629 ’ἰ
3176 4575 3288 4628 Non
3346 4577 3418 4628 ita
3465 4586 3560 4627 est.
3603 4571 3713 4624 Pro-

2164 4686 2348 4744 pterea
2390 4674 2533 4726 enim
2577 4684 2880 4725 sermonem
2923 4668 3068 4721 Pauli
3114 4667 3440 4737 protulimus
3489 4667 3537 4718 in
3585 4679 3715 4729 supe

2167 4767 2402 4820 rioribus
2461 4765 2750 4820 dicentis:
2810 4780 2827 4813 ι
2874 4762 3085 4827 Quanto
3147 4760 3314 4828 magis
3380 4754 3718 4810 deterioribus

2165 4859 2446 4928 suppliciis
2500 4859 2692 4927 dignus
2741 4865 2822 4910 est
2875 4855 2964 4922 qui
3008 4853 3202 4906 Filium
3245 4851 3336 4904 Dei
3381 4848 3715 4904 conculcave-

2165 4948 2313 5004 rit?»
2359 4960 2462 5004 etc.
2501 4949 2640 5004 Audi
2681 4963 2810 5018 ergo
2849 4943 3118 5015 quomodo
3162 4958 3338 5014 neque
3382 4954 3506 4995 t:;..c
3545 4941 3714 4994 crude-

2143 5028 2230 5102 Ilis
2285 5048 2448 5102 fuerit
2504 5046 2628 5110 lex,
2673 5061 2849 5113 neque
2910 5059 3051 5097 nunc
3111 5043 3433 5096 dissolutum
3492 5041 3716 5091 videatur

2168 5140 2512 5206 Evangelium
2553 5147 2772 5206 propter
2803 5137 2970 5189 veniae
3010 5135 3338 5204 largitatem,
3372 5133 3464 5186 sed
3508 5132 3555 5182 in
3586 5141 3717 5179 utro-

2167 5249 2274 5302 que
2309 5232 2400 5286 Dei
2435 5231 2745 5301 benignitas
2772 5229 2987 5283 diversa
3016 5227 3425 5296 dispensatione
3455 5229 3710 5276 teneatur:

2211 5392 2254 5423 ³²
2294 5392 2462 5446 Exod.
2503 5408 2599 5452 xx,
2640 5392 2723 5456 t5,
2759 5391 2842 5444 li.
2950 5391 2993 5422 ³³
3027 5392 3194 5447 LcyiL
3227 5410 3312 5456 xx,
3355 5396 3433 5448 ιο.
3527 5396 3566 5424 ει
3596 5389 3712 5446 [ιω.

2168 5642 2340 5701 editi,
2376 5659 2392 5690 ι
2445 5653 2817 5708 quascunque,
2869 5639 3040 5689 donec.
3086 5639 3352 5705 completa
3400 5637 3571 5690 fuisset
3602 5630 3691 5681 voti

2170 5712 2473 5780 professio,
2525 5728 2543 5762 ι
2574 5713 2666 5765 sed
2713 5724 2842 5763 mss.
2895 5725 3081 5762 omnes
3133 5719 3190 5760 ut
3243 5711 3295 5762 in
3343 5720 3516 5764 nostro
3545 5715 3682 5758 textu.
