3876 6516
186 290 275 347 533
1354 277 1417 330 ΙΝ
1458 276 1830 332 LEVITICUM
1868 274 2149 330 HOMILIA
2196 274 2283 328 XI.

3303 279 3406 334 53-1

193 409 279 464 hoc
301 396 429 471 quod
457 397 751 451 secundum
786 396 980 468 legem,
1014 397 1168 452 verbi
1198 412 1360 452 causa
1392 399 1604 452 adulter
1638 398 1716 453 vel
1749 403 1791 457 Α
1827 397 2004 451 dicem
2028 397 2234 467 justum
2267 410 2435 465 poeme
2461 397 2780 464 moderatio,
2812 413 2918 453 non
2950 397 3122 454 solum
3151 415 3249 469 pro
3270 413 3404 470 qua-

189 493 402 549 adultera
443 487 693 556 praesenti
733 497 911 541 n'torte
953 487 1285 556 puniebatur
1310 529 1326 552 ,
1366 497 1589 558 propter
1623 491 1724 544 hoc

191 591 338 657 ipsum
371 582 505 651 quod
536 580 748 648 peccati
795 579 878 634 sui
932 579 1152 649 pertulit
1196 595 1413 650 pcenam
1436 620 1451 646 ,
1489 590 1544 634 et
1576 597 1724 634 com--

188 678 318 736 missi
359 674 570 730 sceleris
624 674 853 726 exsolvit
896 672 1053 741 digna
1102 673 1388 742 supplicia.
1439 672 1578 740 Quid
1617 673 1725 727 erit

183 779 288 843 post
311 768 432 828 lucc,
463 766 605 834 quod
631 766 914 819 animabus
937 780 1124 819 eorum
1159 765 1380 820 ultionis
1420 765 1721 829 immineat,

183 865 220 918 si
260 859 382 915 nihil
423 857 568 912 aliud
600 858 942 927 deliquerunt
982 859 1006 912 ‘I
1045 860 1090 912 si
1125 858 1268 913 aliud
1298 869 1575 928 peccatum
1617 875 1720 912 non

182 964 247 1010 est
274 949 405 1021 quod
435 949 758 1002 condemnet
783 962 908 1014 eos,
941 949 1034 1002 sed
1071 949 1176 1003 hoc
1214 947 1390 1004 solum
1431 949 1724 1003 commise—

180 1053 308 1106 runt,
332 1050 382 1094 et
417 1050 541 1093 tunc
570 1048 776 1094 tantum
805 1056 926 1096 cum
959 1042 1130 1110 puniti
1175 1052 1337 1108 sunt,
1369 1049 1426 1096 et
1466 1042 1600 1112 legis
1628 1057 1724 1112 pro

179 1140 266 1193 hoc
296 1132 608 1203 supplicium
642 1133 1023 1203 pertulerunt?
1052 1134 1169 1189 Non
1197 1134 1500 1189 vindicabit
1533 1135 1719 1189 Domi—

174 1247 262 1286 nus
299 1228 375 1282 bis
436 1226 488 1280 in
553 1227 786 1294 idipsum
815 1267 830 1291 ,
881 1236 1202 1294 receperunt
1253 1229 1396 1282 enim
1440 1237 1721 1296 peccatum

175 1336 335 1385 suum,
358 1326 409 1372 et
441 1328 760 1386 consumpta
790 1326 875 1372 est
903 1318 1152 1374 criminis
1183 1332 1361 1388 poena.
1397 1319 1464 1371 Et
1489 1319 1608 1372 ideo
1644 1319 1722 1372 in-

171 1413 365 1467 venitur
389 1410 490 1463 hoc
533 1424 704 1479 genus
730 1411 984 1479 praecepti
1019 1426 1124 1465 non
1155 1410 1403 1477 crudele,
1439 1411 1580 1465 sicut
1613 1409 1723 1464 hae-

170 1501 308 1556 retici
352 1510 601 1554 asserunt
629 1511 952 1556 accusantes
1010 1501 1178 1571 legem
1214 1502 1344 1566 Dei,
1379 1511 1433 1556 et
1462 1510 1722 1572 negantes

169 1599 213 1650 in
256 1609 313 1648 ea
345 1593 693 1648 humanitatis
741 1594 944 1663 aliquid
997 1597 1306 1650 contineri:
1359 1595 1455 1652 sed
1503 1596 1718 1665 plenum

168 1683 533 1748 misericordia,
569 1684 776 1740 idcirco
816 1687 961 1755 quod
1003 1703 1100 1757 per
1145 1690 1249 1743 hoc
1290 1699 1616 1759 purgaretur
1651 1703 1716 1742 ex

1826 494 1999 556 litate,
2030 506 2215 544 verum
2249 492 2410 548 etiam
2447 507 2542 561 pro
2577 493 2904 561 quantitate.

1897 587 1948 638 '5.
1993 583 2140 638 luter
2167 593 2363 638 caetera
2393 600 2520 654 ergo
2549 597 2769 654 peccata
2807 601 2928 656 quas
2962 597 3134 642 morte
3165 588 3396 656 puniuno

1830 688 1935 742 tur,
1980 678 2148 734 relert
2179 679 2358 733 divina
2401 678 2486 732 lex
2511 676 2554 709 ⁸¹
2591 680 2734 748 quod
2776 689 2830 732 et
2867 696 2884 729 ι
2917 679 3006 748 qui
3054 678 3403 732 maledixcrit

1827 771 1968 838 patri
2013 781 2108 825 aut
2143 772 2325 838 matri,
2365 781 2544 825 morte
2582 770 2866 825 moriatur.
2896 789 2914 821 ι
2970 769 3180 824 Nomen
3231 770 3402 838 patris

1827 861 2030 928 grande
2079 862 2397 931 mysterium
2450 869 2567 925 est,
2609 870 2664 916 et
2703 875 2896 915 nomen
2945 861 3134 915 matris
3199 875 3397 914 arcana

1830 955 2131 1008 reverentia
2168 962 2269 1008 est.
2301 953 2460 1008 Pater
2492 953 2586 1008 tibi
2641 953 2938 1008 secundum
2968 954 3222 1024 spiritum
3259 955 3400 1009 Deus

1824 1057 1906 1101 est
1933 1063 1945 1101 :
1980 1056 2157 1102 mater
2187 1045 2486 1102 Jerusalem
2517 1045 2753 1100 cmlestis
2784 1055 2885 1102 est.
2915 1047 3251 1115 Pr0pheticis
3285 1047 3397 1102 [nec

1825 1142 1880 1186 et
1929 1135 2246 1202 apostolicis
2298 1135 2622 1190 testimoniis
2658 1135 2829 1191 disce.
2881 1135 2980 1192 llic
3029 1137 3142 1206 ipse
3188 1137 3398 1208 Moyses

1825 1225 2017 1278 scribit
2059 1226 2111 1279 in
2151 1228 2368 1281 cantico
2392 1228 2477 1280 δέ
2519 1245 2538 1277 ι
2564 1225 2755 1281 Nonne
2803 1228 2892 1282 hic
2925 1228 3040 1296 ipse
3087 1239 3239 1299 pater
3272 1238 3397 1284 tuus

1825 1316 2115 1385 acquisivit
2161 1318 2252 1371 te?
2276 1336 2293 1369 ι
2327 1318 2616 1387 Apostolus
2653 1333 2781 1372 vero
2816 1319 2948 1373 dicit
2988 1320 3054 1374 de
3097 1319 3396 1374 Jerusalem

1825 1407 2028 1462 cmlesti
2055 1409 2122 1476 "',
2153 1409 2278 1477 quia
2312 1428 2330 1460 ‹
2367 1409 2538 1464 libera
2569 1419 2673 1477 est,
2705 1425 2823 1479 qua:
2849 1422 2954 1474 est,
2994 1411 3196 1479 inquit,
3225 1421 3398 1464 mater

1824 1501 2070 1556 omnium
2099 1511 2403 1557 nostrum.»
2439 1501 2624 1557 Primo
2650 1516 2780 1571 ergo
2810 1503 2903 1556 tibi
2940 1511 3091 1571 pater
3123 1502 3262 1557 Deus
3290 1515 3394 1567 est,

1825 1595 1916 1662 qui
1947 1596 2132 1664 genuit
2174 1595 2420 1662 spiritum
2453 1605 2626 1657 tuum,
2663 1593 2754 1662 qui
2805 1602 2860 1648 ct
2893 1594 3028 1648 dicit
3051 1593 3136 1650 “:
3178 1613 3197 1647 ι
3229 1593 3397 1648 Filiae.

1825 1688 1986 1756 genui
2013 1695 2067 1742 et
2092 1687 2382 1741 exaltavi.»
2418 1687 2524 1740 Sed
2554 1695 2606 1740 et
2636 1685 2838 1742 Paulus
2866 1686 3144 1755 apostolus
3160 1685 3292 1740 dicit
3313 1687 3390 1741 "'z

165 1777 379 1850 peccatis
405 1777 636 1846 populus
660 1780 850 1847 magis,
878 1795 1038 1850 quam
1057 1781 1538 1835 condemnaretur.
1563 1779 1716 1835 Nunc
1748 1759 1790 1813 Β
1830 1794 1847 1827 ι
1875 1775 2323 1844 Obtemperemus
2356 1777 2494 1846 patri
2524 1777 2834 1846 spirituum,
2861 1787 2916 1832 et
2949 1779 3214 1833 vivemus.
3238 1797 3259 1831 ι
3297 1779 3394 1832 Sc-

162 1885 276 1924 vero
307 1885 406 1924 non
437 1869 668 1925 infertur
706 1885 865 1941 paena
893 1874 1144 1940 corpori,
1172 1888 1271 1928 nec
1305 1874 1557 1942 purgatio
1589 1889 1715 1942 pec-

161 1963 253 2015 cati
291 1976 380 2029 per
401 1963 690 2031 corporale
723 1963 1050 2032 supplicium
1080 1975 1314 2028 constat,
1342 1967 1435 2020 sed
1471 1981 1566 2036 per
1600 1983 1714 2037 pce~

158 2054 418 2107 nitentiam
443 2071 458 2120 ;
488 2069 649 2122 quam
679 2064 858 2108 utrum
883 2054 1004 2123 quis
1028 2056 1187 2124 digne
1215 2068 1390 2126 gerat,
1417 2058 1490 2113 ita
1514 2069 1570 2112 ut
1598 2075 1712 2113 me-

161 2145 252 2198 reri
279 2159 370 2211 pro
400 2159 463 2199 ea
498 2147 705 2199 veniam
729 2147 917 2214 possit,
945 2146 1148 2200 videto.
1183 2146 1333 2201 Multi
1369 2157 1496 2202 sunt
1541 2151 1710 2216 enim,

155 2235 235 2301 qui
268 2250 361 2288 nec
407 2236 475 2288 ad
522 2233 623 2288 hoc
660 2236 1027 2303 inclinantur,
1065 2253 1162 2291 nec
1195 2240 1527 2307 paenitentiae
1562 2242 1711 2297 refu-

154 2327 282 2396 gium
309 2335 561 2394 quzerunt
589 2343 604 2393 ;
649 2328 741 2382 sed
775 2344 896 2382 cum
932 2329 1272 2395 ceciderint,
1313 2347 1537 2400 surgere
1568 2333 1711 2388 ultra

157 2417 356 2481 nolunt,
389 2416 741 2472 delectantur
790 2421 842 2472 in
872 2434 937 2474 eo
969 2419 1083 2474 luto
1123 2437 1230 2490 quo
1273 2424 1530 2478 hazserint
1561 2426 1714 2480 volu-

156 2509 265 2562 tari.
301 2507 402 2562 Nos
438 2518 620 2563 tamen
656 2525 762 2563 non
813 2511 1190 2568 obliviscimur
1235 2516 1488 2586 praecepti
1542 2516 1705 2583 illius,

153 2615 247 2666 quo
279 2601 480 2655 dicitur
506 2602 549 2634 ³⁸
582 2620 594 2657 :
637 2622 654 2654 ι
687 2604 800 2670 Qua
837 2621 1086 2660 mensura
1126 2609 1299 2662 mensi
1345 2609 1591 2673 fueritis,
1619 2625 1713 2663 ea-

152 2693 258 2746 dem
285 2695 600 2750 remetietur
628 2697 802 2751 vobis.
835 2717 853 2750 ι
895 2698 1138 2755 Dicimus
1161 2701 1304 2754 enim
1336 2712 1390 2754 et
1415 2704 1481 2755 ad
1515 2700 1707 2766 Deum,

149 2787 381 2852 quoniam
407 2787 612 2842 dedisti
651 2807 669 2840 ι
709 2793 867 2850 nobis
898 2806 1091 2860 panem
1125 2793 1512 2862 lacrymarum,
1538 2804 1590 2848 et
1616 2809 1712 2863 po-

153 2878 263 2931 tasti
316 2893 412 2933 nos
464 2880 520 2933 in
574 2881 833 2952 lacrymis
883 2887 934 2938 in
975 2883 1371 2952 ,mensura3’J
1402 2884 1540 2940 Sunt
1578 2902 1708 2956 ergo

149 2969 238 3024 ista
273 2981 535 3038 peccata,
578 2989 699 3043 qua:
737 2974 994 3029 dicuntur
1031 2977 1098 3030 ad
1137 2984 1367 3031 mortem
1416 2993 1430 3030 :
1475 2977 1618 3032 unde
1654 2989 1710 3032 et

148 3077 470 3132 consequens
515 3074 632 3134 est,
671 3076 731 3120 ut
779 3069 991 3136 quoties
1039 3069 1378 3124 commiserit
1427 3071 1552 3138 quis
1595 3073 1702 3128 tale

148 3165 448 3222 peccatum,
499 3157 659 3212 toties
699 3160 986 3214 moriatur.
1021 3159 1221 3215 Multas
1252 3161 1395 3215 enim
1432 3178 1551 3218 esse
1579 3169 1706 3231 pec;

149 3251 242 3302 cati
282 3262 490 3304 mortes
529 3252 800 3319 signiﬁcat
841 3254 1006 3306 etiam
1037 3253 1314 3322 apostolus
1341 3254 1562 3320 Paulus,
1587 3271 1707 3310 cum

146 3341 322 3393 dicit“
356 3359 370 3395 :
415 3361 434 3394 ι
481 3344 584 3408 Qui
620 3344 685 3398 de
735 3347 898 3400 tantis
933 3347 1200 3402 mortibus
1237 3347 1441 3415 eripuit
1478 3363 1612 3414 nos,
1655 3359 1711 3402 et

143 3434 318 3500 eripit,
356 3435 404 3486 in
449 3450 564 3503 quo
603 3450 884 3504 speramus
925 3439 1052 3508 quia
1103 3448 1158 3493 et
1197 3440 1376 3493 adhuc
1425 3440 1636 3510 eripiet.
1684 3462 1702 3493 ι

145 3524 276 3592 Quas
323 3545 450 3598 ergo
511 3530 598 3583 hic
642 3539 841 3585 mortes
889 3531 1074 3599 plures
1114 3541 1542 3600 commemorat,
1602 3535 1704 3588 nisi

144 3634 482 3688 peccatorum
522 3622 544 3675 ?
580 3622 636 3676 Si
675 3624 818 3677 enim
859 3625 971 3678 haec
1011 3640 1116 3679 non
1157 3626 1367 3681 diceret
1406 3628 1472 3682 de
1527 3627 1711 3680 morti-

143 3714 234 3765 bus
271 3724 642 3780 peccatorum,
687 3716 971 3769 videbatur
1011 3715 1208 3772 Paulus
1249 3719 1546 3772 secundum
1587 3731 1709 3772 seu-

143 3808 354 3860 tentiam
409 3823 569 3862 suam
619 3807 946 3863 immortalis
997 3824 1118 3864 esse
1159 3825 1452 3865 mansurus
1492 3813 1561 3866 ab
1607 3812 1710 3865 bac

143 3901 398 3952 ronnnnni
429 3911 635 3964 morte,
654 3903 744 3971 qui
771 3902 930 3968 dicit,
957 3901 1081 3972 quia
1113 3920 1133 3954 ι
1161 3903 1226 3957 de
1250 3904 1415 3957 tantis
1441 3903 1707 3958 mortibus

138 3990 325 4058 eripuit
373 4005 477 4046 nos
509 4029 523 4054 ,
565 4001 620 4045 et
670 3992 871 4060 eripit,
917 3993 968 4046 in
1013 4007 1120 4062 quo
1155 4007 1438 4062 speramus
1481 3995 1606 4063 quia
1652 4002 1708 4048 et

141 4082 305 4136 adhuc
343 4084 564 4152 eripiet.
607 4102 627 4136 ι
669 4083 726 4138 Si
765 4085 908 4138 enim
948 4085 1177 4154 eripuit,
1219 4096 1273 4138 et
1309 4086 1524 4156 eripiet,
1567 4102 1705 4139 nunc

139 4187 284 4240 quam
350 4177 460 4228 crit
531 4177 748 4245 quando
835 4179 1099 4231 moriatur
1190 4193 1351 4248 quem
1446 4179 1708 4233 Dominus

135 4263 288 4334 249
328 4279 550 4335 semper
596 4268 811 4334 eripiet.
862 4268 926 4321 Et
976 4270 1094 4322 ideo
1139 4269 1438 4323 secundum
1488 4286 1549 4324 ca
1585 4287 1704 4340 qua:

137 4357 510 4424 diseussimus,
539 4359 831 4414 videndum
866 4370 949 4414 est
981 4375 1046 4415 ne
1077 4359 1219 4416 forte
1256 4360 1555 4430 aliquando
1591 4361 1702 4433 (89)

1822 1868 2002 1922 eundo
2032 1868 2126 1922 tibi
2175 1878 2330 1938 pater
2363 1877 2447 1922 est
2480 1869 2662 1923 carnis
2706 1879 2860 1937 pater
2891 1869 3045 1938 cujus
3086 1870 3393 1924 ministerio

1824 1959 1876 2013 in
1909 1975 2075 2015 carne
2106 1971 2265 2014 natus
2299 1975 2378 2023 es,
2418 1972 2579 2030 atque
2611 1961 2663 2014 in
2695 1961 2839 2017 hunc
2875 1961 3127 2018 mundum
3177 1963 3391 2028 venisti,

1821 2054 1911 2122 qui
1947 2063 1998 2108 te
2041 2056 2275 2122 portavit
2308 2055 2359 2109 in
2403 2053 2635 2109 lumbis:
2669 2057 2808 2110 sicut
2845 2056 3043 2110 dicitur
3064 2055 3109 2088 "
3133 2057 3199 2112 de
3235 2055 3394 2122 Levi,

1823 2150 1947 2217 quia
1987 2149 2038 2201 in
2086 2148 2282 2204 lumbis
2329 2157 2448 2203 erat
2498 2149 2676 2203 adhuc
2735 2149 3000 2213 Abrahae,
3041 2149 3256 2218 quando
3297 2164 3392 2204 oc-

1821 2241 1991 2293 currit
2017 2241 2064 2294 ei
2112 2239 2537 2306 Melchisedech,
2585 2259 2604 2292 ι
2635 2253 2885 2308 regresso
2921 2255 2950 2293 a
2989 2241 3136 2295 caede
3181 2257 3390 2312 regum,

1820 2339 1874 2383 et
1913 2331 2187 2384 benedixit
2224 2329 2484 2395 eum",i
2533 2339 2588 2385 et
2638 2330 2878 2384 decimas
2934 2333 3143 2400 accepit
3191 2333 3256 2385 ab
3304 2347 3388 2386 eo.

1820 2419 1952 2487 Quia
1982 2422 2145 2490 igitur
2181 2431 2287 2474 tam
2315 2429 2591 2476 sacratum
2632 2436 2828 2474 nomen
2859 2429 2940 2474 est
2975 2421 3166 2488 patris,
3197 2430 3249 2474 ct
3284 2429 3396 2474 tam

1821 2514 2154 2580 venerabile,
2183 2513 2385 2569 idcirco
2418 2514 2507 2583 qui
2543 2515 2888 2571 maledixerit
2920 2516 3060 2585 patri
3089 2523 3181 2568 aut
3209 2513 3390 2575 matri,

1821 2617 1998 2664 morte
2048 2610 2333 2662 morietur.
2387 2607 2596 2663 Similia
2645 2611 2808 2664 etiam
2853 2611 2918 2664 de
2969 2620 3147 2664 matre
3199 2607 3390 2662 existi-

1821 2701 2013 2756 manda
2058 2711 2205 2767 sunt,
2233 2700 2386 2768 cujus
2419 2701 2623 2766 labore,
2655 2702 2810 2770 cujus
2853 2717 3007 2766 cura,
3039 2702 3192 2771 cujus
3235 2699 3394 2753 mini-

1817 2787 2011 2852 sterio,
2054 2796 2109 2842 et
2144 2797 2324 2850 natus,
2367 2798 2421 2842 et
2452 2791 2692 2845 nutritus
2731 2805 2810 2844 es.
2842 2790 2906 2844 Et
2945 2791 3063 2845 ideo
3096 2796 3308 2859 oportet
3341 2797 3393 2843 te

1817 2882 2113 2936 secundum
2145 2882 2465 2950 Apostolum
2518 2899 2704 2954 parem
2761 2886 2989 2955 gratiam
3053 2884 3258 2938 referre
3297 2898 3392 2953 pa-

1817 2975 2080 3029 rentibus.
2112 2974 2169 3029 Si
2210 2975 2355 3030 enim
2386 2975 2808 3030 dehonoravcris
2851 2985 3059 3047 patrem
3092 2975 3388 3040 carnalem,

1818 3067 1974 3135 hujus
2012 3067 2338 3122 contumelia
2373 3068 2440 3122 ad
2481 3077 2685 3137 patrem
2730 3069 3018 3138 spirituum
3053 3067 3163 3140 (90)
3208 3069 3388 3135 redit;

1813 3169 1868 3215 et
1893 3161 1937 3215 si
1976 3159 2228 3228 injuriam
2273 3160 2470 3216 feceris
2505 3161 2664 3215 matri
2705 3162 2938 3226 carnali,
2975 3162 3042 3215 ad
3082 3161 3379 3214 illam’mav

1815 3259 1950 3306 trem
1999 3249 2304 3308 Jerusalem
2337 3251 2614 3306 eteleStem
2651 3253 2913 3307 redundat
2960 3252 3179 3321 injuria.
3214 3249 3304 3304 Sic
3336 3259 3391 3304 et

1813 3357 2002 3398 servus
2034 3345 2078 3398 si
2109 3345 2328 3398 domino
2367 3347 2677 3401 irreverens
2711 3347 2804 3410 sit,
2857 3362 2953 3416 per
3004 3345 3147 3399 hunc
3193 3360 3389 3413 corpu-

1814 3433 1981 3488 ralem
2024 3434 2322 3500 dominum,
2366 3435 2418 3490 in
2454 3438 2740 3490 Dominum
2773 3436 3071 3505 majestatis
3100 3444 3386 3490 contume-

1813 3523 1939 3578 liam
1969 3524 2160 3594 jactat.
2208 3525 2304 3580 Ille
2355 3527 2496 3580 enim
2544 3527 2670 3580 huic
2721 3526 2926 3580 carnali
2977 3525 3195 3578 domino
3233 3539 3388 3578 suum

1812 3633 2009 3672 nomen
2059 3619 2336 3688 imposuit.
2389 3619 2455 3673 Et
2499 3620 2617 3674 ideo
2663 3619 2812 3672 nullo
2851 3633 3050 3688 genere
3098 3617 3388 3671 adversum

1813 3720 2026 3778 patrem
2074 3721 2167 3764 aut
2198 3723 2450 3778 matrem,
2484 3728 2548 3766 ne
2581 3711 2747 3765 verbo
2796 3712 3034 3780 quidem,
3083 3708 3387 3763 habendum

1813 3811 2090 3856 certamen
2123 3811 2227 3870 est,
2262 3812 2354 3856 aut
2387 3804 2652 3858 movenda
2685 3801 3068 3857 contradictio.
3097 3799 3260 3854 Pater
3284 3806 3390 3862 est,

1814 3902 1988 3948 mater
2015 3903 2122 3960 est,
2150 3902 2207 3948 ut
2240 3895 2370 3964 ipsis
2405 3894 2643 3961 videtur,
2677 3903 2866 3964 agant,
2901 3893 3126 3959 faciant,
3157 3893 3384 3950 dicant:

1813 3983 1912 4053 ipsi
1964 3985 2237 4038 noverint.
2286 3984 2781 4055 Quantumcunque
2830 3985 3186 4039 detulerimus
3233 3985 3392 4040 obse-

1809 4077 1957 4144 quii,
2012 4079 2251 4130 nondum
2301 4079 2578 4131 reddimus
2616 4081 2785 4132 vicem
2823 4079 3031 4146 gratiae,
3064 4095 3168 4147 qua
3218 4079 3386 4148 geniti

1812 4185 2022 4235 sumus,
2051 4185 2153 4240 qua
2187 4168 2411 4238 portati,
2444 4185 2547 4239 qua
2587 4169 2868 4224 hausimus
2913 4170 3113 4239 lucem,
3147 4187 3251 4240 qua
3287 4187 3386 4224 nu-

1814 4264 1926 4317 triti
1978 4277 2199 4325 smnus,
2252 4261 2508 4315 fortassis
2559 4272 2614 4316 et
2646 4263 2876 4327 eruditi,
2920 4274 2972 4316 et
3009 4263 3248 4317 honestis
3299 4279 3389 4316 ar-

1813 4352 1956 4408 tibus
1994 4353 2250 4407 instituti.
2296 4352 2362 4405 Et
2406 4352 2536 4421 ipsis
2571 4353 2803 4409 fortasse
2856 4354 3168 4407 auctoribus
3217 4370 3387 4422 agun-

136 4448 292 4500 ctiam
333 4449 560 4518 gravius
589 4451 661 4504 sit
697 4451 875 4515 nobis,
905 4453 995 4521 qui
1033 4467 1130 4521 pro
1171 4463 1398 4521 peccato
1427 4453 1700 4507 communi
1737 4465 1780 4519 ι)
1812 4447 1986 4501 vimus
2020 4450 2206 4510 Deum,
2242 4455 2297 4500 et
2326 4445 2392 4498 ad
2422 4445 2722 4500 Ecclesium
2759 4447 2851 4500 Dei
2883 4447 3150 4506 venimus,
3183 4453 3236 4500 et
3267 4461 3388 4499 ser-

133 4538 230 4593 ltac
275 4552 454 4596 morte
490 4543 714 4599 minimc
745 4545 1022 4613 punimur,
1051 4562 1212 4613 quam
1258 4546 1360 4600 illis
1388 4561 1524 4614 quos
1570 4546 1704 4616 legis

131 4634 391 4687 sententia
441 4636 805 4704 corporaliter
863 4637 1262 4692 condemnabat
1307 4655 1322 4692 :
1371 4639 1497 4707 quia
1549 4638 1704 4693 nobis

133 4725 258 4778 nltio
291 4727 576 4794 reponitur
609 4728 659 4780 in
705 4726 982 4794 futurum,
1014 4730 1134 4783 illos
1170 4730 1526 4784 absolvebant
1555 4745 1704 4784 com-

133 4815 274 4870 missi
328 4821 412 4872 sui
477 4805 750 4888 persoluta
803 4820 1095 4889 supplicia.
1141 4820 1292 4892 Quod
1330 4831 1384 4876 et
1423 4822 1468 4875 si
1503 4822 1702 4890 aliquis

135 4919 212 4960 cst
245 4911 336 4978 qui
382 4912 527 4966 forte
579 4921 886 4980 praeventus
925 4924 1011 4967 est
1054 4914 1107 4966 in
1160 4911 1530 4980 hujuscemodi
1571 4929 1700 4984 pec-

130 5005 283 5066 catis,
314 5006 630 5059 admonitus
657 5021 799 5060 nunc
828 5006 992 5060 verbo
1027 5006 1142 5069 Dei,
1173 5009 1238 5059 ad
1272 5007 1536 5061 auxilium
1571 5024 1702 5062 con-

128 5090 292 5160 fugiat
337 5095 672 5160 pmnitentia:
710 5111 724 5146 :
756 5107 814 5149 ut
855 5097 899 5148 si
951 5095 1120 5149 semel
1164 5097 1417 5160 admisit,
1467 5099 1704 5153 secundo

129 5191 232 5230 non
267 5180 457 5246 faciat,
499 5191 593 5235 aut
624 5182 667 5236 si
695 5192 748 5236 et
783 5184 1042 5247 secundo,
1068 5185 1344 5238 autetiam
1381 5187 1542 5241 tertio
1571 5202 1706 5255 pra:-

131 5285 320 5326 vcutus
364 5286 481 5339 est,
533 5277 671 5329 ultra
725 5293 830 5331 non
884 5278 1068 5331 addat.
1131 5281 1224 5333 Est
1255 5281 1397 5335 enim
1437 5281 1575 5350 apud
1621 5281 1710 5349 jn-

197 5415 240 5446 ³⁸
264 5415 464 5470 Matth.
499 5433 590 5474 vtt.
611 5417 662 5471 9..

739 5418 784 5449 ³9
809 5417 951 5472 Psal.
985 5435 1171 5484 LXXIX,
1211 5422 1262 5476 (i.

127 5480 211 5538 26.
324 5487 372 5519 δ⁴
413 5488 518 5541 lsa.
549 5504 606 5553 ιι,
635 5491 690 5543 ‘2.

782 5487 824 5519 ⁵⁸
859 5489 1020 5542 Hebr.
1062 5507 1170 5557 xu,
1206 5493 1259 5546 9.
1352 5491 1398 5523 ⁸⁸
1435 5493 1570 5548 Gen.
1609 5509 1715 5546 xlv.

199 5646 313 5722 (89)
355 5648 540 5722 (index
573 5650 882 5722 Sangerm.,
922 5671 940 5703 ι
974 5653 1270 5719 aliquanto.
1297 5673 1316 5705 ι

1335 5423 1379 5452 ιθ
1411 5423 1450 5460 ΙΙ
1480 5423 1585 5460 (inv
1636 5439 1647 5460 ι
1708 5424 1725 5460 Ι

1411 5420 1450 5474 ΙΙ
1480 5422 1603 5476 Cor.
1636 5439 1670 5484 Ι,
1708 5424 1792 5477 10.
1881 5423 1921 5452 ⁸¹
1969 5421 2140 5475 Levit.
2168 5436 2261 5479 xx.

1435 5493 1570 5548 Gen.
1609 5509 1715 5546 xlv.
1789 5494 1833 5525 ⁸⁷
1875 5494 2038 5547 Hebr.
2067 5508 2175 5558 vn,
2220 5493 2270 5545 1.

1811 4551 2021 4590 monem
2058 4538 2257 4591 divinas
2289 4537 2423 4604 legis
2471 4535 2796 4590 audivimus.
2842 4534 3071 4605 Propter
3103 4537 3216 4589 hzec
3257 4549 3386 4604 ergo

1807 4629 2022 4694 omnia,
2076 4630 2384 4698 quicunque
2436 4626 2779 4682 maledixerit
2827 4631 3003 4697 patri,
3047 4635 3140 4680 aut
3185 4629 3383 4692 matri,

1811 4732 1984 4774 morte
2026 4723 2310 4774 morietur.
2339 4719 2490 4786 Quod
2537 4720 2583 4773 si
2627 4719 2740 4772 haec
2782 4720 2846 4772 de
2881 4718 3258 4787 corporalibus
3291 4732 3385 4786 pa-

1808 4813 2050 4867 rentibus
2085 4813 2474 4874 decernuntur,
2515 4810 2644 4879 quid
2678 4810 2754 4861 illi
2805 4809 3027 4871 fmient,
3077 4810 3167 4874 qui
3209 4811 3378 4862 Deum

1809 4905 2025 4960 Patrem
2058 4904 2340 4957 maledicis
2372 4902 2597 4956 vocibus
2641 4901 2952 4956 lacessunt?
2995 4903 3086 4970 qui
3134 4915 3256 4955 eum
3292 4917 3390 4954 ne-

1811 5005 1941 5066 gant
1998 4996 2331 5050 conditorem
2379 5009 2498 5049 esse
2533 4995 2715 5047 mundi
2762 5011 2776 5048 :
2827 5004 2920 5047 aut
2970 4994 3061 5062 qui
3107 4998 3383 5048 ccelcstem

1810 5089 2110 5145 Jerusalem
2146 5103 2266 5156 quae
2295 5096 2377 5142 est
2419 5097 2594 5139 mater
2622 5088 2870 5140 omnium
2916 5094 3194 5149 nostrum,
3245 5083 3388 5136 indi-

1813 5184 1934 5253 guis
1988 5184 2238 5238 sensibus
2305 5180 2669 5250 intelligentes
2722 5179 2864 5233 dicta
2922 5177 3274 5247 prophetica,
3319 5175 3385 5228 ad

1815 5279 2180 5332 conditionem
2232 5287 2462 5330 terrenae
2497 5277 2724 5346 alicujus
2756 5275 2904 5328 urbis
2936 5268 3248 5325 adducunt?
3286 5265 3388 5320 Bo-

1881 5423 1921 5452 ⁸¹
1969 5421 2140 5475 Levit.
2168 5436 2261 5479 xx.
2300 5421 2353 5476 9.
2440 5420 2485 5463 ’⁸³
2525 5419 2680 5476 Deut.
2724 5432 2900 5480 xxxn,
2942 5414 2994 5469 6.
3072 5413 3118 5446 "’
3155 5411 3274 5469 Gal.
3307 5427 3392 5478 tv,

102 5769 108 5784 .
200 5721 310 5785 ('30)
355 5719 538 5775 Codex
603 5715 923 5790 διιῆιξριιιιη
973 5741 995 5780 ι
1034 5715 1343 5793 spirituum.
1373 5744 1390 5776 ι
1449 5723 1584 5781 Tres
1639 5725 1732 5781 alii
1770 5740 1924 5792 mss.,
1963 5743 1982 5777 ι
2016 5723 2376 5794 Spiritualem.
2407 5741 2426 5775 ι
2465 5721 2620 5778 Libb.
2653 5718 2808 5784 editi,
2845 5733 2863 5768 ι
2889 5715 3196 5815 spiritus,a.
