3876 6552
453 309 559 359 555

1914 288 2235 347 ORIGEMS

451 432 580 472 num
629 429 758 486 ergo
803 423 885 470 est
935 415 1251 478 observare,
1291 411 1580 484 nequando
1622 419 1716 466 aut
1750 408 2022 464 carnalem
2053 411 2096 468 Α
2126 420 2350 462 uxorem
2389 407 2653 478 virginem
2697 408 2764 462 de
2795 421 2994 478 genere
3031 423 3132 465 suo
3176 407 3428 479 accipiet.
3468 408 3687 464 Viduam

450 519 694 578 patrem,
737 516 829 560 aut
871 504 1149 561 caelestem
1194 505 1374 560 minus
1407 505 1570 575 digna
1607 501 2020 558 honorificentia

446 613 778 654 veneremur
810 596 1064 651 similiter
1105 605 1161 652 et
1205 606 1468 664 matrem;
1519 597 1816 652 observare
1858 597 2020 651 etiam

445 705 611 746 omne
651 691 990 754 mandatum,
1019 689 1161 760 quod
1196 688 1354 744 nobis
1407 689 1748 758 pudicitiam,
1793 689 2020 743 castita-

449 791 668 849 temque
697 782 1066 842 commendat,
1100 789 1158 834 ut
1192 796 1370 849 neque
1410 780 1465 835 in
1499 780 1749 849 praesenti
1790 781 1898 834 vita
1935 794 2021 835 se-

449 875 682 927 cundum
727 873 892 940 legem
927 871 1149 926 obnoxii
1193 873 1367 926 simus
1398 872 1586 936 morti,
1621 885 1792 940 neque
1834 886 2021 927 secun-

448 963 572 1016 dum
608 963 902 1031 spiritalem
949 963 1117 1032 legem
1163 962 1273 1034 (9|)
1325 962 1505 1017 futura
1551 977 1649 1018 nos
1696 977 1854 1032 pretia
1900 979 2018 1016 ma-

448 1061 571 1106 neat
608 1053 746 1122 ignis
778 1054 998 1117 aeterni;
1037 1068 1104 1108 ex
1137 1067 1246 1120 quo
1279 1051 1520 1122 effugere
1557 1061 1612 1106 et
1652 1051 1878 1106 evadere
1907 1066 2021 1105 om-

447 1142 604 1195 nibus
641 1143 797 1196 nobis
830 1142 1094 1196 concedat
1137 1142 1395 1197 Dominus
1446 1150 1630 1196 noster
1666 1138 1828 1196 Jesus
1858 1139 2015 1195 Chri-

442 1245 582 1298 stus,
619 1235 706 1288 cui
739 1244 825 1289 est
859 1235 1029 1306 gloria
1060 1243 1114 1288 et
1145 1235 1433 1306 imperium
1474 1233 1529 1288 in
1564 1233 1757 1288 saecula
1791 1233 2015 1288 saeculo-

444 1341 588 1379 l'tllll.
620 1328 814 1381 Amen.

1014 1415 1292 1472 HOMILIA
1335 1414 1449 1473 ΧΠ.

923 1507 998 1562 De
1026 1524 1215 1578 magno
1247 1509 1541 1563 sacerdote.

526 1603 576 1655 t.
604 1601 793 1656 Omnis
816 1601 907 1670 qui
931 1601 1070 1656 inter
1095 1601 1341 1656 homines
1364 1602 1618 1657 sacerdos
1647 1612 1748 1666 est,
1769 1602 1833 1656 ad
1863 1601 2012 1656 illum

446 1689 782 1745 sacerdotem
837 1689 996 1760 (92),
1035 1689 1102 1743 de
1140 1704 1249 1759 quo
1289 1690 1428 1744 dixit
1471 1691 1682 1746 Deus“
1719 1708 1734 1746 :
1777 1710 1795 1743 (
1826 1689 1905 1744 Tn
1950 1706 2010 1745 es

447 1781 703 1836 sacerdos
735 1781 788 1835 in
835 1789 1097 1836 aeternum
1146 1782 1444 1836 secundum
1495 1785 1742 1839 ordinem
1795 1784 2015 1840 Melchi-
2046 1763 2086 1817 Β

447 1874 698 1938 εθάεοῑῳ
732 1887 931 1943 parvus
960 1882 1037 1928 est
1073 1882 1126 1926 et
1169 1874 1417 1942 exiguus.
1443 1874 1537 1930 llle
1565 1885 1650 1933 est
1683 1887 1865 1932 autem
1908 1894 2015 1932 ma-

447 1981 586 2034 gnus
616 1967 891 2033 sacerdos,
919 1966 1012 2036 qui
1048 1974 1222 2036 potest
1251 1977 1538 2037 penetrare
1586 1967 1774 2036 cmlos,
1806 1979 1860 2022 et
1889 1969 2012 2025 uni-

445 2073 658 2114 versam
681 2061 992 2130 snpergredi
1017 2068 1341 2124 creaturam,
1370 2069 1424 2113 et
1453 2061 1745 2116 ascendere
1769 2061 1834 2116 ad
1867 2077 2010 2129 eum,

445 2153 539 2220 qui
594 2153 812 2208 «lucem
873 2152 1080 2207 habitat
1131 2151 1558 2209 inaccessibilem
1601 2154 1708 2221 “,a
1763 2154 1926 2210 Deum
1961 2163 2016 2209 et

442 2245 662 2299 Patrem
688 2244 1082 2300 universitatis.
1108 2243 1338 2313 Propter
1369 2246 1510 2316 quod
1537 2255 1593 2301 et
1617 2246 1730 2314 ille,
1753 2247 1847 2318 qui
1872 2247 2011 2318 apud

440 2334 655 2394 Judzcos
689 2351 921 2408 magnus
973 2336 1251 2392 dicebatur
1294 2337 1570 2403 sacerdos,
1600 2338 1861 2394 introibat
1889 2339 2014 2410 qui--

443 2432 568 2485 dem
604 2430 657 2484 in
698 2439 909 2492 sancta,
951 2431 1045 2484 sed
1093 2445 1252 2485 manu
1287 2429 1450 2497 facta,
1480 2431 1574 2487 sed
1606 2432 1874 2503 lapidibus
1917 2448 2014 2488 ex-

444 2531 649 2577 structa
677 2541 690 2576 :
727 2537 833 2576 non
865 2523 1196 2576 ascendebat
1229 2522 1282 2575 in
1317 2521 1540 2589 ctelum,
1574 2538 1674 2579 nec
1709 2533 1887 2580 astare
1919 2538 2012 2595 po-

444 2620 587 2666 terat
629 2613 768 2680 apud
803 2613 1022 2667 Patrem
1058 2613 1346 2666 luminum.
1375 2613 1477 2669 Sed
1509 2615 1634 2684 quia
1666 2616 1858 2670 horum
1892 2632 2011 2671 um-

446 2706 598 2758 bram
631 2704 889 2773 implebat
920 2712 973 2758 ct
1010 2704 1304 2774 imaginem
1331 2745 1346 2769 ,
1395 2705 1600 2761 idcirco
1628 2708 1791 2761 etiam
1834 2708 2009 2776 magni

445 2796 745 2851 sacerdotis
801 2810 993 2851 nomen
1029 2809 1123 2865 per
1156 2797 1403 2850 umbram
1449 2799 1670 2866 gerebat
1715 2808 1771 2853 et
1823 2797 2014 2868 imagi-

446 2903 589 2944 nem.
628 2888 778 2944 Unde
819 2897 874 2942 et
903 2887 1068 2942 Judaei
1118 2901 1217 2958 per
1251 2889 1352 2943 hoc
1380 2890 1522 2958 quod
1564 2891 1631 2944 ad
1681 2891 1838 2944 fidem
1885 2905 2012 2958 pro~

445 2979 573 3034 ximi
619 2995 741 3034 eSsc
770 2981 1098 3047 debuissent,
1135 2984 1261 3051 quia
1301 2983 1440 3051 apud
1482 2983 1628 3053 ipsos
1666 2982 2009 3036 adumbratio

445 3076 689 3141 quaedam
729 3083 783 3128 et
832 3075 1010 3144 imago
1056 3073 1382 3144 praeluserat
1423 3075 1536 3144 (95)
1587 3075 1852 3139 veritatis,
1885 3077 2008 3129 dum

447 3176 606 3237 typos
643 3167 926 3221 veritatem
955 3175 1168 3236 putant,
1211 3166 1497 3221 veritatem
1546 3167 1715 3235 ipsam
1758 3175 2011 3235 tanquam

446 3258 790 3312 mendacium
841 3267 1192 3328 respucrunt.
1224 3256 1333 3312 Nos
1372 3267 1552 3313 autem
1584 3260 1675 3327 qui
1724 3259 2013 3328 recipimus

448 3363 704 3416 magnum
765 3349 1140 3413 sacerdotem,
1198 3349 1504 3420 intelligere
1561 3350 1822 3406 debemus
1872 3364 2012 3419 quo-

445 3441 605 3494 modo
631 3454 755 3492 vere
791 3440 905 3507 ipse
940 3440 1014 3496 sit
1045 3455 1274 3508 magnus
1308 3441 1580 3496 sacerdos.
1615 3440 1752 3495 Vere
1785 3456 2014 3511 magnus

442 3531 695 3587 sacerdos
737 3540 823 3587 est
865 3532 956 3602 qui
1004 3541 1224 3604 peccata
1279 3533 1537 3599 dimittit,
1585 3550 1689 3587 non
1737 3549 1832 3604 per
1880 3549 2011 3589 San-

442 3623 658 3693 guinem
714 3633 988 3679 taurorum
1035 3636 1092 3680 et
1142 3625 1450 3689 hircorum,
1502 3625 1594 3680 sed
1647 3641 1742 3696 per
1789 3626 2013 3696 sangui-

443 3731 565 3770 nem
612 3714 774 3787 250
813 3732 991 3773 suum.
1043 3717 1178 3784 Quia
1231 3733 1360 3788 ergo
1407 3718 1758 3788 cognovimus
1803 3717 1894 3786 qui
1943 3717 2016 3770 sit

442 3825 672 3876 magnus
707 3811 987 3877 sacerdos,
1031 3821 1084 3865 et
1135 3813 1463 3866 conlitemur
1509 3826 1574 3865 ea
1615 3826 1735 3880 qua:
1786 3811 1838 3864 in
1895 3811 2014 3880 lege

444 3899 649 3967 scripta
695 3912 842 3966 sunt,
875 3903 940 3957 de
979 3919 1177 3973 magno
1213 3902 1498 3958 sacerdote
1540 3903 1742 3974 scripta
1791 3917 1931 3969 esse,
1961 3904 2016 3958 id

443 3998 527 4042 est
583 3993 652 4042 de
694 3987 1012 4053 Salvatore,
1060 4007 1224 4061 quem
1269 4006 1401 4047 vere
1453 4005 1705 4060 magnum
1759 3991 2016 4045 sacerdo-

446 4087 552 4130 tem
591 4092 711 4132 esse
755 4079 1003 4147 superior
1056 4090 1323 4136 tractatus
1392 4081 1628 4137 OStendit
1670 4097 1684 4133 :
1735 4079 2017 4134 videamus

445 4183 738 4239 nuncquae
771 4172 900 4240 sint,
938 4188 1058 4242 qua:
1106 4175 1174 4228 de
1213 4187 1278 4228 eo
1325 4172 1412 4227 lex
1465 4172 1783 4242 prophetico
1823 4174 2015 4242 spiritu

447 4261 662 4316 scribit.

517 4355 574 4409 2.
615 4372 635 4407 ι
665 4355 728 4410 Et
762 4357 1040 4421 sacerdos,
1087 4355 1262 4426 inquit
1287 4356 1358 4423 '°,
1389 4371 1614 4427 magnus
1651 4371 1719 4411 ex
1759 4355 2016 4412 fratribus

2123 511 2300 555 autem
2330 507 2385 553 et
2411 487 2662 569 ejectam,
2688 508 2745 556 et
2778 500 3057 570 pollutam,
3094 510 3149 557 et
3181 501 3553 566 meretricem,
3598 502 3689 557 has

2123 609 2228 648 non
2263 594 2520 664 accipiet;
2552 593 2648 648 sed
2680 593 2945 664 virginem
2988 608 3056 649 ex
3097 608 3294 666 genere
3328 608 3428 649 suo
3467 594 3690 664 accipiet

2123 702 2367 753 uxorem,
2397 697 2453 742 et
2496 704 2602 744 non
2654 686 2951 742 maculabit
2990 700 3176 741 semen
3207 701 3367 740 suum
3409 685 3464 740 in
3503 685 3689 754 populo

2120 794 2253 843 suo;
2287 793 2385 848 ego
2421 779 2796 846 Dominus‘qui
2829 777 3112 832 sanctifico
3142 791 3320 831 eum»
3357 776 3552 832 Fuerit
3575 778 3689 844 qui-

2119 869 2240 925 dem
2271 871 2434 926 etiam
2463 871 2605 939 apud
2650 870 2864 925 Judaeos
2898 871 3078 940 imago
3109 869 3273 938 hujus
3297 870 3685 933 observantia,

2121 972 2175 1018 et
2224 963 2487 1018 custodita
2518 962 2630 1017 sint
2663 979 2784 1032 quae
2816 962 2900 1017 lex
2937 963 3127 1018 statuit
3152 979 3182 1017 a
3218 962 3574 1032 pontificibus
3604 961 3689 1017 Ju-

2119 1059 2353 1110 dzcorum
2380 1072 2394 1110 :
2423 1056 2515 1109 sed
2545 1065 2599 1108 et
2629 1054 2674 1108 si
2702 1053 2987 1123 diligenter
3009 1063 3205 1109 cuncta
3234 1061 3452 1109 servata
3485 1051 3618 1114 sint,
3641 1062 3691 1105 et

2119 1145 2163 1200 si
2208 1145 2386 1198 omnia
2419 1159 2538 1213 quae
2581 1142 2665 1196 lex
2706 1142 2992 1212 praecepit,
3025 1140 3240 1209 impleta
3275 1141 3420 1205 sint,
3469 1154 3576 1191 nec
3615 1138 3687 1191 sic

2116 1240 2334 1310 quidem
2379 1238 2559 1293 omnis
2592 1238 2709 1292 haec
2741 1234 3054 1291 observatio
3089 1249 3346 1303 magnum
3381 1232 3568 1301 potuit
3614 1230 3685 1282 fa-

2118 1347 2242 1388 cere
2303 1332 2662 1386 sacerdotem.
2715 1327 2998 1396 Quomodo
3047 1326 3249 1381 etenim
3305 1337 3541 1393 magnus
3591 1322 3688 1375 dici

2116 1433 2296 1494 potest
2327 1423 2602 1488 sacerdos,
2650 1423 2744 1491 qui
2790 1433 3019 1492 peccare
3063 1417 3279 1489 potest?
3317 1415 3480 1481 Quod
3517 1423 3689 1468 autem

2116 1516 2216 1569 sub
2247 1522 2469 1584 peccato
2493 1512 2696 1567 fuerint
2725 1525 2918 1567 omnes
2937 1509 3104 1565 etiam
3133 1507 3313 1576 magni
3356 1505 3689 1565 sacerdotes,

2115 1617 2170 1661 et
2207 1620 2274 1660 ex
2306 1607 2409 1661 hoc
2437 1605 2553 1675 ipso
2587 1603 2743 1658 facile
2785 1601 3142 1665 advertimus,
3185 1598 3330 1668 quod
3365 1596 3460 1652 lex
3493 1595 3680 1663 praci-

2116 1701 2223 1770 pit,
2262 1708 2319 1754 ut
2349 1700 2498 1770 prius
2529 1714 2626 1767 pro
2671 1698 2808 1761 suis,
2845 1705 2965 1767 post
2997 1696 3161 1749 etiam
3196 1707 3294 1762 pro
3339 1690 3531 1762 populi
3577 1704 3693 1760 pec-

2121 1793 2255 1846 catis
2291 1791 2482 1847 olferat
2515 1790 2746 1846 hostiam
2782 1787 3062 1843 sacerdos.
3102 1784 3388 1852 Quomodo
3421 1796 3560 1850 ergo
3589 1795 3696 1834 ma-

2120 1898 2258 1953 gnus
2279 1895 2364 1937 eSt
2385 1881 2484 1937 sub
2515 1891 2744 1952 peccato
2771 1878 3017 1949 positus?
3047 1875 3196 1930 Meus
3220 1883 3405 1928 autern
3434 1873 3695 1926 sacerdos

2121 1989 2346 2046 magnus
2370 1972 2526 2030 Iesus
2556 1973 2764 2028 idcirco
2795 1984 3024 2041 magnus
3055 1977 3158 2034 est,
3193 1984 3214 2018 ι
3240 1968 3369 2035 quia
3399 1971 3692 2035 peccatum

2119 2083 2228 2124 non
2274 2066 2429 2134 fecit,
2475 2081 2575 2121 nec
2619 2066 2874 2119 inventus
2911 2071 2998 2118 est
3029 2061 3187 2116 dolus
3224 2059 3279 2114 in
3327 2072 3431 2113 ore
3477 2055 3602 2125 ejus
3621 2054 3693 2120 ”;

2117 2173 2174 2219 et
2201 2161 2327 2231 quia
2355 2159 2503 2216 venit
2523 2158 2590 2212 ad
2619 2171 2742 2210 eum
2771 2154 3030 2226 princeps
3063 2151 3220 2220 hujus
3249 2150 3471 2216 mundi,
3501 2159 3562 2202 et
3589 2162 3691 2201 non

2120 2253 2327 2309 invenit
2373 2251 2427 2306 in
2465 2265 2530 2306 eo
2561 2248 2856 2320 quidquam
2879 2247 2948 2302 ".
2977 2264 2998 2299 ι
3048 2245 3176 2300 Ideo
3212 2257 3345 2312 ergo
3383 2249 3445 2296 et
3475 2237 3692 2296 Gabriel

2117 2343 2475 2414 archangeius
2497 2339 2840 2395 nativitatem
2872 2337 2991 2407 ejus
3027 2335 3337 2398 annuntiat,
3365 2343 3422 2388 et
3453 2332 3588 2387 dicit
3610 2331 3689 2390 “z

2124 2455 2144 2488 ι
2172 2435 2272 2490 Hic
2315 2435 2421 2490 erit
2455 2447 2706 2503 magnus,
2747 2439 2806 2485 et
2839 2429 2983 2483 filius
3017 2425 3284 2482 Altissimi
3325 2424 3638 2481 vocabitur.
3664 2440 3685 2477 ι

2117 2528 2406 2583 Peccatum
2431 2522 2704 2578 hominem
2733 2535 2956 2591 parvum
2983 2517 3114 2573 facit
3132 2527 3191 2572 et
3209 2517 3501 2588 exiguum,
3527 2516 3688 2570 virtus

2117 2622 2442 2676 eminentem
2487 2625 2707 2689 praestat
2733 2625 2788 2671 et
2818 2629 3100 2682 magnum.
3129 2612 3286 2667 Sicut
3331 2612 3486 2666 enim
3533 2609 3681 2679 aegri-

2119 2715 2248 2770 tudo
2288 2713 2537 2784 corporis
2577 2709 2725 2766 exile
2755 2718 2814 2764 et
2862 2707 3119 2777 exiguum
3168 2703 3297 2757 facit
3339 2717 3548 2771 corpus
3593 2702 3680 2755 ho-

2117 2805 2302 2870 minis,
2340 2805 2546 2860 sanitas
2577 2816 2708 2858 vero
2755 2799 2938 2855 laetum
2979 2797 3154 2852 reddit
3185 2805 3241 2850 et
3275 2793 3523 2848 validum
3559 2811 3573 2846 :
3615 2793 3678 2846 ita

2117 2900 2354 2970 intelligo
2380 2899 2505 2969 quia
2547 2905 2601 2953 et
2630 2895 2866 2951 animam
2899 2891 3164 2963 aegritudo
3207 2889 3431 2959 quidem
3477 2886 3673 2957 peccati

2117 2991 2376 3048 humilem
2421 2990 2555 3044 facit
2590 2998 2646 3043 et
2677 2999 2938 3056 parvam,
2980 2983 3186 3040 sanitas
3231 2993 3364 3034 vero
3412 2977 3680 3032 interioris

2116 3084 2352 3140 hominis
2376 3092 2428 3138 et
2473 3079 2692 3137 virtutis
2730 3092 2920 3148 opera,
2953 3088 3200 3146 magnam
3230 3071 3442 3127 faciunt
3487 3084 3604 3124 eam
3629 3078 3678 3121 et

2116 3177 2470 3240 eminentem,
2503 3183 2560 3229 et
2587 3181 2846 3243 quantum
2881 3171 2933 3225 in
2966 3169 3256 3224 virtutibus
3285 3165 3512 3229 crescit,
3541 3171 3677 3217 tanta

2116 3268 2465 3338 prolixiorem
2513 3264 2694 3320 reddit
2723 3262 3145 3333 magnitudinem
3193 3259 3300 3314 sui.
3343 3256 3439 3311 Sic
3467 3269 3571 3324 ego
3604 3256 3678 3306 in-

2117 3359 2296 3428 telligo
2331 3357 2460 3412 illud
2511 3354 2652 3426 quod
2709 3353 2776 3409 de
2823 3352 2954 3409 Jesu
3008 3352 3269 3422 scriptum
3319 3346 3514 3414 est“,
3560 3342 3677 3417 quia

2120 3472 2139 3504 ι
2174 3450 2491 3523 proficiebat
2537 3447 2834 3518 sapientia,
2883 3455 2938 3502 et
2986 3455 3167 3513 artato,
3209 3449 3265 3497 et
3315 3440 3495 3511 gratia
3546 3438 3678 3506 apud

2116 3547 2286 3602 Deum
2332 3553 2388 3600 et
2421 3543 2689 3598 homines.
2716 3558 2735 3591 ι
2790 3538 2920 3592 Nam
2971 3537 3097 3606 quis
3131 3544 3215 3590 est
3253 3532 3539 3589 hominum
3587 3527 3670 3598 qui

2117 3649 2224 3689 non
2257 3631 2506 3703 proficiat
2532 3639 2692 3685 aetate
2725 3628 2778 3682 in
2821 3625 3075 3696 pueritia,
3106 3635 3164 3678 ut
3200 3624 3301 3678 hoc
3337 3621 3493 3676 velut
3531 3633 3678 3687 egre:-

2116 3723 2261 3794 gium
2287 3721 2542 3792 quiddam
2571 3721 2638 3775 de
2661 3716 2788 3774 Jesu
2815 3713 3182 3772 scriberetur?
3207 3711 3290 3767 Ad
3319 3720 3374 3766 te
3399 3711 3519 3764 haec
3544 3707 3675 3768 dico,

2115 3813 2208 3886 qui
2238 3809 2596 3882 corporaliter
2641 3809 2797 3864 audis
2826 3805 2970 3877 quod
2998 3803 3155 3860 Jesus
3189 3811 3346 3857 aetate
3377 3798 3675 3871 proliceret.

2116 3904 2359 3975 lntellige
2378 3917 2508 3973 ergo
2527 3901 2651 3968 quia
2674 3908 2835 3956 aetate
2852 3897 3044 3953 anima:
3065 3893 3402 3964 proficiebat,
3420 3900 3480 3946 et
3496 3903 3676 3956 magna

2117 3997 2280 4052 fiebat
2307 3995 2488 4049 anima
2517 3992 2632 4062 ejus
2661 3999 2880 4062 propter
2926 4001 3118 4058 magna
3143 3994 3199 4041 et
3235 3981 3481 4054 ingentia
3525 3993 3676 4049 opera

2117 4105 2238 4159 qua:
2266 4087 2517 4142 faciebat.
2543 4084 2784 4154 Denique
2801 4081 2980 4138 sciens
2999 4088 3056 4136 et
3081 4075 3370 4147 Apostolus
3397 4074 3542 4129 hanc
3567 4082 3678 4126 aeta-

2119 4192 2224 4237 tem
2253 4180 2321 4236 de
2357 4177 2599 4234 interiori
2643 4174 2864 4230 homine
2889 4171 3249 4234 sentiendam,
3278 4169 3350 4223 ita
3382 4166 3574 4222 scribit
3594 4164 3671 4215 “z

2121 4294 2140 4328 ι
2172 4275 2351 4330 Donec
2381 4284 2569 4326 omnes
2594 4280 2950 4324 occurramus
2978 4266 3028 4319 in
3067 4263 3239 4317 virum
3269 4259 3597 4332 perfectum,
3627 4257 3673 4311 in

2118 4381 2432 4424 mensuram
2484 4362 2662 4418 aetatis
2696 4359 3048 4432 plenitudinis
3090 4356 3360 4412 Christi.’
3409 4351 3548 4407 Nam
3597 4364 3676 4404 se-

445 4450 582 4513 SUiS.
609 4450 696 4504 cui
724 4449 962 4507 infusum
1007 4460 1089 4505 est
1120 4465 1284 4518 super
1327 4459 1488 4518 caput
1517 4450 1631 4520 ejus
1658 4449 1840 4504 oleum
1866 4451 2014 4504 chri-
2045 4466 2090 4522 Ι)
2117 4455 2353 4510 cundum
2380 4465 2579 4521 corpus
2627 4461 2877 4504 crescere
2900 4457 2953 4501 et
2998 4459 3252 4516 magnum
3285 4443 3434 4507 fieri,
3470 4457 3573 4495 non
3601 4445 3675 4493 est

447 4544 659 4610 sinatis,
696 4553 750 4597 et
799 4543 1066 4614 perfectas
1114 4544 1278 4599 habet
1316 4559 1506 4598 manus
1545 4557 1692 4610 suas,
1728 4552 1787 4597 ut
1829 4543 2014 4597 induat

445 4645 634 4688 sancta
665 4638 985 4690 vestimenta
1019 4638 1085 4690 de
1125 4637 1301 4706 capite
1341 4635 1566 4690 cidarim
1609 4651 1717 4690 non
1759 4636 2011 4705 deponet,

446 4727 766 4782 vestimenta
810 4742 902 4782 sua
951 4743 1058 4782 non
1103 4729 1428 4797 disrumpet,
1455 4735 1511 4783 et
1540 4726 1607 4782 ad
1641 4741 1858 4782 omnem
1889 4727 2011 4781 ani-

446 4833 589 4872 mam
655 4825 922 4874 mortuam
986 4835 1090 4874 non
1139 4821 1364 4876 intrabit
1404 4837 1418 4875 :
1469 4821 1524 4875 in
1563 4829 1717 4890 patre
1764 4834 1888 4884 suo,
1929 4817 2012 4872 vel

444 4919 621 4963 matre
664 4926 759 4965 sua
794 4927 899 4965 non
941 4913 1440 4968 contaminabitur:
1473 4922 1531 4968 et
1570 4913 1635 4967 de
1665 4912 1871 4966 sanctis
1904 4925 2010 4965 non

444 5004 650 5069 exibit,
693 5014 747 5058 et
783 5020 888 5058 non
925 5007 1302 5076 coinquinabit
1337 5021 1532 5060 nomen
1575 5006 1715 5074 quod
1760 5013 1844 5059 est
1888 5017 2013 5057 san-

443 5095 741 5150 ctificatum
789 5096 883 5152 Dei
933 5100 1013 5150 sui
1051 5114 1213 5168 super
1257 5114 1340 5162 se,
1380 5100 1506 5167 quia
1548 5107 1797 5151 sanctum
1832 5095 2011 5150 oleum

443 5189 755 5244 chrismatis
800 5190 892 5245 Dei
934 5192 1015 5245 sui
1063 5192 1114 5244 in
1162 5191 1277 5260 ipso
1306 5200 1425 5245 est:
1455 5205 1553 5261 ego
1585 5187 1866 5245 Dominus.
1913 5187 2014 5244 llic

549 5349 596 5381 ⁸⁸
632 5349 776 5404 Psal.
814 5366 904 5416 cx,
954 5353 1007 5405 4.

445 5415 493 5450 ⁸³
529 5418 665 5475 Luc.
714 5436 753 5485 ι,
791 5422 882 5477 52.

1106 5353 1150 5384 ⁴⁹
1192 5352 1206 5404 Ι
1241 5351 1381 5405 Tim.
1413 5367 1500 5409 vt.
1542 5351 1624 5406 l6.

957 5422 1003 5453 “
1030 5421 1162 5477 Luc.
1194 5439 1254 5483 tt,
1286 5422 1374 5477 52.
1449 5421 1495 5452 ⁸⁸
1525 5422 1719 5492 Ephes.
1755 5438 1828 5485 tv,
1860 5422 1943 5477 15.

516 5579 626 5652 (91)
664 5579 876 5652 Legem.
907 5583 1070 5642 Deest
1098 5583 1150 5636 in
1186 5582 1316 5637 libb.
1342 5581 1525 5643 editis,
1554 5581 1647 5636 sed
1675 5578 1951 5650 suppletur
1977 5594 2010 5635 e

449 5651 637 5722 codice
671 5651 1040 5722 manuscripto
1068 5652 1545 5722 Sangermaneusi.

515 5721 626 5794 (92)
664 5723 822 5780 Libb.
849 5719 1008 5782 antea
1035 5719 1240 5784 editifc
1272 5722 1527 5781 sacerdos
1553 5730 1657 5790 est,
1684 5720 1726 5777 si
1754 5719 2005 5776 attendas

1711 5351 1758 5383 ⁸ο
1797 5352 1971 5406 Levit.
2009 5367 2137 5410 nl.
2173 5351 2240 5405 10
2271 5359 2322 5403 et
2373 5364 2528 5418 seqq.

2032 5423 2080 5455 "‘
2118 5421 2249 5476 Luc.
2278 5436 2387 5474 xvu
2411 5460 2427 5486 ,
2469 5420 2523 5472 2.

2121 4548 2176 4604 in
2212 4545 2390 4602 nobis.
2431 4543 2642 4612 Corpus
2678 4539 2822 4596 enim
2859 4554 2926 4594 ex
2967 4537 3186 4608 genitali
3217 4535 3427 4605 origine
3467 4531 3676 4603 quanti-

2123 4639 2248 4695 tatis
2283 4635 2563 4690 materiam
2595 4632 2782 4699 sumit,
2808 4640 2867 4686 nt
2901 4630 2983 4686 vel
3016 4644 3266 4699 magnum
3308 4626 3394 4680 vel
3426 4626 3669 4696 exiguum

2118 4732 2235 4786 fiat.
2260 4728 2452 4784 Anima
2492 4741 2620 4781 vero
2649 4726 2702 4780 in
2737 4724 2892 4779 nobis
2921 4723 3083 4778 habet
3112 4734 3336 4781 causas,
3374 4729 3432 4772 et
3472 4713 3673 4772 arbitn'i

2116 4822 2455 4884 libertatem,
2502 4826 2561 4872 ut
2608 4816 2694 4871 vel
2727 4831 2923 4885 magna
2970 4814 3052 4868 vel
3110 4827 3271 4882 parva
3314 4812 3412 4866 sit.
3460 4809 3520 4865 Si
3554 4823 3674 4879 ergo

2117 4912 2314 4982 pusilla
2343 4921 2397 4964 et
2433 4924 2598 4980 parva
2633 4909 2703 4963 sit
2736 4909 2938 4973 anima,
2983 4907 3148 4961 etiam
3193 4903 3553 4960 scandalizari
3589 4918 3674 4971 po-

2127 5016 2253 5062 test.
2302 5005 2394 5060 Sic
2441 5005 2583 5059 enim
2626 5003 2886 5071 scriptum
2919 5009 3006 5055 est
3049 5001 3102 5052 in
3138 4998 3430 5068 Evangelio
3455 4998 3527 5062 “,
3559 4997 3673 5064 quia

2123 5117 2143 5151 ι
2177 5097 2397 5168 expedit
2441 5093 2766 5165 praecipitari
2800 5093 2854 5146 in
2905 5090 3229 5156 profundum
3284 5091 3477 5156 maris,
3520 5104 3672 5158 quam

2119 5191 2493 5247 scandalizare
2525 5203 2688 5243 unum
2729 5187 2798 5242 de
2849 5185 3062 5257 pusillis
3099 5184 3237 5239 istis.
3262 5202 3280 5235 ο
3323 5185 3428 5251 Qui
3458 5195 3676 5252 magnus

2649 5346 2694 5377 ⁵⁸
2735 5346 2836 5400 lsa.
2881 5359 2994 5409 LIII,
3020 5344 3075 5400 9.
3165 5344 3212 5376 ⁸⁸
3249 5341 3409 5396 Joan.
3444 5357 3561 5408 xrv,
3589 5341 3653 5395 '50

2118 5580 2186 5632 ad
2217 5578 2386 5638 illum.
2414 5598 2432 5630 ι
2473 5577 2566 5632 sed
2607 5577 2660 5630 in
2695 5573 2950 5631 omnibus
2985 5588 3114 5629 mss.
3159 5575 3342 5639 deest,
3381 5589 3404 5628 α
3434 5574 3483 5630 si
3509 5583 3674 5628 atten-

2118 5650 2233 5707 das.
2261 5667 2280 5699 ν
2315 5651 2458 5716 quod
2491 5649 2680 5702 abesse
2708 5655 2904 5713 potest.

2189 5719 2299 5791 (95)
2335 5713 2518 5774 Codex
2553 5717 2862 5789 Sanget'tn.,
2899 5734 2916 5766 ‹
2949 5713 3280 5785 pret-luserat.
3307 5732 3330 5769 ι
