  <div class='ocr_page' id='page_1' title='image "/cluster/home/n/w/nwhite01/storage/ocr_20150623/12/hvd.32044019207638/272.png"; bbox 0 0 3876 6508; ppageno 0'>
   <div class='ocr_carea' id='block_1_1' title="bbox 109 288 1630 379">
    <p class='ocr_par' dir='ltr' id='par_1_1' title="bbox 109 290 1630 379">
     <span class='ocr_line' id='line_1_1' title="bbox 109 290 1630 379; baseline -0.004 -25"><span class='ocrx_word' id='word_1_1' title='bbox 109 320 191 379; x_wconf 66' lang='lat'><strong>5.3,</strong></span> <span class='ocrx_word' id='word_1_2' title='bbox 1256 294 1325 351; x_wconf 85' lang='lat' dir='ltr'><strong>1N</strong></span> <span class='ocrx_word' id='word_1_3' title='bbox 1360 290 1630 351; x_wconf 84' lang='lat' dir='ltr'><strong>LEVlTlC</strong></span> 
     </span>
    </p>
   </div>
   <div class='ocr_carea' id='block_1_2' title="bbox 1734 288 2184 379">
    <p class='ocr_par' dir='ltr' id='par_1_2' title="bbox 1734 288 2184 346">
     <span class='ocr_line' id='line_1_2' title="bbox 1734 288 2184 346; baseline 0 -3"><span class='ocrx_word' id='word_1_4' title='bbox 1734 292 1735 343; x_wconf 77' lang='grc' dir='ltr'>ξ</span> <span class='ocrx_word' id='word_1_5' title='bbox 1775 288 2060 346; x_wconf 76' lang='lat' dir='ltr'><strong>HOMILIA</strong></span> <span class='ocrx_word' id='word_1_6' title='bbox 2088 289 2184 344; x_wconf 76' lang='lat' dir='ltr'><strong>XII</strong></span> 
     </span>
    </p>
   </div>
   <div class='ocr_carea' id='block_1_3' title="bbox 3204 288 3308 344">
    <p class='ocr_par' dir='ltr' id='par_1_3' title="bbox 3204 288 3308 344">
     <span class='ocr_line' id='line_1_3' title="bbox 3204 288 3308 344; baseline 0.019 -3"><span class='ocrx_word' id='word_1_7' title='bbox 3204 288 3308 344; x_wconf 79' lang='lat'><strong>538</strong></span> 
     </span>
    </p>
   </div>
   <div class='ocr_carea' id='block_1_4' title="bbox 104 404 3309 494">
    <p class='ocr_par' dir='ltr' id='par_1_4' title="bbox 104 404 3309 494">
     <span class='ocr_line' id='line_1_4' title="bbox 104 404 3309 494; baseline -0.008 -11"><span class='ocrx_word' id='word_1_8' title='bbox 104 446 174 494; x_wconf 68' lang='grc' dir='ltr'><strong>εει</strong></span> <span class='ocrx_word' id='word_1_9' title='bbox 215 441 306 484; x_wconf 88' lang='lat' dir='ltr'><strong>non</strong></span> <span class='ocrx_word' id='word_1_10' title='bbox 345 417 766 481; x_wconf 70' lang='lat' dir='ltr'><strong>scandalizatur,</strong></span> <span class='ocrx_word' id='word_1_11' title='bbox 815 417 913 472; x_wconf 88' lang='lat' dir='ltr'><strong>sed</strong></span> <span class='ocrx_word' id='word_1_12' title='bbox 963 415 1058 486; x_wconf 99' lang='lat' dir='ltr'><strong>qui</strong></span> <span class='ocrx_word' id='word_1_13' title='bbox 1107 413 1340 486; x_wconf 90' lang='lat' dir='ltr'><strong>pusillus</strong></span> <span class='ocrx_word' id='word_1_14' title='bbox 1388 421 1493 470; x_wconf 88' lang='lat' dir='ltr'><strong>est.</strong></span> <span class='ocrx_word' id='word_1_15' title='bbox 1534 410 1633 478; x_wconf 86' lang='lat' dir='ltr'><strong>Qui</strong></span> <span class='ocrx_word' id='word_1_16' title='bbox 1664 414 1710 470; x_wconf 84' lang='lat' dir='ltr'><strong>A</strong></span> <span class='ocrx_word' id='word_1_17' title='bbox 1740 418 2057 474; x_wconf 89' lang='lat' dir='ltr'><strong>summatas,</strong></span> <span class='ocrx_word' id='word_1_18' title='bbox 2095 408 2352 478; x_wconf 76' lang='lat' dir='ltr'><strong>inquit”,</strong></span> <span class='ocrx_word' id='word_1_19' title='bbox 2392 407 2556 462; x_wconf 86' lang='lat' dir='ltr'><strong>habet</strong></span> <span class='ocrx_word' id='word_1_20' title='bbox 2592 420 2848 464; x_wconf 57' lang='lat' dir='ltr'><strong>manusn</strong></span> <span class='ocrx_word' id='word_1_21' title='bbox 2877 404 3128 470; x_wconf 81' lang='lat' dir='ltr'><strong>Cuiuam,</strong></span> <span class='ocrx_word' id='word_1_22' title='bbox 3156 420 3309 476; x_wconf 82' lang='lat' dir='ltr'><strong>quae-</strong></span> 
     </span>
    </p>
   </div>
   <div class='ocr_carea' id='block_1_5' title="bbox 105 506 1630 595">
    <p class='ocr_par' dir='ltr' id='par_1_5' title="bbox 105 506 1630 595">
     <span class='ocr_line' id='line_1_5' title="bbox 105 506 1630 595; baseline -0.016 -12"><span class='ocrx_word' id='word_1_23' title='bbox 105 534 295 595; x_wconf 73' lang='lat' dir='ltr'><strong>magnus</strong></span> <span class='ocrx_word' id='word_1_24' title='bbox 311 521 407 577; x_wconf 85' lang='lat' dir='ltr'><strong>est,</strong></span> <span class='ocrx_word' id='word_1_25' title='bbox 433 512 792 581; x_wconf 81' lang='lat' dir='ltr'><strong>quodcunque</strong></span> <span class='ocrx_word' id='word_1_26' title='bbox 813 509 1029 575; x_wconf 85' lang='lat' dir='ltr'><strong>viderit,</strong></span> <span class='ocrx_word' id='word_1_27' title='bbox 1047 506 1410 578; x_wconf 91' lang='lat' dir='ltr'><strong>quodcunque</strong></span> <span class='ocrx_word' id='word_1_28' title='bbox 1435 518 1630 574; x_wconf 85' lang='lat' dir='ltr'><strong>passus</strong></span> 
     </span>
    </p>
   </div>
   <div class='ocr_carea' id='block_1_6' title="bbox 110 596 1633 679">
    <p class='ocr_par' dir='ltr' id='par_1_6' title="bbox 110 596 1633 679">
     <span class='ocr_line' id='line_1_6' title="bbox 110 596 1633 679; baseline -0.015 -6"><span class='ocrx_word' id='word_1_29' title='bbox 110 615 264 679; x_wconf 77' lang='lat' dir='ltr'><strong>fuerit,</strong></span> <span class='ocrx_word' id='word_1_30' title='bbox 288 622 383 663; x_wconf 84' lang='lat' dir='ltr'><strong>non</strong></span> <span class='ocrx_word' id='word_1_31' title='bbox 416 604 652 658; x_wconf 73' lang='lat' dir='ltr'><strong>declinat</strong></span> <span class='ocrx_word' id='word_1_32' title='bbox 699 619 731 658; x_wconf 92' lang='lat' dir='ltr'><strong>a</strong></span> <span class='ocrx_word' id='word_1_33' title='bbox 765 602 890 657; x_wconf 90' lang='lat' dir='ltr'><strong>ﬁde.</strong></span> <span class='ocrx_word' id='word_1_34' title='bbox 920 601 1021 667; x_wconf 85' lang='lat' dir='ltr'><strong>Qui</strong></span> <span class='ocrx_word' id='word_1_35' title='bbox 1055 609 1235 655; x_wconf 88' lang='lat' dir='ltr'><strong>autem</strong></span> <span class='ocrx_word' id='word_1_36' title='bbox 1284 596 1515 669; x_wconf 91' lang='lat' dir='ltr'><strong>pusillus</strong></span> <span class='ocrx_word' id='word_1_37' title='bbox 1547 603 1633 651; x_wconf 90' lang='lat' dir='ltr'><strong>est</strong></span> 
     </span>
    </p>
   </div>
   <div class='ocr_carea' id='block_1_7' title="bbox 105 690 1633 765">
    <p class='ocr_par' dir='ltr' id='par_1_7' title="bbox 105 690 1633 765">
     <span class='ocr_line' id='line_1_7' title="bbox 105 690 1633 765; baseline -0.012 -5"><span class='ocrx_word' id='word_1_38' title='bbox 105 706 259 763; x_wconf 80' lang='lat' dir='ltr'><strong>animo</strong></span> <span class='ocrx_word' id='word_1_39' title='bbox 286 706 337 753; x_wconf 88' lang='lat' dir='ltr'><strong>et</strong></span> <span class='ocrx_word' id='word_1_40' title='bbox 365 709 583 765; x_wconf 89' lang='lat' dir='ltr'><strong>parvus,</strong></span> <span class='ocrx_word' id='word_1_41' title='bbox 609 693 923 749; x_wconf 82' lang='lat' dir='ltr'><strong>occasiones</strong></span> <span class='ocrx_word' id='word_1_42' title='bbox 949 692 1145 762; x_wconf 70' lang='lat' dir='ltr'><strong>quaerit</strong></span> <span class='ocrx_word' id='word_1_43' title='bbox 1172 690 1445 761; x_wconf 91' lang='lat' dir='ltr'><strong>quomodo</strong></span> <span class='ocrx_word' id='word_1_44' title='bbox 1474 703 1633 743; x_wconf 89' lang='lat' dir='ltr'><strong>scan-</strong></span> 
     </span>
    </p>
   </div>
   <div class='ocr_carea' id='block_1_8' title="bbox 107 778 1633 853">
    <p class='ocr_par' dir='ltr' id='par_1_8' title="bbox 107 778 1633 853">
     <span class='ocr_line' id='line_1_8' title="bbox 107 778 1633 853; baseline -0.013 0"><span class='ocrx_word' id='word_1_45' title='bbox 107 797 355 853; x_wconf 79' lang='lat' dir='ltr'><strong>dalizetur,</strong></span> <span class='ocrx_word' id='word_1_46' title='bbox 384 784 654 852; x_wconf 88' lang='lat' dir='ltr'><strong>quomodo</strong></span> <span class='ocrx_word' id='word_1_47' title='bbox 699 784 754 838; x_wconf 89' lang='lat' dir='ltr'><strong>in</strong></span> <span class='ocrx_word' id='word_1_48' title='bbox 802 783 908 838; x_wconf 89' lang='lat' dir='ltr'><strong>ﬁde</strong></span> <span class='ocrx_word' id='word_1_49' title='bbox 942 782 1193 837; x_wconf 91' lang='lat' dir='ltr'><strong>videatur</strong></span> <span class='ocrx_word' id='word_1_50' title='bbox 1241 779 1462 836; x_wconf 80' lang='lat' dir='ltr'><strong>oﬁ‘endi.</strong></span> <span class='ocrx_word' id='word_1_51' title='bbox 1496 778 1633 833; x_wconf 90' lang='lat' dir='ltr'><strong>Pro-</strong></span> 
     </span>
    </p>
   </div>
   <div class='ocr_carea' id='block_1_9' title="bbox 100 869 1628 960">
    <p class='ocr_par' dir='ltr' id='par_1_9' title="bbox 100 869 1628 960">
     <span class='ocr_line' id='line_1_9' title="bbox 100 869 1628 960; baseline -0.012 -18"><span class='ocrx_word' id='word_1_52' title='bbox 100 897 257 960; x_wconf 88' lang='lat' dir='ltr'><strong>pterea</strong></span> <span class='ocrx_word' id='word_1_53' title='bbox 285 878 507 947; x_wconf 87' lang='lat' dir='ltr'><strong>denique</strong></span> <span class='ocrx_word' id='word_1_54' title='bbox 551 883 767 945; x_wconf 77' lang='lat' dir='ltr'><strong>Oportet</strong></span> <span class='ocrx_word' id='word_1_55' title='bbox 808 889 910 931; x_wconf 89' lang='lat' dir='ltr'><strong>nos</strong></span> <span class='ocrx_word' id='word_1_56' title='bbox 950 874 1183 928; x_wconf 86' lang='lat' dir='ltr'><strong>maxime</strong></span> <span class='ocrx_word' id='word_1_57' title='bbox 1210 872 1295 928; x_wconf 93' lang='lat' dir='ltr'><strong>his</strong></span> <span class='ocrx_word' id='word_1_58' title='bbox 1325 869 1628 933; x_wconf 87' lang='lat' dir='ltr'><strong>consulere,</strong></span> 
     </span>
    </p>
   </div>
   <div class='ocr_carea' id='block_1_10' title="bbox 102 965 1631 1050">
    <p class='ocr_par' dir='ltr' id='par_1_10' title="bbox 102 965 1631 1050">
     <span class='ocr_line' id='line_1_10' title="bbox 102 965 1631 1050; baseline -0.008 -20"><span class='ocrx_word' id='word_1_59' title='bbox 102 980 175 1050; x_wconf 85' lang='lat' dir='ltr'><strong>qui</strong></span> <span class='ocrx_word' id='word_1_60' title='bbox 215 972 346 1046; x_wconf 84' lang='lat' dir='ltr'><strong>parvi</strong></span> <span class='ocrx_word' id='word_1_61' title='bbox 380 977 501 1024; x_wconf 92' lang='lat' dir='ltr'><strong>sunt</strong></span> <span class='ocrx_word' id='word_1_62' title='bbox 554 969 607 1021; x_wconf 91' lang='lat' dir='ltr'><strong>in</strong></span> <span class='ocrx_word' id='word_1_63' title='bbox 647 968 750 1022; x_wconf 83' lang='lat' dir='ltr'><strong>(ide</strong></span> <span class='ocrx_word' id='word_1_64' title='bbox 792 986 806 1023; x_wconf 91' lang='lat'><strong>:</strong></span> <span class='ocrx_word' id='word_1_65' title='bbox 850 982 952 1023; x_wconf 90' lang='lat' dir='ltr'><strong>nec</strong></span> <span class='ocrx_word' id='word_1_66' title='bbox 1006 975 1209 1021; x_wconf 88' lang='lat' dir='ltr'><strong>tantam</strong></span> <span class='ocrx_word' id='word_1_67' title='bbox 1254 981 1446 1022; x_wconf 91' lang='lat' dir='ltr'><strong>curam</strong></span> <span class='ocrx_word' id='word_1_68' title='bbox 1482 965 1631 1019; x_wconf 88' lang='lat' dir='ltr'><strong>circa</strong></span> 
     </span>
    </p>
   </div>
   <div class='ocr_carea' id='block_1_11' title="bbox 98 1054 1633 1136">
    <p class='ocr_par' dir='ltr' id='par_1_11' title="bbox 98 1054 1633 1136">
     <span class='ocr_line' id='line_1_11' title="bbox 98 1054 1633 1136; baseline -0.01 -13"><span class='ocrx_word' id='word_1_69' title='bbox 98 1079 291 1136; x_wconf 81' lang='lat' dir='ltr'><strong>magnos</strong></span> <span class='ocrx_word' id='word_1_70' title='bbox 325 1072 378 1114; x_wconf 91' lang='lat' dir='ltr'><strong>et</strong></span> <span class='ocrx_word' id='word_1_71' title='bbox 408 1058 605 1123; x_wconf 81' lang='lat' dir='ltr'><strong>fortes,</strong></span> <span class='ocrx_word' id='word_1_72' title='bbox 650 1067 910 1127; x_wconf 84' lang='lat' dir='ltr'><strong>quantam</strong></span> <span class='ocrx_word' id='word_1_73' title='bbox 940 1071 1068 1128; x_wconf 77' lang='lat' dir='ltr'><strong>erga</strong></span> <span class='ocrx_word' id='word_1_74' title='bbox 1103 1057 1361 1127; x_wconf 91' lang='lat' dir='ltr'><strong>parvulos</strong></span> <span class='ocrx_word' id='word_1_75' title='bbox 1393 1064 1447 1111; x_wconf 90' lang='lat' dir='ltr'><strong>et</strong></span> <span class='ocrx_word' id='word_1_76' title='bbox 1497 1054 1633 1110; x_wconf 89' lang='lat' dir='ltr'><strong>insi-</strong></span> 
     </span>
    </p>
   </div>
   <div class='ocr_carea' id='block_1_12' title="bbox 96 1146 1631 1228">
    <p class='ocr_par' dir='ltr' id='par_1_12' title="bbox 96 1146 1631 1228">
     <span class='ocr_line' id='line_1_12' title="bbox 96 1146 1631 1228; baseline -0.006 -19"><span class='ocrx_word' id='word_1_77' title='bbox 96 1160 278 1228; x_wconf 84' lang='lat' dir='ltr'><strong>pientes</strong></span> <span class='ocrx_word' id='word_1_78' title='bbox 316 1150 567 1205; x_wconf 82' lang='lat' dir='ltr'><strong>debemus</strong></span> <span class='ocrx_word' id='word_1_79' title='bbox 627 1149 961 1216; x_wconf 84' lang='lat' dir='ltr'><strong>impendere.</strong></span> <span class='ocrx_word' id='word_1_80' title='bbox 1011 1149 1194 1204; x_wconf 83' lang='lat' dir='ltr'><strong>Fortis</strong></span> <span class='ocrx_word' id='word_1_81' title='bbox 1245 1149 1391 1203; x_wconf 92' lang='lat' dir='ltr'><strong>enim</strong></span> <span class='ocrx_word' id='word_1_82' title='bbox 1447 1146 1631 1202; x_wconf 85' lang='lat' dir='ltr'><strong>omnia</strong></span> 
     </span>
    </p>
   </div>
   <div class='ocr_carea' id='block_1_13' title="bbox 96 1237 1631 1312">
    <p class='ocr_par' dir='ltr' id='par_1_13' title="bbox 96 1237 1631 1312">
     <span class='ocr_line' id='line_1_13' title="bbox 96 1237 1631 1312; baseline -0.007 -9"><span class='ocrx_word' id='word_1_83' title='bbox 96 1249 293 1312; x_wconf 88' lang='lat' dir='ltr'><strong>tolerat,</strong></span> <span class='ocrx_word' id='word_1_84' title='bbox 322 1240 500 1297; x_wconf 89' lang='lat' dir='ltr'><strong>omnia</strong></span> <span class='ocrx_word' id='word_1_85' title='bbox 532 1240 751 1300; x_wconf 77' lang='lat' dir='ltr'><strong>sulfert.</strong></span> <span class='ocrx_word' id='word_1_86' title='bbox 789 1251 845 1295; x_wconf 91' lang='lat' dir='ltr'><strong>et</strong></span> <span class='ocrx_word' id='word_1_87' title='bbox 897 1255 1171 1310; x_wconf 85' lang='lat' dir='ltr'><strong>nunquam</strong></span> <span class='ocrx_word' id='word_1_88' title='bbox 1201 1242 1364 1295; x_wconf 88' lang='lat' dir='ltr'><strong>cadit.</strong></span> <span class='ocrx_word' id='word_1_89' title='bbox 1414 1237 1631 1293; x_wconf 84' lang='lat' dir='ltr'><strong>Parvuli</strong></span> 
     </span>
    </p>
   </div>
   <div class='ocr_carea' id='block_1_14' title="bbox 93 1330 1632 1401">
    <p class='ocr_par' dir='ltr' id='par_1_14' title="bbox 93 1330 1632 1401">
     <span class='ocr_line' id='line_1_14' title="bbox 93 1330 1632 1401; baseline -0.002 -13"><span class='ocrx_word' id='word_1_90' title='bbox 93 1351 222 1401; x_wconf 85' lang='lat' dir='ltr'><strong>vero,</strong></span> <span class='ocrx_word' id='word_1_91' title='bbox 247 1345 298 1390; x_wconf 88' lang='lat' dir='ltr'><strong>et</strong></span> <span class='ocrx_word' id='word_1_92' title='bbox 330 1331 528 1388; x_wconf 84' lang='lat' dir='ltr'><strong>inﬁrmi</strong></span> <span class='ocrx_word' id='word_1_93' title='bbox 573 1332 624 1385; x_wconf 90' lang='lat' dir='ltr'><strong>in</strong></span> <span class='ocrx_word' id='word_1_94' title='bbox 670 1330 777 1386; x_wconf 81' lang='lat' dir='ltr'><strong>fide</strong></span> <span class='ocrx_word' id='word_1_95' title='bbox 807 1331 1207 1387; x_wconf 85' lang='lat' dir='ltr'><strong>observandum</strong></span> <span class='ocrx_word' id='word_1_96' title='bbox 1240 1341 1323 1388; x_wconf 90' lang='lat' dir='ltr'><strong>est</strong></span> <span class='ocrx_word' id='word_1_97' title='bbox 1359 1346 1427 1386; x_wconf 89' lang='lat' dir='ltr'><strong>ne</strong></span> <span class='ocrx_word' id='word_1_98' title='bbox 1471 1346 1632 1386; x_wconf 88' lang='lat' dir='ltr'><strong>occa-</strong></span> 
     </span>
    </p>
   </div>
   <div class='ocr_carea' id='block_1_15' title="bbox 89 1421 1628 1489">
    <p class='ocr_par' dir='ltr' id='par_1_15' title="bbox 89 1421 1628 1489">
     <span class='ocr_line' id='line_1_15' title="bbox 89 1421 1628 1489; baseline -0.004 -5"><span class='ocrx_word' id='word_1_99' title='bbox 89 1430 224 1485; x_wconf 84' lang='lat' dir='ltr'><strong>sione</strong></span> <span class='ocrx_word' id='word_1_100' title='bbox 272 1424 435 1479; x_wconf 84' lang='lat' dir='ltr'><strong>nostri</strong></span> <span class='ocrx_word' id='word_1_101' title='bbox 490 1421 857 1489; x_wconf 80' lang='lat' dir='ltr'><strong>oﬂ‘endantur,</strong></span> <span class='ocrx_word' id='word_1_102' title='bbox 901 1432 956 1480; x_wconf 89' lang='lat' dir='ltr'><strong>et</strong></span> <span class='ocrx_word' id='word_1_103' title='bbox 1006 1426 1262 1480; x_wconf 82' lang='lat' dir='ltr'><strong>recedant</strong></span> <span class='ocrx_word' id='word_1_104' title='bbox 1310 1440 1339 1478; x_wconf 93' lang='lat' dir='ltr'><strong>a</strong></span> <span class='ocrx_word' id='word_1_105' title='bbox 1388 1425 1520 1489; x_wconf 89' lang='lat' dir='ltr'><strong>ﬁde,</strong></span> <span class='ocrx_word' id='word_1_106' title='bbox 1564 1438 1628 1479; x_wconf 88' lang='lat' dir='ltr'><strong>ac</strong></span> 
     </span>
    </p>
   </div>
   <div class='ocr_carea' id='block_1_16' title="bbox 88 1516 1619 1588">
    <p class='ocr_par' dir='ltr' id='par_1_16' title="bbox 88 1516 1619 1588">
     <span class='ocr_line' id='line_1_16' title="bbox 88 1516 1619 1588; baseline -0.003 -11"><span class='ocrx_word' id='word_1_107' title='bbox 88 1520 307 1577; x_wconf 87' lang='lat' dir='ltr'><strong>decidant</strong></span> <span class='ocrx_word' id='word_1_108' title='bbox 331 1532 360 1571; x_wconf 92' lang='lat' dir='ltr'><strong>a</strong></span> <span class='ocrx_word' id='word_1_109' title='bbox 389 1516 581 1571; x_wconf 88' lang='lat' dir='ltr'><strong>salute.</strong></span> <span class='ocrx_word' id='word_1_110' title='bbox 612 1518 719 1572; x_wconf 81' lang='lat' dir='ltr'><strong>Aut</strong></span> <span class='ocrx_word' id='word_1_111' title='bbox 749 1519 975 1574; x_wconf 90' lang='lat' dir='ltr'><strong>ostende</strong></span> <span class='ocrx_word' id='word_1_112' title='bbox 1022 1518 1153 1574; x_wconf 90' lang='lat' dir='ltr'><strong>mihi</strong></span> <span class='ocrx_word' id='word_1_113' title='bbox 1190 1519 1259 1574; x_wconf 93' lang='lat' dir='ltr'><strong>de</strong></span> <span class='ocrx_word' id='word_1_114' title='bbox 1299 1518 1619 1588; x_wconf 88' lang='lat' dir='ltr'><strong>Scripturis,</strong></span> 
     </span>
    </p>
   </div>
   <div class='ocr_carea' id='block_1_17' title="bbox 90 1613 1634 1685">
    <p class='ocr_par' dir='ltr' id='par_1_17' title="bbox 90 1613 1634 1685">
     <span class='ocr_line' id='line_1_17' title="bbox 90 1613 1634 1685; baseline -0.001 -15"><span class='ocrx_word' id='word_1_115' title='bbox 90 1618 166 1670; x_wconf 89' lang='lat' dir='ltr'><strong>ubi</strong></span> <span class='ocrx_word' id='word_1_116' title='bbox 197 1614 376 1683; x_wconf 82' lang='lat' dir='ltr'><strong>aliquis</strong></span> <span class='ocrx_word' id='word_1_117' title='bbox 410 1621 684 1681; x_wconf 84' lang='lat' dir='ltr'><strong>peccator,</strong></span> <span class='ocrx_word' id='word_1_118' title='bbox 714 1621 808 1668; x_wconf 88' lang='lat' dir='ltr'><strong>aut</strong></span> <span class='ocrx_word' id='word_1_119' title='bbox 850 1613 1000 1683; x_wconf 87' lang='lat' dir='ltr'><strong>parvi</strong></span> <span class='ocrx_word' id='word_1_120' title='bbox 1037 1614 1237 1679; x_wconf 87' lang='lat' dir='ltr'><strong>meriti,</strong></span> <span class='ocrx_word' id='word_1_121' title='bbox 1282 1629 1511 1685; x_wconf 82' lang='lat' dir='ltr'><strong>magnus</strong></span> <span class='ocrx_word' id='word_1_122' title='bbox 1538 1631 1634 1685; x_wconf 88' lang='lat' dir='ltr'><strong>ap-</strong></span> 
     </span>
    </p>
   </div>
   <div class='ocr_carea' id='block_1_18' title="bbox 84 1702 1631 1778">
    <p class='ocr_par' dir='ltr' id='par_1_18' title="bbox 84 1702 1631 1778">
     <span class='ocr_line' id='line_1_18' title="bbox 84 1702 1631 1778; baseline 0.001 -18"><span class='ocrx_word' id='word_1_123' title='bbox 84 1706 291 1778; x_wconf 86' lang='lat' dir='ltr'><strong>pellatus</strong></span> <span class='ocrx_word' id='word_1_124' title='bbox 334 1705 425 1759; x_wconf 90' lang='lat' dir='ltr'><strong>sit.</strong></span> <span class='ocrx_word' id='word_1_125' title='bbox 475 1702 780 1773; x_wconf 81' lang='lat' dir='ltr'><strong>Nusquam,</strong></span> <span class='ocrx_word' id='word_1_126' title='bbox 824 1713 883 1758; x_wconf 93' lang='lat' dir='ltr'><strong>ut</strong></span> <span class='ocrx_word' id='word_1_127' title='bbox 925 1704 1145 1772; x_wconf 89' lang='lat' dir='ltr'><strong>opinor,</strong></span> <span class='ocrx_word' id='word_1_128' title='bbox 1189 1704 1458 1764; x_wconf 82' lang='lat' dir='ltr'><strong>invenies.</strong></span> <span class='ocrx_word' id='word_1_129' title='bbox 1492 1706 1631 1762; x_wconf 83' lang='lat' dir='ltr'><strong>Audi</strong></span> 
     </span>
    </p>
   </div>
   <div class='ocr_carea' id='block_1_19' title="bbox 83 1775 1706 1869">
    <p class='ocr_par' dir='ltr' id='par_1_19' title="bbox 83 1775 1706 1869">
     <span class='ocr_line' id='line_1_19' title="bbox 83 1775 1706 1869; baseline -0.001 -18"><span class='ocrx_word' id='word_1_130' title='bbox 83 1775 195 1855; x_wconf 75' lang='lat' dir='ltr'><strong>vero</strong></span> <span class='ocrx_word' id='word_1_131' title='bbox 225 1798 309 1869; x_wconf 88' lang='lat' dir='ltr'><strong>qui</strong></span> <span class='ocrx_word' id='word_1_132' title='bbox 336 1804 481 1861; x_wconf 90' lang='lat' dir='ltr'><strong>sunt,</strong></span> <span class='ocrx_word' id='word_1_133' title='bbox 516 1797 607 1866; x_wconf 92' lang='lat' dir='ltr'><strong>qui</strong></span> <span class='ocrx_word' id='word_1_134' title='bbox 640 1796 817 1865; x_wconf 81' lang='lat' dir='ltr'><strong>magni</strong></span> <span class='ocrx_word' id='word_1_135' title='bbox 855 1796 1220 1866; x_wconf 82' lang='lat' dir='ltr'><strong>appellantur.</strong></span> <span class='ocrx_word' id='word_1_136' title='bbox 1250 1796 1328 1851; x_wconf 91' lang='lat' dir='ltr'><strong>De</strong></span> <span class='ocrx_word' id='word_1_137' title='bbox 1370 1796 1518 1851; x_wconf 88' lang='lat' dir='ltr'><strong>Isaae</strong></span> <span class='ocrx_word' id='word_1_138' title='bbox 1550 1797 1632 1851; x_wconf 91' lang='lat' dir='ltr'><strong>di-</strong></span> <span class='ocrx_word' id='word_1_139' title='bbox 1661 1775 1706 1832; x_wconf 80' lang='grc' dir='ltr'>Β</span> 
     </span>
    </p>
   </div>
   <div class='ocr_carea' id='block_1_20' title="bbox 80 1888 1635 1960">
    <p class='ocr_par' dir='ltr' id='par_1_20' title="bbox 80 1888 1635 1960">
     <span class='ocr_line' id='line_1_20' title="bbox 80 1888 1635 1960; baseline -0.003 -11"><span class='ocrx_word' id='word_1_140' title='bbox 80 1894 222 1955; x_wconf 88' lang='lat' dir='ltr'><strong>citur,</strong></span> <span class='ocrx_word' id='word_1_141' title='bbox 260 1890 381 1960; x_wconf 86' lang='lat' dir='ltr'><strong>quia</strong></span> <span class='ocrx_word' id='word_1_142' title='bbox 427 1888 743 1958; x_wconf 77' lang='lat' dir='ltr'><strong>proﬁciebat</strong></span> <span class='ocrx_word' id='word_1_143' title='bbox 773 1888 950 1954; x_wconf 81' lang='lat' dir='ltr'><strong>valde,</strong></span> <span class='ocrx_word' id='word_1_144' title='bbox 997 1904 1281 1959; x_wconf 90' lang='lat' dir='ltr'><strong>usquequo</strong></span> <span class='ocrx_word' id='word_1_145' title='bbox 1327 1889 1502 1946; x_wconf 89' lang='lat' dir='ltr'><strong>factus</strong></span> <span class='ocrx_word' id='word_1_146' title='bbox 1546 1899 1635 1946; x_wconf 91' lang='lat' dir='ltr'><strong>est</strong></span> 
     </span>
    </p>
   </div>
   <div class='ocr_carea' id='block_1_21' title="bbox 79 1979 1633 2053">
    <p class='ocr_par' dir='ltr' id='par_1_21' title="bbox 79 1979 1633 2053">
     <span class='ocr_line' id='line_1_21' title="bbox 79 1979 1633 2053; baseline -0.001 -15"><span class='ocrx_word' id='word_1_147' title='bbox 79 1997 283 2052; x_wconf 80' lang='lat' dir='ltr'><strong>magnus</strong></span> <span class='ocrx_word' id='word_1_148' title='bbox 314 1980 471 2035; x_wconf 87' lang='lat' dir='ltr'><strong>valde</strong></span> <span class='ocrx_word' id='word_1_149' title='bbox 490 1980 558 2034; x_wconf 83' lang='grc'><strong>⁸⁷.</strong></span> <span class='ocrx_word' id='word_1_150' title='bbox 583 1979 792 2052; x_wconf 79' lang='lat' dir='ltr'><strong>Moyses</strong></span> <span class='ocrx_word' id='word_1_151' title='bbox 824 1996 1051 2053; x_wconf 83' lang='lat' dir='ltr'><strong>magnus</strong></span> <span class='ocrx_word' id='word_1_152' title='bbox 1069 1982 1245 2037; x_wconf 87' lang='lat' dir='ltr'><strong>dictus</strong></span> <span class='ocrx_word' id='word_1_153' title='bbox 1275 1992 1379 2048; x_wconf 91' lang='lat' dir='ltr'><strong>est,</strong></span> <span class='ocrx_word' id='word_1_154' title='bbox 1406 1983 1633 2039; x_wconf 79' lang='lat' dir='ltr'><strong>etJoan-</strong></span> 
     </span>
    </p>
   </div>
   <div class='ocr_carea' id='block_1_22' title="bbox 78 2074 1633 2145">
    <p class='ocr_par' dir='ltr' id='par_1_22' title="bbox 78 2074 1633 2145">
     <span class='ocr_line' id='line_1_22' title="bbox 78 2074 1633 2145; baseline 0.002 -15"><span class='ocrx_word' id='word_1_155' title='bbox 78 2092 161 2130; x_wconf 88' lang='lat' dir='ltr'><strong>nes</strong></span> <span class='ocrx_word' id='word_1_156' title='bbox 199 2074 427 2144; x_wconf 84' lang='lat' dir='ltr'><strong>Baptista</strong></span> <span class='ocrx_word' id='word_1_157' title='bbox 462 2088 693 2145; x_wconf 77' lang='lat' dir='ltr'><strong>magnus</strong></span> <span class='ocrx_word' id='word_1_158' title='bbox 726 2074 902 2128; x_wconf 91' lang='lat' dir='ltr'><strong>dictus</strong></span> <span class='ocrx_word' id='word_1_159' title='bbox 927 2085 1028 2139; x_wconf 90' lang='lat' dir='ltr'><strong>est,</strong></span> <span class='ocrx_word' id='word_1_160' title='bbox 1063 2090 1208 2130; x_wconf 91' lang='lat' dir='ltr'><strong>nunc</strong></span> <span class='ocrx_word' id='word_1_161' title='bbox 1250 2086 1429 2130; x_wconf 90' lang='lat' dir='ltr'><strong>autem</strong></span> <span class='ocrx_word' id='word_1_162' title='bbox 1473 2075 1633 2133; x_wconf 82' lang='lat' dir='ltr'><strong>Jesus</strong></span> 
     </span>
    </p>
   </div>
   <div class='ocr_carea' id='block_1_23' title="bbox 78 2163 1634 2240">
    <p class='ocr_par' dir='ltr' id='par_1_23' title="bbox 78 2163 1634 2240">
     <span class='ocr_line' id='line_1_23' title="bbox 78 2163 1634 2240; baseline 0.001 -19"><span class='ocrx_word' id='word_1_163' title='bbox 78 2176 283 2238; x_wconf 76' lang='lat' dir='ltr'><strong>magnus</strong></span> <span class='ocrx_word' id='word_1_164' title='bbox 315 2166 493 2223; x_wconf 86' lang='lat' dir='ltr'><strong>dictus</strong></span> <span class='ocrx_word' id='word_1_165' title='bbox 522 2175 630 2230; x_wconf 84' lang='lat' dir='ltr'><strong>est,</strong></span> <span class='ocrx_word' id='word_1_166' title='bbox 666 2173 722 2219; x_wconf 92' lang='lat' dir='ltr'><strong>et</strong></span> <span class='ocrx_word' id='word_1_167' title='bbox 752 2174 875 2234; x_wconf 88' lang='lat' dir='ltr'><strong>post</strong></span> <span class='ocrx_word' id='word_1_168' title='bbox 910 2163 1051 2222; x_wconf 89' lang='lat' dir='ltr'><strong>hunc</strong></span> <span class='ocrx_word' id='word_1_169' title='bbox 1090 2165 1203 2235; x_wconf 92' lang='lat' dir='ltr'><strong>jam</strong></span> <span class='ocrx_word' id='word_1_170' title='bbox 1235 2166 1415 2222; x_wconf 91' lang='lat' dir='ltr'><strong>nullus</strong></span> <span class='ocrx_word' id='word_1_171' title='bbox 1448 2169 1634 2240; x_wconf 84' lang='lat' dir='ltr'><strong>appel-</strong></span> 
     </span>
    </p>
   </div>
   <div class='ocr_carea' id='block_1_24' title="bbox 74 2257 1631 2329">
    <p class='ocr_par' dir='ltr' id='par_1_24' title="bbox 74 2257 1631 2329">
     <span class='ocr_line' id='line_1_24' title="bbox 74 2257 1631 2329; baseline 0 -16"><span class='ocrx_word' id='word_1_172' title='bbox 74 2260 196 2313; x_wconf 87' lang='lat' dir='ltr'><strong>latus</strong></span> <span class='ocrx_word' id='word_1_173' title='bbox 233 2268 313 2313; x_wconf 89' lang='lat' dir='ltr'><strong>est</strong></span> <span class='ocrx_word' id='word_1_174' title='bbox 361 2273 619 2326; x_wconf 74' lang='lat' dir='ltr'><strong>magnus.</strong></span> <span class='ocrx_word' id='word_1_175' title='bbox 669 2257 832 2313; x_wconf 87' lang='lat' dir='ltr'><strong>Prius</strong></span> <span class='ocrx_word' id='word_1_176' title='bbox 876 2258 1024 2313; x_wconf 91' lang='lat' dir='ltr'><strong>enim</strong></span> <span class='ocrx_word' id='word_1_177' title='bbox 1077 2274 1241 2329; x_wconf 89' lang='lat' dir='ltr'><strong>quam</strong></span> <span class='ocrx_word' id='word_1_178' title='bbox 1291 2260 1505 2315; x_wconf 87' lang='lat' dir='ltr'><strong>adesset</strong></span> <span class='ocrx_word' id='word_1_179' title='bbox 1539 2260 1631 2329; x_wconf 92' lang='lat' dir='ltr'><strong>qui</strong></span> 
     </span>
    </p>
   </div>
   <div class='ocr_carea' id='block_1_25' title="bbox 74 2347 1631 2420">
    <p class='ocr_par' dir='ltr' id='par_1_25' title="bbox 74 2347 1631 2420">
     <span class='ocr_line' id='line_1_25' title="bbox 74 2347 1631 2420; baseline 0.001 -18"><span class='ocrx_word' id='word_1_180' title='bbox 74 2364 184 2403; x_wconf 87' lang='lat' dir='ltr'><strong>vere</strong></span> <span class='ocrx_word' id='word_1_181' title='bbox 218 2364 443 2420; x_wconf 77' lang='lat' dir='ltr'><strong>magnus</strong></span> <span class='ocrx_word' id='word_1_182' title='bbox 499 2359 616 2412; x_wconf 92' lang='lat' dir='ltr'><strong>est,</strong></span> <span class='ocrx_word' id='word_1_183' title='bbox 670 2348 735 2403; x_wconf 87' lang='lat' dir='ltr'><strong>ad</strong></span> <span class='ocrx_word' id='word_1_184' title='bbox 786 2348 1251 2418; x_wconf 89' lang='lat' dir='ltr'><strong>comparationem</strong></span> <span class='ocrx_word' id='word_1_185' title='bbox 1302 2347 1631 2419; x_wconf 86' lang='lat' dir='ltr'><strong>reliquorum</strong></span> 
     </span>
    </p>
   </div>
   <div class='ocr_carea' id='block_1_26' title="bbox 72 2437 1634 2509">
    <p class='ocr_par' dir='ltr' id='par_1_26' title="bbox 72 2437 1634 2509">
     <span class='ocr_line' id='line_1_26' title="bbox 72 2437 1634 2509; baseline -0.001 -13"><span class='ocrx_word' id='word_1_186' title='bbox 72 2442 326 2496; x_wconf 86' lang='lat' dir='ltr'><strong>hominum</strong></span> <span class='ocrx_word' id='word_1_187' title='bbox 359 2439 544 2509; x_wconf 74' lang='lat' dir='ltr'><strong>magni</strong></span> <span class='ocrx_word' id='word_1_188' title='bbox 586 2437 838 2508; x_wconf 81' lang='lat' dir='ltr'><strong>appellati</strong></span> <span class='ocrx_word' id='word_1_189' title='bbox 877 2447 1003 2493; x_wconf 91' lang='lat' dir='ltr'><strong>sunt</strong></span> <span class='ocrx_word' id='word_1_190' title='bbox 1036 2438 1234 2504; x_wconf 90' lang='lat' dir='ltr'><strong>sancti,</strong></span> <span class='ocrx_word' id='word_1_191' title='bbox 1276 2454 1504 2509; x_wconf 91' lang='lat' dir='ltr'><strong>quorum</strong></span> <span class='ocrx_word' id='word_1_192' title='bbox 1541 2456 1634 2494; x_wconf 71' lang='grc' dir='ltr'><strong>ευ-</strong></span> 
     </span>
    </p>
   </div>
   <div class='ocr_carea' id='block_1_27' title="bbox 73 2528 1629 2601">
    <p class='ocr_par' dir='ltr' id='par_1_27' title="bbox 73 2528 1629 2601">
     <span class='ocr_line' id='line_1_27' title="bbox 73 2528 1629 2601; baseline 0.001 -17"><span class='ocrx_word' id='word_1_193' title='bbox 73 2530 235 2599; x_wconf 85' lang='lat' dir='ltr'><strong>perius</strong></span> <span class='ocrx_word' id='word_1_194' title='bbox 283 2528 518 2583; x_wconf 79' lang='lat' dir='ltr'><strong>fecimus</strong></span> <span class='ocrx_word' id='word_1_195' title='bbox 565 2528 912 2586; x_wconf 87' lang='lat' dir='ltr'><strong>mentionem.</strong></span> <span class='ocrx_word' id='word_1_196' title='bbox 945 2528 1046 2583; x_wconf 85' lang='lat' dir='ltr'><strong>Ubi</strong></span> <span class='ocrx_word' id='word_1_197' title='bbox 1079 2544 1208 2585; x_wconf 93' lang='lat' dir='ltr'><strong>vero</strong></span> <span class='ocrx_word' id='word_1_198' title='bbox 1237 2531 1456 2585; x_wconf 89' lang='lat' dir='ltr'><strong>advenit</strong></span> <span class='ocrx_word' id='word_1_199' title='bbox 1498 2531 1629 2601; x_wconf 88' lang='lat' dir='ltr'><strong>ipse.</strong></span> 
     </span>
    </p>
   </div>
   <div class='ocr_carea' id='block_1_28' title="bbox 68 2622 1630 2691">
    <p class='ocr_par' dir='ltr' id='par_1_28' title="bbox 68 2622 1630 2691">
     <span class='ocr_line' id='line_1_28' title="bbox 68 2622 1630 2691; baseline 0.001 -17"><span class='ocrx_word' id='word_1_200' title='bbox 68 2623 146 2691; x_wconf 88' lang='lat' dir='ltr'><strong>qui</strong></span> <span class='ocrx_word' id='word_1_201' title='bbox 185 2637 282 2676; x_wconf 87' lang='lat' dir='ltr'><strong>non</strong></span> <span class='ocrx_word' id='word_1_202' title='bbox 308 2638 375 2676; x_wconf 83' lang='lat' dir='ltr'><strong>ex</strong></span> <span class='ocrx_word' id='word_1_203' title='bbox 405 2622 815 2691; x_wconf 87' lang='lat' dir='ltr'><strong>comparatione</strong></span> <span class='ocrx_word' id='word_1_204' title='bbox 855 2630 1198 2689; x_wconf 65' lang='lat' dir='ltr'><strong>cancrorum,</strong></span> <span class='ocrx_word' id='word_1_205' title='bbox 1243 2622 1337 2677; x_wconf 93' lang='lat' dir='ltr'><strong>sed</strong></span> <span class='ocrx_word' id='word_1_206' title='bbox 1384 2622 1465 2677; x_wconf 92' lang='lat' dir='ltr'><strong>sui</strong></span> <span class='ocrx_word' id='word_1_207' title='bbox 1515 2639 1630 2675; x_wconf 90' lang='lat' dir='ltr'><strong>ma-</strong></span> 
     </span>
    </p>
   </div>
   <div class='ocr_carea' id='block_1_29' title="bbox 69 2716 1630 2787">
    <p class='ocr_par' dir='ltr' id='par_1_29' title="bbox 69 2716 1630 2787">
     <span class='ocr_line' id='line_1_29' title="bbox 69 2716 1630 2787; baseline 0.003 -22"><span class='ocrx_word' id='word_1_208' title='bbox 69 2716 328 2783; x_wconf 82' lang='lat' dir='ltr'><strong>gnitudine</strong></span> <span class='ocrx_word' id='word_1_209' title='bbox 372 2730 509 2768; x_wconf 88' lang='lat' dir='ltr'><strong>vere</strong></span> <span class='ocrx_word' id='word_1_210' title='bbox 563 2732 792 2787; x_wconf 78' lang='lat' dir='ltr'><strong>magnus</strong></span> <span class='ocrx_word' id='word_1_211' title='bbox 836 2725 991 2781; x_wconf 89' lang='lat' dir='ltr'><strong>erat,</strong></span> <span class='ocrx_word' id='word_1_212' title='bbox 1036 2717 1101 2771; x_wconf 90' lang='lat' dir='ltr'><strong>de</strong></span> <span class='ocrx_word' id='word_1_213' title='bbox 1136 2731 1243 2785; x_wconf 87' lang='lat' dir='ltr'><strong>quo</strong></span> <span class='ocrx_word' id='word_1_214' title='bbox 1277 2716 1440 2771; x_wconf 89' lang='lat' dir='ltr'><strong>etiam</strong></span> <span class='ocrx_word' id='word_1_215' title='bbox 1490 2717 1630 2771; x_wconf 87' lang='lat' dir='ltr'><strong>scri-</strong></span> 
     </span>
    </p>
   </div>
   <div class='ocr_carea' id='block_1_30' title="bbox 65 2805 1637 2876">
    <p class='ocr_par' dir='ltr' id='par_1_30' title="bbox 65 2805 1637 2876">
     <span class='ocr_line' id='line_1_30' title="bbox 65 2805 1637 2876; baseline 0 -18"><span class='ocrx_word' id='word_1_216' title='bbox 65 2816 196 2875; x_wconf 89' lang='lat' dir='ltr'><strong>ptum</strong></span> <span class='ocrx_word' id='word_1_217' title='bbox 226 2818 306 2861; x_wconf 88' lang='lat' dir='ltr'><strong>est</strong></span> <span class='ocrx_word' id='word_1_218' title='bbox 322 2808 393 2873; x_wconf 80' lang='grc'><strong>⁵⁸,</strong></span> <span class='ocrx_word' id='word_1_219' title='bbox 417 2807 549 2875; x_wconf 82' lang='lat' dir='ltr'><strong>quia</strong></span> <span class='ocrx_word' id='word_1_220' title='bbox 580 2824 599 2857; x_wconf 76' lang='grc' dir='ltr'>ι</span> <span class='ocrx_word' id='word_1_221' title='bbox 628 2808 922 2861; x_wconf 85' lang='lat' dir='ltr'><strong>exsultavit</strong></span> <span class='ocrx_word' id='word_1_222' title='bbox 948 2816 1006 2861; x_wconf 93' lang='lat' dir='ltr'><strong>ut</strong></span> <span class='ocrx_word' id='word_1_223' title='bbox 1033 2806 1183 2876; x_wconf 75' lang='lat' dir='ltr'><strong>gigas</strong></span> <span class='ocrx_word' id='word_1_224' title='bbox 1208 2806 1273 2859; x_wconf 88' lang='lat' dir='ltr'><strong>ad</strong></span> <span class='ocrx_word' id='word_1_225' title='bbox 1305 2805 1637 2861; x_wconf 76' lang='lat' dir='ltr'><strong>currendam&#39;</strong></span> 
     </span>
    </p>
   </div>
   <div class='ocr_carea' id='block_1_31' title="bbox 66 2895 1627 2967">
    <p class='ocr_par' dir='ltr' id='par_1_31' title="bbox 66 2895 1627 2967">
     <span class='ocr_line' id='line_1_31' title="bbox 66 2895 1627 2967; baseline 0.003 -21"><span class='ocrx_word' id='word_1_226' title='bbox 66 2898 266 2961; x_wconf 68' lang='lat' dir='ltr'><strong>viam,»</strong></span> <span class='ocrx_word' id='word_1_227' title='bbox 307 2896 453 2950; x_wconf 89' lang='lat' dir='ltr'><strong>ultra</strong></span> <span class='ocrx_word' id='word_1_228' title='bbox 505 2897 617 2966; x_wconf 89' lang='lat' dir='ltr'><strong>jam</strong></span> <span class='ocrx_word' id='word_1_229' title='bbox 673 2897 850 2951; x_wconf 91' lang='lat' dir='ltr'><strong>nullus</strong></span> <span class='ocrx_word' id='word_1_230' title='bbox 902 2911 1128 2967; x_wconf 81' lang='lat' dir='ltr'><strong>magnus</strong></span> <span class='ocrx_word' id='word_1_231' title='bbox 1174 2895 1471 2965; x_wconf 88' lang='lat' dir='ltr'><strong>appellatus</strong></span> <span class='ocrx_word' id='word_1_232' title='bbox 1522 2905 1627 2951; x_wconf 89' lang='lat' dir='ltr'><strong>est.</strong></span> 
     </span>
    </p>
   </div>
   <div class='ocr_carea' id='block_1_32' title="bbox 65 2987 1631 3060">
    <p class='ocr_par' dir='ltr' id='par_1_32' title="bbox 65 2987 1631 3060">
     <span class='ocr_line' id='line_1_32' title="bbox 65 2987 1631 3060; baseline 0.003 -19"><span class='ocrx_word' id='word_1_233' title='bbox 65 2987 150 3041; x_wconf 83' lang='lat' dir='ltr'><strong>ilic</strong></span> <span class='ocrx_word' id='word_1_234' title='bbox 175 2998 253 3042; x_wconf 88' lang='lat' dir='ltr'><strong>est</strong></span> <span class='ocrx_word' id='word_1_235' title='bbox 281 3005 419 3060; x_wconf 77' lang='lat' dir='ltr'><strong>ergo</strong></span> <span class='ocrx_word' id='word_1_236' title='bbox 462 2989 535 3045; x_wconf 90' lang='lat' dir='ltr'><strong>de</strong></span> <span class='ocrx_word' id='word_1_237' title='bbox 563 3004 674 3059; x_wconf 88' lang='lat' dir='ltr'><strong>quo</strong></span> <span class='ocrx_word' id='word_1_238' title='bbox 716 2988 1019 3044; x_wconf 88' lang='lat' dir='ltr'><strong>scribitur:</strong></span> <span class='ocrx_word' id='word_1_239' title='bbox 1058 3007 1075 3041; x_wconf 73' lang='grc' dir='ltr'>ι</span> <span class='ocrx_word' id='word_1_240' title='bbox 1106 2987 1331 3059; x_wconf 82' lang='lat' dir='ltr'><strong>Magnus</strong></span> <span class='ocrx_word' id='word_1_241' title='bbox 1373 2990 1631 3045; x_wconf 84' lang='lat' dir='ltr'><strong>sacerdos</strong></span> 
     </span>
    </p>
   </div>
   <div class='ocr_carea' id='block_1_33' title="bbox 1733 497 3307 568">
    <p class='ocr_par' dir='ltr' id='par_1_33' title="bbox 1733 497 3307 568">
     <span class='ocr_line' id='line_1_33' title="bbox 1733 497 3307 568; baseline -0.004 -11"><span class='ocrx_word' id='word_1_242' title='bbox 1733 516 1814 567; x_wconf 91' lang='lat' dir='ltr'><strong>so,</strong></span> <span class='ocrx_word' id='word_1_243' title='bbox 1843 502 2126 560; x_wconf 85' lang='lat' dir='ltr'><strong>hominum</strong></span> <span class='ocrx_word' id='word_1_244' title='bbox 2160 501 2261 555; x_wconf 92' lang='lat' dir='ltr'><strong>hoc</strong></span> <span class='ocrx_word' id='word_1_245' title='bbox 2294 500 2551 554; x_wconf 89' lang='lat' dir='ltr'><strong>convenit</strong></span> <span class='ocrx_word' id='word_1_246' title='bbox 2593 498 2737 553; x_wconf 81' lang='lat' dir='ltr'><strong>dici?</strong></span> <span class='ocrx_word' id='word_1_247' title='bbox 2771 499 2826 553; x_wconf 91' lang='lat' dir='ltr'><strong>ln</strong></span> <span class='ocrx_word' id='word_1_248' title='bbox 2862 513 2969 568; x_wconf 91' lang='lat' dir='ltr'><strong>quo</strong></span> <span class='ocrx_word' id='word_1_249' title='bbox 2997 497 3307 553; x_wconf 88' lang='lat' dir='ltr'><strong>mortalium</strong></span> 
     </span>
    </p>
   </div>
   <div class='ocr_carea' id='block_1_34' title="bbox 1737 590 3307 665">
    <p class='ocr_par' dir='ltr' id='par_1_34' title="bbox 1737 590 3307 665">
     <span class='ocr_line' id='line_1_34' title="bbox 1737 590 3307 665; baseline -0.004 -15"><span class='ocrx_word' id='word_1_250' title='bbox 1737 593 2012 665; x_wconf 86' lang='lat' dir='ltr'><strong>perfectas</strong></span> <span class='ocrx_word' id='word_1_251' title='bbox 2037 593 2283 648; x_wconf 90' lang='lat' dir='ltr'><strong>invenire</strong></span> <span class='ocrx_word' id='word_1_252' title='bbox 2314 607 2605 661; x_wconf 90' lang='lat' dir='ltr'><strong>possumus</strong></span> <span class='ocrx_word' id='word_1_253' title='bbox 2637 591 2860 646; x_wconf 87' lang='lat' dir='ltr'><strong>manus?</strong></span> <span class='ocrx_word' id='word_1_254' title='bbox 2881 590 3103 647; x_wconf 88' lang='lat' dir='ltr'><strong>Etiamsi</strong></span> <span class='ocrx_word' id='word_1_255' title='bbox 3126 590 3307 645; x_wconf 89' lang='lat' dir='ltr'><strong>Aaron</strong></span> 
     </span>
    </p>
   </div>
   <div class='ocr_carea' id='block_1_35' title="bbox 1732 684 3310 757">
    <p class='ocr_par' dir='ltr' id='par_1_35' title="bbox 1732 684 3310 757">
     <span class='ocr_line' id='line_1_35' title="bbox 1732 684 3310 757; baseline -0.004 -13"><span class='ocrx_word' id='word_1_256' title='bbox 1732 688 1837 744; x_wconf 88' lang='lat' dir='ltr'><strong>iste</strong></span> <span class='ocrx_word' id='word_1_257' title='bbox 1887 687 1959 743; x_wconf 87' lang='lat' dir='ltr'><strong>sit</strong></span> <span class='ocrx_word' id='word_1_258' title='bbox 2006 687 2161 757; x_wconf 91' lang='lat' dir='ltr'><strong>cujus</strong></span> <span class='ocrx_word' id='word_1_259' title='bbox 2197 685 2398 740; x_wconf 92' lang='lat' dir='ltr'><strong>mentio</strong></span> <span class='ocrx_word' id='word_1_260' title='bbox 2433 684 2548 738; x_wconf 85' lang='lat' dir='ltr'><strong>ﬁeri</strong></span> <span class='ocrx_word' id='word_1_261' title='bbox 2597 686 2831 749; x_wconf 89' lang='lat' dir='ltr'><strong>videtur,</strong></span> <span class='ocrx_word' id='word_1_262' title='bbox 2859 684 3133 754; x_wconf 87' lang='lat' dir='ltr'><strong>quomodo</strong></span> <span class='ocrx_word' id='word_1_263' title='bbox 3174 698 3310 738; x_wconf 92' lang='lat' dir='ltr'><strong>con-</strong></span> 
     </span>
    </p>
   </div>
   <div class='ocr_carea' id='block_1_36' title="bbox 1736 776 3308 849">
    <p class='ocr_par' dir='ltr' id='par_1_36' title="bbox 1736 776 3308 849">
     <span class='ocr_line' id='line_1_36' title="bbox 1736 776 3308 849; baseline -0.004 -12"><span class='ocrx_word' id='word_1_264' title='bbox 1736 790 2037 837; x_wconf 87' lang='lat' dir='ltr'><strong>summatas</strong></span> <span class='ocrx_word' id='word_1_265' title='bbox 2073 780 2355 849; x_wconf 90' lang='lat' dir='ltr'><strong>putabitur</strong></span> <span class='ocrx_word' id='word_1_266' title='bbox 2399 776 2654 831; x_wconf 84' lang='lat' dir='ltr'><strong>habuisse</strong></span> <span class='ocrx_word' id='word_1_267' title='bbox 2685 790 2896 841; x_wconf 88' lang='lat' dir='ltr'><strong>manus,</strong></span> <span class='ocrx_word' id='word_1_268' title='bbox 2928 779 3124 847; x_wconf 90' lang='lat' dir='ltr'><strong>quibus</strong></span> <span class='ocrx_word' id='word_1_269' title='bbox 3168 779 3308 832; x_wconf 81' lang='lat' dir='ltr'><strong>vitu-</strong></span> 
     </span>
    </p>
   </div>
   <div class='ocr_carea' id='block_1_37' title="bbox 1732 869 3306 941">
    <p class='ocr_par' dir='ltr' id='par_1_37' title="bbox 1732 869 3306 941">
     <span class='ocr_line' id='line_1_37' title="bbox 1732 869 3306 941; baseline -0.003 -13"><span class='ocrx_word' id='word_1_270' title='bbox 1732 874 1842 929; x_wconf 90' lang='lat' dir='ltr'><strong>lum</strong></span> <span class='ocrx_word' id='word_1_271' title='bbox 1889 873 2200 937; x_wconf 81' lang='lat' dir='ltr'><strong>fabricavit,</strong></span> <span class='ocrx_word' id='word_1_272' title='bbox 2254 871 2452 941; x_wconf 86' lang='lat' dir='ltr'><strong>quibus</strong></span> <span class='ocrx_word' id='word_1_273' title='bbox 2508 869 2711 925; x_wconf 90' lang='lat' dir='ltr'><strong>idolum</strong></span> <span class='ocrx_word' id='word_1_274' title='bbox 2762 871 3025 940; x_wconf 88' lang='lat' dir='ltr'><strong>sculpsit?</strong></span> <span class='ocrx_word' id='word_1_275' title='bbox 3082 870 3306 925; x_wconf 85' lang='lat' dir='ltr'><strong>Etiamsi</strong></span> 
     </span>
    </p>
   </div>
   <div class='ocr_carea' id='block_1_38' title="bbox 1734 964 3307 1036">
    <p class='ocr_par' dir='ltr' id='par_1_38' title="bbox 1734 964 3307 1036">
     <span class='ocr_line' id='line_1_38' title="bbox 1734 964 3307 1036; baseline -0.004 -14"><span class='ocrx_word' id='word_1_276' title='bbox 1734 967 1913 1036; x_wconf 91' lang='lat' dir='ltr'><strong>ipsum</strong></span> <span class='ocrx_word' id='word_1_277' title='bbox 1962 965 2183 1036; x_wconf 84' lang='lat' dir='ltr'><strong>Moysen</strong></span> <span class='ocrx_word' id='word_1_278' title='bbox 2238 964 2528 1035; x_wconf 86' lang='lat' dir='ltr'><strong>proferas,</strong></span> <span class='ocrx_word' id='word_1_279' title='bbox 2575 965 2844 1033; x_wconf 91' lang='lat' dir='ltr'><strong>quomodo</strong></span> <span class='ocrx_word' id='word_1_280' title='bbox 2900 972 3307 1018; x_wconf 84' lang='lat' dir='ltr'><strong>consummatas</strong></span> 
     </span>
    </p>
   </div>
   <div class='ocr_carea' id='block_1_39' title="bbox 1736 1054 3304 1127">
    <p class='ocr_par' dir='ltr' id='par_1_39' title="bbox 1736 1054 3304 1127">
     <span class='ocr_line' id='line_1_39' title="bbox 1736 1054 3304 1127; baseline -0.005 -12"><span class='ocrx_word' id='word_1_281' title='bbox 1736 1060 1998 1115; x_wconf 81' lang='lat' dir='ltr'><strong>habuisse</strong></span> <span class='ocrx_word' id='word_1_282' title='bbox 2028 1060 2243 1113; x_wconf 90' lang='lat' dir='ltr'><strong>videtur</strong></span> <span class='ocrx_word' id='word_1_283' title='bbox 2268 1072 2480 1122; x_wconf 85' lang='lat' dir='ltr'><strong>manus,</strong></span> <span class='ocrx_word' id='word_1_284' title='bbox 2508 1057 2599 1127; x_wconf 90' lang='lat' dir='ltr'><strong>qui</strong></span> <span class='ocrx_word' id='word_1_285' title='bbox 2628 1072 2732 1110; x_wconf 90' lang='lat' dir='ltr'><strong>non</strong></span> <span class='ocrx_word' id='word_1_286' title='bbox 2756 1054 3079 1126; x_wconf 79' lang='lat' dir='ltr'><strong>gloriﬁcavit</strong></span> <span class='ocrx_word' id='word_1_287' title='bbox 3118 1054 3304 1109; x_wconf 84' lang='lat' dir='ltr'><strong>Domi-</strong></span> 
     </span>
    </p>
   </div>
   <div class='ocr_carea' id='block_1_40' title="bbox 1735 1136 3308 1219">
    <p class='ocr_par' dir='ltr' id='par_1_40' title="bbox 1735 1136 3308 1219">
     <span class='ocr_line' id='line_1_40' title="bbox 1735 1136 3308 1219; baseline -0.003 -13"><span class='ocrx_word' id='word_1_288' title='bbox 1735 1166 1866 1207; x_wconf 86' lang='lat' dir='ltr'><strong>num</strong></span> <span class='ocrx_word' id='word_1_289' title='bbox 1908 1151 1972 1204; x_wconf 91' lang='lat' dir='ltr'><strong>ad</strong></span> <span class='ocrx_word' id='word_1_290' title='bbox 2017 1165 2210 1219; x_wconf 91' lang='lat' dir='ltr'><strong>aquam</strong></span> <span class='ocrx_word' id='word_1_291' title='bbox 2254 1136 2888 1203; x_wconf 61' lang='lat' dir='ltr'><strong>contradictionisiPro</strong></span> <span class='ocrx_word' id='word_1_292' title='bbox 2946 1162 3054 1217; x_wconf 89' lang='lat' dir='ltr'><strong>quo</strong></span> <span class='ocrx_word' id='word_1_293' title='bbox 3106 1146 3308 1201; x_wconf 80' lang='lat' dir='ltr'><strong>delicto</strong></span> 
     </span>
    </p>
   </div>
   <div class='ocr_carea' id='block_1_41' title="bbox 1736 1234 3308 1307">
    <p class='ocr_par' dir='ltr' id='par_1_41' title="bbox 1736 1234 3308 1307">
     <span class='ocr_line' id='line_1_41' title="bbox 1736 1234 3308 1307; baseline -0.007 -10"><span class='ocrx_word' id='word_1_294' title='bbox 1736 1242 1903 1297; x_wconf 91' lang='lat' dir='ltr'><strong>etiam</strong></span> <span class='ocrx_word' id='word_1_295' title='bbox 1929 1241 2037 1294; x_wconf 90' lang='lat' dir='ltr'><strong>vita</strong></span> <span class='ocrx_word' id='word_1_296' title='bbox 2061 1238 2285 1307; x_wconf 89' lang='lat' dir='ltr'><strong>jubetur</strong></span> <span class='ocrx_word' id='word_1_297' title='bbox 2299 1238 2582 1293; x_wconf 87' lang='lat' dir='ltr'><strong>excedere.</strong></span> <span class='ocrx_word' id='word_1_298' title='bbox 2613 1235 2767 1302; x_wconf 87' lang='lat' dir='ltr'><strong>Quod</strong></span> <span class='ocrx_word' id='word_1_299' title='bbox 2785 1235 2827 1290; x_wconf 93' lang='lat' dir='ltr'><strong>si</strong></span> <span class='ocrx_word' id='word_1_300' title='bbox 2854 1243 2907 1289; x_wconf 90' lang='lat' dir='ltr'><strong>et</strong></span> <span class='ocrx_word' id='word_1_301' title='bbox 2926 1234 3087 1288; x_wconf 92' lang='lat' dir='ltr'><strong>alium</strong></span> <span class='ocrx_word' id='word_1_302' title='bbox 3118 1250 3308 1303; x_wconf 89' lang='lat' dir='ltr'><strong>quem-</strong></span> 
     </span>
    </p>
   </div>
   <div class='ocr_carea' id='block_1_42' title="bbox 1734 1326 3305 1404">
    <p class='ocr_par' dir='ltr' id='par_1_42' title="bbox 1734 1326 3305 1404">
     <span class='ocr_line' id='line_1_42' title="bbox 1734 1326 3305 1404; baseline -0.006 -16"><span class='ocrx_word' id='word_1_303' title='bbox 1734 1348 1897 1404; x_wconf 90' lang='lat' dir='ltr'><strong>quam</strong></span> <span class='ocrx_word' id='word_1_304' title='bbox 1932 1341 2248 1388; x_wconf 89' lang='lat' dir='ltr'><strong>sanctorum</strong></span> <span class='ocrx_word' id='word_1_305' title='bbox 2283 1345 2585 1386; x_wconf 89' lang='lat' dir='ltr'><strong>memorare</strong></span> <span class='ocrx_word' id='word_1_306' title='bbox 2607 1330 2761 1392; x_wconf 87' lang='lat' dir='ltr'><strong>velis,</strong></span> <span class='ocrx_word' id='word_1_307' title='bbox 2794 1328 3030 1382; x_wconf 88' lang='lat' dir='ltr'><strong>occurrit</strong></span> <span class='ocrx_word' id='word_1_308' title='bbox 3061 1326 3154 1380; x_wconf 90' lang='lat' dir='ltr'><strong>tibi</strong></span> <span class='ocrx_word' id='word_1_309' title='bbox 3188 1342 3305 1380; x_wconf 89' lang='lat' dir='ltr'><strong>ser—</strong></span> 
     </span>
    </p>
   </div>
   <div class='ocr_carea' id='block_1_43' title="bbox 1734 1420 3309 1493">
    <p class='ocr_par' dir='ltr' id='par_1_43' title="bbox 1734 1420 3309 1493">
     <span class='ocr_line' id='line_1_43' title="bbox 1734 1420 3309 1493; baseline -0.006 -13"><span class='ocrx_word' id='word_1_310' title='bbox 1734 1440 1825 1480; x_wconf 84' lang='lat' dir='ltr'><strong>tuo</strong></span> <span class='ocrx_word' id='word_1_311' title='bbox 1878 1424 2195 1492; x_wconf 70' lang='lat' dir='ltr'><strong>Scriptum,</strong></span> <span class='ocrx_word' id='word_1_312' title='bbox 2242 1423 2334 1493; x_wconf 79' lang='lat' dir='ltr'><strong>qui</strong></span> <span class='ocrx_word' id='word_1_313' title='bbox 2397 1422 2532 1476; x_wconf 85' lang='lat' dir='ltr'><strong>dicit</strong></span> <span class='ocrx_word' id='word_1_314' title='bbox 2553 1421 2623 1488; x_wconf 79' lang='lat'><strong>“,</strong></span> <span class='ocrx_word' id='word_1_315' title='bbox 2657 1423 2784 1491; x_wconf 87' lang='lat' dir='ltr'><strong>quia</strong></span> <span class='ocrx_word' id='word_1_316' title='bbox 2832 1440 2850 1472; x_wconf 74' lang='grc' dir='ltr'>ι</span> <span class='ocrx_word' id='word_1_317' title='bbox 2879 1436 2983 1475; x_wconf 88' lang='lat' dir='ltr'><strong>non</strong></span> <span class='ocrx_word' id='word_1_318' title='bbox 3018 1430 3102 1474; x_wconf 88' lang='lat' dir='ltr'><strong>est</strong></span> <span class='ocrx_word' id='word_1_319' title='bbox 3146 1420 3309 1474; x_wconf 85' lang='lat' dir='ltr'><strong>homo</strong></span> 
     </span>
    </p>
   </div>
   <div class='ocr_carea' id='block_1_44' title="bbox 1734 1514 3303 1586">
    <p class='ocr_par' dir='ltr' id='par_1_44' title="bbox 1734 1514 3303 1586">
     <span class='ocr_line' id='line_1_44' title="bbox 1734 1514 3303 1586; baseline -0.006 -14"><span class='ocrx_word' id='word_1_320' title='bbox 1734 1531 1900 1586; x_wconf 83' lang='lat' dir='ltr'><strong>super</strong></span> <span class='ocrx_word' id='word_1_321' title='bbox 1931 1525 2131 1570; x_wconf 89' lang='lat' dir='ltr'><strong>terram</strong></span> <span class='ocrx_word' id='word_1_322' title='bbox 2177 1515 2270 1585; x_wconf 91' lang='lat' dir='ltr'><strong>qui</strong></span> <span class='ocrx_word' id='word_1_323' title='bbox 2314 1514 2481 1569; x_wconf 87' lang='lat' dir='ltr'><strong>faciat</strong></span> <span class='ocrx_word' id='word_1_324' title='bbox 2537 1516 2760 1581; x_wconf 90' lang='lat' dir='ltr'><strong>bonum,</strong></span> <span class='ocrx_word' id='word_1_325' title='bbox 2788 1522 2841 1567; x_wconf 90' lang='lat' dir='ltr'><strong>et</strong></span> <span class='ocrx_word' id='word_1_326' title='bbox 2877 1529 2982 1567; x_wconf 90' lang='lat' dir='ltr'><strong>non</strong></span> <span class='ocrx_word' id='word_1_327' title='bbox 3043 1520 3246 1582; x_wconf 83' lang='lat' dir='ltr'><strong>peccet.</strong></span> <span class='ocrx_word' id='word_1_328' title='bbox 3283 1528 3303 1561; x_wconf 75' lang='grc' dir='ltr'>ι</span> 
     </span>
    </p>
   </div>
   <div class='ocr_carea' id='block_1_45' title="bbox 1734 1605 3309 1678">
    <p class='ocr_par' dir='ltr' id='par_1_45' title="bbox 1734 1605 3309 1678">
     <span class='ocr_line' id='line_1_45' title="bbox 1734 1605 3309 1678; baseline -0.006 -13"><span class='ocrx_word' id='word_1_329' title='bbox 1734 1609 1927 1665; x_wconf 85' lang='lat' dir='ltr'><strong>Merito</strong></span> <span class='ocrx_word' id='word_1_330' title='bbox 1970 1623 2101 1678; x_wconf 80' lang='lat' dir='ltr'><strong>ergo</strong></span> <span class='ocrx_word' id='word_1_331' title='bbox 2154 1607 2302 1662; x_wconf 91' lang='lat' dir='ltr'><strong>solus</strong></span> <span class='ocrx_word' id='word_1_332' title='bbox 2354 1605 2515 1661; x_wconf 85' lang='lat' dir='ltr'><strong>Jesus</strong></span> <span class='ocrx_word' id='word_1_333' title='bbox 2549 1615 2956 1661; x_wconf 88' lang='lat' dir='ltr'><strong>consummatas</strong></span> <span class='ocrx_word' id='word_1_334' title='bbox 2988 1605 3152 1659; x_wconf 82' lang='lat' dir='ltr'><strong>habet</strong></span> <span class='ocrx_word' id='word_1_335' title='bbox 3190 1619 3309 1657; x_wconf 89' lang='lat' dir='ltr'><strong>ma-</strong></span> 
     </span>
    </p>
   </div>
   <div class='ocr_carea' id='block_1_46' title="bbox 1738 1696 3309 1772">
    <p class='ocr_par' dir='ltr' id='par_1_46' title="bbox 1738 1696 3309 1772">
     <span class='ocr_line' id='line_1_46' title="bbox 1738 1696 3309 1772; baseline -0.003 -16"><span class='ocrx_word' id='word_1_336' title='bbox 1738 1718 1866 1767; x_wconf 85' lang='lat' dir='ltr'><strong>nus,</strong></span> <span class='ocrx_word' id='word_1_337' title='bbox 1911 1702 2002 1772; x_wconf 90' lang='lat' dir='ltr'><strong>qui</strong></span> <span class='ocrx_word' id='word_1_338' title='bbox 2034 1700 2184 1757; x_wconf 87' lang='lat' dir='ltr'><strong>solus</strong></span> <span class='ocrx_word' id='word_1_339' title='bbox 2223 1707 2502 1769; x_wconf 88' lang='lat' dir='ltr'><strong>peccatum</strong></span> <span class='ocrx_word' id='word_1_340' title='bbox 2557 1714 2661 1753; x_wconf 91' lang='lat' dir='ltr'><strong>non</strong></span> <span class='ocrx_word' id='word_1_341' title='bbox 2713 1697 2868 1763; x_wconf 89' lang='lat' dir='ltr'><strong>fecit,</strong></span> <span class='ocrx_word' id='word_1_342' title='bbox 2923 1697 3025 1751; x_wconf 87' lang='lat' dir='ltr'><strong>hoc</strong></span> <span class='ocrx_word' id='word_1_343' title='bbox 3076 1708 3179 1762; x_wconf 86' lang='lat' dir='ltr'><strong>est,</strong></span> <span class='ocrx_word' id='word_1_344' title='bbox 3217 1696 3309 1764; x_wconf 86' lang='lat' dir='ltr'><strong>qui</strong></span> 
     </span>
    </p>
   </div>
   <div class='ocr_carea' id='block_1_47' title="bbox 1736 1788 3306 1863">
    <p class='ocr_par' dir='ltr' id='par_1_47' title="bbox 1736 1788 3306 1863">
     <span class='ocr_line' id='line_1_47' title="bbox 1736 1788 3306 1863; baseline -0.002 -18"><span class='ocrx_word' id='word_1_345' title='bbox 1736 1793 1973 1863; x_wconf 89' lang='lat' dir='ltr'><strong>perfecta</strong></span> <span class='ocrx_word' id='word_1_346' title='bbox 2008 1803 2063 1849; x_wconf 93' lang='lat' dir='ltr'><strong>et</strong></span> <span class='ocrx_word' id='word_1_347' title='bbox 2117 1794 2327 1862; x_wconf 69' lang='lat' dir='ltr'><strong>integra</strong></span> <span class='ocrx_word' id='word_1_348' title='bbox 2357 1806 2524 1860; x_wconf 85' lang='lat' dir='ltr'><strong>opera</strong></span> <span class='ocrx_word' id='word_1_349' title='bbox 2558 1806 2812 1844; x_wconf 89' lang='lat' dir='ltr'><strong>manuum</strong></span> <span class='ocrx_word' id='word_1_350' title='bbox 2848 1790 3036 1844; x_wconf 86' lang='lat' dir='ltr'><strong>habet.</strong></span> <span class='ocrx_word' id='word_1_351' title='bbox 3064 1789 3129 1843; x_wconf 88' lang='lat' dir='ltr'><strong>Et</strong></span> <span class='ocrx_word' id='word_1_352' title='bbox 3182 1788 3306 1843; x_wconf 86' lang='lat' dir='ltr'><strong>ideo</strong></span> 
     </span>
    </p>
   </div>
   <div class='ocr_carea' id='block_1_48' title="bbox 1736 1879 3309 1953">
    <p class='ocr_par' dir='ltr' id='par_1_48' title="bbox 1736 1879 3309 1953">
     <span class='ocr_line' id='line_1_48' title="bbox 1736 1879 3309 1953; baseline -0.005 -14"><span class='ocrx_word' id='word_1_353' title='bbox 1736 1885 1802 1939; x_wconf 93' lang='lat' dir='ltr'><strong>de</strong></span> <span class='ocrx_word' id='word_1_354' title='bbox 1843 1884 1960 1953; x_wconf 90' lang='lat' dir='ltr'><strong>ipso</strong></span> <span class='ocrx_word' id='word_1_355' title='bbox 2007 1893 2156 1939; x_wconf 87' lang='lat' dir='ltr'><strong>recte</strong></span> <span class='ocrx_word' id='word_1_356' title='bbox 2199 1883 2441 1939; x_wconf 85' lang='lat' dir='ltr'><strong>dicitur:</strong></span> <span class='ocrx_word' id='word_1_357' title='bbox 2482 1900 2500 1932; x_wconf 74' lang='grc' dir='ltr'>ι</span> <span class='ocrx_word' id='word_1_358' title='bbox 2534 1879 2633 1947; x_wconf 87' lang='lat' dir='ltr'><strong>Qui</strong></span> <span class='ocrx_word' id='word_1_359' title='bbox 2693 1884 3098 1936; x_wconf 75' lang='lat' dir='ltr'><strong>consummatus</strong></span> <span class='ocrx_word' id='word_1_360' title='bbox 3145 1879 3309 1934; x_wconf 91' lang='lat' dir='ltr'><strong>habet</strong></span> 
     </span>
    </p>
   </div>
   <div class='ocr_carea' id='block_1_49' title="bbox 1735 1972 3309 2044">
    <p class='ocr_par' dir='ltr' id='par_1_49' title="bbox 1735 1972 3309 2044">
     <span class='ocr_line' id='line_1_49' title="bbox 1735 1972 3309 2044; baseline -0.004 -13"><span class='ocrx_word' id='word_1_361' title='bbox 1735 1991 1960 2044; x_wconf 88' lang='lat' dir='ltr'><strong>manus,</strong></span> <span class='ocrx_word' id='word_1_362' title='bbox 1982 1983 2043 2030; x_wconf 91' lang='lat' dir='ltr'><strong>ut</strong></span> <span class='ocrx_word' id='word_1_363' title='bbox 2073 1976 2329 2029; x_wconf 89' lang='lat' dir='ltr'><strong>induatur</strong></span> <span class='ocrx_word' id='word_1_364' title='bbox 2358 1984 2565 2028; x_wconf 86' lang='lat' dir='ltr'><strong>sancta.</strong></span> <span class='ocrx_word' id='word_1_365' title='bbox 2602 1992 2620 2024; x_wconf 75' lang='grc' dir='ltr'><strong><em>ι</em></strong></span> <span class='ocrx_word' id='word_1_366' title='bbox 2648 1972 2746 2027; x_wconf 79' lang='lat' dir='ltr'><strong>ilic</strong></span> <span class='ocrx_word' id='word_1_367' title='bbox 2769 1973 2918 2027; x_wconf 87' lang='lat' dir='ltr'><strong>enim</strong></span> <span class='ocrx_word' id='word_1_368' title='bbox 2936 1982 3036 2036; x_wconf 88' lang='lat' dir='ltr'><strong>est,</strong></span> <span class='ocrx_word' id='word_1_369' title='bbox 3070 1972 3309 2039; x_wconf 88' lang='lat' dir='ltr'><strong>quivere</strong></span> 
     </span>
    </p>
   </div>
   <div class='ocr_carea' id='block_1_50' title="bbox 1737 2067 3307 2137">
    <p class='ocr_par' dir='ltr' id='par_1_50' title="bbox 1737 2067 3307 2137">
     <span class='ocr_line' id='line_1_50' title="bbox 1737 2067 3307 2137; baseline -0.005 -12"><span class='ocrx_word' id='word_1_370' title='bbox 1737 2068 1958 2125; x_wconf 89' lang='lat' dir='ltr'><strong>indutus</strong></span> <span class='ocrx_word' id='word_1_371' title='bbox 1990 2078 2074 2125; x_wconf 90' lang='lat' dir='ltr'><strong>est</strong></span> <span class='ocrx_word' id='word_1_372' title='bbox 2100 2078 2308 2131; x_wconf 86' lang='lat' dir='ltr'><strong>sancta,</strong></span> <span class='ocrx_word' id='word_1_373' title='bbox 2346 2083 2453 2122; x_wconf 91' lang='lat' dir='ltr'><strong>non</strong></span> <span class='ocrx_word' id='word_1_374' title='bbox 2490 2067 2575 2120; x_wconf 84' lang='lat' dir='ltr'><strong>illa</strong></span> <span class='ocrx_word' id='word_1_375' title='bbox 2611 2081 2731 2135; x_wconf 85' lang='lat' dir='ltr'><strong>quae</strong></span> <span class='ocrx_word' id='word_1_376' title='bbox 2767 2068 2820 2120; x_wconf 92' lang='lat' dir='ltr'><strong>in</strong></span> <span class='ocrx_word' id='word_1_377' title='bbox 2859 2076 2984 2137; x_wconf 80' lang='lat' dir='ltr'><strong>typo</strong></span> <span class='ocrx_word' id='word_1_378' title='bbox 3013 2074 3187 2127; x_wconf 89' lang='lat' dir='ltr'><strong>erant,</strong></span> <span class='ocrx_word' id='word_1_379' title='bbox 3215 2067 3307 2119; x_wconf 90' lang='lat' dir='ltr'><strong>sed</strong></span> 
     </span>
    </p>
   </div>
   <div class='ocr_carea' id='block_1_51' title="bbox 1734 2157 3312 2231">
    <p class='ocr_par' dir='ltr' id='par_1_51' title="bbox 1734 2157 3312 2231">
     <span class='ocr_line' id='line_1_51' title="bbox 1734 2157 3312 2231; baseline -0.004 -14"><span class='ocrx_word' id='word_1_380' title='bbox 1734 2162 1849 2231; x_wconf 84' lang='lat' dir='ltr'><strong>ipsa</strong></span> <span class='ocrx_word' id='word_1_381' title='bbox 1885 2177 2004 2231; x_wconf 65' lang='lat' dir='ltr'><strong>quae</strong></span> <span class='ocrx_word' id='word_1_382' title='bbox 2052 2176 2181 2216; x_wconf 87' lang='lat' dir='ltr'><strong>vere</strong></span> <span class='ocrx_word' id='word_1_383' title='bbox 2220 2168 2407 2215; x_wconf 90' lang='lat' dir='ltr'><strong>sancta</strong></span> <span class='ocrx_word' id='word_1_384' title='bbox 2460 2169 2603 2212; x_wconf 89' lang='lat' dir='ltr'><strong>sunt.</strong></span> <span class='ocrx_word' id='word_1_385' title='bbox 2634 2159 2784 2225; x_wconf 83' lang='lat' dir='ltr'><strong>Quod</strong></span> <span class='ocrx_word' id='word_1_386' title='bbox 2829 2159 2873 2212; x_wconf 89' lang='lat' dir='ltr'><strong>si</strong></span> <span class='ocrx_word' id='word_1_387' title='bbox 2919 2159 2999 2211; x_wconf 91' lang='lat' dir='ltr'><strong>vis</strong></span> <span class='ocrx_word' id='word_1_388' title='bbox 3026 2158 3213 2211; x_wconf 88' lang='lat' dir='ltr'><strong>amlire</strong></span> <span class='ocrx_word' id='word_1_389' title='bbox 3244 2157 3312 2211; x_wconf 90' lang='lat' dir='ltr'><strong>de</strong></span> 
     </span>
    </p>
   </div>
   <div class='ocr_carea' id='block_1_52' title="bbox 1734 2250 3305 2320">
    <p class='ocr_par' dir='ltr' id='par_1_52' title="bbox 1734 2250 3305 2320">
     <span class='ocr_line' id='line_1_52' title="bbox 1734 2250 3305 2320; baseline -0.003 -11"><span class='ocrx_word' id='word_1_390' title='bbox 1734 2254 2127 2309; x_wconf 85' lang='lat' dir='ltr'><strong>excelsioribus</strong></span> <span class='ocrx_word' id='word_1_391' title='bbox 2172 2253 2506 2307; x_wconf 79' lang='lat' dir='ltr'><strong>indumentis</strong></span> <span class='ocrx_word' id='word_1_392' title='bbox 2557 2253 2696 2320; x_wconf 86' lang='lat' dir='ltr'><strong>ejus,</strong></span> <span class='ocrx_word' id='word_1_393' title='bbox 2741 2251 2930 2320; x_wconf 87' lang='lat' dir='ltr'><strong>accipe</strong></span> <span class='ocrx_word' id='word_1_394' title='bbox 2975 2250 3143 2305; x_wconf 87' lang='lat' dir='ltr'><strong>verba</strong></span> <span class='ocrx_word' id='word_1_395' title='bbox 3176 2265 3305 2319; x_wconf 84' lang='lat' dir='ltr'><strong>pro-</strong></span> 
     </span>
    </p>
   </div>
   <div class='ocr_carea' id='block_1_53' title="bbox 1734 2343 3311 2415">
    <p class='ocr_par' dir='ltr' id='par_1_53' title="bbox 1734 2343 3311 2415">
     <span class='ocr_line' id='line_1_53' title="bbox 1734 2343 3311 2415; baseline -0.003 -15"><span class='ocrx_word' id='word_1_396' title='bbox 1734 2347 1947 2415; x_wconf 88' lang='lat' dir='ltr'><strong>phetica</strong></span> <span class='ocrx_word' id='word_1_397' title='bbox 1979 2363 1994 2401; x_wconf 86' lang='lat'><strong>:</strong></span> <span class='ocrx_word' id='word_1_398' title='bbox 2033 2366 2051 2397; x_wconf 85' lang='grc'><strong>‹</strong></span> <span class='ocrx_word' id='word_1_399' title='bbox 2077 2345 2357 2410; x_wconf 82' lang='lat' dir='ltr'><strong>Amictus,</strong></span> <span class='ocrx_word' id='word_1_400' title='bbox 2409 2344 2660 2412; x_wconf 70' lang='lat' dir='ltr'><strong>inquit“,</strong></span> <span class='ocrx_word' id='word_1_401' title='bbox 2696 2344 2900 2398; x_wconf 82' lang='lat' dir='ltr'><strong>lumine</strong></span> <span class='ocrx_word' id='word_1_402' title='bbox 2946 2343 3088 2398; x_wconf 90' lang='lat' dir='ltr'><strong>sicut</strong></span> <span class='ocrx_word' id='word_1_403' title='bbox 3146 2343 3311 2397; x_wconf 82' lang='lat' dir='ltr'><strong>vesti-</strong></span> 
     </span>
    </p>
   </div>
   <div class='ocr_carea' id='block_1_54' title="bbox 1735 2434 3305 2509">
    <p class='ocr_par' dir='ltr' id='par_1_54' title="bbox 1735 2434 3305 2509">
     <span class='ocr_line' id='line_1_54' title="bbox 1735 2434 3305 2509; baseline -0.004 -15"><span class='ocrx_word' id='word_1_404' title='bbox 1735 2449 1948 2501; x_wconf 87' lang='lat' dir='ltr'><strong>mento,</strong></span> <span class='ocrx_word' id='word_1_405' title='bbox 1992 2440 2220 2509; x_wconf 87' lang='lat' dir='ltr'><strong>abyssus</strong></span> <span class='ocrx_word' id='word_1_406' title='bbox 2267 2439 2410 2493; x_wconf 91' lang='lat' dir='ltr'><strong>sicut</strong></span> <span class='ocrx_word' id='word_1_407' title='bbox 2470 2438 2702 2490; x_wconf 88' lang='lat' dir='ltr'><strong>amictus</strong></span> <span class='ocrx_word' id='word_1_408' title='bbox 2755 2434 2867 2506; x_wconf 86' lang='lat'><strong>(95)</strong></span> <span class='ocrx_word' id='word_1_409' title='bbox 2921 2436 3305 2490; x_wconf 88' lang='lat' dir='ltr'><strong>vestimentum</strong></span> 
     </span>
    </p>
   </div>
   <div class='ocr_carea' id='block_1_55' title="bbox 1734 2528 3307 2601">
    <p class='ocr_par' dir='ltr' id='par_1_55' title="bbox 1734 2528 3307 2601">
     <span class='ocr_line' id='line_1_55' title="bbox 1734 2528 3307 2601; baseline -0.001 -16"><span class='ocrx_word' id='word_1_410' title='bbox 1734 2531 1872 2601; x_wconf 86' lang='lat' dir='ltr'><strong>ejus.</strong></span> <span class='ocrx_word' id='word_1_411' title='bbox 1898 2550 1917 2582; x_wconf 70' lang='grc' dir='ltr'><strong><em>ι</em></strong></span> <span class='ocrx_word' id='word_1_412' title='bbox 1956 2530 2056 2585; x_wconf 88' lang='lat' dir='ltr'><strong>Hic</strong></span> <span class='ocrx_word' id='word_1_413' title='bbox 2095 2540 2177 2586; x_wconf 89' lang='lat' dir='ltr'><strong>est</strong></span> <span class='ocrx_word' id='word_1_414' title='bbox 2231 2530 2334 2584; x_wconf 89' lang='lat' dir='ltr'><strong>mei</strong></span> <span class='ocrx_word' id='word_1_415' title='bbox 2374 2529 2555 2599; x_wconf 83' lang='lat' dir='ltr'><strong>magni</strong></span> <span class='ocrx_word' id='word_1_416' title='bbox 2607 2528 2878 2598; x_wconf 83' lang='lat' dir='ltr'><strong>pontiﬁcis</strong></span> <span class='ocrx_word' id='word_1_417' title='bbox 2925 2529 3166 2595; x_wconf 88' lang='lat' dir='ltr'><strong>habitus,</strong></span> <span class='ocrx_word' id='word_1_418' title='bbox 3200 2546 3307 2597; x_wconf 90' lang='lat' dir='ltr'><strong>quo</strong></span> 
     </span>
    </p>
   </div>
   <div class='ocr_carea' id='block_1_56' title="bbox 1736 2618 3310 2693">
    <p class='ocr_par' dir='ltr' id='par_1_56' title="bbox 1736 2618 3310 2693">
     <span class='ocr_line' id='line_1_56' title="bbox 1736 2618 3310 2693; baseline -0.004 -14"><span class='ocrx_word' id='word_1_419' title='bbox 1736 2624 2009 2679; x_wconf 87' lang='lat' dir='ltr'><strong>indicatur</strong></span> <span class='ocrx_word' id='word_1_420' title='bbox 2037 2622 2301 2693; x_wconf 85' lang='lat' dir='ltr'><strong>profunda</strong></span> <span class='ocrx_word' id='word_1_421' title='bbox 2332 2620 2583 2686; x_wconf 90' lang='lat' dir='ltr'><strong>scientia,</strong></span> <span class='ocrx_word' id='word_1_422' title='bbox 2608 2628 2662 2675; x_wconf 89' lang='lat' dir='ltr'><strong>et</strong></span> <span class='ocrx_word' id='word_1_423' title='bbox 2676 2618 2966 2690; x_wconf 69' lang='lat' dir='ltr'><strong>sapientiae</strong></span> <span class='ocrx_word' id='word_1_424' title='bbox 2995 2618 3114 2673; x_wconf 92' lang='lat' dir='ltr'><strong>luce</strong></span> <span class='ocrx_word' id='word_1_425' title='bbox 3146 2619 3310 2672; x_wconf 51' lang='lat' dir='ltr'><strong>vesti.</strong></span> 
     </span>
    </p>
   </div>
   <div class='ocr_carea' id='block_1_57' title="bbox 1736 2710 3310 2785">
    <p class='ocr_par' dir='ltr' id='par_1_57' title="bbox 1736 2710 3310 2785">
     <span class='ocr_line' id='line_1_57' title="bbox 1736 2710 3310 2785; baseline -0.005 -13"><span class='ocrx_word' id='word_1_426' title='bbox 1736 2727 1844 2781; x_wconf 85' lang='lat' dir='ltr'><strong>tus,</strong></span> <span class='ocrx_word' id='word_1_427' title='bbox 1895 2732 2017 2785; x_wconf 77' lang='lat' dir='ltr'><strong>quae</strong></span> <span class='ocrx_word' id='word_1_428' title='bbox 2058 2729 2186 2769; x_wconf 89' lang='lat' dir='ltr'><strong>vere</strong></span> <span class='ocrx_word' id='word_1_429' title='bbox 2218 2725 2407 2769; x_wconf 90' lang='lat' dir='ltr'><strong>sancta</strong></span> <span class='ocrx_word' id='word_1_430' title='bbox 2452 2723 2580 2769; x_wconf 90' lang='lat' dir='ltr'><strong>sunt</strong></span> <span class='ocrx_word' id='word_1_431' title='bbox 2624 2712 2962 2767; x_wconf 85' lang='lat' dir='ltr'><strong>indumenta.</strong></span> <span class='ocrx_word' id='word_1_432' title='bbox 2998 2729 3017 2761; x_wconf 78' lang='grc' dir='ltr'>ι</span> <span class='ocrx_word' id='word_1_433' title='bbox 3048 2710 3190 2777; x_wconf 83' lang='grc' dir='ltr'><strong>Νοη,</strong></span> <span class='ocrx_word' id='word_1_434' title='bbox 3223 2712 3310 2765; x_wconf 85' lang='lat' dir='ltr'><strong>in-</strong></span> 
     </span>
    </p>
   </div>
   <div class='ocr_carea' id='block_1_58' title="bbox 1732 2801 3311 2879">
    <p class='ocr_par' dir='ltr' id='par_1_58' title="bbox 1732 2801 3311 2879">
     <span class='ocr_line' id='line_1_58' title="bbox 1732 2801 3311 2879; baseline -0.004 -17"><span class='ocrx_word' id='word_1_435' title='bbox 1732 2809 1940 2879; x_wconf 78' lang='lat' dir='ltr'><strong>quit“,</strong></span> <span class='ocrx_word' id='word_1_436' title='bbox 1994 2807 2206 2862; x_wconf 87' lang='lat' dir='ltr'><strong>auferet</strong></span> <span class='ocrx_word' id='word_1_437' title='bbox 2258 2808 2325 2861; x_wconf 90' lang='lat' dir='ltr'><strong>de</strong></span> <span class='ocrx_word' id='word_1_438' title='bbox 2394 2806 2572 2874; x_wconf 89' lang='lat' dir='ltr'><strong>capite</strong></span> <span class='ocrx_word' id='word_1_439' title='bbox 2625 2820 2723 2858; x_wconf 86' lang='lat' dir='ltr'><strong>suo</strong></span> <span class='ocrx_word' id='word_1_440' title='bbox 2776 2804 3070 2858; x_wconf 69' lang='lat' dir='ltr'><strong>Cidarim.»</strong></span> <span class='ocrx_word' id='word_1_441' title='bbox 3104 2801 3222 2857; x_wconf 65' lang='lat' dir='ltr'><strong>iam</strong></span> <span class='ocrx_word' id='word_1_442' title='bbox 3250 2811 3311 2871; x_wconf 85' lang='lat' dir='ltr'><strong>et</strong></span> 
     </span>
    </p>
   </div>
   <div class='ocr_carea' id='block_1_59' title="bbox 1735 2896 3309 2972">
    <p class='ocr_par' dir='ltr' id='par_1_59' title="bbox 1735 2896 3309 2972">
     <span class='ocr_line' id='line_1_59' title="bbox 1735 2896 3309 2972; baseline -0.006 -13"><span class='ocrx_word' id='word_1_443' title='bbox 1735 2904 1886 2972; x_wconf 90' lang='lat' dir='ltr'><strong>prius</strong></span> <span class='ocrx_word' id='word_1_444' title='bbox 1915 2902 2153 2956; x_wconf 82' lang='lat' dir='ltr'><strong>diximus</strong></span> <span class='ocrx_word' id='word_1_445' title='bbox 2180 2899 2411 2953; x_wconf 87' lang='lat' dir='ltr'><strong>cidarim</strong></span> <span class='ocrx_word' id='word_1_446' title='bbox 2439 2913 2608 2968; x_wconf 81' lang='lat' dir='ltr'><strong>genus</strong></span> <span class='ocrx_word' id='word_1_447' title='bbox 2637 2912 2756 2951; x_wconf 90' lang='lat' dir='ltr'><strong>esse</strong></span> <span class='ocrx_word' id='word_1_448' title='bbox 2784 2896 3131 2965; x_wconf 86' lang='lat' dir='ltr'><strong>operimenti,</strong></span> <span class='ocrx_word' id='word_1_449' title='bbox 3163 2896 3309 2965; x_wconf 82' lang='lat' dir='ltr'><strong>quod</strong></span> 
     </span>
    </p>
   </div>
   <div class='ocr_carea' id='block_1_60' title="bbox 1734 2987 3313 3062">
    <p class='ocr_par' dir='ltr' id='par_1_60' title="bbox 1734 2987 3313 3062">
     <span class='ocr_line' id='line_1_60' title="bbox 1734 2987 3313 3062; baseline -0.006 -12"><span class='ocrx_word' id='word_1_450' title='bbox 1734 2993 1898 3062; x_wconf 88' lang='lat' dir='ltr'><strong>capiti</strong></span> <span class='ocrx_word' id='word_1_451' title='bbox 1925 2991 2329 3062; x_wconf 90' lang='lat' dir='ltr'><strong>superpositum</strong></span> <span class='ocrx_word' id='word_1_452' title='bbox 2368 2988 2609 3057; x_wconf 89' lang='lat' dir='ltr'><strong>pontifici</strong></span> <span class='ocrx_word' id='word_1_453' title='bbox 2653 2997 2879 3058; x_wconf 83' lang='lat' dir='ltr'><strong>praestat</strong></span> <span class='ocrx_word' id='word_1_454' title='bbox 2907 2999 3181 3042; x_wconf 89' lang='lat' dir='ltr'><strong>ornatum.</strong></span> <span class='ocrx_word' id='word_1_455' title='bbox 3215 2987 3313 3042; x_wconf 88' lang='lat' dir='ltr'><strong>llic</strong></span> 
     </span>
    </p>
   </div>
   <div class='ocr_carea' id='block_1_61' title="bbox 65 3079 3311 3180">
    <p class='ocr_par' dir='ltr' id='par_1_61' title="bbox 65 3079 3311 3180">
     <span class='ocr_line' id='line_1_61' title="bbox 65 3079 3311 3180; baseline 0 -47"><span class='ocrx_word' id='word_1_456' title='bbox 65 3098 119 3180; x_wconf 81' lang='lat' dir='ltr'><strong>ex</strong></span> <span class='ocrx_word' id='word_1_457' title='bbox 150 3081 423 3180; x_wconf 70' lang='lat' dir='ltr'><strong>fratribus</strong></span> <span class='ocrx_word' id='word_1_458' title='bbox 483 3082 621 3137; x_wconf 88' lang='lat' dir='ltr'><strong>suis.</strong></span> <span class='ocrx_word' id='word_1_459' title='bbox 649 3101 668 3134; x_wconf 75' lang='grc' dir='ltr'><strong><em>ι</em></strong></span> <span class='ocrx_word' id='word_1_460' title='bbox 722 3082 930 3147; x_wconf 83' lang='lat' dir='ltr'><strong>Quibus</strong></span> <span class='ocrx_word' id='word_1_461' title='bbox 973 3079 1273 3135; x_wconf 79' lang='lat' dir='ltr'><strong>fratribus?</strong></span> <span class='ocrx_word' id='word_1_462' title='bbox 1316 3082 1392 3136; x_wconf 92' lang='lat' dir='ltr'><strong>De</strong></span> <span class='ocrx_word' id='word_1_463' title='bbox 1437 3082 1632 3151; x_wconf 90' lang='lat' dir='ltr'><strong>quibus</strong></span> <span class='ocrx_word' id='word_1_464' title='bbox 1658 3122 1703 3180; x_wconf 74' lang='lat' dir='ltr'><strong><em>C</em></strong></span> <span class='ocrx_word' id='word_1_465' title='bbox 1735 3101 1864 3155; x_wconf 81' lang='lat' dir='ltr'><strong>ergo</strong></span> <span class='ocrx_word' id='word_1_466' title='bbox 1900 3099 2130 3154; x_wconf 77' lang='lat' dir='ltr'><strong>magnus</strong></span> <span class='ocrx_word' id='word_1_467' title='bbox 2160 3082 2570 3153; x_wconf 81' lang='lat' dir='ltr'><strong>pontifexmeus</strong></span> <span class='ocrx_word' id='word_1_468' title='bbox 2610 3096 2884 3150; x_wconf 91' lang='lat' dir='ltr'><strong>nunquam</strong></span> <span class='ocrx_word' id='word_1_469' title='bbox 2920 3080 3142 3148; x_wconf 85' lang='lat' dir='ltr'><strong>deponit</strong></span> <span class='ocrx_word' id='word_1_470' title='bbox 3169 3081 3311 3134; x_wconf 87' lang='lat' dir='ltr'><strong>sacri</strong></span> 
     </span>
    </p>
   </div>
   <div class='ocr_carea' id='block_1_62' title="bbox 62 3172 1628 3229">
    <p class='ocr_par' dir='ltr' id='par_1_62' title="bbox 62 3172 1628 3229">
     <span class='ocr_line' id='line_1_62' title="bbox 62 3172 1628 3229; baseline 0.002 -4"><span class='ocrx_word' id='word_1_471' title='bbox 62 3172 181 3226; x_wconf 79' lang='lat' dir='ltr'><strong>dixit</strong></span> <span class='ocrx_word' id='word_1_472' title='bbox 233 3188 355 3227; x_wconf 89' lang='lat' dir='ltr'><strong>cum</strong></span> <span class='ocrx_word' id='word_1_473' title='bbox 408 3172 811 3229; x_wconf 83' lang='lat' dir='ltr'><strong>resurrexisset</strong></span> <span class='ocrx_word' id='word_1_474' title='bbox 856 3186 886 3225; x_wconf 88' lang='lat' dir='ltr'><strong>a</strong></span> <span class='ocrx_word' id='word_1_475' title='bbox 927 3172 1158 3226; x_wconf 89' lang='lat' dir='ltr'><strong>mortuis</strong></span> <span class='ocrx_word' id='word_1_476' title='bbox 1180 3172 1225 3205; x_wconf 73' lang='grc'><strong><em>³⁸</em></strong></span> <span class='ocrx_word' id='word_1_477' title='bbox 1264 3190 1277 3227; x_wconf 93' lang='lat'><strong>:</strong></span> <span class='ocrx_word' id='word_1_478' title='bbox 1322 3191 1342 3226; x_wconf 76' lang='lat' dir='ltr'><strong>r</strong></span> <span class='ocrx_word' id='word_1_479' title='bbox 1372 3173 1521 3227; x_wconf 83' lang='lat' dir='ltr'><strong>Vade</strong></span> <span class='ocrx_word' id='word_1_480' title='bbox 1560 3175 1628 3228; x_wconf 87' lang='lat' dir='ltr'><strong>ad</strong></span> 
     </span>
    </p>
   </div>
   <div class='ocr_carea' id='block_1_63' title="bbox 60 3264 1628 3332">
    <p class='ocr_par' dir='ltr' id='par_1_63' title="bbox 60 3264 1628 3332">
     <span class='ocr_line' id='line_1_63' title="bbox 60 3264 1628 3332; baseline 0.004 -17"><span class='ocrx_word' id='word_1_481' title='bbox 60 3264 241 3321; x_wconf 83' lang='lat' dir='ltr'><strong>fratres</strong></span> <span class='ocrx_word' id='word_1_482' title='bbox 299 3283 493 3332; x_wconf 87' lang='lat' dir='ltr'><strong>meos,</strong></span> <span class='ocrx_word' id='word_1_483' title='bbox 546 3276 601 3320; x_wconf 90' lang='lat' dir='ltr'><strong>et</strong></span> <span class='ocrx_word' id='word_1_484' title='bbox 654 3267 741 3321; x_wconf 89' lang='lat' dir='ltr'><strong>dic</strong></span> <span class='ocrx_word' id='word_1_485' title='bbox 802 3265 880 3319; x_wconf 89' lang='lat' dir='ltr'><strong>eis</strong></span> <span class='ocrx_word' id='word_1_486' title='bbox 922 3283 936 3320; x_wconf 89' lang='lat'><strong>:</strong></span> <span class='ocrx_word' id='word_1_487' title='bbox 982 3266 1234 3320; x_wconf 89' lang='lat' dir='ltr'><strong>Ascendo</strong></span> <span class='ocrx_word' id='word_1_488' title='bbox 1287 3266 1354 3320; x_wconf 90' lang='lat' dir='ltr'><strong>ad</strong></span> <span class='ocrx_word' id='word_1_489' title='bbox 1411 3267 1628 3323; x_wconf 86' lang='lat' dir='ltr'><strong>Patrem</strong></span> 
     </span>
    </p>
   </div>
   <div class='ocr_carea' id='block_1_64' title="bbox 56 3356 1632 3425">
    <p class='ocr_par' dir='ltr' id='par_1_64' title="bbox 56 3356 1632 3425">
     <span class='ocr_line' id='line_1_64' title="bbox 56 3356 1632 3425; baseline 0.003 -15"><span class='ocrx_word' id='word_1_490' title='bbox 56 3372 242 3425; x_wconf 85' lang='lat' dir='ltr'><strong>meum,</strong></span> <span class='ocrx_word' id='word_1_491' title='bbox 284 3369 339 3412; x_wconf 88' lang='lat' dir='ltr'><strong>et</strong></span> <span class='ocrx_word' id='word_1_492' title='bbox 371 3360 443 3411; x_wconf 91' lang='lat' dir='ltr'><strong>ad</strong></span> <span class='ocrx_word' id='word_1_493' title='bbox 478 3359 696 3413; x_wconf 83' lang='lat' dir='ltr'><strong>Patrem</strong></span> <span class='ocrx_word' id='word_1_494' title='bbox 734 3367 995 3421; x_wconf 87' lang='lat' dir='ltr'><strong>vestrum,</strong></span> <span class='ocrx_word' id='word_1_495' title='bbox 1039 3357 1108 3411; x_wconf 87' lang='lat' dir='ltr'><strong>ad</strong></span> <span class='ocrx_word' id='word_1_496' title='bbox 1140 3356 1312 3412; x_wconf 91' lang='lat' dir='ltr'><strong>Deum</strong></span> <span class='ocrx_word' id='word_1_497' title='bbox 1346 3374 1549 3424; x_wconf 89' lang='lat' dir='ltr'><strong>meum,</strong></span> <span class='ocrx_word' id='word_1_498' title='bbox 1577 3369 1632 3414; x_wconf 92' lang='lat' dir='ltr'><strong>et</strong></span> 
     </span>
    </p>
   </div>
   <div class='ocr_carea' id='block_1_65' title="bbox 55 3449 1631 3518">
    <p class='ocr_par' dir='ltr' id='par_1_65' title="bbox 55 3449 1631 3518">
     <span class='ocr_line' id='line_1_65' title="bbox 55 3449 1631 3518; baseline 0.001 -15"><span class='ocrx_word' id='word_1_499' title='bbox 55 3451 206 3503; x_wconf 89' lang='lat' dir='ltr'><strong>Deum</strong></span> <span class='ocrx_word' id='word_1_500' title='bbox 252 3461 527 3505; x_wconf 88' lang='lat' dir='ltr'><strong>vestrum.</strong></span> <span class='ocrx_word' id='word_1_501' title='bbox 549 3469 568 3502; x_wconf 74' lang='grc' dir='ltr'><strong><em>ι</em></strong></span> <span class='ocrx_word' id='word_1_502' title='bbox 618 3450 674 3503; x_wconf 88' lang='lat' dir='ltr'><strong>Si</strong></span> <span class='ocrx_word' id='word_1_503' title='bbox 716 3460 895 3503; x_wconf 90' lang='lat' dir='ltr'><strong>autem</strong></span> <span class='ocrx_word' id='word_1_504' title='bbox 926 3450 1007 3503; x_wconf 91' lang='lat' dir='ltr'><strong>vis</strong></span> <span class='ocrx_word' id='word_1_505' title='bbox 1045 3464 1112 3504; x_wconf 83' lang='lat' dir='ltr'><strong>ex</strong></span> <span class='ocrx_word' id='word_1_506' title='bbox 1146 3449 1387 3518; x_wconf 86' lang='lat' dir='ltr'><strong>antiquis</strong></span> <span class='ocrx_word' id='word_1_507' title='bbox 1421 3450 1631 3505; x_wconf 87' lang='lat' dir='ltr'><strong>litteris</strong></span> 
     </span>
    </p>
   </div>
   <div class='ocr_carea' id='block_1_66' title="bbox 53 3541 1632 3613">
    <p class='ocr_par' dir='ltr' id='par_1_66' title="bbox 53 3541 1632 3613">
     <span class='ocr_line' id='line_1_66' title="bbox 53 3541 1632 3613; baseline 0.001 -18"><span class='ocrx_word' id='word_1_508' title='bbox 53 3543 248 3598; x_wconf 91' lang='lat' dir='ltr'><strong>discere</strong></span> <span class='ocrx_word' id='word_1_509' title='bbox 290 3543 500 3598; x_wconf 90' lang='lat' dir='ltr'><strong>fratres</strong></span> <span class='ocrx_word' id='word_1_510' title='bbox 530 3541 678 3607; x_wconf 80' lang='lat' dir='ltr'><strong>Jesu,</strong></span> <span class='ocrx_word' id='word_1_511' title='bbox 713 3543 829 3611; x_wconf 79' lang='lat' dir='ltr'><strong>lege</strong></span> <span class='ocrx_word' id='word_1_512' title='bbox 862 3542 1180 3597; x_wconf 85' lang='lat' dir='ltr'><strong>vicesimum</strong></span> <span class='ocrx_word' id='word_1_513' title='bbox 1212 3543 1444 3611; x_wconf 91' lang='lat' dir='ltr'><strong>primum</strong></span> <span class='ocrx_word' id='word_1_514' title='bbox 1485 3544 1632 3613; x_wconf 83' lang='lat' dir='ltr'><strong>psal—</strong></span> 
     </span>
    </p>
   </div>
   <div class='ocr_carea' id='block_1_67' title="bbox 49 3632 1631 3703">
    <p class='ocr_par' dir='ltr' id='par_1_67' title="bbox 49 3632 1631 3703">
     <span class='ocr_line' id='line_1_67' title="bbox 49 3632 1631 3703; baseline 0.003 -17"><span class='ocrx_word' id='word_1_515' title='bbox 49 3650 205 3699; x_wconf 90' lang='lat' dir='ltr'><strong>mum,</strong></span> <span class='ocrx_word' id='word_1_516' title='bbox 232 3635 321 3689; x_wconf 90' lang='lat' dir='ltr'><strong>ubi</strong></span> <span class='ocrx_word' id='word_1_517' title='bbox 354 3649 426 3689; x_wconf 84' lang='lat' dir='ltr'><strong>ex</strong></span> <span class='ocrx_word' id='word_1_518' title='bbox 471 3649 703 3703; x_wconf 87' lang='lat' dir='ltr'><strong>persona</strong></span> <span class='ocrx_word' id='word_1_519' title='bbox 740 3633 943 3688; x_wconf 81' lang='lat' dir='ltr'><strong>Christi</strong></span> <span class='ocrx_word' id='word_1_520' title='bbox 976 3632 1183 3688; x_wconf 91' lang='lat' dir='ltr'><strong>dicitur</strong></span> <span class='ocrx_word' id='word_1_521' title='bbox 1207 3634 1253 3666; x_wconf 83' lang='grc'><strong>⁶⁰</strong></span> <span class='ocrx_word' id='word_1_522' title='bbox 1280 3647 1296 3687; x_wconf 93' lang='lat'><strong>:</strong></span> <span class='ocrx_word' id='word_1_523' title='bbox 1333 3653 1351 3686; x_wconf 74' lang='grc' dir='ltr'>ι</span> <span class='ocrx_word' id='word_1_524' title='bbox 1381 3634 1631 3691; x_wconf 89' lang='lat' dir='ltr'><strong>Narrabo</strong></span> 
     </span>
    </p>
   </div>
   <div class='ocr_carea' id='block_1_68' title="bbox 48 3724 1631 3794">
    <p class='ocr_par' dir='ltr' id='par_1_68' title="bbox 48 3724 1631 3794">
     <span class='ocr_line' id='line_1_68' title="bbox 48 3724 1631 3794; baseline 0.003 -15"><span class='ocrx_word' id='word_1_525' title='bbox 48 3742 229 3780; x_wconf 86' lang='lat' dir='ltr'><strong>nomen</strong></span> <span class='ocrx_word' id='word_1_526' title='bbox 284 3736 448 3781; x_wconf 89' lang='lat' dir='ltr'><strong>tuum</strong></span> <span class='ocrx_word' id='word_1_527' title='bbox 505 3725 767 3781; x_wconf 90' lang='lat' dir='ltr'><strong>fratribus</strong></span> <span class='ocrx_word' id='word_1_528' title='bbox 821 3727 993 3794; x_wconf 92' lang='lat' dir='ltr'><strong>meis,</strong></span> <span class='ocrx_word' id='word_1_529' title='bbox 1042 3724 1095 3781; x_wconf 92' lang='lat' dir='ltr'><strong>in</strong></span> <span class='ocrx_word' id='word_1_530' title='bbox 1149 3725 1325 3781; x_wconf 91' lang='lat' dir='ltr'><strong>medio</strong></span> <span class='ocrx_word' id='word_1_531' title='bbox 1373 3726 1631 3784; x_wconf 64' lang='lat' dir='ltr'><strong>Ecclesiae</strong></span> 
     </span>
    </p>
   </div>
   <div class='ocr_carea' id='block_1_69' title="bbox 44 3817 1631 3889">
    <p class='ocr_par' dir='ltr' id='par_1_69' title="bbox 44 3817 1631 3889">
     <span class='ocr_line' id='line_1_69' title="bbox 44 3817 1631 3889; baseline 0.004 -20"><span class='ocrx_word' id='word_1_532' title='bbox 44 3818 262 3873; x_wconf 78' lang='lat' dir='ltr'><strong>laudabo</strong></span> <span class='ocrx_word' id='word_1_533' title='bbox 310 3829 435 3874; x_wconf 63' lang='lat' dir='ltr'><strong>te.»</strong></span> <span class='ocrx_word' id='word_1_534' title='bbox 480 3818 564 3874; x_wconf 86' lang='lat' dir='ltr'><strong>Ex</strong></span> <span class='ocrx_word' id='word_1_535' title='bbox 614 3817 877 3874; x_wconf 91' lang='lat' dir='ltr'><strong>fratribus</strong></span> <span class='ocrx_word' id='word_1_536' title='bbox 923 3833 1054 3883; x_wconf 72' lang='lat' dir='ltr'><strong>ergo</strong></span> <span class='ocrx_word' id='word_1_537' title='bbox 1108 3819 1222 3874; x_wconf 87' lang='lat' dir='ltr'><strong>suis</strong></span> <span class='ocrx_word' id='word_1_538' title='bbox 1275 3834 1502 3889; x_wconf 80' lang='lat' dir='ltr'><strong>magnus</strong></span> <span class='ocrx_word' id='word_1_539' title='bbox 1546 3831 1631 3876; x_wconf 82' lang='lat' dir='ltr'><strong>est</strong></span> 
     </span>
    </p>
   </div>
   <div class='ocr_carea' id='block_1_70' title="bbox 41 3909 1631 3983">
    <p class='ocr_par' dir='ltr' id='par_1_70' title="bbox 41 3909 1631 3983">
     <span class='ocr_line' id='line_1_70' title="bbox 41 3909 1631 3983; baseline 0.005 -22"><span class='ocrx_word' id='word_1_540' title='bbox 41 3909 210 3978; x_wconf 80' lang='lat' dir='ltr'><strong>Jesus,</strong></span> <span class='ocrx_word' id='word_1_541' title='bbox 237 3926 305 3967; x_wconf 83' lang='lat' dir='ltr'><strong>ex</strong></span> <span class='ocrx_word' id='word_1_542' title='bbox 339 3912 431 3966; x_wconf 88' lang='lat' dir='ltr'><strong>his</strong></span> <span class='ocrx_word' id='word_1_543' title='bbox 465 3910 561 3981; x_wconf 89' lang='lat' dir='ltr'><strong>qui</strong></span> <span class='ocrx_word' id='word_1_544' title='bbox 600 3910 753 3979; x_wconf 90' lang='lat' dir='ltr'><strong>prius</strong></span> <span class='ocrx_word' id='word_1_545' title='bbox 796 3913 975 3981; x_wconf 76' lang='lat' dir='ltr'><strong>magni</strong></span> <span class='ocrx_word' id='word_1_546' title='bbox 1012 3911 1229 3967; x_wconf 88' lang='lat' dir='ltr'><strong>fuerant</strong></span> <span class='ocrx_word' id='word_1_547' title='bbox 1272 3913 1547 3983; x_wconf 87' lang='lat' dir='ltr'><strong>appellati,</strong></span> <span class='ocrx_word' id='word_1_548' title='bbox 1576 3924 1631 3969; x_wconf 89' lang='lat' dir='ltr'><strong>et</strong></span> 
     </span>
    </p>
   </div>
   <div class='ocr_carea' id='block_1_71' title="bbox 40 4004 1629 4075">
    <p class='ocr_par' dir='ltr' id='par_1_71' title="bbox 40 4004 1629 4075">
     <span class='ocr_line' id='line_1_71' title="bbox 40 4004 1629 4075; baseline 0.004 -20"><span class='ocrx_word' id='word_1_549' title='bbox 40 4004 169 4058; x_wconf 89' lang='lat' dir='ltr'><strong>sicut</strong></span> <span class='ocrx_word' id='word_1_550' title='bbox 198 4015 491 4073; x_wconf 87' lang='lat' dir='ltr'><strong>pastorum</strong></span> <span class='ocrx_word' id='word_1_551' title='bbox 526 4014 710 4074; x_wconf 89' lang='lat' dir='ltr'><strong>pastor</strong></span> <span class='ocrx_word' id='word_1_552' title='bbox 739 4014 859 4071; x_wconf 92' lang='lat' dir='ltr'><strong>est,</strong></span> <span class='ocrx_word' id='word_1_553' title='bbox 903 4013 958 4059; x_wconf 90' lang='lat' dir='ltr'><strong>et</strong></span> <span class='ocrx_word' id='word_1_554' title='bbox 999 4005 1315 4075; x_wconf 85' lang='lat' dir='ltr'><strong>pontificum</strong></span> <span class='ocrx_word' id='word_1_555' title='bbox 1360 4007 1629 4075; x_wconf 84' lang='lat' dir='ltr'><strong>pontifex,</strong></span> 
     </span>
    </p>
   </div>
   <div class='ocr_carea' id='block_1_72' title="bbox 40 4098 1630 4167">
    <p class='ocr_par' dir='ltr' id='par_1_72' title="bbox 40 4098 1630 4167">
     <span class='ocr_line' id='line_1_72' title="bbox 40 4098 1630 4167; baseline 0.004 -18"><span class='ocrx_word' id='word_1_556' title='bbox 40 4106 87 4149; x_wconf 86' lang='lat' dir='ltr'><strong>et</strong></span> <span class='ocrx_word' id='word_1_557' title='bbox 136 4098 552 4151; x_wconf 87' lang='lat' dir='ltr'><strong>dominantium</strong></span> <span class='ocrx_word' id='word_1_558' title='bbox 600 4100 895 4162; x_wconf 90' lang='lat' dir='ltr'><strong>Dominus,</strong></span> <span class='ocrx_word' id='word_1_559' title='bbox 940 4106 994 4151; x_wconf 92' lang='lat' dir='ltr'><strong>et</strong></span> <span class='ocrx_word' id='word_1_560' title='bbox 1044 4113 1229 4167; x_wconf 77' lang='lat' dir='ltr'><strong>regum</strong></span> <span class='ocrx_word' id='word_1_561' title='bbox 1281 4115 1408 4162; x_wconf 86' lang='lat' dir='ltr'><strong>rex;</strong></span> <span class='ocrx_word' id='word_1_562' title='bbox 1458 4100 1533 4153; x_wconf 87' lang='lat' dir='ltr'><strong>ita</strong></span> <span class='ocrx_word' id='word_1_563' title='bbox 1571 4112 1630 4155; x_wconf 91' lang='lat' dir='ltr'><strong>et</strong></span> 
     </span>
    </p>
   </div>
   <div class='ocr_carea' id='block_1_73' title="bbox 39 4190 1629 4260">
    <p class='ocr_par' dir='ltr' id='par_1_73' title="bbox 39 4190 1629 4260">
     <span class='ocr_line' id='line_1_73' title="bbox 39 4190 1629 4260; baseline 0.002 -18"><span class='ocrx_word' id='word_1_564' title='bbox 39 4206 353 4259; x_wconf 77' lang='lat' dir='ltr'><strong>magnorum</strong></span> <span class='ocrx_word' id='word_1_565' title='bbox 389 4206 635 4259; x_wconf 81' lang='lat' dir='ltr'><strong>magnus</strong></span> <span class='ocrx_word' id='word_1_566' title='bbox 660 4200 774 4255; x_wconf 88' lang='lat' dir='ltr'><strong>est;</strong></span> <span class='ocrx_word' id='word_1_567' title='bbox 810 4199 866 4245; x_wconf 90' lang='lat' dir='ltr'><strong>et</strong></span> <span class='ocrx_word' id='word_1_568' title='bbox 900 4190 1022 4244; x_wconf 88' lang='lat' dir='ltr'><strong>ideo</strong></span> <span class='ocrx_word' id='word_1_569' title='bbox 1051 4190 1222 4255; x_wconf 90' lang='lat' dir='ltr'><strong>addit,</strong></span> <span class='ocrx_word' id='word_1_570' title='bbox 1259 4208 1277 4241; x_wconf 74' lang='grc' dir='ltr'><strong><em>ι</em></strong></span> <span class='ocrx_word' id='word_1_571' title='bbox 1310 4206 1538 4260; x_wconf 79' lang='lat' dir='ltr'><strong>magnus</strong></span> <span class='ocrx_word' id='word_1_572' title='bbox 1564 4208 1629 4247; x_wconf 87' lang='lat' dir='ltr'><strong>ex</strong></span> 
     </span>
    </p>
   </div>
   <div class='ocr_carea' id='block_1_74' title="bbox 40 4284 517 4340">
    <p class='ocr_par' dir='ltr' id='par_1_74' title="bbox 40 4284 517 4340">
     <span class='ocr_line' id='line_1_74' title="bbox 40 4284 517 4340; baseline 0.004 -6"><span class='ocrx_word' id='word_1_573' title='bbox 40 4284 290 4339; x_wconf 86' lang='lat' dir='ltr'><strong>Iratribus</strong></span> <span class='ocrx_word' id='word_1_574' title='bbox 322 4285 472 4340; x_wconf 86' lang='lat' dir='ltr'><strong>suis.</strong></span> <span class='ocrx_word' id='word_1_575' title='bbox 498 4302 517 4336; x_wconf 73' lang='grc' dir='ltr'><strong>ι</strong></span> 
     </span>
    </p>
   </div>
   <div class='ocr_carea' id='block_1_75' title="bbox 97 4375 1629 4447">
    <p class='ocr_par' dir='ltr' id='par_1_75' title="bbox 97 4375 1629 4447">
     <span class='ocr_line' id='line_1_75' title="bbox 97 4375 1629 4447; baseline -0.002 -12"><span class='ocrx_word' id='word_1_576' title='bbox 97 4378 257 4447; x_wconf 79' lang='grc'><strong>25],</strong></span> <span class='ocrx_word' id='word_1_577' title='bbox 310 4380 372 4435; x_wconf 83' lang='lat'><strong>‘5.</strong></span> <span class='ocrx_word' id='word_1_578' title='bbox 414 4378 557 4433; x_wconf 87' lang='lat' dir='ltr'><strong>Post</strong></span> <span class='ocrx_word' id='word_1_579' title='bbox 586 4375 700 4432; x_wconf 71' lang='lat' dir='ltr'><strong>haec</strong></span> <span class='ocrx_word' id='word_1_580' title='bbox 729 4391 881 4442; x_wconf 87' lang='lat' dir='ltr'><strong>vero,</strong></span> <span class='ocrx_word' id='word_1_581' title='bbox 912 4394 931 4428; x_wconf 73' lang='grc' dir='ltr'><strong><em>ι</em></strong></span> <span class='ocrx_word' id='word_1_582' title='bbox 953 4376 1059 4439; x_wconf 91' lang='lat' dir='ltr'><strong>cui,</strong></span> <span class='ocrx_word' id='word_1_583' title='bbox 1098 4375 1274 4444; x_wconf 90' lang='lat' dir='ltr'><strong>inquit</strong></span> <span class='ocrx_word' id='word_1_584' title='bbox 1295 4377 1362 4441; x_wconf 76' lang='lat'><strong>&quot;,</strong></span> <span class='ocrx_word' id='word_1_585' title='bbox 1391 4376 1629 4433; x_wconf 89' lang='lat' dir='ltr'><strong>infusum</strong></span> 
     </span>
    </p>
   </div>
   <div class='ocr_carea' id='block_1_76' title="bbox 1735 3170 3312 3246">
    <p class='ocr_par' dir='ltr' id='par_1_76' title="bbox 1735 3170 3312 3246">
     <span class='ocr_line' id='line_1_76' title="bbox 1735 3170 3312 3246; baseline -0.004 -14"><span class='ocrx_word' id='word_1_586' title='bbox 1735 3178 1927 3246; x_wconf 89' lang='lat' dir='ltr'><strong>capitis</strong></span> <span class='ocrx_word' id='word_1_587' title='bbox 1956 3185 2229 3229; x_wconf 88' lang='lat' dir='ltr'><strong>ornatum.</strong></span> <span class='ocrx_word' id='word_1_588' title='bbox 2266 3173 2418 3240; x_wconf 83' lang='lat' dir='ltr'><strong>Quod</strong></span> <span class='ocrx_word' id='word_1_589' title='bbox 2460 3175 2532 3228; x_wconf 87' lang='lat' dir='ltr'><strong>sit</strong></span> <span class='ocrx_word' id='word_1_590' title='bbox 2576 3181 2756 3227; x_wconf 88' lang='lat' dir='ltr'><strong>autem</strong></span> <span class='ocrx_word' id='word_1_591' title='bbox 2796 3179 2958 3242; x_wconf 89' lang='lat' dir='ltr'><strong>capttt</strong></span> <span class='ocrx_word' id='word_1_592' title='bbox 2981 3170 3206 3238; x_wconf 86' lang='lat' dir='ltr'><strong>Christi,</strong></span> <span class='ocrx_word' id='word_1_593' title='bbox 3243 3171 3312 3225; x_wconf 91' lang='lat' dir='ltr'><strong>ab</strong></span> 
     </span>
    </p>
   </div>
   <div class='ocr_carea' id='block_1_77' title="bbox 1730 3262 3311 3338">
    <p class='ocr_par' dir='ltr' id='par_1_77' title="bbox 1730 3262 3311 3338">
     <span class='ocr_line' id='line_1_77' title="bbox 1730 3262 3311 3338; baseline -0.002 -15"><span class='ocrx_word' id='word_1_594' title='bbox 1730 3268 1994 3338; x_wconf 86' lang='lat' dir='ltr'><strong>Apostolo</strong></span> <span class='ocrx_word' id='word_1_595' title='bbox 2025 3268 2174 3322; x_wconf 92' lang='lat' dir='ltr'><strong>disce</strong></span> <span class='ocrx_word' id='word_1_596' title='bbox 2206 3267 2298 3336; x_wconf 91' lang='lat' dir='ltr'><strong>qui</strong></span> <span class='ocrx_word' id='word_1_597' title='bbox 2338 3267 2477 3320; x_wconf 92' lang='lat' dir='ltr'><strong>dicit</strong></span> <span class='ocrx_word' id='word_1_598' title='bbox 2500 3266 2546 3304; x_wconf 86' lang='grc'>⁶⁷</span> <span class='ocrx_word' id='word_1_599' title='bbox 2577 3284 2590 3320; x_wconf 92' lang='lat'>:</span> <span class='ocrx_word' id='word_1_600' title='bbox 2623 3284 2641 3316; x_wconf 84' lang='grc'><em>‹</em></span> <span class='ocrx_word' id='word_1_601' title='bbox 2675 3264 2852 3333; x_wconf 90' lang='lat' dir='ltr'><strong>Caput</strong></span> <span class='ocrx_word' id='word_1_602' title='bbox 2900 3274 3080 3319; x_wconf 84' lang='lat' dir='ltr'><strong>autem</strong></span> <span class='ocrx_word' id='word_1_603' title='bbox 3109 3262 3311 3320; x_wconf 88' lang='lat' dir='ltr'><strong>Christi</strong></span> 
     </span>
    </p>
   </div>
   <div class='ocr_carea' id='block_1_78' title="bbox 1736 3356 3311 3428">
    <p class='ocr_par' dir='ltr' id='par_1_78' title="bbox 1736 3356 3311 3428">
     <span class='ocr_line' id='line_1_78' title="bbox 1736 3356 3311 3428; baseline -0.003 -13"><span class='ocrx_word' id='word_1_604' title='bbox 1736 3361 1936 3415; x_wconf 67' lang='lat' dir='ltr'><strong>Deus.»</strong></span> <span class='ocrx_word' id='word_1_605' title='bbox 1977 3358 2170 3413; x_wconf 81' lang='lat' dir='ltr'><strong>Merito</strong></span> <span class='ocrx_word' id='word_1_606' title='bbox 2195 3359 2367 3428; x_wconf 80' lang='lat' dir='ltr'><strong>igitur</strong></span> <span class='ocrx_word' id='word_1_607' title='bbox 2418 3359 2581 3413; x_wconf 90' lang='lat' dir='ltr'><strong>istum</strong></span> <span class='ocrx_word' id='word_1_608' title='bbox 2626 3358 2823 3427; x_wconf 86' lang='lat' dir='ltr'><strong>capitis</strong></span> <span class='ocrx_word' id='word_1_609' title='bbox 2878 3357 2988 3422; x_wconf 87' lang='lat' dir='ltr'><strong>sui,</strong></span> <span class='ocrx_word' id='word_1_610' title='bbox 3019 3356 3111 3425; x_wconf 93' lang='lat' dir='ltr'><strong>qni</strong></span> <span class='ocrx_word' id='word_1_611' title='bbox 3168 3357 3311 3410; x_wconf 86' lang='lat' dir='ltr'><strong>Deus</strong></span> 
     </span>
    </p>
   </div>
   <div class='ocr_carea' id='block_1_79' title="bbox 1731 3450 3313 3523">
    <p class='ocr_par' dir='ltr' id='par_1_79' title="bbox 1731 3450 3313 3523">
     <span class='ocr_line' id='line_1_79' title="bbox 1731 3450 3313 3523; baseline -0.003 -15"><span class='ocrx_word' id='word_1_612' title='bbox 1731 3464 1842 3518; x_wconf 81' lang='lat' dir='ltr'><strong>est,</strong></span> <span class='ocrx_word' id='word_1_613' title='bbox 1875 3462 2153 3523; x_wconf 83' lang='lat' dir='ltr'><strong>nunquam</strong></span> <span class='ocrx_word' id='word_1_614' title='bbox 2191 3451 2410 3522; x_wconf 88' lang='lat' dir='ltr'><strong>deponit</strong></span> <span class='ocrx_word' id='word_1_615' title='bbox 2461 3460 2741 3517; x_wconf 89' lang='lat' dir='ltr'><strong>ornatum,</strong></span> <span class='ocrx_word' id='word_1_616' title='bbox 2794 3450 2920 3519; x_wconf 91' lang='lat' dir='ltr'><strong>quia</strong></span> <span class='ocrx_word' id='word_1_617' title='bbox 2965 3464 3183 3519; x_wconf 85' lang='lat' dir='ltr'><strong>semper</strong></span> <span class='ocrx_word' id='word_1_618' title='bbox 3227 3459 3313 3504; x_wconf 90' lang='lat' dir='ltr'><strong>est</strong></span> 
     </span>
    </p>
   </div>
   <div class='ocr_carea' id='block_1_80' title="bbox 1732 3540 3313 3612">
    <p class='ocr_par' dir='ltr' id='par_1_80' title="bbox 1732 3540 3313 3612">
     <span class='ocr_line' id='line_1_80' title="bbox 1732 3540 3313 3612; baseline -0.006 -10"><span class='ocrx_word' id='word_1_619' title='bbox 1732 3547 1893 3602; x_wconf 86' lang='lat' dir='ltr'><strong>Pater</strong></span> <span class='ocrx_word' id='word_1_620' title='bbox 1924 3548 1977 3601; x_wconf 90' lang='lat' dir='ltr'><strong>in</strong></span> <span class='ocrx_word' id='word_1_621' title='bbox 2017 3545 2174 3612; x_wconf 91' lang='lat' dir='ltr'><strong>Filio,</strong></span> <span class='ocrx_word' id='word_1_622' title='bbox 2217 3547 2362 3599; x_wconf 84' lang='lat' dir='ltr'><strong>sicut</strong></span> <span class='ocrx_word' id='word_1_623' title='bbox 2403 3543 2575 3598; x_wconf 84' lang='lat' dir='ltr'><strong>Filius</strong></span> <span class='ocrx_word' id='word_1_624' title='bbox 2616 3558 2833 3612; x_wconf 91' lang='lat' dir='ltr'><strong>semper</strong></span> <span class='ocrx_word' id='word_1_625' title='bbox 2886 3543 2938 3595; x_wconf 91' lang='lat' dir='ltr'><strong>in</strong></span> <span class='ocrx_word' id='word_1_626' title='bbox 2986 3542 3166 3596; x_wconf 87' lang='lat' dir='ltr'><strong>Patre.</strong></span> <span class='ocrx_word' id='word_1_627' title='bbox 3201 3560 3220 3593; x_wconf 69' lang='grc' dir='ltr'>ι</span> <span class='ocrx_word' id='word_1_628' title='bbox 3246 3540 3313 3593; x_wconf 88' lang='lat' dir='ltr'><strong>Et</strong></span> 
     </span>
    </p>
   </div>
   <div class='ocr_carea' id='block_1_81' title="bbox 1731 3634 3314 3705">
    <p class='ocr_par' dir='ltr' id='par_1_81' title="bbox 1731 3634 3314 3705">
     <span class='ocr_line' id='line_1_81' title="bbox 1731 3634 3314 3705; baseline -0.003 -12"><span class='ocrx_word' id='word_1_629' title='bbox 1731 3639 2063 3694; x_wconf 86' lang='lat' dir='ltr'><strong>vestimenta</strong></span> <span class='ocrx_word' id='word_1_630' title='bbox 2120 3653 2216 3692; x_wconf 86' lang='lat' dir='ltr'><strong>sua</strong></span> <span class='ocrx_word' id='word_1_631' title='bbox 2279 3651 2389 3691; x_wconf 90' lang='lat' dir='ltr'><strong>non</strong></span> <span class='ocrx_word' id='word_1_632' title='bbox 2431 3635 2860 3705; x_wconf 53' lang='lat' dir='ltr'><strong>disrumpet‘h</strong></span> <span class='ocrx_word' id='word_1_633' title='bbox 2899 3634 3039 3689; x_wconf 85' lang='lat' dir='ltr'><strong>Vere</strong></span> <span class='ocrx_word' id='word_1_634' title='bbox 3086 3634 3175 3687; x_wconf 92' lang='lat' dir='ltr'><strong>hic</strong></span> <span class='ocrx_word' id='word_1_635' title='bbox 3228 3643 3314 3689; x_wconf 86' lang='lat' dir='ltr'><strong>est</strong></span> 
     </span>
    </p>
   </div>
   <div class='ocr_carea' id='block_1_82' title="bbox 1731 3727 3310 3801">
    <p class='ocr_par' dir='ltr' id='par_1_82' title="bbox 1731 3727 3310 3801">
     <span class='ocr_line' id='line_1_82' title="bbox 1731 3727 3310 3801; baseline -0.002 -18"><span class='ocrx_word' id='word_1_636' title='bbox 1731 3733 1825 3801; x_wconf 89' lang='lat' dir='ltr'><strong>qui</strong></span> <span class='ocrx_word' id='word_1_637' title='bbox 1869 3733 2189 3787; x_wconf 86' lang='lat' dir='ltr'><strong>vestimenta</strong></span> <span class='ocrx_word' id='word_1_638' title='bbox 2241 3746 2337 3784; x_wconf 89' lang='lat' dir='ltr'><strong>sua</strong></span> <span class='ocrx_word' id='word_1_639' title='bbox 2371 3744 2475 3784; x_wconf 91' lang='lat' dir='ltr'><strong>non</strong></span> <span class='ocrx_word' id='word_1_640' title='bbox 2510 3729 2823 3797; x_wconf 89' lang='lat' dir='ltr'><strong>disrumpit,</strong></span> <span class='ocrx_word' id='word_1_641' title='bbox 2846 3727 2938 3782; x_wconf 86' lang='lat' dir='ltr'><strong>sed</strong></span> <span class='ocrx_word' id='word_1_642' title='bbox 2988 3743 3205 3797; x_wconf 84' lang='lat' dir='ltr'><strong>semper</strong></span> <span class='ocrx_word' id='word_1_643' title='bbox 3246 3742 3310 3781; x_wconf 87' lang='lat' dir='ltr'><strong>ea</strong></span> 
     </span>
    </p>
   </div>
   <div class='ocr_carea' id='block_1_83' title="bbox 1733 3819 3315 3892">
    <p class='ocr_par' dir='ltr' id='par_1_83' title="bbox 1733 3819 3315 3892">
     <span class='ocr_line' id='line_1_83' title="bbox 1733 3819 3315 3892; baseline -0.004 -12"><span class='ocrx_word' id='word_1_644' title='bbox 1733 3826 1954 3886; x_wconf 83' lang='lat' dir='ltr'><strong>munda,</strong></span> <span class='ocrx_word' id='word_1_645' title='bbox 1984 3838 2201 3892; x_wconf 86' lang='lat' dir='ltr'><strong>semper</strong></span> <span class='ocrx_word' id='word_1_646' title='bbox 2238 3824 2470 3892; x_wconf 84' lang='lat' dir='ltr'><strong>integra,</strong></span> <span class='ocrx_word' id='word_1_647' title='bbox 2500 3835 2715 3890; x_wconf 89' lang='lat' dir='ltr'><strong>semper</strong></span> <span class='ocrx_word' id='word_1_648' title='bbox 2736 3829 2885 3875; x_wconf 90' lang='lat' dir='ltr'><strong>casta</strong></span> <span class='ocrx_word' id='word_1_649' title='bbox 2915 3820 3171 3873; x_wconf 89' lang='lat' dir='ltr'><strong>servavit.</strong></span> <span class='ocrx_word' id='word_1_650' title='bbox 3198 3835 3216 3869; x_wconf 70' lang='grc' dir='ltr'>α</span> <span class='ocrx_word' id='word_1_651' title='bbox 3250 3819 3315 3874; x_wconf 80' lang='lat' dir='ltr'><strong>Et</strong></span> 
     </span>
    </p>
   </div>
   <div class='ocr_carea' id='block_1_84' title="bbox 1732 3912 3308 3974">
    <p class='ocr_par' dir='ltr' id='par_1_84' title="bbox 1732 3912 3308 3974">
     <span class='ocr_line' id='line_1_84' title="bbox 1732 3912 3308 3974; baseline -0.006 -2"><span class='ocrx_word' id='word_1_652' title='bbox 1732 3921 1798 3973; x_wconf 89' lang='lat' dir='ltr'><strong>ad</strong></span> <span class='ocrx_word' id='word_1_653' title='bbox 1839 3932 2053 3974; x_wconf 89' lang='lat' dir='ltr'><strong>omnem</strong></span> <span class='ocrx_word' id='word_1_654' title='bbox 2107 3917 2345 3970; x_wconf 81' lang='lat' dir='ltr'><strong>animant</strong></span> <span class='ocrx_word' id='word_1_655' title='bbox 2415 3913 2726 3968; x_wconf 86' lang='lat' dir='ltr'><strong>defunctam</strong></span> <span class='ocrx_word' id='word_1_656' title='bbox 2784 3928 2891 3966; x_wconf 91' lang='lat' dir='ltr'><strong>non</strong></span> <span class='ocrx_word' id='word_1_657' title='bbox 2947 3912 3308 3967; x_wconf 72' lang='lat' dir='ltr'><strong>intrabit&quot;.r</strong></span> 
     </span>
    </p>
   </div>
   <div class='ocr_carea' id='block_1_85' title="bbox 1734 4005 3315 4078">
    <p class='ocr_par' dir='ltr' id='par_1_85' title="bbox 1734 4005 3315 4078">
     <span class='ocr_line' id='line_1_85' title="bbox 1734 4005 3315 4078; baseline -0.003 -13"><span class='ocrx_word' id='word_1_658' title='bbox 1734 4012 1864 4078; x_wconf 74' lang='lat' dir='ltr'><strong>Qua:</strong></span> <span class='ocrx_word' id='word_1_659' title='bbox 1894 4021 1977 4067; x_wconf 91' lang='lat' dir='ltr'><strong>est</strong></span> <span class='ocrx_word' id='word_1_660' title='bbox 1999 4010 2183 4064; x_wconf 83' lang='lat' dir='ltr'><strong>anima</strong></span> <span class='ocrx_word' id='word_1_661' title='bbox 2218 4008 2509 4064; x_wconf 77' lang='lat' dir='ltr'><strong>defuncta?</strong></span> <span class='ocrx_word' id='word_1_662' title='bbox 2539 4007 2713 4071; x_wconf 88' lang='lat' dir='ltr'><strong>Quam</strong></span> <span class='ocrx_word' id='word_1_663' title='bbox 2744 4013 3015 4060; x_wconf 88' lang='lat' dir='ltr'><strong>mortuam</strong></span> <span class='ocrx_word' id='word_1_664' title='bbox 3047 4005 3315 4075; x_wconf 84' lang='lat' dir='ltr'><strong>prepheta</strong></span> 
     </span>
    </p>
   </div>
   <div class='ocr_carea' id='block_1_86' title="bbox 1741 4096 3313 4170">
    <p class='ocr_par' dir='ltr' id='par_1_86' title="bbox 1741 4096 3313 4170">
     <span class='ocr_line' id='line_1_86' title="bbox 1741 4096 3313 4170; baseline -0.007 -10"><span class='ocrx_word' id='word_1_665' title='bbox 1741 4104 1979 4161; x_wconf 76' lang='lat' dir='ltr'><strong>dicit&quot;:</strong></span> <span class='ocrx_word' id='word_1_666' title='bbox 2014 4121 2032 4155; x_wconf 75' lang='grc' dir='ltr'>ι</span> <span class='ocrx_word' id='word_1_667' title='bbox 2056 4103 2249 4156; x_wconf 81' lang='lat' dir='ltr'><strong>Anima</strong></span> <span class='ocrx_word' id='word_1_668' title='bbox 2280 4117 2403 4170; x_wconf 69' lang='lat' dir='ltr'><strong>qua:</strong></span> <span class='ocrx_word' id='word_1_669' title='bbox 2442 4110 2650 4170; x_wconf 86' lang='lat' dir='ltr'><strong>peccat,</strong></span> <span class='ocrx_word' id='word_1_670' title='bbox 2676 4101 2795 4170; x_wconf 90' lang='lat' dir='ltr'><strong>ipsa</strong></span> <span class='ocrx_word' id='word_1_671' title='bbox 2832 4098 3121 4155; x_wconf 89' lang='lat' dir='ltr'><strong>morietur.</strong></span> <span class='ocrx_word' id='word_1_672' title='bbox 3158 4115 3177 4149; x_wconf 75' lang='grc' dir='ltr'><strong><em>ι</em></strong></span> <span class='ocrx_word' id='word_1_673' title='bbox 3208 4096 3313 4151; x_wconf 79' lang='lat' dir='ltr'><strong>Su-</strong></span> 
     </span>
    </p>
   </div>
   <div class='ocr_carea' id='block_1_87' title="bbox 1736 4194 3316 4269">
    <p class='ocr_par' dir='ltr' id='par_1_87' title="bbox 1736 4194 3316 4269">
     <span class='ocr_line' id='line_1_87' title="bbox 1736 4194 3316 4269; baseline -0.006 -17"><span class='ocrx_word' id='word_1_674' title='bbox 1736 4214 1829 4269; x_wconf 92' lang='lat' dir='ltr'><strong>per</strong></span> <span class='ocrx_word' id='word_1_675' title='bbox 1850 4198 1987 4250; x_wconf 89' lang='lat' dir='ltr'><strong>hanc</strong></span> <span class='ocrx_word' id='word_1_676' title='bbox 2020 4211 2149 4264; x_wconf 80' lang='lat' dir='ltr'><strong>ergo</strong></span> <span class='ocrx_word' id='word_1_677' title='bbox 2179 4196 2416 4249; x_wconf 89' lang='lat' dir='ltr'><strong>animam</strong></span> <span class='ocrx_word' id='word_1_678' title='bbox 2463 4204 2734 4249; x_wconf 87' lang='lat' dir='ltr'><strong>mortuam</strong></span> <span class='ocrx_word' id='word_1_679' title='bbox 2766 4194 3018 4249; x_wconf 84' lang='lat' dir='ltr'><strong>Christus</strong></span> <span class='ocrx_word' id='word_1_680' title='bbox 3069 4207 3176 4245; x_wconf 89' lang='lat' dir='ltr'><strong>non</strong></span> <span class='ocrx_word' id='word_1_681' title='bbox 3220 4205 3316 4244; x_wconf 73' lang='lat' dir='ltr'><strong>su~</strong></span> 
     </span>
    </p>
   </div>
   <div class='ocr_carea' id='block_1_88' title="bbox 1732 4284 3314 4363">
    <p class='ocr_par' dir='ltr' id='par_1_88' title="bbox 1732 4284 3314 4363">
     <span class='ocr_line' id='line_1_88' title="bbox 1732 4284 3314 4363; baseline -0.007 -16"><span class='ocrx_word' id='word_1_682' title='bbox 1732 4292 2001 4363; x_wconf 89' lang='lat' dir='ltr'><strong>pervenit,</strong></span> <span class='ocrx_word' id='word_1_683' title='bbox 2024 4290 2152 4361; x_wconf 85' lang='lat' dir='ltr'><strong>quia</strong></span> <span class='ocrx_word' id='word_1_684' title='bbox 2192 4288 2462 4357; x_wconf 87' lang='lat' dir='ltr'><strong>sapientia</strong></span> <span class='ocrx_word' id='word_1_685' title='bbox 2491 4296 2596 4352; x_wconf 88' lang='lat' dir='ltr'><strong>est,</strong></span> <span class='ocrx_word' id='word_1_686' title='bbox 2624 4297 2678 4341; x_wconf 92' lang='lat' dir='ltr'><strong>et</strong></span> <span class='ocrx_word' id='word_1_687' title='bbox 2704 4286 2967 4355; x_wconf 87' lang='lat' dir='ltr'><strong>sapientia</strong></span> <span class='ocrx_word' id='word_1_688' title='bbox 3003 4300 3107 4339; x_wconf 92' lang='lat' dir='ltr'><strong>non</strong></span> <span class='ocrx_word' id='word_1_689' title='bbox 3143 4284 3314 4338; x_wconf 88' lang='lat' dir='ltr'><strong>intrat</strong></span> 
     </span>
    </p>
   </div>
   <div class='ocr_carea' id='block_1_89' title="bbox 1736 4376 3316 4447">
    <p class='ocr_par' dir='ltr' id='par_1_89' title="bbox 1736 4376 3316 4447">
     <span class='ocr_line' id='line_1_89' title="bbox 1736 4376 3316 4447; baseline -0.005 -10"><span class='ocrx_word' id='word_1_690' title='bbox 1736 4386 1788 4437; x_wconf 90' lang='lat' dir='ltr'><strong>in</strong></span> <span class='ocrx_word' id='word_1_691' title='bbox 1820 4381 2060 4437; x_wconf 88' lang='lat' dir='ltr'><strong>animam</strong></span> <span class='ocrx_word' id='word_1_692' title='bbox 2092 4378 2434 4435; x_wconf 83' lang='lat' dir='ltr'><strong>malevolam.</strong></span> <span class='ocrx_word' id='word_1_693' title='bbox 2462 4377 2580 4447; x_wconf 86' lang='lat' dir='ltr'><strong>ipsa</strong></span> <span class='ocrx_word' id='word_1_694' title='bbox 2620 4386 2703 4432; x_wconf 92' lang='lat' dir='ltr'><strong>est</strong></span> <span class='ocrx_word' id='word_1_695' title='bbox 2733 4376 2878 4430; x_wconf 88' lang='lat' dir='ltr'><strong>enim</strong></span> <span class='ocrx_word' id='word_1_696' title='bbox 2922 4385 3157 4440; x_wconf 89' lang='lat' dir='ltr'><strong>mortua,</strong></span> <span class='ocrx_word' id='word_1_697' title='bbox 3185 4376 3316 4444; x_wconf 86' lang='lat' dir='ltr'><strong>quia</strong></span> 
     </span>
    </p>
   </div>
   <div class='ocr_carea' id='block_1_90' title="bbox 40 4467 3314 4539">
    <p class='ocr_par' dir='ltr' id='par_1_90' title="bbox 40 4467 3314 4539">
     <span class='ocr_line' id='line_1_90' title="bbox 40 4467 3314 4539; baseline 0 -17"><span class='ocrx_word' id='word_1_698' title='bbox 40 4480 107 4525; x_wconf 61' lang='lat' dir='ltr'><strong>est</strong></span> <span class='ocrx_word' id='word_1_699' title='bbox 134 4471 320 4526; x_wconf 89' lang='lat' dir='ltr'><strong>oleum</strong></span> <span class='ocrx_word' id='word_1_700' title='bbox 354 4469 684 4526; x_wconf 86' lang='lat' dir='ltr'><strong>chrismatis</strong></span> <span class='ocrx_word' id='word_1_701' title='bbox 706 4484 871 4538; x_wconf 91' lang='lat' dir='ltr'><strong>super</strong></span> <span class='ocrx_word' id='word_1_702' title='bbox 893 4477 1056 4538; x_wconf 89' lang='lat' dir='ltr'><strong>caput</strong></span> <span class='ocrx_word' id='word_1_703' title='bbox 1080 4467 1217 4537; x_wconf 83' lang='lat' dir='ltr'><strong>ejus.</strong></span> <span class='ocrx_word' id='word_1_704' title='bbox 1244 4488 1264 4521; x_wconf 69' lang='grc' dir='ltr'><strong><em>ι</em></strong></span> <span class='ocrx_word' id='word_1_705' title='bbox 1286 4468 1429 4524; x_wconf 90' lang='lat' dir='ltr'><strong>Istud</strong></span> <span class='ocrx_word' id='word_1_706' title='bbox 1452 4468 1627 4524; x_wconf 91' lang='lat' dir='ltr'><strong>oleum</strong></span> <span class='ocrx_word' id='word_1_707' title='bbox 1664 4471 1708 4526; x_wconf 94' lang='lat' dir='ltr'><strong>D</strong></span> <span class='ocrx_word' id='word_1_708' title='bbox 1737 4476 1823 4531; x_wconf 90' lang='lat' dir='ltr'><strong>cui</strong></span> <span class='ocrx_word' id='word_1_709' title='bbox 1871 4474 2012 4528; x_wconf 89' lang='lat' dir='ltr'><strong>inest</strong></span> <span class='ocrx_word' id='word_1_710' title='bbox 2045 4472 2273 4537; x_wconf 90' lang='lat' dir='ltr'><strong>malitia,</strong></span> <span class='ocrx_word' id='word_1_711' title='bbox 2334 4471 2479 4526; x_wconf 90' lang='lat' dir='ltr'><strong>inest</strong></span> <span class='ocrx_word' id='word_1_712' title='bbox 2526 4479 2580 4525; x_wconf 85' lang='lat' dir='ltr'><strong>et</strong></span> <span class='ocrx_word' id='word_1_713' title='bbox 2646 4477 2946 4539; x_wconf 89' lang='lat' dir='ltr'><strong>peccatum.</strong></span> <span class='ocrx_word' id='word_1_714' title='bbox 2978 4486 2996 4518; x_wconf 73' lang='grc' dir='ltr'><strong><em>ι</em></strong></span> <span class='ocrx_word' id='word_1_715' title='bbox 3022 4468 3314 4522; x_wconf 89' lang='lat' dir='ltr'><strong>Peccatum</strong></span> 
     </span>
    </p>
   </div>
   <div class='ocr_carea' id='block_1_91' title="bbox 43 4562 1633 4636">
    <p class='ocr_par' dir='ltr' id='par_1_91' title="bbox 43 4562 1633 4636">
     <span class='ocr_line' id='line_1_91' title="bbox 43 4562 1633 4636; baseline -0.001 -18"><span class='ocrx_word' id='word_1_716' title='bbox 43 4567 126 4619; x_wconf 80' lang='grc' dir='ltr'><strong>ιοΙὶ</strong></span> <span class='ocrx_word' id='word_1_717' title='bbox 156 4566 464 4636; x_wconf 89' lang='lat' dir='ltr'><strong>requirere</strong></span> <span class='ocrx_word' id='word_1_718' title='bbox 499 4564 552 4618; x_wconf 93' lang='lat' dir='ltr'><strong>in</strong></span> <span class='ocrx_word' id='word_1_719' title='bbox 592 4563 777 4628; x_wconf 90' lang='lat' dir='ltr'><strong>terris,</strong></span> <span class='ocrx_word' id='word_1_720' title='bbox 805 4562 950 4632; x_wconf 86' lang='lat' dir='ltr'><strong>quod</strong></span> <span class='ocrx_word' id='word_1_721' title='bbox 985 4576 1150 4631; x_wconf 89' lang='lat' dir='ltr'><strong>super</strong></span> <span class='ocrx_word' id='word_1_722' title='bbox 1188 4571 1352 4632; x_wconf 90' lang='lat' dir='ltr'><strong>caput</strong></span> <span class='ocrx_word' id='word_1_723' title='bbox 1389 4562 1633 4616; x_wconf 86' lang='lat' dir='ltr'><strong>infundi—</strong></span> 
     </span>
    </p>
   </div>
   <div class='ocr_carea' id='block_1_92' title="bbox 40 4654 1632 4729">
    <p class='ocr_par' dir='ltr' id='par_1_92' title="bbox 40 4654 1632 4729">
     <span class='ocr_line' id='line_1_92' title="bbox 40 4654 1632 4729; baseline 0.001 -20"><span class='ocrx_word' id='word_1_724' title='bbox 40 4672 111 4711; x_wconf 89' lang='lat' dir='ltr'><strong>:ur</strong></span> <span class='ocrx_word' id='word_1_725' title='bbox 135 4658 323 4729; x_wconf 79' lang='lat' dir='ltr'><strong>magni</strong></span> <span class='ocrx_word' id='word_1_726' title='bbox 352 4656 695 4723; x_wconf 87' lang='lat' dir='ltr'><strong>sacerdotis,</strong></span> <span class='ocrx_word' id='word_1_727' title='bbox 735 4663 797 4708; x_wconf 90' lang='lat' dir='ltr'><strong>ut</strong></span> <span class='ocrx_word' id='word_1_728' title='bbox 826 4654 921 4709; x_wconf 89' lang='lat' dir='ltr'><strong>ﬁat</strong></span> <span class='ocrx_word' id='word_1_729' title='bbox 958 4654 1199 4710; x_wconf 90' lang='lat' dir='ltr'><strong>cbristus</strong></span> <span class='ocrx_word' id='word_1_730' title='bbox 1227 4673 1243 4709; x_wconf 88' lang='lat'><strong>:</strong></span> <span class='ocrx_word' id='word_1_731' title='bbox 1269 4657 1365 4711; x_wconf 89' lang='lat' dir='ltr'><strong>sed</strong></span> <span class='ocrx_word' id='word_1_732' title='bbox 1400 4656 1445 4710; x_wconf 90' lang='lat' dir='ltr'><strong>si</strong></span> <span class='ocrx_word' id='word_1_733' title='bbox 1481 4656 1632 4711; x_wconf 79' lang='lat' dir='ltr'><strong>vide-</strong></span> 
     </span>
    </p>
   </div>
   <div class='ocr_carea' id='block_1_93' title="bbox 45 4748 1619 4818">
    <p class='ocr_par' dir='ltr' id='par_1_93' title="bbox 45 4748 1619 4818">
     <span class='ocr_line' id='line_1_93' title="bbox 45 4748 1619 4818; baseline -0.004 -14"><span class='ocrx_word' id='word_1_734' title='bbox 45 4767 126 4817; x_wconf 90' lang='lat' dir='ltr'><strong>ur,</strong></span> <span class='ocrx_word' id='word_1_735' title='bbox 159 4751 320 4807; x_wconf 87' lang='lat' dir='ltr'><strong>disce</strong></span> <span class='ocrx_word' id='word_1_736' title='bbox 356 4766 389 4804; x_wconf 88' lang='lat' dir='ltr'><strong>a</strong></span> <span class='ocrx_word' id='word_1_737' title='bbox 424 4749 696 4818; x_wconf 89' lang='lat' dir='ltr'><strong>propheta</strong></span> <span class='ocrx_word' id='word_1_738' title='bbox 734 4748 905 4803; x_wconf 88' lang='lat' dir='ltr'><strong>David</strong></span> <span class='ocrx_word' id='word_1_739' title='bbox 930 4749 1076 4804; x_wconf 88' lang='lat' dir='ltr'><strong>istud</strong></span> <span class='ocrx_word' id='word_1_740' title='bbox 1109 4748 1292 4803; x_wconf 92' lang='lat' dir='ltr'><strong>oleum</strong></span> <span class='ocrx_word' id='word_1_741' title='bbox 1316 4749 1479 4818; x_wconf 87' lang='lat' dir='ltr'><strong>quale</strong></span> <span class='ocrx_word' id='word_1_742' title='bbox 1512 4749 1619 4803; x_wconf 88' lang='lat' dir='ltr'><strong>sit:</strong></span> 
     </span>
    </p>
   </div>
   <div class='ocr_carea' id='block_1_94' title="bbox 39 4839 1633 4911">
    <p class='ocr_par' dir='ltr' id='par_1_94' title="bbox 39 4839 1633 4911">
     <span class='ocr_line' id='line_1_94' title="bbox 39 4839 1633 4911; baseline 0.001 -18"><span class='ocrx_word' id='word_1_743' title='bbox 39 4844 344 4908; x_wconf 70' lang='lat' dir='ltr'><strong>iDilexisti,</strong></span> <span class='ocrx_word' id='word_1_744' title='bbox 383 4840 663 4911; x_wconf 81' lang='lat' dir='ltr'><strong>inquit&quot;,</strong></span> <span class='ocrx_word' id='word_1_745' title='bbox 694 4839 988 4909; x_wconf 88' lang='lat' dir='ltr'><strong>justitiam,</strong></span> <span class='ocrx_word' id='word_1_746' title='bbox 1029 4850 1085 4894; x_wconf 91' lang='lat' dir='ltr'><strong>et</strong></span> <span class='ocrx_word' id='word_1_747' title='bbox 1142 4840 1309 4896; x_wconf 91' lang='lat' dir='ltr'><strong>odisti</strong></span> <span class='ocrx_word' id='word_1_748' title='bbox 1370 4840 1633 4911; x_wconf 89' lang='lat' dir='ltr'><strong>iniquita-</strong></span> 
     </span>
    </p>
   </div>
   <div class='ocr_carea' id='block_1_95' title="bbox 40 4934 1625 5009">
    <p class='ocr_par' dir='ltr' id='par_1_95' title="bbox 40 4934 1625 5009">
     <span class='ocr_line' id='line_1_95' title="bbox 40 4934 1625 5009; baseline -0.002 -17"><span class='ocrx_word' id='word_1_749' title='bbox 40 4952 145 5003; x_wconf 89' lang='lat' dir='ltr'><strong>em,</strong></span> <span class='ocrx_word' id='word_1_750' title='bbox 180 4946 501 5009; x_wconf 80' lang='lat' dir='ltr'><strong>propterea</strong></span> <span class='ocrx_word' id='word_1_751' title='bbox 532 4934 693 4989; x_wconf 81' lang='lat' dir='ltr'><strong>unxit</strong></span> <span class='ocrx_word' id='word_1_752' title='bbox 728 4943 776 4988; x_wconf 87' lang='lat' dir='ltr'><strong>te</strong></span> <span class='ocrx_word' id='word_1_753' title='bbox 811 4935 975 5002; x_wconf 90' lang='lat' dir='ltr'><strong>Deus,</strong></span> <span class='ocrx_word' id='word_1_754' title='bbox 1009 4935 1153 4989; x_wconf 89' lang='lat' dir='ltr'><strong>Deus</strong></span> <span class='ocrx_word' id='word_1_755' title='bbox 1185 4943 1308 4989; x_wconf 90' lang='lat' dir='ltr'><strong>tuus</strong></span> <span class='ocrx_word' id='word_1_756' title='bbox 1341 4934 1461 4990; x_wconf 90' lang='lat' dir='ltr'><strong>oleo</strong></span> <span class='ocrx_word' id='word_1_757' title='bbox 1493 4935 1625 4990; x_wconf 55' lang='lat' dir='ltr'><strong>laeti.</strong></span> 
     </span>
    </p>
   </div>
   <div class='ocr_carea' id='block_1_96' title="bbox 40 5026 1633 5101">
    <p class='ocr_par' dir='ltr' id='par_1_96' title="bbox 40 5026 1633 5101">
     <span class='ocr_line' id='line_1_96' title="bbox 40 5026 1633 5101; baseline 0.001 -18"><span class='ocrx_word' id='word_1_758' title='bbox 40 5032 113 5085; x_wconf 70' lang='lat' dir='ltr'><strong>Lia:</strong></span> <span class='ocrx_word' id='word_1_759' title='bbox 159 5046 279 5101; x_wconf 77' lang='lat' dir='ltr'><strong>prae</strong></span> <span class='ocrx_word' id='word_1_760' title='bbox 338 5027 722 5099; x_wconf 82' lang='lat' dir='ltr'><strong>participibus</strong></span> <span class='ocrx_word' id='word_1_761' title='bbox 756 5026 869 5098; x_wconf 66' lang='lat'><strong>(94)</strong></span> <span class='ocrx_word' id='word_1_762' title='bbox 911 5028 1084 5083; x_wconf 72' lang='lat' dir='ltr'><strong>tuis.)</strong></span> <span class='ocrx_word' id='word_1_763' title='bbox 1146 5027 1298 5083; x_wconf 88' lang='lat' dir='ltr'><strong>Istud</strong></span> <span class='ocrx_word' id='word_1_764' title='bbox 1353 5035 1441 5082; x_wconf 89' lang='lat' dir='ltr'><strong>est</strong></span> <span class='ocrx_word' id='word_1_765' title='bbox 1499 5043 1633 5099; x_wconf 81' lang='lat' dir='ltr'><strong>ergo</strong></span> 
     </span>
    </p>
   </div>
   <div class='ocr_carea' id='block_1_97' title="bbox 39 5117 1631 5190">
    <p class='ocr_par' dir='ltr' id='par_1_97' title="bbox 39 5117 1631 5190">
     <span class='ocr_line' id='line_1_97' title="bbox 39 5117 1631 5190; baseline 0.003 -18"><span class='ocrx_word' id='word_1_766' title='bbox 39 5124 195 5177; x_wconf 74' lang='lat' dir='ltr'><strong>deum</strong></span> <span class='ocrx_word' id='word_1_767' title='bbox 231 5123 488 5183; x_wconf 59' lang='lat' dir='ltr'><strong>laetitiae,</strong></span> <span class='ocrx_word' id='word_1_768' title='bbox 517 5121 659 5188; x_wconf 83' lang='lat' dir='ltr'><strong>quod</strong></span> <span class='ocrx_word' id='word_1_769' title='bbox 694 5120 858 5190; x_wconf 88' lang='lat' dir='ltr'><strong>capiti</strong></span> <span class='ocrx_word' id='word_1_770' title='bbox 889 5118 1009 5188; x_wconf 84' lang='lat' dir='ltr'><strong>ejus</strong></span> <span class='ocrx_word' id='word_1_771' title='bbox 1050 5117 1289 5175; x_wconf 86' lang='lat' dir='ltr'><strong>infusum</strong></span> <span class='ocrx_word' id='word_1_772' title='bbox 1337 5118 1466 5175; x_wconf 85' lang='lat' dir='ltr'><strong>fecit</strong></span> <span class='ocrx_word' id='word_1_773' title='bbox 1508 5137 1631 5176; x_wconf 84' lang='lat' dir='ltr'><strong>eum</strong></span> 
     </span>
    </p>
   </div>
   <div class='ocr_carea' id='block_1_98' title="bbox 40 5211 1637 5279">
    <p class='ocr_par' dir='ltr' id='par_1_98' title="bbox 40 5211 1637 5279">
     <span class='ocr_line' id='line_1_98' title="bbox 40 5211 1637 5279; baseline 0.001 -14"><span class='ocrx_word' id='word_1_774' title='bbox 40 5214 324 5267; x_wconf 78' lang='lat' dir='ltr'><strong>:hristum.</strong></span> <span class='ocrx_word' id='word_1_775' title='bbox 344 5214 468 5267; x_wconf 86' lang='lat' dir='ltr'><strong>Sed</strong></span> <span class='ocrx_word' id='word_1_776' title='bbox 491 5212 640 5265; x_wconf 89' lang='lat' dir='ltr'><strong>addit</strong></span> <span class='ocrx_word' id='word_1_777' title='bbox 662 5212 841 5266; x_wconf 87' lang='lat' dir='ltr'><strong>adhuc</strong></span> <span class='ocrx_word' id='word_1_778' title='bbox 864 5212 929 5266; x_wconf 90' lang='lat' dir='ltr'><strong>ad</strong></span> <span class='ocrx_word' id='word_1_779' title='bbox 954 5212 1141 5266; x_wconf 89' lang='lat' dir='ltr'><strong>laudes</strong></span> <span class='ocrx_word' id='word_1_780' title='bbox 1160 5211 1277 5279; x_wconf 80' lang='lat' dir='ltr'><strong>ejus</strong></span> <span class='ocrx_word' id='word_1_781' title='bbox 1302 5230 1316 5265; x_wconf 90' lang='lat'><strong>:</strong></span> <span class='ocrx_word' id='word_1_782' title='bbox 1342 5212 1473 5279; x_wconf 69' lang='lat' dir='ltr'><strong>«Qui</strong></span> <span class='ocrx_word' id='word_1_783' title='bbox 1506 5230 1637 5267; x_wconf 90' lang='lat' dir='ltr'><strong>con-</strong></span> 
     </span>
    </p>
   </div>
   <div class='ocr_carea' id='block_1_99' title="bbox 101 5332 1606 5399">
    <p class='ocr_par' dir='ltr' id='par_1_99' title="bbox 101 5332 1606 5399">
     <span class='ocr_line' id='line_1_99' title="bbox 101 5332 1606 5399; baseline 0.001 -11"><span class='ocrx_word' id='word_1_784' title='bbox 101 5336 145 5365; x_wconf 80' lang='grc'><strong>⁸⁷</strong></span> <span class='ocrx_word' id='word_1_785' title='bbox 188 5333 343 5389; x_wconf 85' lang='lat' dir='ltr'><strong>Gen.</strong></span> <span class='ocrx_word' id='word_1_786' title='bbox 378 5348 527 5387; x_wconf 78' lang='lat' dir='ltr'><strong>XXV.</strong></span> <span class='ocrx_word' id='word_1_787' title='bbox 601 5333 648 5365; x_wconf 81' lang='grc'>⁸⁸</span> <span class='ocrx_word' id='word_1_788' title='bbox 688 5332 829 5388; x_wconf 85' lang='lat' dir='ltr'><strong>Psal.</strong></span> <span class='ocrx_word' id='word_1_789' title='bbox 857 5349 968 5396; x_wconf 76' lang='lat' dir='ltr'><strong>xrx,</strong></span> <span class='ocrx_word' id='word_1_790' title='bbox 996 5333 1050 5389; x_wconf 90' lang='lat'><strong>6.</strong></span> <span class='ocrx_word' id='word_1_791' title='bbox 1126 5336 1171 5366; x_wconf 71' lang='grc' dir='ltr'><strong>⁸ο</strong></span> <span class='ocrx_word' id='word_1_792' title='bbox 1210 5332 1365 5388; x_wconf 83' lang='lat' dir='ltr'><strong>Joan.</strong></span> <span class='ocrx_word' id='word_1_793' title='bbox 1398 5350 1493 5399; x_wconf 75' lang='lat' dir='ltr'><strong>xx,</strong></span> <span class='ocrx_word' id='word_1_794' title='bbox 1522 5338 1606 5391; x_wconf 82' lang='lat' dir='ltr'><strong>l7.</strong></span> 
     </span>
    </p>
   </div>
   <div class='ocr_carea' id='block_1_100' title="bbox 41 5402 1132 5468">
    <p class='ocr_par' dir='ltr' id='par_1_100' title="bbox 41 5402 1132 5468">
     <span class='ocr_line' id='line_1_100' title="bbox 41 5402 1132 5468; baseline 0.002 -12"><span class='ocrx_word' id='word_1_795' title='bbox 41 5407 57 5425; x_wconf 85' lang='lat'><strong><em>‘</em></strong></span> <span class='ocrx_word' id='word_1_796' title='bbox 84 5404 267 5458; x_wconf 88' lang='lat' dir='ltr'><strong>Levit.</strong></span> <span class='ocrx_word' id='word_1_797' title='bbox 306 5421 435 5468; x_wconf 75' lang='lat' dir='ltr'><strong>xxi,</strong></span> <span class='ocrx_word' id='word_1_798' title='bbox 469 5402 562 5456; x_wconf 76' lang='grc'>10.</span> <span class='ocrx_word' id='word_1_799' title='bbox 635 5404 683 5434; x_wconf 71' lang='grc'><strong>⁸⁵⁵</strong></span> <span class='ocrx_word' id='word_1_800' title='bbox 711 5404 888 5457; x_wconf 72' lang='lat' dir='ltr'><strong>Ercle.</strong></span> <span class='ocrx_word' id='word_1_801' title='bbox 918 5420 1013 5462; x_wconf 80' lang='lat' dir='ltr'><strong>vti.</strong></span> <span class='ocrx_word' id='word_1_802' title='bbox 1041 5405 1132 5458; x_wconf 74' lang='lat'><strong>21.</strong></span> 
     </span>
    </p>
   </div>
   <div class='ocr_carea' id='block_1_101' title="bbox 44 5473 1476 5541">
    <p class='ocr_par' dir='ltr' id='par_1_101' title="bbox 44 5473 1476 5541">
     <span class='ocr_line' id='line_1_101' title="bbox 44 5473 1476 5541; baseline 0.002 -14"><span class='ocrx_word' id='word_1_803' title='bbox 44 5476 103 5529; x_wconf 90' lang='lat' dir='ltr'><strong>it.</strong></span> <span class='ocrx_word' id='word_1_804' title='bbox 160 5491 283 5539; x_wconf 74' lang='lat' dir='ltr'><strong>ut,</strong></span> <span class='ocrx_word' id='word_1_805' title='bbox 317 5474 419 5528; x_wconf 79' lang='grc'><strong>10.</strong></span> <span class='ocrx_word' id='word_1_806' title='bbox 507 5473 551 5504; x_wconf 84' lang='grc'><strong>⁶⁹</strong></span> <span class='ocrx_word' id='word_1_807' title='bbox 582 5474 709 5527; x_wconf 91' lang='lat' dir='ltr'><strong>ibid.</strong></span> <span class='ocrx_word' id='word_1_808' title='bbox 744 5474 827 5527; x_wconf 81' lang='lat' dir='ltr'><strong>ll.</strong></span> <span class='ocrx_word' id='word_1_809' title='bbox 928 5475 973 5506; x_wconf 82' lang='grc' dir='ltr'><strong>⁷ο</strong></span> <span class='ocrx_word' id='word_1_810' title='bbox 1006 5475 1205 5529; x_wconf 77' lang='lat' dir='ltr'><strong>Ezech.</strong></span> <span class='ocrx_word' id='word_1_811' title='bbox 1237 5491 1390 5541; x_wconf 79' lang='lat' dir='ltr'><strong>xvm,</strong></span> <span class='ocrx_word' id='word_1_812' title='bbox 1422 5476 1476 5530; x_wconf 73' lang='grc'>4.</span> 
     </span>
    </p>
   </div>
   <div class='ocr_carea' id='block_1_102' title="bbox 80 5615 1630 5687">
    <p class='ocr_par' dir='ltr' id='par_1_102' title="bbox 80 5615 1630 5687">
     <span class='ocr_line' id='line_1_102' title="bbox 80 5615 1630 5687; baseline 0.001 -14"><span class='ocrx_word' id='word_1_813' title='bbox 80 5619 195 5687; x_wconf 72' lang='grc' dir='ltr'><strong>(θι)</strong></span> <span class='ocrx_word' id='word_1_814' title='bbox 232 5619 409 5683; x_wconf 75' lang='lat' dir='ltr'><strong>Mss.,</strong></span> <span class='ocrx_word' id='word_1_815' title='bbox 438 5637 463 5668; x_wconf 70' lang='grc' dir='ltr'><strong>ε</strong></span> <span class='ocrx_word' id='word_1_816' title='bbox 493 5616 872 5687; x_wconf 77' lang='lat' dir='ltr'><strong>participibus.</strong></span> <span class='ocrx_word' id='word_1_817' title='bbox 900 5635 918 5668; x_wconf 70' lang='grc' dir='ltr'><strong>ι</strong></span> <span class='ocrx_word' id='word_1_818' title='bbox 943 5615 1102 5672; x_wconf 90' lang='lat' dir='ltr'><strong>Libb.</strong></span> <span class='ocrx_word' id='word_1_819' title='bbox 1131 5618 1285 5686; x_wconf 78' lang='lat' dir='ltr'><strong>editi,</strong></span> <span class='ocrx_word' id='word_1_820' title='bbox 1320 5637 1337 5667; x_wconf 77' lang='grc' dir='ltr'>ι</span> <span class='ocrx_word' id='word_1_821' title='bbox 1362 5622 1630 5675; x_wconf 89' lang='lat' dir='ltr'><strong>consorti-</strong></span> 
     </span>
    </p>
   </div>
   <div class='ocr_carea' id='block_1_103' title="bbox 47 5709 175 5744">
    <p class='ocr_par' dir='ltr' id='par_1_103' title="bbox 47 5709 175 5744">
     <span class='ocr_line' id='line_1_103' title="bbox 47 5709 175 5744; baseline -0.008 -2"><span class='ocrx_word' id='word_1_822' title='bbox 47 5709 127 5744; x_wconf 59' lang='grc' dir='ltr'><strong>ΙΝ.</strong></span> <span class='ocrx_word' id='word_1_823' title='bbox 156 5711 175 5741; x_wconf 65' lang='grc' dir='ltr'>δ</span> 
     </span>
    </p>
   </div>
   <div class='ocr_carea' id='block_1_104' title="bbox 90 5756 1627 5834">
    <p class='ocr_par' dir='ltr' id='par_1_104' title="bbox 90 5756 1627 5834">
     <span class='ocr_line' id='line_1_104' title="bbox 90 5756 1627 5834; baseline -0.001 -17"><span class='ocrx_word' id='word_1_824' title='bbox 90 5762 210 5834; x_wconf 79' lang='grc'><strong>(95)</strong></span> <span class='ocrx_word' id='word_1_825' title='bbox 247 5761 431 5830; x_wconf 77' lang='lat' dir='ltr'><strong>Mss.,</strong></span> <span class='ocrx_word' id='word_1_826' title='bbox 469 5777 491 5813; x_wconf 75' lang='grc' dir='ltr'>ι</span> <span class='ocrx_word' id='word_1_827' title='bbox 522 5760 659 5816; x_wconf 86' lang='lat' dir='ltr'><strong>sicut</strong></span> <span class='ocrx_word' id='word_1_828' title='bbox 710 5758 964 5815; x_wconf 84' lang='lat' dir='ltr'><strong>amictus.</strong></span> <span class='ocrx_word' id='word_1_829' title='bbox 996 5776 1016 5812; x_wconf 70' lang='grc' dir='ltr'><strong>ι</strong></span> <span class='ocrx_word' id='word_1_830' title='bbox 1047 5756 1205 5814; x_wconf 83' lang='lat' dir='ltr'><strong>Libb.</strong></span> <span class='ocrx_word' id='word_1_831' title='bbox 1250 5760 1403 5825; x_wconf 89' lang='lat' dir='ltr'><strong>editi,</strong></span> <span class='ocrx_word' id='word_1_832' title='bbox 1439 5780 1456 5811; x_wconf 76' lang='grc' dir='ltr'>σ</span> <span class='ocrx_word' id='word_1_833' title='bbox 1487 5761 1627 5817; x_wconf 88' lang='lat' dir='ltr'><strong>sicut</strong></span> 
     </span>
    </p>
   </div>
   <div class='ocr_carea' id='block_1_105' title="bbox 1687 5334 2740 5401">
    <p class='ocr_par' dir='ltr' id='par_1_105' title="bbox 1687 5334 2740 5401">
     <span class='ocr_line' id='line_1_105' title="bbox 1687 5334 2740 5401; baseline -0.006 -8"><span class='ocrx_word' id='word_1_834' title='bbox 1687 5341 1729 5371; x_wconf 79' lang='grc' dir='ltr'><strong>⁸ο</strong></span> <span class='ocrx_word' id='word_1_835' title='bbox 1751 5339 1890 5393; x_wconf 89' lang='lat' dir='ltr'><strong>Psal.</strong></span> <span class='ocrx_word' id='word_1_836' title='bbox 1918 5355 2035 5401; x_wconf 78' lang='lat' dir='ltr'><strong>xxi,</strong></span> <span class='ocrx_word' id='word_1_837' title='bbox 2064 5337 2154 5391; x_wconf 73' lang='lat'><strong>2&#39;5.</strong></span> <span class='ocrx_word' id='word_1_838' title='bbox 2231 5336 2275 5368; x_wconf 85' lang='grc'><strong>⁶¹</strong></span> <span class='ocrx_word' id='word_1_839' title='bbox 2297 5335 2469 5392; x_wconf 86' lang='lat' dir='ltr'><strong>Levit.</strong></span> <span class='ocrx_word' id='word_1_840' title='bbox 2504 5351 2616 5394; x_wconf 65' lang='grc' dir='ltr'>χχι.</span> <span class='ocrx_word' id='word_1_841' title='bbox 2655 5334 2740 5388; x_wconf 84' lang='grc'>10.</span> 
     </span>
    </p>
   </div>
   <div class='ocr_carea' id='block_1_106' title="bbox 1245 5404 1841 5467">
    <p class='ocr_par' dir='ltr' id='par_1_106' title="bbox 1245 5404 1841 5467">
     <span class='ocr_line' id='line_1_106' title="bbox 1245 5404 1841 5467; baseline 0.02 -12"><span class='ocrx_word' id='word_1_842' title='bbox 1245 5406 1291 5437; x_wconf 79' lang='grc'><strong>⁸⁸</strong></span> <span class='ocrx_word' id='word_1_843' title='bbox 1321 5404 1458 5459; x_wconf 82' lang='lat' dir='ltr'><strong>Psal.</strong></span> <span class='ocrx_word' id='word_1_844' title='bbox 1513 5423 1616 5467; x_wconf 73' lang='grc' dir='ltr'>ειν.</span> <span class='ocrx_word' id='word_1_845' title='bbox 1654 5413 1689 5462; x_wconf 69' lang='lat'><strong><em>2</em></strong></span> <span class='ocrx_word' id='word_1_846' title='bbox 1711 5422 1763 5464; x_wconf 87' lang='lat' dir='ltr'><strong>et</strong></span> <span class='ocrx_word' id='word_1_847' title='bbox 1787 5411 1841 5467; x_wconf 86' lang='lat'><strong>6.</strong></span> 
     </span>
    </p>
   </div>
   <div class='ocr_carea' id='block_1_107' title="bbox 1578 5478 1971 5546">
    <p class='ocr_par' dir='ltr' id='par_1_107' title="bbox 1578 5478 1971 5546">
     <span class='ocr_line' id='line_1_107' title="bbox 1578 5478 1971 5546; baseline 0.013 -13"><span class='ocrx_word' id='word_1_848' title='bbox 1578 5479 1621 5508; x_wconf 85' lang='grc'>⁷¹</span> <span class='ocrx_word' id='word_1_849' title='bbox 1653 5478 1766 5536; x_wconf 83' lang='lat' dir='ltr'><strong>Jac.</strong></span> <span class='ocrx_word' id='word_1_850' title='bbox 1813 5498 1851 5546; x_wconf 83' lang='grc' dir='ltr'><strong>ι,</strong></span> <span class='ocrx_word' id='word_1_851' title='bbox 1887 5481 1971 5539; x_wconf 82' lang='grc'>15.</span> 
     </span>
    </p>
   </div>
   <div class='ocr_carea' id='block_1_108' title="bbox 1733 4559 3316 4628">
    <p class='ocr_par' dir='ltr' id='par_1_108' title="bbox 1733 4559 3316 4628">
     <span class='ocr_line' id='line_1_108' title="bbox 1733 4559 3316 4628; baseline -0.004 -8"><span class='ocrx_word' id='word_1_852' title='bbox 1733 4576 1915 4620; x_wconf 90' lang='lat' dir='ltr'><strong>autem</strong></span> <span class='ocrx_word' id='word_1_853' title='bbox 1961 4580 2084 4620; x_wconf 90' lang='lat' dir='ltr'><strong>cum</strong></span> <span class='ocrx_word' id='word_1_854' title='bbox 2128 4574 2592 4625; x_wconf 89' lang='lat' dir='ltr'><strong>consummatum,</strong></span> <span class='ocrx_word' id='word_1_855' title='bbox 2635 4559 2892 4628; x_wconf 78' lang='lat' dir='ltr'><strong>inquit&quot;,</strong></span> <span class='ocrx_word' id='word_1_856' title='bbox 2933 4559 3118 4622; x_wconf 86' lang='lat' dir='ltr'><strong>fuerit,</strong></span> <span class='ocrx_word' id='word_1_857' title='bbox 3156 4572 3316 4628; x_wconf 80' lang='lat' dir='ltr'><strong>gene-</strong></span> 
     </span>
    </p>
   </div>
   <div class='ocr_carea' id='block_1_109' title="bbox 1736 4650 3312 4724">
    <p class='ocr_par' dir='ltr' id='par_1_109' title="bbox 1736 4650 3312 4724">
     <span class='ocr_line' id='line_1_109' title="bbox 1736 4650 3312 4724; baseline -0.007 -9"><span class='ocrx_word' id='word_1_858' title='bbox 1736 4667 2093 4715; x_wconf 90' lang='lat' dir='ltr'><strong>ratmortem.</strong></span> <span class='ocrx_word' id='word_1_859' title='bbox 2123 4676 2141 4709; x_wconf 77' lang='grc' dir='ltr'><strong><em>ι</em></strong></span> <span class='ocrx_word' id='word_1_860' title='bbox 2189 4655 2253 4709; x_wconf 83' lang='lat' dir='ltr'><strong>Et</strong></span> <span class='ocrx_word' id='word_1_861' title='bbox 2284 4663 2509 4724; x_wconf 88' lang='lat' dir='ltr'><strong>propter</strong></span> <span class='ocrx_word' id='word_1_862' title='bbox 2563 4655 2665 4705; x_wconf 88' lang='lat' dir='ltr'><strong>hoc</strong></span> <span class='ocrx_word' id='word_1_863' title='bbox 2714 4650 2877 4704; x_wconf 85' lang='lat' dir='ltr'><strong>Jesus</strong></span> <span class='ocrx_word' id='word_1_864' title='bbox 2910 4665 3015 4703; x_wconf 91' lang='lat' dir='ltr'><strong>non</strong></span> <span class='ocrx_word' id='word_1_865' title='bbox 3051 4650 3217 4704; x_wconf 89' lang='lat' dir='ltr'><strong>intrat</strong></span> <span class='ocrx_word' id='word_1_866' title='bbox 3241 4653 3312 4705; x_wconf 85' lang='lat' dir='ltr'><strong>ad</strong></span> 
     </span>
    </p>
   </div>
   <div class='ocr_carea' id='block_1_110' title="bbox 1736 4743 3313 4811">
    <p class='ocr_par' dir='ltr' id='par_1_110' title="bbox 1736 4743 3313 4811">
     <span class='ocr_line' id='line_1_110' title="bbox 1736 4743 3313 4811; baseline -0.008 -2"><span class='ocrx_word' id='word_1_867' title='bbox 1736 4755 1971 4811; x_wconf 88' lang='lat' dir='ltr'><strong>animam</strong></span> <span class='ocrx_word' id='word_1_868' title='bbox 2022 4760 2314 4806; x_wconf 90' lang='lat' dir='ltr'><strong>mortuam.</strong></span> <span class='ocrx_word' id='word_1_869' title='bbox 2351 4746 2407 4801; x_wconf 89' lang='lat' dir='ltr'><strong>Si</strong></span> <span class='ocrx_word' id='word_1_870' title='bbox 2437 4755 2615 4799; x_wconf 86' lang='lat' dir='ltr'><strong>autem</strong></span> <span class='ocrx_word' id='word_1_871' title='bbox 2649 4746 2793 4797; x_wconf 89' lang='lat' dir='ltr'><strong>vivat</strong></span> <span class='ocrx_word' id='word_1_872' title='bbox 2841 4745 3037 4805; x_wconf 89' lang='lat' dir='ltr'><strong>anima,</strong></span> <span class='ocrx_word' id='word_1_873' title='bbox 3074 4743 3174 4797; x_wconf 87' lang='lat' dir='ltr'><strong>hoc</strong></span> <span class='ocrx_word' id='word_1_874' title='bbox 3226 4752 3313 4798; x_wconf 89' lang='lat' dir='ltr'><strong>est</strong></span> 
     </span>
    </p>
   </div>
   <div class='ocr_carea' id='block_1_111' title="bbox 1734 4834 3317 4908">
    <p class='ocr_par' dir='ltr' id='par_1_111' title="bbox 1734 4834 3317 4908">
     <span class='ocr_line' id='line_1_111' title="bbox 1734 4834 3317 4908; baseline -0.009 -5"><span class='ocrx_word' id='word_1_875' title='bbox 1734 4850 1778 4904; x_wconf 89' lang='lat' dir='ltr'><strong>si</strong></span> <span class='ocrx_word' id='word_1_876' title='bbox 1815 4864 1920 4902; x_wconf 90' lang='lat' dir='ltr'><strong>non</strong></span> <span class='ocrx_word' id='word_1_877' title='bbox 1962 4846 2127 4899; x_wconf 88' lang='lat' dir='ltr'><strong>habet</strong></span> <span class='ocrx_word' id='word_1_878' title='bbox 2156 4844 2209 4896; x_wconf 91' lang='lat' dir='ltr'><strong>in</strong></span> <span class='ocrx_word' id='word_1_879' title='bbox 2252 4857 2311 4896; x_wconf 92' lang='lat' dir='ltr'><strong>se</strong></span> <span class='ocrx_word' id='word_1_880' title='bbox 2357 4842 2584 4893; x_wconf 89' lang='lat' dir='ltr'><strong>mortale</strong></span> <span class='ocrx_word' id='word_1_881' title='bbox 2619 4845 2926 4908; x_wconf 88' lang='lat' dir='ltr'><strong>peccatum,</strong></span> <span class='ocrx_word' id='word_1_882' title='bbox 2975 4845 3103 4889; x_wconf 92' lang='lat' dir='ltr'><strong>tunc</strong></span> <span class='ocrx_word' id='word_1_883' title='bbox 3156 4834 3317 4891; x_wconf 87' lang='lat' dir='ltr'><strong>Chri-</strong></span> 
     </span>
    </p>
   </div>
   <div class='ocr_carea' id='block_1_112' title="bbox 1735 4928 3315 5007">
    <p class='ocr_par' dir='ltr' id='par_1_112' title="bbox 1735 4928 3315 5007">
     <span class='ocr_line' id='line_1_112' title="bbox 1735 4928 3315 5007; baseline -0.007 -12"><span class='ocrx_word' id='word_1_884' title='bbox 1735 4950 1873 5004; x_wconf 82' lang='lat' dir='ltr'><strong>Stus,</strong></span> <span class='ocrx_word' id='word_1_885' title='bbox 1901 4939 1993 5007; x_wconf 91' lang='lat' dir='ltr'><strong>qui</strong></span> <span class='ocrx_word' id='word_1_886' title='bbox 2023 4946 2108 4991; x_wconf 91' lang='lat' dir='ltr'><strong>est</strong></span> <span class='ocrx_word' id='word_1_887' title='bbox 2140 4936 2271 5001; x_wconf 89' lang='lat' dir='ltr'><strong>vita,</strong></span> <span class='ocrx_word' id='word_1_888' title='bbox 2306 4934 2535 4988; x_wconf 87' lang='lat' dir='ltr'><strong>venitad</strong></span> <span class='ocrx_word' id='word_1_889' title='bbox 2571 4931 2807 4984; x_wconf 86' lang='lat' dir='ltr'><strong>animam</strong></span> <span class='ocrx_word' id='word_1_890' title='bbox 2846 4931 3147 4984; x_wconf 85' lang='lat' dir='ltr'><strong>viventem.</strong></span> <span class='ocrx_word' id='word_1_891' title='bbox 3176 4928 3315 4995; x_wconf 85' lang='lat' dir='ltr'><strong>Quia</strong></span> 
     </span>
    </p>
   </div>
   <div class='ocr_carea' id='block_1_113' title="bbox 1743 5024 3312 5095">
    <p class='ocr_par' dir='ltr' id='par_1_113' title="bbox 1743 5024 3312 5095">
     <span class='ocr_line' id='line_1_113' title="bbox 1743 5024 3312 5095; baseline -0.008 -8"><span class='ocrx_word' id='word_1_892' title='bbox 1743 5034 1885 5087; x_wconf 89' lang='lat' dir='ltr'><strong>sicut</strong></span> <span class='ocrx_word' id='word_1_893' title='bbox 1920 5031 2006 5084; x_wconf 77' lang='lat' dir='ltr'><strong>lux</strong></span> <span class='ocrx_word' id='word_1_894' title='bbox 2040 5044 2144 5084; x_wconf 92' lang='lat' dir='ltr'><strong>non</strong></span> <span class='ocrx_word' id='word_1_895' title='bbox 2178 5034 2357 5095; x_wconf 87' lang='lat' dir='ltr'><strong>potest</strong></span> <span class='ocrx_word' id='word_1_896' title='bbox 2405 5041 2525 5081; x_wconf 91' lang='lat' dir='ltr'><strong>esse</strong></span> <span class='ocrx_word' id='word_1_897' title='bbox 2575 5041 2697 5081; x_wconf 89' lang='lat' dir='ltr'><strong>cum</strong></span> <span class='ocrx_word' id='word_1_898' title='bbox 2756 5024 3017 5091; x_wconf 89' lang='lat' dir='ltr'><strong>tenebris,</strong></span> <span class='ocrx_word' id='word_1_899' title='bbox 3054 5037 3152 5076; x_wconf 91' lang='lat' dir='ltr'><strong>nec</strong></span> <span class='ocrx_word' id='word_1_900' title='bbox 3188 5037 3312 5075; x_wconf 91' lang='lat' dir='ltr'><strong>cum</strong></span> 
     </span>
    </p>
   </div>
   <div class='ocr_carea' id='block_1_114' title="bbox 1740 5120 3315 5194">
    <p class='ocr_par' dir='ltr' id='par_1_114' title="bbox 1740 5120 3315 5194">
     <span class='ocr_line' id='line_1_114' title="bbox 1740 5120 3315 5194; baseline -0.006 -15"><span class='ocrx_word' id='word_1_901' title='bbox 1740 5124 2029 5194; x_wconf 85' lang='lat' dir='ltr'><strong>iniquitate</strong></span> <span class='ocrx_word' id='word_1_902' title='bbox 2079 5121 2315 5192; x_wconf 88' lang='lat' dir='ltr'><strong>justitia,</strong></span> <span class='ocrx_word' id='word_1_903' title='bbox 2374 5121 2449 5175; x_wconf 89' lang='lat' dir='ltr'><strong>ita</strong></span> <span class='ocrx_word' id='word_1_904' title='bbox 2506 5134 2605 5174; x_wconf 91' lang='lat' dir='ltr'><strong>nec</strong></span> <span class='ocrx_word' id='word_1_905' title='bbox 2657 5120 2770 5173; x_wconf 88' lang='lat' dir='ltr'><strong>vita</strong></span> <span class='ocrx_word' id='word_1_906' title='bbox 2810 5124 2991 5187; x_wconf 90' lang='lat' dir='ltr'><strong>potest</strong></span> <span class='ocrx_word' id='word_1_907' title='bbox 3038 5131 3163 5171; x_wconf 90' lang='lat' dir='ltr'><strong>esse</strong></span> <span class='ocrx_word' id='word_1_908' title='bbox 3191 5130 3315 5170; x_wconf 88' lang='lat' dir='ltr'><strong>cum</strong></span> 
     </span>
    </p>
   </div>
   <div class='ocr_carea' id='block_1_115' title="bbox 1743 5206 3315 5281">
    <p class='ocr_par' dir='ltr' id='par_1_115' title="bbox 1743 5206 3315 5281">
     <span class='ocr_line' id='line_1_115' title="bbox 1743 5206 3315 5281; baseline -0.007 -11"><span class='ocrx_word' id='word_1_909' title='bbox 1743 5224 1938 5272; x_wconf 90' lang='lat' dir='ltr'><strong>morte.</strong></span> <span class='ocrx_word' id='word_1_910' title='bbox 1983 5213 2047 5266; x_wconf 86' lang='lat' dir='ltr'><strong>Et</strong></span> <span class='ocrx_word' id='word_1_911' title='bbox 2089 5213 2211 5268; x_wconf 90' lang='lat' dir='ltr'><strong>ideo</strong></span> <span class='ocrx_word' id='word_1_912' title='bbox 2258 5214 2301 5267; x_wconf 91' lang='lat' dir='ltr'><strong>si</strong></span> <span class='ocrx_word' id='word_1_913' title='bbox 2341 5212 2464 5281; x_wconf 89' lang='lat' dir='ltr'><strong>quis</strong></span> <span class='ocrx_word' id='word_1_914' title='bbox 2503 5210 2604 5264; x_wconf 88' lang='lat' dir='ltr'><strong>sibi</strong></span> <span class='ocrx_word' id='word_1_915' title='bbox 2646 5210 2903 5265; x_wconf 89' lang='lat' dir='ltr'><strong>conscius</strong></span> <span class='ocrx_word' id='word_1_916' title='bbox 2927 5217 3012 5264; x_wconf 88' lang='lat' dir='ltr'><strong>est</strong></span> <span class='ocrx_word' id='word_1_917' title='bbox 3037 5206 3181 5277; x_wconf 89' lang='lat' dir='ltr'><strong>quod</strong></span> <span class='ocrx_word' id='word_1_918' title='bbox 3215 5206 3315 5259; x_wconf 70' lang='lat' dir='ltr'><strong>ha-</strong></span> 
     </span>
    </p>
   </div>
   <div class='ocr_carea' id='block_1_116' title="bbox 2845 5330 3313 5392">
    <p class='ocr_par' dir='ltr' id='par_1_116' title="bbox 2845 5330 3313 5392">
     <span class='ocr_line' id='line_1_116' title="bbox 2845 5330 3313 5392; baseline -0.002 -6"><span class='ocrx_word' id='word_1_919' title='bbox 2845 5333 2888 5365; x_wconf 80' lang='lat'><strong>“</strong></span> <span class='ocrx_word' id='word_1_920' title='bbox 2906 5330 3049 5386; x_wconf 90' lang='lat' dir='ltr'><strong>Psal.</strong></span> <span class='ocrx_word' id='word_1_921' title='bbox 3083 5345 3224 5392; x_wconf 79' lang='lat' dir='ltr'><strong>mv,</strong></span> <span class='ocrx_word' id='word_1_922' title='bbox 3257 5330 3313 5385; x_wconf 87' lang='lat'><strong>8.</strong></span> 
     </span>
    </p>
   </div>
   <div class='ocr_carea' id='block_1_117' title="bbox 1954 5402 3314 5474">
    <p class='ocr_par' dir='ltr' id='par_1_117' title="bbox 1954 5402 3314 5474">
     <span class='ocr_line' id='line_1_117' title="bbox 1954 5402 3314 5474; baseline -0.006 -9"><span class='ocrx_word' id='word_1_923' title='bbox 1954 5411 1999 5442; x_wconf 84' lang='lat'><strong>“</strong></span> <span class='ocrx_word' id='word_1_924' title='bbox 2027 5408 2204 5465; x_wconf 89' lang='lat' dir='ltr'><strong>Levit.</strong></span> <span class='ocrx_word' id='word_1_925' title='bbox 2238 5424 2353 5474; x_wconf 81' lang='lat' dir='ltr'><strong>xxt,</strong></span> <span class='ocrx_word' id='word_1_926' title='bbox 2382 5408 2468 5462; x_wconf 82' lang='lat' dir='ltr'><strong>l0.</strong></span> <span class='ocrx_word' id='word_1_927' title='bbox 2578 5408 2622 5438; x_wconf 78' lang='grc'><strong>⁸⁷</strong></span> <span class='ocrx_word' id='word_1_928' title='bbox 2648 5406 2668 5461; x_wconf 85' lang='lat' dir='ltr'>l</span> <span class='ocrx_word' id='word_1_929' title='bbox 2693 5406 2820 5461; x_wconf 84' lang='lat' dir='ltr'><strong>Cor.</strong></span> <span class='ocrx_word' id='word_1_930' title='bbox 2849 5420 2924 5469; x_wconf 74' lang='lat' dir='ltr'><strong>SI,</strong></span> <span class='ocrx_word' id='word_1_931' title='bbox 2955 5403 3011 5456; x_wconf 82' lang='lat'><strong>5.</strong></span> <span class='ocrx_word' id='word_1_932' title='bbox 3125 5402 3175 5432; x_wconf 82' lang='lat'>“</span> <span class='ocrx_word' id='word_1_933' title='bbox 3208 5402 3314 5457; x_wconf 87' lang='lat' dir='ltr'><strong>Le-</strong></span> 
     </span>
    </p>
   </div>
   <div class='ocr_carea' id='block_1_118' title="bbox 1737 5616 3310 5693">
    <p class='ocr_par' dir='ltr' id='par_1_118' title="bbox 1737 5616 3310 5693">
     <span class='ocr_line' id='line_1_118' title="bbox 1737 5616 3310 5693; baseline -0.004 -16"><span class='ocrx_word' id='word_1_934' title='bbox 1737 5625 1954 5686; x_wconf 80' lang='lat' dir='ltr'><strong>nallium</strong></span> <span class='ocrx_word' id='word_1_935' title='bbox 1988 5626 2272 5683; x_wconf 90' lang='lat' dir='ltr'><strong>amictum.</strong></span> <span class='ocrx_word' id='word_1_936' title='bbox 2302 5644 2319 5675; x_wconf 75' lang='grc' dir='ltr'><strong><em>ι</em></strong></span> <span class='ocrx_word' id='word_1_937' title='bbox 2349 5623 2516 5679; x_wconf 85' lang='lat' dir='ltr'><strong>Paulo</strong></span> <span class='ocrx_word' id='word_1_938' title='bbox 2551 5630 2674 5693; x_wconf 90' lang='lat' dir='ltr'><strong>post</strong></span> <span class='ocrx_word' id='word_1_939' title='bbox 2716 5634 2871 5693; x_wconf 85' lang='lat' dir='ltr'><strong>mss.,</strong></span> <span class='ocrx_word' id='word_1_940' title='bbox 2908 5636 2927 5668; x_wconf 78' lang='grc' dir='ltr'>α</span> <span class='ocrx_word' id='word_1_941' title='bbox 2955 5633 3062 5688; x_wconf 85' lang='lat' dir='ltr'><strong>quo</strong></span> <span class='ocrx_word' id='word_1_942' title='bbox 3108 5616 3310 5670; x_wconf 84' lang='lat' dir='ltr'><strong>iudica-</strong></span> 
     </span>
    </p>
   </div>
   <div class='ocr_carea' id='block_1_119' title="bbox 1738 5691 2974 5767">
    <p class='ocr_par' dir='ltr' id='par_1_119' title="bbox 1738 5691 2974 5767">
     <span class='ocr_line' id='line_1_119' title="bbox 1738 5691 2974 5767; baseline -0.004 -20"><span class='ocrx_word' id='word_1_943' title='bbox 1738 5707 1843 5753; x_wconf 90' lang='lat' dir='ltr'><strong>tur.</strong></span> <span class='ocrx_word' id='word_1_944' title='bbox 1868 5715 1887 5749; x_wconf 74' lang='grc' dir='ltr'>ι</span> <span class='ocrx_word' id='word_1_945' title='bbox 1923 5695 2077 5753; x_wconf 88' lang='lat' dir='ltr'><strong>Libb.</strong></span> <span class='ocrx_word' id='word_1_946' title='bbox 2109 5697 2266 5764; x_wconf 86' lang='lat' dir='ltr'><strong>editi,</strong></span> <span class='ocrx_word' id='word_1_947' title='bbox 2298 5714 2315 5746; x_wconf 71' lang='grc' dir='ltr'>ι</span> <span class='ocrx_word' id='word_1_948' title='bbox 2342 5691 2613 5767; x_wconf 86' lang='lat' dir='ltr'><strong>quomodo</strong></span> <span class='ocrx_word' id='word_1_949' title='bbox 2638 5691 2926 5747; x_wconf 86' lang='lat' dir='ltr'><strong>indicatur.</strong></span> <span class='ocrx_word' id='word_1_950' title='bbox 2955 5709 2974 5742; x_wconf 77' lang='grc' dir='ltr'><strong><em>ι</em></strong></span> 
     </span>
    </p>
   </div>
  </div>
