3876 6500
512 307 618 364 53-9
1972 289 2286 346 OlllGEN‘lS
3650 274 3733 328 510

509 333 557 367 Ut
565 334 580 364 ἱ

512 432 638 486 beat
663 428 803 481 intra
847 439 904 478 se
940 419 1168 476 mortale
1202 418 1314 492 (96)
1357 427 1660 488 peccatum,
1683 431 1858 486 neque
1886 416 1935 471 id
1967 432 1993 469 a
2021 429 2078 470 se
2109 422 2153 478 Α
2182 414 2321 478 Ιιιιιι,
2359 411 2402 467 si
2438 413 2553 466 hmc
2578 410 2645 464 ad
2687 406 2995 478 pontificem
3040 411 3286 458 nostrum
3324 409 3382 454 et
3417 395 3732 452 Salvatorem

515 536 612 589 per
643 515 1018 586 paenitentiam
1052 511 1379 581 plenissima:
1426 508 1814 563 satisfactionis
1867 507 2082 574 abjecit,
2193 521 2297 560 non
2341 502 2669 566 referantur,
2700 499 2975 570 quomodo
3013 495 3310 551 secundum
3347 493 3586 547 litteram
3630 507 3735 558 pro-

516 623 621 661 non
653 615 831 674 speret
882 604 1024 673 quod
1062 603 1228 656 intret
1265 600 1517 655 Christus
1549 599 1616 653 ad
1655 599 1893 652 animam
1944 599 2082 668 ejus,
2193 595 2596 664 babitur,quod
2627 595 2692 648 de
2717 593 2922 646 sanctis
2953 606 3058 644 non
3108 597 3270 645 exeat
3301 599 3542 655 magnus
3587 598 3737 638 sacer-

511 698 603 766 qui
643 695 709 748 ad
739 710 952 749 omnem
983 693 1219 746 animam
1249 692 1559 746 defunctam
1598 707 1706 745 non
1739 691 1926 756 intrat,
1960 693 2084 760 quia
2193 694 2310 754 dos,
2347 689 2438 758 qui
2467 689 2652 756 utique
2681 697 2733 740 et
2757 699 2981 738 uxorem
3005 681 3329 750 accipiebat,
3357 681 3504 733 sicut
3531 677 3735 731 interius

513 803 741 857 magnus
780 786 1041 839 sacerdos
1073 794 1178 838 est.
2191 779 2410 842 dicitur,
2442 776 2713 846 virginem
2741 775 2807 827 de
2838 787 3035 842 genere
3067 772 3200 825 suo?
3231 770 3286 824 Si
3324 771 3391 823 de
3423 769 3631 822 sanctis
3653 784 3737 821 non

585 881 634 933 4.
686 899 702 929 ι
729 880 783 932 1η
818 886 969 945 patre
996 893 1096 932 suo
1140 885 1196 929 et
1250 887 1425 930 matre
1473 891 1567 929 sua
1607 890 1710 928 non
1745 885 2088 930 contanuna-
2190 870 2322 932 exit,
2355 869 2398 922 si
2433 881 2699 937 nusquam
2742 864 3011 934 procedit,
3046 862 3320 933 quomodo
3375 869 3475 914 aut
3528 859 3595 912 ad
3630 874 3741 925 quos

509 972 740 1026 bitur".
773 990 791 1023 ι
827 970 924 1024 llic
959 970 1256 1037 Scriptura:
1309 968 1462 1022 locus
1519 965 1864 1021 difﬁcillimus
1897 975 1976 1020 est
2023 965 2086 1018 ad
2193 978 2322 1017 usus
2354 961 2598 1030 accipere
2620 959 2845 1029 jubetur
2873 956 3139 1011 uxorem?
3167 955 3358 1024 Neque
3383 953 3534 1008 enim
3569 962 3739 1021 putan-

509 1064 934 1133 erplauandum,
967 1062 1056 1114 sed
1101 1060 1145 1114 si
1173 1060 1517 1114 orationibus
1548 1060 1746 1113 vestris
1782 1060 1948 1112 Deum
1981 1056 2086 1109 Pa-
2191 1054 2320 1106 dum
2353 1059 2437 1105 est
2483 1051 2626 1118 quod
2659 1062 2782 1101 cum
2809 1059 2982 1098 uxore
3015 1044 3153 1096 intra
3191 1051 3384 1095 sancta
3420 1054 3649 1094 manere
3671 1055 3742 1108 po-

513 1128 652 1208 trem
687 1153 850 1208 Verbi
901 1153 1292 1222 deprecemini,
1322 1163 1380 1205 ut
1413 1169 1509 1207 nos
1542 1151 1850 1206 illuminare
1897 1151 2087 1219 digne-
2193 1141 2378 1195 tuerit.
2412 1139 2516 1193 Sed
2544 1139 2660 1191 haec
2686 1143 2878 1206 putent
2924 1132 3022 1199 illi,
3051 1133 3244 1201 quibus
3269 1132 3495 1201 placent
3528 1128 3744 1185 Iudaica:

515 1257 624 1308 ευρ,
662 1245 780 1312 ipso
820 1245 1054 1299 doname
1083 1245 1283 1313 ροιειιίι
1327 1243 1630 1313 explanari,
1674 1242 1864 1297 omnis
1893 1241 2087 1311 quiin.
2193 1231 2407 1284 fabulze.
2440 1229 2546 1283 Nos
2576 1237 2759 1281 autem
2815 1226 3078 1279 habemus
3129 1223 3481 1313 sacerdotem
3521 1236 3747 1287 magnum

513 1337 757 1405 greditur
820 1336 962 1389 hunc
997 1337 1277 1398 mundum,
1312 1335 1363 1388 in
1414 1336 1644 1403 quadam
1682 1310 2090 1386 contaminatio-
2189 1320 2481 1374 secundum
2535 1319 2782 1373 ordinem
2816 1313 3213 1369 MeiellisedeCh
3243 1312 3537 1368 Chriswm
3565 1310 3746 1374 185m“.

515 1445 582 1483 ne
610 1429 746 1484 emci
778 1431 1000 1482 dicitur.
1026 1428 1414 1496 Propterquod
1449 1436 1504 1481 el
1532 1425 1814 1494 Scriptura
1844 1425 1976 1478 dicit
1999 1423 2044 1454 ⁷³
2069 1439 2082 1474 :
2190 1428 2464 1482 nunquam
2521 1413 2586 1466 (i8
2635 1411 2846 1466 83110118
2897 1417 3189 1463 exeuntem
3217 1424 3232 1472 ;
3277 1421 3508 1476 semper
3539 1407 3680 1458 enim
3707 1407 3748 1458 lll

521 1538 538 1572 ι
564 1519 728 1573 Nemo
765 1520 992 1573 mundus
1028 1535 1054 1572 a
1091 1520 1270 1580 sorde,
1309 1533 1406 1571 nec
1464 1520 1506 1572 si
1562 1518 1720 1570 unius
1765 1516 1870 1568 diei
1921 1515 2052 1568 fueri

2221 1504 2400 1558 auctis
2429 1513 2533 1569 est,
2564 1512 2619 1558 et
2650 1513 2836 1556 manet
2861 1516 3076 1572 semper
3096 1509 3318 1554 sanctus
3351 1500 3403 1552 in
3436 1497 3750 1561 verbissuis,

513 1611 626 1664 vita
654 1610 789 1678 ejus.
823 1630 842 1663 ι
874 1611 984 1664 Hoc
1017 1610 1133 1679 ipso
1169 1625 1296 1677 ergo
1336 1609 1476 1677 quod
1511 1607 1561 1659 in
1591 1608 1750 1660 vulva
1781 1608 1970 1660 matris
2003 1622 2044 1660 es

2221 1606 2410 1648 auctus
2440 1595 2491 1647 in
2528 1594 2743 1649 actibus
2772 1594 2912 1660 suis,
2943 1602 3164 1648 sanctus
3192 1591 3245 1644 in
3277 1590 3547 1645 omnibus
3581 1589 3750 1642 volun-

511 1705 745 1774 positus,
772 1713 826 1756 et
859 1705 1000 1771 quod
1043 1701 1324 1754 materiam
1361 1700 1607 1768 corporis
1650 1701 1716 1752 ab
1753 1700 1962 1767 origine
1991 1713 2088 1767 pa-
2121 1765 2154 1774 _
2192 1686 2393 1739 tatibus
2439 1686 2572 1750 suis,
2601 1697 2655 1739 et
2685 1685 2833 1740 solus
2866 1695 2950 1738 est
2998 1684 3090 1754 qui
3143 1698 3422 1751 nunquam
3462 1682 3755 1734 inveniatur

515 1797 658 1852 terni
701 1797 922 1850 seminis
955 1794 1140 1860 sumit,
1175 1793 1226 1846 in
1257 1803 1410 1860 patre
1433 1792 1564 1846 etin
1610 1801 1786 1847 matre
1821 1796 2046 1847 contam?

2225 1792 2343 1832 xtra
2375 1785 2589 1831 sancta.
2624 1775 2726 1842 Qui
2782 1776 2926 1830 enim
2955 1783 3162 1845 peccat,
3193 1775 3309 1828 exit
3335 1773 3407 1828 de
3441 1773 3685 1838 sanctis;
3712 1783 3756 1826 et

518 1897 679 1942 natus
697 1887 798 1941 dici
832 1897 1026 1954 pote5t.
1051 1885 1155 1938 Aut
1186 1885 1388 1947 nescis,
1423 1884 1548 1952 quia
1585 1898 1705 1936 cum
1729 1883 2047 1953 quadragiut

2231 1871 2621 1934 notiescunque
2669 1869 2791 1938 quis
2845 1876 3056 1937 peccat,
3106 1867 3269 1922 toties
3318 1865 3567 1922 eilicitur
3621 1875 3753 1918 extra

517 1979 724 2033 dierum
771 1977 949 2030 factus
987 1976 1149 2029 fuerit
1207 1990 1338 2044 puer
1395 1975 1690 2040 masculus,
1746 1973 1971 2028 olfertur
2021 1974 2087 2024 ad
2189 1959 2671 2017 Sancta.Chrislus
2699 1971 2880 2016 autem
2917 1961 3008 2028 qui
3034 1975 3306 2029 nunquam
3335 1959 3614 2028 peccavit,
3644 1973 3758 2009 nun-

514 2073 708 2136 altare,
745 2083 801 2124 ut
836 2071 907 2125 ibi
937 2069 1274 2138 puriﬁcetur,
1304 2078 1558 2137 tanquam
1589 2069 1677 2137 qui
1705 2067 1936 2137 pollutus
1969 2068 2085 2118 fue-
2189 2073 2350 2126 quam
2388 2059 2517 2113 exiit
2550 2061 2615 2112 de
2641 2057 2861 2111 sanctis.
2894 2055 2999 2108 Sed
3049 2063 3104 2108 et
3134 2066 3186 2107 tu
3216 2054 3307 2122 qui
3335 2053 3598 2122 sequeris
3626 2053 3758 2106 Clui-

513 2165 588 2218 rit
618 2163 670 2216 in
705 2164 817 2232 ipsa
848 2161 1229 2230 conceptione,
1299 2162 1382 2214 vel
1428 2161 1639 2229 paterni
1696 2158 1948 2220 seminis,
2000 2158 2083 2210 vel
2191 2161 2356 2212 SlUIII.
2399 2159 2452 2202 el
2497 2150 2737 2204 imitator
2778 2149 2895 2217 ejus
2919 2161 2996 2212 cs,
3039 2146 3081 2198 si
3118 2159 3446 2214 permaneas
3503 2146 3559 2198 in
3611 2146 3755 2198 verbo

512 2254 650 2308 uteri
687 2253 950 2308 materni?
981 2253 1170 2308 Omnis
1197 2267 1327 2320 ergo
1350 2253 1511 2306 homo
1537 2253 1587 2306 in
1619 2263 1772 2321 patre
1794 2260 1847 2305 et
1878 2251 1928 2303 in
1973 2267 2086 2302 ma-
2192 2243 2307 2305 Dei,
2338 2247 2380 2296 si
2435 2245 2485 2296 in
2531 2244 2650 2313 lege
2700 2242 2815 2310 ejus
2853 2240 3137 2294 mediteris
3181 2238 3268 2292 die
3316 2255 3381 2294 ac
3417 2250 3613 2305 nocte,
3646 2241 3756 2295 siin

514 2356 596 2400 tre
633 2345 867 2415 pollutus
905 2356 1006 2412 est,
1041 2347 1189 2400 solus
1216 2362 1343 2400 vero
1370 2346 1525 2400 Jesns
1561 2344 1817 2399 Dominus
1855 2358 2004 2396 meus
2035 2343 2084 2394 in
2191 2336 2464 2389 mandatis
2501 2335 2619 2402 ejus
2657 2336 2991 2400 exercearis,
3052 2351 3265 2406 semper
3317 2337 3371 2390 in
3435 2336 3648 2390 sanctis
3689 2351 3756 2398 es,

513 2441 656 2495 hanc
707 2438 1111 2508 generationem
1146 2438 1254 2508 (97)
1285 2440 1514 2491 mundus
1567 2439 1843 2507 ingressus
1895 2444 1998 2501 est,
2034 2437 2085 2488 in
2193 2443 2292 2482 nec
2324 2443 2564 2497 unquam
2597 2428 2716 2481 inde
2749 2428 3008 2482 discedis.
3037 2427 3222 2497 Neque
3248 2429 3395 2484 enim
3429 2429 3635 2482 inloco
3659 2444 3758 2482 san-

515 2538 693 2583 tnatre
724 2544 828 2582 non
867 2539 950 2582 est
994 2529 1248 2598 pollutus.
1286 2527 1566 2596 Ingressus
1600 2537 1683 2582 est
1710 2527 1855 2581 enim
1890 2543 2087 2598 corpus
2191 2531 2274 2576 Cia
2311 2521 2597 2591 quaerenda
2628 2529 2774 2584 sum.
2815 2523 2908 2576 56d
2949 2523 3002 2576 iu
3029 2523 3260 2588 aeliblls,
3292 2533 3350 2575 ει
3382 2525 3524 2585 Vila.
3563 2537 3626 2574 ac
3655 2536 3753 2574 "10-

515 2622 1028 2675 ineoutaminatum.
1065 2621 1182 2689 Ipse
1217 2623 1359 2675 enim
1397 2630 1536 2686 erat,
1571 2621 1659 2690 qui
1685 2632 1738 2675 et
1765 2621 1964 2674 dudum
1995 2637 2089 2691 per
2194 2616 2362 2669 ribus.
2397 2612 2527 2681 Quae
2561 2613 2603 2667 si
2646 2614 2942 2667 secundum
2984 2614 3150 2668 Deum
3203 2614 3332 2679 sint,
3365 2623 3426 2668 et
3477 2613 3751 2667 secundum

516 2714 864 2768 Salomonem
904 2713 1183 2768 dixerat“
1215 2732 1228 2765 :
1266 2733 1282 2766 ι
1316 2713 1483 2783 Magis
1530 2722 1710 2767 autem
1746 2730 1868 2767 cum
1911 2730 2087 2770 essem
2192 2718 2517 2777 μνωοθνιιιιη
2553 2707 2646 2762 Dei
2698 2708 3040 2776 habeant-ur,
3093 2709 3306 2764 Etiamsi
3361 2709 3415 2762 in
3467 2709 3633 2763 domo
3669 2708 3748 2768 Sis.

514 2807 707 2868 bonus,
752 2805 872 2857 veni
923 2809 990 2857 ad
1045 2819 1244 2872 corpus
1287 2804 1815 2872 it'tcuittquiuatum.)
1852 2805 1966 2859 Non
2005 2816 2088 2861 est
2191 2804 2405 2858 etiamsi
2451 2803 2503 2856 iu
2554 2801 2703 2867 foro;
2747 2811 2801 2856 et
2852 2803 2979 2871 quid
3027 2803 3149 2857 dico
3192 2805 3245 2857 in
3297 2802 3444 2867 fore,
3475 2802 3684 2857 etiamsi
3709 2803 3749 2852 in

513 2912 645 2963 erga
689 2897 1091 2950 (Ulllilllliliilllls
1137 2898 1188 2949 in
1227 2906 1419 2958 matre,
1454 2897 1547 2950 sed
1594 2912 1660 2949 ne
1693 2899 1744 2950 iu
1779 2908 1933 2968 patre
1971 2901 2092 2968 qui-
2197 2896 2406 2950 theatro
2453 2894 2753 2949 inveniaris
2779 2895 2946 2948 verbo
2975 2893 3069 2948 Dei
3104 2895 3448 2958 deserviens,
3484 2901 3537 2948 in
3574 2900 3750 2948 sanct's

514 2989 660 3043 dem.
698 2989 834 3042 Nihil
907 2990 1050 3043 enim
1081 2988 1276 3058 Joscph
1317 2989 1366 3041 in
1415 2991 1764 3059 generatione
1809 2993 1924 3058 ejus
1954 3009 2092 3062 pne-
2197 2997 2247 3040 te
2293 3002 2415 3041 esse
2463 3004 2567 3041 non
2616 2989 2852 3044 dubites.
2896 2991 3003 3044 Aut
3041 3005 3147 3043 non
3187 2989 3280 3042 tibi
3325 2989 3552 3042 videtur
3579 2987 3749 3040 Paulus

517 3092 604 3137 tcr
647 3082 1023 3136 ministeriunt
1061 3082 1312 3150 praestitit
1343 3091 1396 3135 et
1428 3082 1696 3137 allectum.
1733 3083 1884 3138 Unde
1913 3095 1968 3138 et
1996 3103 2091 3155 pro
2119 3122 2161 3177 Ο
2194 3097 2315 3135 cum
2347 3081 2624 3151 ingressus
2649 3091 2733 3135 est
2771 3083 3070 3145 theatrum,
3111 3080 3191 3134 vel
3223 3096 3347 3135 cum
3387 3081 3664 3150 ingressus
3684 3090 3752 3132 est

517 3177 659 3230 ﬁdeli
689 3176 1013 3240 ministerio,
1035 3176 1206 3245 patris
1228 3176 1274 3230 ei
1306 3176 1633 3230 vocabulum
1662 3175 1942 3246 Scriptura
1968 3194 2091 3231 cou-
2125 3169 2161 3177 ⁷
2192 3175 2558 3241 Areopagum,
2585 3179 2636 3225 et
2671 3173 2985 3242 pra’dicavit
3008 3170 3440 3225 Atheniensibus
3463 3169 3749 3237 Christum,

515 3287 610 3325 ces
648 3271 706 3324 it.
753 3271 845 3325 Sic
874 3271 1015 3324 enim
1051 3269 1220 3322 Maria
1261 3269 1372 3338 ipsa
1409 3270 1542 3322 dicit
1582 3269 1633 3322 in
1683 3269 1973 3338 Evangelia
2000 3271 2083 3323 7":
2192 3265 2244 3318 in
2280 3264 2488 3318 sanctis
2519 3263 2730 3318 fuisse?
2764 3264 2867 3318 Sed
2908 3273 2962 3318 et
2993 3279 3112 3318 cum
3163 3264 3608 3333 perambulasset
3649 3277 3753 3314 aras

521 3382 541 3416 ο
595 3365 730 3418 [iere
756 3379 858 3433 ego
893 3373 944 3416 et
964 3374 1112 3431 pater
1143 3371 1260 3415 tuus
1291 3361 1926 3431 dolentesqumt'cbanttts
1957 3373 2028 3416 te.
2066 3382 2084 3414 ι
2191 3365 2245 3411 et
2273 3356 2414 3409 idola
2436 3355 2868 3420 Atheniensium,
2895 3358 2981 3411 ubi
3004 3357 3211 3411 invenit
3242 3357 3516 3425 scriptum
3547 3377 3566 3409 ι
3592 3359 3753 3426 Ιεηοιο

519 3457 611 3531 Sic
672 3473 800 3526 ergo
827 3457 974 3509 solus
1005 3465 1085 3509 cst
1121 3455 1206 3508 hic
1238 3457 1493 3509 sacerdos
1522 3472 1765 3524 magnus,
1798 3457 1887 3523 qui
1915 3471 2089 3524 neque
2190 3448 2390 3512 D00",
2412 3466 2429 3498 ι
2467 3456 2521 3502 ει
2551 3462 2618 3502 ex
2669 3450 2772 3504 hoc
2825 3451 2992 3504 verbo
3021 3450 3253 3516 sumpsit
3279 3449 3490 3504 Christi
3524 3452 3751 3520 pradica-

517 3549 570 3601 in
617 3557 769 3614 patre
820 3546 1058 3615 pollutus
1100 3547 1194 3609 sit,
1229 3559 1402 3614 neque
1459 3546 1510 3598 in
1571 3557 1762 3598 tnalt'e.
1799 3547 2088 3600 Videamus
2194 3539 2356 3592 liouis
2386 3541 2696 3602 exordium.
2731 3541 2892 3595 (“iam
2931 3542 3002 3596 ibi
3035 3558 3158 3598 aras
3193 3544 3484 3613 gentilium
3539 3545 3751 3597 lustrans

513 3651 696 3692 autem
729 3639 774 3691 si
805 3639 986 3692 adhuc
1019 3654 1303 3708 possumus
1336 3637 1538 3705 aliquid
1575 3638 1876 3701 sublimius,
1910 3649 1962 3691 et
1992 3654 2088 3705 pro
2191 3629 2245 3681 iu
2277 3632 2482 3686 sunClis
2525 3635 2737 3703 positus
2771 3645 2912 3703 erat,
2945 3637 3068 3706 quia
3105 3647 3296 3693 sancta
3331 3638 3633 3709 cogitabat.
3663 3638 3752 3691 Sed

519 3738 785 3806 dignitate
833 3737 966 3790 tanti
1016 3735 1287 3806 pontilicis
1338 3734 1602 3787 invenire.
1653 3734 1812 3787 Pater
1841 3735 2085 3788 omnium
2191 3733 2243 3778 ct
2273 3726 2584 3796 Quicunque
2631 3732 2872 3785 custodit
2921 3747 2980 3786 se
3029 3741 3152 3802 post
3205 3745 3489 3803 acceptam
3542 3736 3748 3801 gratiam

516 3845 682 3883 verus
701 3830 896 3882 dicitur
921 3830 1079 3883 Deus.
1112 3828 1338 3881 Matrem
1377 3837 1581 3893 autem,
1615 3828 1902 3896 Apostolus
1932 3826 2043 3882 .lert

2215 3816 2284 3870 )ei
2337 3831 2401 3870 ne
2452 3819 2656 3873 incidat
2706 3821 2757 3874 in
2812 3823 3187 3892 homicidium,
3231 3826 3285 3877 in
3335 3825 3680 3895 adulterium,
3706 3825 3746 3874 iu

516 3922 685 3974 salem
715 3920 849 3974 dicit
876 3936 993 3975 esse
1026 3923 1304 3975 caelestem
1329 3923 1396 3973 τε.
1429 3921 1629 3975 Omnes
1661 3937 1790 3990 ergo
1837 3925 1925 3990 qui
1963 3937 2088 3990 pecu
2191 3909 2416 3974 furtum.
2448 3909 2500 3964 in
2539 3910 2733 3965 falsum
2761 3915 3152 3979 testimonium.
3177 3925 3231 3970 et
3265 3915 3368 3968 alia
3405 3916 3635 3979 similia;
3670 3916 3746 3967 sed

517 4015 1136 4076 cant,contaminantur
1183 4015 1234 4068 in
1287 4025 1440 4082 patre
1489 4033 1516 4069 a
1559 4031 1665 4084 quo
1712 4015 1879 4068 creati
1939 4030 2048 4067 sum

2210 4011 2468 4056 termanet
2499 4004 2730 4058 mundus
2761 4005 2828 4059 ab
2857 4006 3002 4060 omni
3037 4007 3362 4076 contagione
3395 4009 3629 4076 peccati,
3657 4023 3741 4057 non

519 4105 650 4159 Sive
695 4105 839 4158 enim
891 4107 1098 4174 egimus
1144 4105 1344 4175 aliquid
1395 4109 1642 4176 impiunt,
1671 4109 1782 4160 sive
1808 4107 1968 4160 locuti
2000 4123 2084 4158 su-
2187 4095 2356 4148 θκίνίι
2388 4095 2492 4149 ίεῑθ
2537 4095 2604 4149 de
2655 4099 2880 4161 είὶιιθῐίεο
2917 4108 2973 4152 οι
3003 4115 3106 4152 ηοη
3136 4100 3533 4154 οοιιιειηιὶηὲνῖι
3564 4099 3745 4155 εληείί·

520 4213 659 4259 ltttts,
699 4198 816 4251 sive
838 4199 1197 4266 cogitavimus
1237 4209 1425 4251 contra
1463 4197 1652 4260 Deum,
1682 4213 1802 4250 cum
1835 4212 1938 4249 non
1974 4211 2087 4249 crc-
2190 4188 2493 4242 iicalionem
2554 4188 2648 4242 Dei
2695 4189 2774 4242 sui
2834 4189 2886 4242 iu
2952 4193 3270 4261 semetipso,
3324 4194 3454 4262 quia
3518 4205 3742 4246 sanctum

518 4290 755 4343 uidimus
797 4289 906 4341 Deo
959 4287 1314 4340 contaminati
1355 4302 1542 4340 sumus
1596 4287 1647 4338 in
1699 4296 1874 4354 patre.
1908 4285 2086 4355 Atque
2188 4278 2364 4332 oleum
2414 4280 2734 4334 chrismatis
2771 4280 2863 4335 Dei
2913 4283 2994 4337 sui
3041 4299 3207 4354 super
3253 4285 3436 4354 ipsum
3486 4296 3590 4340 est.
3632 4283 3742 4336 lliud

515 4385 722 4437 utinam
758 4395 883 4435 tunc
929 4382 1101 4436 solum
1146 4396 1241 4449 per
1279 4379 1703 4434 incredulitatem
1741 4378 1946 4432 factum
1993 4381 2082 4444 sit,
2187 4370 2386 4433 Oleum.
2411 4371 2479 4426 de
2505 4387 2611 4440 quo
2659 4373 2709 4425 iu
2747 4373 2930 4428 Exodo
2981 4376 3244 4444 scriptum
3289 4377 3466 4437 est",
3494 4377 3742 4446 quomodo

515 4483 788 4530 cessatum
820 4473 891 4526 sit
920 4488 1052 4528 vero
1079 4481 1358 4541 postquam
1410 4470 1738 4524 credidimus
1767 4471 1778 4522 !
1833 4469 1923 4523 Sic
1957 4485 2085 4537 ergo
2119 4462 2160 4515 Ι)
2193 4473 2371 4532 potest
2403 4465 2702 4517 Secundum
2737 4465 2971 4519 lillcram
3017 4468 3236 4536 proprie
3270 4470 3452 4521 oleum
3509 4471 3595 4523 Dei
3620 4470 3737 4529 dici.

515 4568 677 4620 etiam
705 4565 866 4634 252
901 4565 1340 4618 contaminamur
1382 4561 1434 4614 in
1486 4570 1680 4629 matre,
1711 4563 1755 4615 si
1800 4563 2086 4616 credentes
2194 4558 2336 4624 quod
2365 4568 2482 4612 arte
2515 4558 2818 4627 Iuyrepsica
2850 4558 3160 4614 confectum
3186 4569 3268 4614 est
3299 4576 3328 4613 a
3358 4560 3743 4631 pigmentario?

517 4659 649 4720 Deo,
682 4658 765 4710 vel
801 4659 1093 4711 Ecclus-iam
1131 4657 1398 4720 lazdimns,
1435 4655 1514 4709 vel
1555 4655 1856 4710 libertatem
1895 4659 2086 4711 matris
2195 4647 2299 4702 Sed
2347 4650 2390 4703 si
2426 4649 2507 4703 vis
2535 4649 2721 4704 Videre
2767 4649 2942 4704 oleum
2978 4651 3093 4716 Dei,
3133 4652 3258 4705 audi
3293 4669 3458 4721 Quem
3494 4652 3741 4721 Propheta

515 4751 757 4803 emlestis
815 4751 1028 4818 indigna
1074 4751 1277 4820 peccati
1309 4749 1569 4804 servitute
1603 4747 1892 4802 fmdamus.
1929 4748 2086 4803 Solus
2194 4743 2340 4795 dicat
2380 4751 2604 4796 uuclum
2655 4757 2775 4797 esse
2814 4742 2932 4798 oleo
2985 4742 3102 4808 Dei.
3152 4744 3302 4798 illum
3347 4747 3467 4799 sine
3507 4747 3665 4800 dubio
3691 4745 3747 4797 de

514 4856 646 4894 vero
681 4841 935 4894 Dominus
965 4852 1148 4894 noster
1173 4840 1331 4896 Jesns
1360 4841 1633 4903 Christus,
1675 4840 1767 4908 qui
1803 4850 2080 4909 peccatum
2195 4849 2302 4904 quo
2344 4835 2540 4890 dicit"9
2574 4853 2586 4889 :
2622 4853 2641 4887 ι
2671 4835 2963 4906 Propterea
2990 4839 3144 4892 unxit
3177 4847 3230 4892 te
3276 4840 3444 4905 Deus,
3470 4840 3610 4895 Deus
3637 4849 3746 4892 tuus

520 4932 716 4994 nescit,
750 4946 922 4999 neque
951 4932 1002 4984 in
1033 4941 1204 4999 patre,
1237 4947 1413 4998 neque
1448 4931 1499 4983 in
1533 4940 1707 4984 matre
1747 4931 2084 4982 contamina-
2188 4927 2308 4980 oleo
2344 4926 2543 4982 lattitize
2601 4943 2710 4997 prae
2760 4928 3119 4999 participibus
3168 4932 3290 4984 tuis.
3326 4950 3344 4982 ι
3377 4931 3474 4986 llic
3525 4947 3648 5000 ergo
3677 4941 3748 4984 est

516 5027 605 5072 tus
637 5027 740 5082 est,
777 5028 832 5071 et
867 5018 932 5071 de
967 5019 1168 5073 sanctis
1218 5035 1322 5072 non
1355 5019 1545 5073 exivit.
1587 5018 1828 5072 Fuerant
1863 5019 2081 5086 quidem
2192 5032 2421 5087 magnus
2460 5019 2740 5082 sacerdos,
2767 5018 2858 5086 qui
2895 5019 3041 5073 solus
3071 5020 3192 5074 oleo
3226 5021 3317 5075 Dei
3352 5033 3546 5076 unctus
3574 5033 3676 5082 est,
3702 5030 3749 5071 et

516 5105 775 5158 nonnulla
805 5113 859 5158 et
890 5106 938 5158 in
973 5107 1344 5176 superioribus
1376 5109 1728 5177 proponenda
1771 5107 1991 5175 ludatis,
2019 5113 2084 5163 ad
2190 5106 2242 5160 in
2279 5123 2385 5176 quo
2425 5123 2640 5178 semper
2671 5121 2922 5164 sanetum
2954 5112 3255 5181 permansit
3289 5113 3456 5165 divini
3494 5113 3743 5166 chrisma-

513 5215 634 5267 quze
669 5199 997 5268 respondere
1048 5215 1154 5252 non
1211 5209 1450 5267 possent,
1487 5201 1579 5253 sed
1605 5201 1825 5254 omissis
1855 5201 1982 5266 illis,
2015 5202 2083 5255 de
2189 5198 2256 5251 tis
2281 5199 2483 5256 oleum.

515 5293 616 5347 hoc
641 5291 1122 5345 iuterimscrmone
1153 5292 1278 5359 quid
1313 5291 1465 5345 nobis
1490 5292 1692 5354 dicant,
1722 5291 1806 5345 vel
1841 5293 1963 5360 ipsi,
2002 5295 2082 5346 vel
2254 5292 2306 5345 5.
2352 5290 2456 5345 Sed
2513 5293 2640 5363 quid
2694 5293 2912 5349 additur
2951 5306 3070 5365 post
3126 5297 3279 5351 haec?
3346 5317 3362 5349 ι
3391 5297 3486 5352 llic
3538 5309 3745 5350 uxorem

511 5382 601 5444 qui
629 5381 923 5433 secundmu
954 5381 1192 5446 ipsorum
1225 5395 1446 5432 sensum
1485 5379 1709 5446 intelligi
1762 5381 1932 5449 legem
1989 5398 2084 5434 vo-
2185 5383 2449 5453 virginem
2497 5387 2563 5439 de
2602 5402 2799 5456 genere
2843 5405 2941 5442 suo
2975 5390 3210 5459 accipiet
3248 5390 3515 5444 :viduant
3559 5398 3745 5449 autem,

582 5474 629 5550 ’ς
658 5475 782 5550 Lev.
816 5491 926 5536 χχι,
966 5475 1060 5550 ii.
1083 5473 1299 5550 _>"3’Job
1350 5490 1457 5539 xw,
1489 5475 1540 5537 4,
1576 5474 1628 5526 5.
1707 5474 1752 5505 ⁷³
1781 5477 2113 5547 Sap.vttt,2(

2225 5481 2270 5511 ⁷⁵
2300 5479 2430 5535 Luc.
2462 5480 2632 5546 11,68.
2711 5466 2960 5538 ’σ’(ἓδΙίιι.
2990 5499 3061 5548 tv,
3093 5483 3182 5538 26.
3261 5484 3307 5516 ⁷⁷
3335 5487 3459 5538 Act.
3482 5497 3610 5550 xm,
3655 5480 3739 5534 23.

514 5543 563 5577 "
585 5545 754 5598 Exod.
789 5562 942 5599 xxix.
1022 5546 1223 5599 7*‘Psal.
1256 5561 1398 5609 thv,
1427 5552 1479 5600 δ.

517 5722 548 5762 c
573 5637 698 5761 l(96)
735 5639 978 5695 Mortale.
1015 5639 1177 5694 Deest
1214 5641 1263 5694 in
1291 5639 1422 5696 libb.
1459 5640 1642 5706 editis,
1678 5640 1768 5694 sed
1805 5636 2084 5712 suppletur
2195 5709 2232 5765 α
2267 5639 2377 5710 (97)
2408 5641 2497 5698 Sic
2532 5659 2660 5699 tuss.
2695 5643 2851 5700 Libb.
2891 5657 3022 5699 vero
3066 5645 3216 5712 editi,
3257 5664 3276 5696 ι
3310 5647 3365 5701 in
3401 5647 3499 5701 hac
3531 5659 3732 5715 genera-

591 5725 696 5764 nss.
2236 5729 2354 5764 oue.
2387 5729 2409 5765 ο

573 5725 696 5764 11153.
2195 5725 2354 5765 uene.
2387 5729 2409 5766 ο
