3876 6518
152 347 229 401 Sil
1241 327 1306 383 IN
1349 325 1726 383 LEVITICUM
1767 319 2050 378 IIOMILIA
2089 317 2203 373 XII.

3253 299 3355 355 5-53

150 483 188 522 ei
219 466 441 530 ejectam,
479 467 533 510 et
565 458 905 512 meretricem
953 468 1056 509 non
1105 453 1355 521 accipiet,
1389 454 1484 507 sed
1515 451 1677 521 virgi-
1712 455 1752 512 Α
1784 445 1932 500 ιῑειιει
1970 444 2087 512 lege
2122 439 2244 504 viri,
2282 447 2342 491 ut
2371 435 2484 504 jam
2520 449 2622 489 non
2661 433 2730 488 sit
2762 431 3007 530 adultera
3033 428 3076 483 si
3106 427 3355 530 nupserit

153 570 256 612 neut
301 551 360 606 de
405 563 603 615 genere
653 563 773 613 suo,
821 557 872 602 et
922 565 1023 603 non
1057 548 1452 606 contaminabit
1496 560 1678 600 semen

150 661 284 704 suum
325 644 372 697 in
416 641 614 711 populo
657 657 757 696 suo
793 657 935 711 :ego
974 643 1231 698 Dominus
1262 643 1351 712 qui
1399 641 1681 696 sanetiiico

151 736 340 796 cum”.
372 753 388 786 ι
424 734 554 798 Quia
585 749 713 804 ergo
745 736 909 789 totius
939 738 1295 804 expositionis
1321 738 1454 790 ordo
1485 736 1550 789 ad
1583 749 1680 787 ve-

150 848 250 889 rum
282 830 606 883 sacerdmem
641 844 894 898 magnum
932 841 1216 886 revocatus
1254 843 1336 887 est
1378 833 1676 894 Christum,

145 925 399 977 videmnus
429 935 567 974 nunc
599 929 652 973 et
682 921 809 988 quid
845 921 908 974 de
947 923 1149 990 nuptiis
1181 924 1293 990 ejus
1335 922 1557 988 intelligi
1589 924 1675 974 de-

147 1018 272 1070 beat.
303 1011 495 1066 Paulus
539 1012 814 1079 apostolus
864 1012 1057 1067 dicit“
1092 1032 1105 1067 :
1141 1033 1158 1065 ι
1187 1014 1318 1069 Volo
1361 1024 1540 1068 autem
1586 1029 1681 1068 vos

145 1121 308 1162 omnes
335 1104 420 1156 uni
451 1104 569 1158 viro
602 1105 866 1172 virginem
887 1116 1092 1159 castam
1125 1107 1384 1160 exhibere
1435 1106 1707 1162 Christo“

145 1200 310 1254 Timeo
354 1205 530 1250 autem
559 1211 626 1250 ne
651 1197 791 1252 sicut
822 1213 1046 1268 serpens
1085 1199 1295 1252 seduxit
1322 1198 1490 1252 Evam
1530 1207 1679 1252 astu-

147 1292 208 1345 tia
237 1304 343 1352 sua,
377 1287 452 1340 ita
485 1301 901 1356 corrumpantur
931 1305 1122 1344 sensus
1150 1288 1315 1343 vestri
1360 1306 1386 1342 a
1421 1289 1680 1358 simplici-

143 1393 255 1447 tate,
285 1393 398 1447 qua?
436 1379 487 1432 in
520 1380 732 1433 Christe
749 1380 1030 1435 est.iVult
1057 1397 1186 1452 ergo
1232 1381 1432 1435 Paulus
1490 1397 1679 1438 omnes

141 1470 430 1525 Corinthios
454 1469 714 1538 virginem
735 1481 941 1524 castam
963 1473 1219 1526 exhibere
1237 1471 1456 1525 Christo
1491 1489 1505 1525 :
1537 1473 1676 1541 quod

139 1564 303 1630 utique
339 1576 615 1630 nunquam
660 1562 847 1625 vellet,
884 1564 986 1617 nisi
1036 1565 1085 1618 id
1139 1565 1398 1633 possibile
1445 1565 1676 1624 videret.

140 1655 273 1710 Unde
294 1660 344 1705 et
374 1653 570 1706 mirum
611 1652 839 1709 fortasse
869 1656 1137 1730 videatur,
1171 1655 1440 1724 quomodo
1479 1655 1553 1719 hi,
1585 1657 1677 1724 qui

135 1747 341 1801 diversis
385 1747 628 1813 peccatis
677 1749 915 1816 corrupti
965 1749 1030 1801 ad
1071 1749 1228 1802 fidem
1275 1748 1476 1802 Christi
1523 1763 1678 1802 vene-

135 1847 262 1899 runt,
294 1853 481 1891 omnes
502 1839 659 1892 simul
693 1840 840 1909 virgo
876 1849 1023 1893 casta
1054 1841 1340 1907 dicantur;
1375 1857 1494 1910 qua:
1520 1843 1674 1912 virgo

133 1940 225 1982 tam
259 1937 466 1992 sancta,
500 1939 607 1982 tam
639 1938 786 1983 casta
815 1931 984 1996 sit,ut
1019 1941 1293 1986 mereatur
1319 1933 1484 1986 etiam
1515 1934 1677 1988 Chri‘

129 2022 191 2078 sti
231 2022 425 2090 nuptiis
458 2023 723 2090 c0pulari.
759 2023 962 2077 Verum
1009 2024 1264 2093 quoniam
1307 2025 1423 2079 hazc
1456 2026 1522 2079 ad
1554 2041 1676 2080 car-

130 2115 203 2168 nis
230 2115 593 2181 integritatem
638 2116 842 2170 rel'erre
876 2132 982 2170 non
1013 2132 1321 2185 possumus,
1356 2128 1566 2171 certum
1592 2128 1674 2172 est

127 2209 254 2278 quod
281 2209 342 2260 ad
372 2208 740 2276 integritatem
775 2210 970 2264 animae
989 2217 1258 2278 spectent,
1297 2209 1448 2278 cujus
1481 2225 1673 2264 secun-

126 2304 234 2354 dum
276 2302 446 2368 ipsius
483 2300 633 2355 Pauli
667 2303 1019 2368 sententiam,
1050 2301 1375 2371 simplicitas
1400 2303 1520 2358 fidei
1553 2317 1673 2372 qua:

124 2391 172 2445 in
198 2391 407 2446 Christo
435 2403 535 2456 est,
571 2394 853 2462 virginitas
894 2395 1015 2465 ejus
1060 2395 1324 2462 appellata
1359 2406 1462 2457 est,
1489 2404 1542 2448 et
1577 2409 1673 2464 per

124 2486 212 2539 hoc
244 2486 499 2554 quoniam
553 2487 918 2552 cessantibus,
971 2488 1054 2542 vel
1095 2488 1536 2556 philosophorum
1583 2503 1672 2542 so-

125 2579 488 2647 pbismatibus,
535 2581 616 2634 vel
661 2581 1137 2647 superstitionibus
1186 2581 1426 2636 Judaicis
1463 2581 1514 2635 iu
1567 2581 1670 2634 fide

122 2669 328 2739 simplici
360 2670 620 2726 Christus
673 2673 772 2727 sibi
819 2673 1113 2742 assumpsit
1147 2673 1470 2734 Ecclesium,
1506 2673 1670 2741 virgi-

120 2777 226 2816 nem
257 2763 318 2816 de
341 2777 547 2830 genere
582 2779 680 2818 suo
709 2765 916 2832 accepit
949 2780 1196 2819 uxorem.
1231 2763 1404 2833 Ilujus
1434 2777 1669 2830 namque

116 2854 256 2908 ﬁdem
289 2869 390 2908 non
429 2856 726 2923 corrumpit
752 2856 1156 2925 philosophicus
1193 2872 1403 2922 sensus,
1430 2872 1532 2910 nec
1559 2856 1666 2910 cir-

120 2946 391 3000 cumcision
413 2947 456 3000 is
488 2946 735 3012 ambitio,
765 2947 857 3001 sed
891 2949 944 3002 in
977 2948 1325 3016 simplicitate
1371 2949 1669 3006 confessio-

117 3036 188 3089 nis
216 3045 473 3105 tanquam
509 3036 561 3090 in
595 3037 838 3106 virginali
881 3037 1192 3107 integritate
1228 3039 1546 3106 permansit.
1580 3041 1668 3096 Sic

117 3129 318 3182 enimet
343 3129 550 3182 dudum
575 3129 904 3197 promiserat
930 3145 1025 3198 per
1046 3131 1362 3197 prophetam
1384 3132 1570 3188 dicens
1587 3135 1664 3187 8’:

119 3240 136 3272 ι
157 3221 490 3291 Desponsabo
515 3233 564 3274 te
591 3220 715 3274 mihi
739 3221 788 3274 in
813 3221 933 3274 ﬁde.
957 3240 975 3271 ι
1003 3219 1193 3274 Omnis
1215 3236 1344 3291 ergo
1367 3225 1661 3278 secundum

116 3314 443 3380 Apostolum,
476 3313 568 3382 qui
599 3313 650 3366 in
689 3312 908 3367 Christo
941 3322 1043 3376 est,
1072 3330 1208 3367 nova
1264 3326 1512 3370 creatura
1562 3324 1662 3371 est.

114 3403 172 3457 Et
191 3405 322 3458 sicut
363 3405 508 3458 idem
541 3389 832 3472 Apostolus
858 3405 1044 3458 dicit”
1074 3422 1088 3459 :
1125 3425 1142 3456 ι
1165 3405 1234 3460 Ut
1271 3407 1524 3461 exhibeat
1552 3409 1665 3477 ipse

113 3496 204 3550 sibi
231 3498 522 3565 gloriosam
556 3497 850 3552 Ecclesiam
897 3514 1003 3551 non
1041 3499 1332 3553 habentem
1374 3502 1662 3566 maculam,

113 3600 193 3642 aut
229 3606 434 3659 rugam,
465 3603 560 3644 aut
591 3591 794 3658 aliquid
831 3590 1118 3658 ejusmodi,
1147 3591 1238 3645 sed
1281 3602 1340 3645 ut
1382 3593 1451 3646 sit
1479 3604 1665 3648 sancta

110 3691 157 3735 et
199 3683 568 3736 immaculata.
599 3703 615 3734 ι
661 3682 942 3748 Quomodo
976 3699 1102 3752 ergo
1137 3698 1256 3738 eam
1304 3700 1423 3751 quae
1465 3701 1664 3753 rugosa

107 3786 199 3840 est,
232 3776 362 3830 facit
406 3791 535 3830 esse
585 3776 702 3830 sine
748 3791 900 3844 ruga,
929 3776 1032 3828 nisi
1079 3775 1202 3844 quia
1240 3787 1472 3830 renovat
1505 3779 1665 3831 eam?

108 3870 388 3921 :ccundnm
439 3871 584 3936 quod
632 3869 890 3936 scripturn
919 3866 1063 3920 est“
1094 3884 1107 3920 :
1137 3884 1258 3920 nam
1317 3887 1335 3918 ι
1368 3869 1468 3923 etsi
1503 3871 1545 3922 is
1572 3873 1661 3939 qui

101 3960 289 4014 deforis
313 3973 393 4015 est
435 3961 598 4014 homo
629 3973 811 4013 noster
839 3965 1222 4029 corrumpitur,
1257 3966 1349 4016 sed
1394 3966 1484 4032 qui
1521 3963 1663 4018 intus

102 4059 199 4114 est,
240 4061 537 4105 renovatur
593 4053 657 4106 de
710 4052 796 4105 die
854 4053 904 4104 in
960 4053 1121 4106 diem.
1156 4073 1174 4104 ι
1222 4053 1444 4107 Viduam
1507 4071 1663 4118 sane,

103 4155 152 4196 et
189 4146 558 4209 meretricem,
604 4153 658 4198 et
699 4145 930 4214 ejectam
977 4161 1080 4198 non
1135 4131 1364 4217 accipiet
1392 4146 1660 4214 Christus,

103 4269 191 4309 nec
217 4257 379 4311 intrat
412 4260 543 4312 talis
581 4260 760 4314 anima
793 4259 1087 4314 thalamum
1137 4264 1342 4332 sponsi.
1375 4264 1474 4330 Qui
1519 4266 1660 4319 enim

100 4349 361 4418 ingressus
393 4352 564 4406 fuerit
601 4353 726 4407 illuc
780 4371 884 4408 non
946 4357 1150 4410 habens
1206 4356 1518 4413 indumenta
1565 4377 1664 4414 nu-

97 4441 589 4510 ptialia,perl’eret
649 4445 777 4498 illud
845 4449 988 4515 quod
1069 4448 1327 4516 scriptum
1405 4466 1524 4506 esse
1562 4467 1660 4505 no-

1784 536 2020 590 Christo.
2061 531 2212 597 Quod
2243 529 2286 582 si
2319 526 2556 592 eveniat,
2584 533 2638 577 ut
2673 523 2753 578 lex
2790 521 3003 592 quidem
3030 519 3224 572 animae
3251 518 3350 585 ipsi

1784 626 2073 688 moriatur,
2114 622 2166 675 id
2195 628 2278 674 est
2319 628 2376 670 ut
2414 618 2592 669 anima
2621 615 2869 668 discedat
2907 628 2934 666 a
2967 611 3104 680 lege,
3134 625 3230 662 nec
3267 618 3352 661 ta-

1783 732 1902 773 men
1943 715 2288 782 constringat
2321 725 2378 763 se
2418 707 2670 763 castioris
2715 706 2970 760 connubii
3021 701 3350 770 disciplinis,

1781 823 1885 867 eta
1919 811 2035 877 Icge
2066 808 2378 870 discedens,
2417 800 2714 868 evangelici
2742 798 3010 867 dogmatis
3044 813 3146 850 non
3179 794 3352 849 Susci-

1781 903 2101 973 pialjugum
2135 916 2147 952 :
2186 899 2298 951 haec
2334 896 2538 949 nubere
2575 892 2792 946 Christo
2826 906 2930 942 non
2979 887 3198 958 poterit,
3234 900 3352 952 qua:

1781 995 2049 1049 libertatis
2080 990 2354 1043 lasciviam
2386 983 2685 1054 qumsierit,
2718 995 2821 1034 non
2849 980 2967 1033 fidei
2991 977 3272 1048 virginalis
3299 986 3352 1029 et

1781 1081 2042 1152 simplicis
2073 1081 2299 1135 cultum.
2343 1076 2440 1130 Ilie
2477 1089 2613 1145 ergo
2644 1072 2904 1126 sacerdos
2943 1085 3172 1136 magnus
3214 1084 3351 1122 uxo-

1780 1190 1894 1229 rem
1943 1175 2203 1242 virginem
2241 1169 2472 1238 accipiet
2514 1169 2578 1221 de
2630 1178 2832 1234 genere
2883 1176 2998 1215 suo.
3045 1160 3228 1213 Potest
3289 1169 3345 1212 et

1780 1275 2001 1336 propter
2050 1267 2152 1320 hoc
2199 1263 2403 1317 dictant
2461 1258 2629 1313 videri
2660 1256 2726 1310 de
2780 1268 2981 1325 genere
3032 1267 3155 1314 suo,
3209 1250 3352 1319 quod

1779 1358 1960 1411 anima
1990 1355 2187 1410 Christi
2226 1368 2290 1407 ex
2317 1365 2516 1421 genere
2548 1360 2599 1403 et
2624 1364 2687 1402 ex
2721 1345 3026 1399 substantia
3059 1341 3223 1393 fuerit
3252 1341 3352 1392 hu-

1781 1463 2058 1502 manarum
2097 1446 2341 1498 omnium
2373 1443 2699 1495 animarum.
2745 1438 2930 1490 Potest
2958 1444 3012 1489 et
3050 1432 3349 1487 secundum

1779 1540 1904 1604 hoc,
1939 1539 2080 1608 quod
2109 1539 2304 1592 fratres
2347 1542 2505 1588 vocat
2537 1533 2824 1586 credentes
2852 1530 2905 1582 in
2940 1542 3030 1593 se,
3067 1527 3131 1579 de
3156 1539 3352 1595 genere

1780 1649 1880 1688 suo
1907 1633 2012 1684 dici
2051 1630 2230 1682 anima
2268 1642 2387 1698 quae
2415 1627 2466 1679 in
2514 1624 2617 1678 fide
2651 1632 2906 1690 tanquam
2943 1619 3148 1686 nuptiis
3177 1615 3352 1670 socia-

1784 1737 1892 1778 tur.
1927 1723 2057 1776 Illud
2099 1731 2277 1775 tamen
2323 1717 2444 1770 nolo
2477 1732 2573 1770 vos
2605 1717 2788 1776 lateat,
2819 1711 2959 1780 quod
3009 1710 3214 1763 IIebrtci
3252 1722 3349 1761 ne-

1712 1803 1753 1856 Β
1783 1826 1911 1885 gant
1939 1829 1996 1869 se
2047 1813 2308 1879 scriptum
2369 1809 2593 1868 habere,
2622 1805 2763 1874 quod
2801 1818 2898 1856 nos
2960 1802 3096 1871 apud
3132 1805 3349 1868 septua—

1782 1909 1934 1979 ginta
1964 1906 2295 1973 Interpretes
2321 1900 2649 1962 invenimus,
2672 1899 2736 1952 de
2764 1911 2962 1966 genere
2983 1909 3096 1948 suo.
3118 1893 3183 1946 Et
3206 1899 3351 1944 recte

1783 2001 1856 2055 illi
1893 2015 2000 2053 non
2042 1997 2246 2051 habent
2285 1994 2573 2060 scriptum.
2610 1992 2803 2044 Ablata
2855 1999 2938 2042 est
2968 1985 3115 2040 enim
3147 1985 3212 2038 ab
3244 1983 3350 2036 illis

1781 2085 2153 2154 pr0pinquitas
2207 2080 2322 2144 Dei,
2371 2079 2550 2133 ablata
2611 2077 2958 2145 est-adoptio
2996 2075 3250 2136 filiorum,
3296 2079 3352 2125 et

1783 2174 2042 2228 translata
2096 2181 2180 2228 est
2225 2173 2291 2224 ad
2326 2167 2623 2222 Eet-lesiam
2666 2167 2891 2220 Christi.
2951 2164 3030 2218 Illi
3075 2177 3205 2232 ergo
3241 2176 3349 2214 non

1781 2267 1984 2321 habent
2009 2265 2266 2332 scriptum
2292 2262 2416 2330 quia
2446 2261 2512 2314 de
2565 2272 2764 2329 genere
2804 2257 3006 2312 Christi
3045 2256 3171 2317 sint,
3210 2254 3351 2307 sicut

1780 2372 1881 2411 nec
1913 2371 2032 2410 esse
2083 2362 2420 2408 meruerunt.
2469 2350 2576 2404 Nos
2605 2359 2782 2402 autem
2821 2349 2910 2417 qui
2956 2348 3057 2400 hoc
3087 2344 3348 2413 scriptum

1780 2449 2041 2503 habemus
2079 2458 2132 2501 et
2165 2446 2417 2514 legimus,
2444 2443 2779 2512 gaudeamus
2817 2441 3033 2508 quidem
3066 2438 3130 2490 dc
3160 2439 3350 2504 digna-

1781 2542 1927 2594 tione
1971 2539 2088 2603 Dei,
2142 2542 2232 2593 sed
2286 2549 2443 2591 caute
2488 2545 2540 2589 ct
2579 2535 2813 2588 sollicite
2839 2545 3120 2593 curemus,
3155 2544 3217 2581 nc
3252 2544 3350 2581 nos

1777 2632 1888 2685 vita
1925 2640 2110 2684 nostra
2149 2639 2202 2682 et
2226 2640 2378 2682 actus
2404 2642 2467 2680 ac
2501 2641 2679 2680 mores
2711 2625 2910 2678 faciant
2933 2619 3224 2689 aliquando
3253 2619 3350 2672 de»

1776 2739 2022 2793 generos,
2055 2739 2122 2777 ne
2157 2733 2207 2776 et
2233 2723 2331 2775 hoc
2361 2723 2534 2791 ipsum
2563 2718 2720 2773 nobis
2759 2717 2824 2770 ad
2851 2714 3350 2769 comlcmnationem

1777 2810 2041 2872 ducatur,
2085 2809 2226 2878 quod
2270 2824 2394 2861 cum
2437 2822 2608 2877 genus
2646 2806 2817 2860 simus
2843 2801 3042 2858 Christi
3079 2799 3350 2866 indignis,

1776 2904 1830 2947 et
1864 2894 2041 2960 fcedis,
2075 2911 2140 2948 ac
2176 2895 2463 2948 diabolicis
2493 2895 2706 2946 actibus
2741 2893 3066 2946 serviamus.
3099 2888 3198 2956 Qui
3245 2888 3352 2941 ba-

1782 2983 1871 3037 bet
1905 2998 2032 3053 ergo
2094 2999 2370 3052 sponsam,
2425 2996 2662 3051 sponsus
2716 2989 2825 3034 est.
2869 2977 3037 3030 Audis
3081 2974 3352 3044 quomodo

1776 3087 2011 3142 Sponsus
2043 3076 2241 3129 dicitur
2271 3074 2556 3137 Christus,
2596 3087 2793 3142 sponsa
2823 3085 2950 3124 vero
2987 3068 3169 3122 anima
3213 3065 3350 3120 dici-

1699 3162 1737 3219 C
1776 3177 1880 3230 tur,
1913 3182 2031 3235 qua:
2061 3165 2181 3220 fidei
2216 3167 2564 3235 simplicitate
2585 3177 2639 3217 et
2667 3174 2884 3217 actuum
2919 3162 3150 3231 puritate
3180 3161 3354 3213 incor-

1776 3266 1929 3323 rupta
1955 3257 2217 3324 probatur
2245 3267 2302 3309 et
2336 3257 2511 3325 virgo.
2547 3253 2688 3306 Dicit
2712 3251 2856 3306 enim
2887 3252 3144 3306 Dominus
3174 3259 3226 3303 et
3252 3261 3348 3317 per

1774 3348 2064 3402 .Iercmiam
2123 3349 2443 3417 prophetam
2473 3347 2519 3377 ⁸⁸
2573 3345 2816 3398 :Noune
2868 3346 3010 3398 sicut
3062 3343 3345 3396 Dominum

1776 3455 1859 3491 me
1889 3438 2021 3509 (98),
2056 3447 2111 3492 et
2149 3450 2358 3508 patrem
2385 3439 2618 3501 vucasti,
2647 3449 2701 3491 et
2740 3437 3040 3505 principem
3068 3433 3350 3502 virginita-

1775 3534 1842 3587 tis
1879 3534 2016 3586 tum?
2051 3552 2071 3585 ι

1846 3625 1901 3679 6.
1939 3643 1957 3676 ι
1998 3625 2224 3680 Viduam
2260 3635 2462 3689 autem,
2495 3634 2547 3679 et
2574 3624 2822 3693 ejectam,
2851 3631 2904 3676 et
2929 3620 3346 3675 contaminatam

1775 3732 1879 3770 non
1925 3718 2155 3786 accipiet
2184 3716 2252 3773 ⁸⁸.
2297 3738 2314 3769 ι
2355 3716 2411 3771 Si
2448 3718 2570 3785 quis
2600 3729 2845 3770 nostrum
2889 3712 3218 3781 peccaverit,
3248 3711 3345 3764 ab-

1766 3812 1940 3879 jectus
1981 3821 2088 3877 est,
2113 3812 2328 3865 etiamsi
2365 3828 2468 3865 non
2500 3812 2786 3878 abjiciatur
2818 3814 2886 3863 ab
2916 3809 3202 3876 episcopo,
3234 3806 3348 3860 sive

1773 3906 1913 3975 quod
1943 3907 2128 3969 lateat,
2171 3906 2286 3960 sive
2316 3907 2458 3973 quod
2489 3904 2756 3958 interdum
2788 3906 2853 3955 ad
2881 3899 3106 3970 gratiam
3133 3898 3347 3966 judice-

1775 4007 1881 4058 tur.
1907 3997 2112 4062 ejectus
2139 4007 2222 4050 est
2259 4007 2432 4050 tamen
2469 3996 2580 4076 ipsa
2608 3994 2942 4050 conscientia
2982 3991 3210 4062 peccati.
3237 3989 3349 4044 Nec

1773 4091 1992 4157 prodest
2045 4089 2280 4141 hominis
2314 4089 2522 4158 gratia,
2575 4104 2698 4142 cum
2736 4086 2988 4141 Christus
3038 4082 3343 4150 hujusmodi

1773 4183 2010 4234 animam
2071 4189 2324 4249 tanquam
2361 4180 2627 4249 abjectam
2672 4195 2777 4233 non
2815 4177 3045 4245 recipiat
3079 4176 3128 4226 in
3159 4173 3348 4242 conju-

1773 4276 1938 4343 gium.
1972 4273 2137 4343 Igitur
2164 4290 2335 4341 neque
2355 4274 2590 4337 viduam,
2625 4272 2765 4326 sicut
2788 4286 2947 4338 supra
2976 4268 3230 4327 diximus,
3259 4281 3348 4316 ac-

1770 4367 1952 4434 cipiet,
1977 4381 2152 4434 neque
2174 4365 2400 4432 eiectam
2434 4380 2605 4433 neque
2640 4365 2919 4433 pollutam.
2953 4359 3160 4414 Polluta
3203 4357 3346 4410 uici-

1774 4469 1882 4522 tur,
1906 4474 2024 4528 qum
2045 4459 2256 4511 etiamsi
2285 4473 2387 4511 non
2415 4473 2477 4510 ex
2496 4459 2706 4524 integro
2733 4452 3018 4520 complevit
3041 4457 3344 4518 peccatum,

94 4532 183 4587 stis
230 4534 284 4588 in
348 4533 674 4605 Evangelio.
731 4535 1002 4603 Virginem
1070 4554 1201 4607 ergo
1273 4540 1522 4609 accipiet,
1581 4543 1664 4594 vi-
1699 4525 1740 4577 D
1773 4525 1952 4599 tamen
1997 4548 2097 4600 hoc
2132 4548 2248 4614 ipso
2297 4547 2437 4614 quod
2473 4545 2746 4612 cogilaVil.
2792 4543 2934 4611 quod
2983 4538 3342 4609 νοιυῑινίιιιοά

99 4625 249 4679 duam
309 4643 418 4682 non
487 4629 756 4697 accipiet,
808 4646 984 4697 neque
1039 4633 1434 4697 meretricem,
1491 4648 1665 4701 neque

93 4713 243 4785 253
273 4715 532 4784 ejectam,
563 4729 654 4771 aut
680 4722 1125 4777 contaminatam.
1165 4722 1507 4776 Meretricem
1551 4725 1666 4789 qui-

93 4809 228 4872 dem,
279 4818 333 4863 et
389 4810 656 4877 abjectam
699 4812 970 4877 animam,
1023 4823 1078 4866 et
1122 4813 1377 4882 pollutam
1427 4831 1525 4868 cur
1559 4833 1661 4868 nou

94 4901 348 4970 Suscipiat
384 4903 643 4959 Christus
698 4905 750 4958 in
805 4905 1137 4974 conjugium,
1185 4923 1288 4960 non
1332 4917 1415 4961 est
1463 4907 1663 4963 laboris

92 5008 396 5062 exponere;
433 4997 595 5051 vidua
631 5013 760 5052 vero
792 5014 888 5052 cur
921 5017 1025 5053 non
1063 5001 1114 5053 in
1150 5015 1372 5054 uxorem
1431 5002 1661 5068 recipia-

92 5092 190 5150 tur,
219 5088 540 5158 diligentius
564 5090 881 5146 intuendum
916 5102 1018 5147 est.
1059 5092 1257 5146 Paulus
1285 5093 1561 5161 apostolus
1595 5094 1660 5146 ad

90 5174 357 5234 Romanos
395 5184 674 5248 scribens,
703 5186 874 5237 virum
909 5186 1107 5239 animae
1138 5185 1308 5253 legem
1334 5185 1493 5250 dicit,
1521 5200 1664 5238 eam-

91 5282 188 5336 que
221 5285 345 5325 cum
379 5284 627 5329 mortuus
667 5275 831 5329 fuerit
869 5275 972 5339 vir,
1013 5276 1242 5330 solutam
1275 5290 1395 5330 csse
1425 5291 1664 5345 pronun-

1770 4638 1994 4707 optavit,
2028 4639 2240 4691 etiamsi
2273 4653 2374 4690 non
2407 4635 2647 4697 admisit,
2675 4635 2875 4704 polluta
2895 4641 2998 4697 est,
3031 4640 3344 4699 etamagno

1768 4730 2021 4799 pontifice
2077 4746 2181 4783 non
2235 4729 2478 4797 eligitur.
2522 4726 2687 4778 Valde
2734 4725 2876 4778 enim
2918 4738 3145 4792 puram,
3188 4719 3344 4773 Valde

1767 4824 2022 4876 mundam
2057 4833 2108 4877 et
2141 4823 2412 4876 sinceram
2453 4819 2682 4888 requirit
2727 4817 2985 4883 animam,
3040 4831 3203 4885 quam
3240 4813 3344 4867 sibi

1766 4914 1952 4982 jungat
1985 4932 1997 4966 :
2032 4917 2156 4982 quia
2189 4935 2206 4965 ι
2246 4917 2335 4984 qui
2371 4930 2428 4969 se
2451 4911 2694 4980 junxerit
2723 4909 2974 4972 Domino,
3013 4923 3154 4961 uuus
3186 4906 3345 4975 spiri-

1773 5015 1860 5057 tus
1889 5006 2061 5059 cst".
2089 5026 2107 5057 ›
2146 5005 2296 5060 Unde
2333 5007 2498 5059 etiam
2557 5003 2656 5056 hoc
2694 5000 3020 5064 ostenditur,
3069 4997 3209 5066 quod
3237 4995 3346 5049 sint

1772 5097 2086 5151 differentia:
2131 5109 2472 5168 peccatormn
2529 5106 2582 5150 et
2644 5096 2734 5165 qui
2795 5091 3099 5164 peccaverit
3154 5104 3347 5159 pecca-

1773 5199 1883 5242 tum
1911 5192 1976 5244 ad
2005 5202 2228 5246 mortem
2264 5193 2503 5261 abjectus
2533 5194 2600 5246 sit
2633 5207 2645 5243 :
2677 5191 2766 5258 qui
2801 5198 2984 5240 autem
3013 5200 3118 5238 non
3151 5189 3344 5252 peccat

1773 5279 1838 5330 ad
1869 5291 2120 5349 mortem,
2151 5283 2244 5335 sed
2273 5282 2500 5336 inferius
2520 5281 2745 5352 aliquid,
2778 5278 3007 5349 pollutus
3026 5277 3114 5330 sit.
3133 5275 3339 5341 Sponsa

153 5411 198 5484 ξ’
217 5410 526 5478 Levit.xxr,
556 5414 641 5466 14.
718 5415 757 5444 ⁸¹
795 5413 831 5466 II
860 5412 982 5466 Cor.
1025 5429 1099 5473 at.
1131 5414 1184 5466 εὶ.
1263 5415 1306 5445 ³²
1337 5413 1464 5468 Ose.
1500 5429 1562 5480 ιι,
1590 5415 1668 5468 20.

1782 5415 1800 5446 ³
1823 5416 2020 5484 Ephes.
2042 5435 2092 5484 v,
2115 5379 2226 5474 ⁴27.
2301 5419 2346 5451 ⁸³
2378 5419 2417 5472 II
2449 5419 2571 5474 Cur.
2610 5435 2685 5484 iv,
2715 5416 2798 5471 It}.
2873 5416 2918 5446 ⁸³
2945 5411 3142 5468 Jerem.
3170 5423 3251 5471 ιιι,
3281 5405 3338 5459 4.

85 5479 128 5512 ⁸⁸
156 5481 332 5538 Levit.
371 5500 493 5546 xxi,
526 5484 608 5538 li.
687 5484 730 5515 ⁸⁷
767 5485 937 5537 ltLor.
966 5485 1134 5546 vt,i7.

155 5576 267 5645 (98)
315 5575 516 5630 Nonne
554 5581 688 5632 sicut
718 5577 1022 5645 Dominam,
1054 5587 1158 5632 clc.
1199 5578 1352 5644 Apud
1399 5577 1541 5645 LXX
1569 5578 1653 5631 In-

92 5640 347 5720 licrpreles
372 5648 591 5716 legitur,
613 5649 709 5717 οὐχ
756 5648 830 5710 ὡς
857 5642 1026 5720 pix/ﬁ
1064 5666 1129 5720 με
1166 5640 1450 5710 ἐκάλεσας.
1502 5640 1659 5720 Unde

90 5719 263 5770 forsan
298 5719 543 5785 suspicio
566 5722 696 5772 oriri
725 5718 894 5787 possit
927 5718 1207 5787 legendum
1228 5737 1346 5772 esse
1369 5723 1469 5772 hoc
1501 5719 1614 5770 loco
1642 5737 1655 5772 :

94 5802 113 5837 ι
148 5805 327 5844 nonne
368 5791 512 5844 sicut
573 5793 820 5854 domum,
873 5807 888 5839 δ
934 5801 1037 5844 ctc.
1077 5790 1132 5843 In
1193 5791 1414 5844 Ilcbnco
1454 5790 1646 5859 legitur

1769 5578 1930 5633 hodie
1975 5588 2145 5641 mat:
2175 5561 2305 5636 sim
2338 5597 2355 5627 ι
2400 5591 2579 5630 nonne
2608 5573 2822 5628 amodo.
2861 5591 2880 5624 ι
2911 5568 3214 5626 Verisimile
3241 5584 3338 5620 au-

1769 5659 1876 5701 tem
1909 5658 1990 5700 est
2017 5666 2112 5710 pro
2133 5659 2301 5709 nam:
2345 5667 2361 5696 ι
2397 5649 2586 5701 amodo
2617 5665 2636 5695 ι
2682 5643 3023 5710 septuaginta
3065 5642 3334 5710 Interpre-

1772 5731 1853 5771 tes
1882 5709 2075 5785 legisse
2100 5729 2279 5780 3:33:72
2300 5715 2464 5780 οἶκος,
2492 5735 2510 5765 ι
2547 5709 2757 5777 domus,
2795 5732 2812 5765 ι
2857 5711 2996 5767 unde
3026 5709 3330 5764 scribarum

1759 5791 1960 5844 incuria
1995 5790 2256 5857 prodierit
2294 5808 2310 5839 ι
2353 5787 2626 5842 Dominus.
2668 5804 2687 5835 ι
