3876 6502
522 324 632 383 513

1977 320 2297 383 ORIGENIS
3676 313 3756 372 5H

530 451 713 496 autem
738 439 962 506 Christi,
1002 454 1180 512 neque
1202 435 1412 512 abiecta
1434 480 1452 508 ,
1487 456 1666 514 neque
1694 444 1894 516 polluta
1927 451 2101 516 potest
2130 446 2177 501 Α
2206 451 2321 492 rum
2351 441 2559 506 partus,
2586 431 2691 488 iste
2716 435 3037 498 conceptus,
3072 425 3176 481 ista
3208 435 3337 480 sunt
3365 431 3558 480 sancta
3591 427 3755 516 coitio.

525 540 686 590 esse,
751 527 846 582 sed
908 527 1062 598 virgo
1118 528 1582 596 incontaminata,
1643 532 1991 604 incorrupta,
2041 543 2096 590 et

524 618 748 672 munda.
788 616 1056 674 Memento
1097 621 1240 674 enim
1282 620 1552 678 sermonis
1579 625 1898 692 apostolici,
1934 642 2095 696 quem

521 712 680 782 paulo
702 723 830 770 ante
863 717 1261 785 proposuimus,
1300 719 1527 774 dicentis
1547 719 1596 752 ⁸⁸
1629 737 1642 773 :
1676 740 1695 773 ι
1737 721 1805 777 Ut
1836 723 2096 776 exhibeat

520 803 638 872 Ipse
656 803 754 858 sibi
791 805 1082 874 gloriosam
1115 807 1442 874 Ecclesiam,
1469 826 1573 866 non
1603 813 1890 868 habentem
1915 827 2097 869 macu-

521 896 630 950 lam
660 912 836 966 neqne
867 914 1072 968 rugam,
1106 911 1198 953 aut
1241 901 1444 971 aliquid
1477 901 1761 973 ejusmodi,
1795 905 1891 960 sed
1938 915 1995 959 ut
2023 908 2095 961 sit

519 999 710 1043 sancta
743 999 798 1044 et
820 990 1189 1048 immaculata.
1232 1013 1252 1046 ι

589 1081 644 1135 7.
679 1082 783 1136 Sed
819 1093 872 1137 et
901 1084 1246 1139 meretricem
1277 1101 1384 1141 non
1416 1088 1668 1158 accipiet.
1702 1088 1830 1155 Quae
1866 1100 1950 1145 est
1977 1091 2096 1146 ani-

519 1187 605 1226 ma
634 1175 936 1229 meretrix?
961 1191 1080 1245 quae
1107 1178 1173 1231 ad
1199 1193 1258 1233 se
1287 1180 1493 1250 recepit
1529 1190 1824 1249 amatores,
1870 1185 1935 1238 de
1973 1184 2094 1254 qui-

519 1265 620 1319 bus
646 1267 779 1321 dicit
815 1269 1076 1338 propheta
1103 1271 1148 1302 ³⁸
1180 1292 1192 1326 :
1230 1291 1248 1324 ‹
1285 1271 1633 1329 Meretricata
1682 1289 1741 1330 es
1781 1286 1905 1344 post
1937 1293 2091 1331 ama-

521 1368 668 1413 tores
699 1367 838 1415 tuos.
870 1379 889 1411 ι
922 1360 1026 1427 Qui
1073 1372 1199 1417 sunt
1233 1364 1318 1418 isti
1368 1374 1644 1423 amatores
1671 1369 1759 1436 qui
1789 1371 1993 1423 intrant
2025 1372 2090 1423 ad

520 1451 757 1504 animam
789 1450 1162 1520 meretricem,
1215 1456 1316 1510 nisi
1351 1459 1640 1513 contrariae
1668 1469 1982 1529 potestates,
2035 1473 2093 1519 et

519 1542 828 1606 dmmones,
865 1545 955 1612 qui
1011 1546 1344 1601 deisiderium
1397 1551 1620 1616 capiunt
1666 1551 2091 1621 pulchritudinis

516 1633 670 1704 ejus?
699 1636 931 1694 Pulchra
966 1656 1202 1711 namque
1235 1658 1263 1694 a
1311 1641 1422 1698 Deo
1471 1652 1656 1697 creata
1692 1654 1773 1700 est
1803 1647 2006 1711 anima,
2037 1658 2090 1704 et

2200 531 2309 598 gia,
2364 540 2485 596 quae
2529 523 2860 578 conveniunt
2884 530 2938 574 et
2978 526 3102 587 apta
3137 527 3264 571 sunt
3296 530 3497 586 magno
3532 514 3754 582 νοτιιὶῆεὶ

2198 620 2421 677 Christo
2441 616 2571 672 Jesu
2603 614 2832 669 Domino
2862 619 3073 672 nostro,
3094 608 3178 664 cui
3205 606 3378 678 gloria
3402 615 3458 662 et
3488 605 3755 676 imperitus

2200 713 2252 766 in
2277 711 2469 768 saecula
2498 707 2844 766 saeculorum.
2867 705 3061 758 Amen.

2745 840 3026 896 llOMILlA
3066 842 3204 897 ΧΙΙΙ.

2199 961 2276 1015 De
2303 961 2486 1014 diebus
2535 959 2705 1024 festis.
2746 967 2795 1011 et
2827 958 3065 1014 lucerna,
3103 964 3150 1006 et
3198 950 3550 1026 candelabro,
3577 958 3629 1000 et
3670 947 3754 1026 plu

2269 1035 2337 1083 ml
2389 1032 2584 1096 lumen,
2619 1040 2668 1083 et
2717 1029 2782 1082 de
2835 1043 3046 1085 mensa,
3097 1035 3144 1077 et
3179 1024 3406 1092 panibus
3453 1024 3756 1089 propositio-

2266 1104 2346 1155 nis
2376 1101 2443 1154 “.

2267 1217 2320 1272 1.
2345 1215 2446 1282 Qui
2480 1213 2753 1283 perfectus
2777 1221 2859 1268 est
2879 1252 2894 1275 ,
2921 1211 2989 1265 ab
3015 1209 3132 1279 ipso
3163 1208 3271 1262 Deo
3315 1208 3557 1260 docetur
3599 1201 3667 1251 de
3690 1215 3755 1252 so-

2194 1307 2538 1362 lemnitatqu
2569 1305 2801 1368 ratione,
2822 1314 2872 1356 et
2890 1302 3108 1356 homine
3136 1300 3203 1352 ad
3234 1299 3349 1352 luec
3374 1294 3643 1348 discenda
3671 1310 3756 1341 Ina-

2194 1401 2360 1469 gistro
2406 1413 2510 1452 non
2548 1398 2738 1460 utitur,
2773 1397 2869 1448 sed
2910 1409 2938 1448 a
2991 1395 3100 1447 Deo
3129 1391 3315 1452 discit,
3359 1388 3406 1442 si
3443 1386 3577 1456 quis
3607 1393 3755 1452 [must

2193 1506 2389 1559 capere
2415 1490 2508 1544 Dei
2539 1505 2748 1544 vocem.
2780 1487 2880 1552 Qui
2911 1477 3092 1539 autem
3120 1499 3225 1537 non
3259 1490 3342 1535 est
3386 1479 3538 1541 talis,
3569 1478 3665 1530 sed
3696 1477 3755 1529 ia—

2191 1583 2382 1648 ferior,
2414 1583 2573 1636 discit
2613 1582 2682 1637 ab
2716 1595 2780 1632 eo
2818 1579 2906 1647 qui
2946 1577 3197 1631 didicerit
3233 1591 3261 1627 a
3303 1572 3437 1626 Deo.
3494 1570 3625 1622 Ilaec
3651 1585 3755 1636 erga

2191 1683 2272 1729 cst
2295 1675 2359 1728 de
2379 1671 2813 1728 solemnitatibus
2832 1669 3027 1738 (lupch
3045 1668 3292 1736 quaedam
3318 1665 3461 1717 ratio
3490 1663 3752 1714 thCIritue.

517 1725 650 1780 satis
691 1728 910 1783 deum“
959 1729 1096 1783 Am"
1151 1731 1421 1799 q"°m°d°
1469 1732 1582 1801 ipse
1636 1733 1777 1790 Deus
1825 1735 2030 1790 dim"
2070 1754 2084 1791 ³
2121 1785 2164 1839 Β
2196 1725 2792 1832 llumquailluminata
2825 1725 2921 1828 per
2950 1725 3200 1826 spiritum
3249 1750 3581 1822 prophetica
3626 1763 3753 1800 mea;

522 1851 542 1870 .
565 1818 852 1875 Faciamus
877 1822 1146 1877 hominem
1179 1824 1245 1877 ad
1279 1823 1568 1894 imaginem
1592 1836 1648 1881 et
1673 1828 2085 1885 similitudinem

516 1921 784 1966 nostram.
819 1931 838 1964 ι
880 1913 1012 1968 Vide
1043 1914 1194 1982 cujus
1217 1917 1452 1978 decoris,
1484 1918 1641 1988 cujus
1671 1919 2088 1988 pulchritmlinis

514 2013 600 2058 est
651 2004 829 2057 anima
887 2020 1007 2072 qua:
1058 2006 1348 2076 imaginem
1384 2008 1544 2064 habet
1579 2021 1632 2066 et
1677 2013 2085 2068 similitudinem

514 2089 631 2146 Dei.
659 2092 805 2147 Hanc
833 2096 1290 2162 pulchritudinem
1315 2099 1606 2154 contraria:
1642 2109 1934 2170 potestates
1964 2118 2084 2157 cum

513 2182 805 2250 aspiciunt,
833 2184 884 2259 id
916 2194 999 2240 est
1044 2186 1294 2242 diabolus
1327 2198 1382 2243 et
1423 2189 1602 2260 angeli
1643 2191 1786 2260 ejus,
1827 2194 2087 2263 concupi—

511 2283 672 2327 scunt
701 2275 938 2343 speciem
986 2277 1184 2346 ipsius;
1219 2280 1311 2349 qui
1354 2282 1482 2350 quia
1514 2297 1618 2335 non
1650 2295 1877 2350 possunt
1902 2287 2084 2353 sponsi

509 2363 628 2434 ejus
656 2364 794 2431 ﬁeri,
833 2370 1168 2425 meretricari
1201 2373 1426 2442 cupiunt
1459 2390 1581 2429 cum
1607 2375 1768 2430 ea.Si
1807 2393 1938 2448 ergo
1965 2394 2087 2434 sus-

511 2458 746 2524 ceperis,
796 2475 830 2513 o
883 2460 1069 2528 homo,
1109 2462 1160 2515 in
1192 2465 1355 2518 cubili
1405 2467 1599 2520 anima!
1635 2477 1736 2523 tute
1780 2470 2084 2524 adulterum

513 2547 808 2616 diabovtm,
857 2553 1200 2607 meretricata
1233 2563 1314 2610 cst
1345 2557 1524 2610 anima
1560 2566 1648 2613 tua
1692 2575 1814 2614 cum
1846 2561 2082 2620 diabolo.

515 2636 571 2690 Si
615 2643 888 2709 receperis
924 2644 1144 2713 angelos
1177 2646 1314 2713 ejus,
1353 2639 1657 2718 sl‘spiritus
1691 2652 1960 2720 diversos,
1992 2656 2084 2724 qui

513 2743 741 2795 peccare
775 2741 824 2785 te
850 2735 1096 2801 suadent,
1123 2740 1472 2793 meretricata
1518 2751 1601 2797 est
1626 2757 1746 2798 cum
1792 2747 1872 2801 eis
1901 2748 2081 2802 anima

514 2827 604 2871 tua
636 2836 651 2884 ;
680 2822 722 2874 si
753 2823 978 2891 spintus
1010 2828 1133 2894 irae,
1169 2832 1212 2884 si
1240 2830 1480 2899 invidia),
1513 2835 1557 2888 si
1594 2838 1882 2906 superbire,
1914 2841 1957 2895 si
1985 2841 2086 2895 im-

512 2909 791 2977 pudicitia:
829 2916 1110 2986 ingressus
1144 2919 1311 2976 fuerit
1337 2924 1406 2978 ad
1445 2924 1688 2980 animam
1717 2937 1884 2995 tuam,
1915 2940 1970 2985 et
2001 2945 2086 2986 re-

511 3002 724 3068 ceperis
763 3019 886 3058 eum
912 3047 926 3071 ,
969 3017 1022 3062 ct
1057 3013 1398 3068 consenseris
1429 3016 1477 3069 ei
1510 3015 1754 3086 loquenti
1813 3019 1868 3088 iu
1920 3021 2082 3077 corde

2189 1858 2434 1922 docetur,
2466 1870 2607 1924 quae,
2644 1865 2702 1908 ut
2753 1853 2822 1906 ita
2868 1852 3069 1913 dicam,
3118 1846 3290 1915 magis
3326 1844 3532 1898 intuitu
3581 1842 3753 1893 mentis

2190 1949 2417 2004 discitur
2448 1961 2612 2017 quam
2654 1961 2789 1999 sono
2827 1943 2998 2005 vocis,
3037 1958 3135 2011 per
3171 1956 3333 2010 quam
3371 1938 3582 1992 veritas
3625 1935 3750 2002 ipsa,

2188 2055 2293 2093 non
2330 2039 2518 2092 mnbra
2563 2045 2618 2089 et
2650 2037 2828 2106 imago
2861 2033 3107 2087 veritatis
3151 2028 3501 2099 agnoscitur.
3551 2025 3616 2080 lli
3649 2038 3754 2076 vero

2189 2129 2280 2198 qui
2309 2129 2480 2198 ipsam
2510 2125 2605 2180 Dei
2631 2124 2938 2181 claritatem
2972 2136 3169 2191 capere
3209 2135 3313 2174 non
3363 2126 3637 2189 possunt,
3672 2130 3752 2169 nec

2191 2228 2360 2275 totum
2395 2216 2662 2286 fulgorem
2698 2215 2947 2270 veritatis
2986 2214 3195 2268 intenta
3247 2210 3448 2264 mentis
3497 2210 3616 2262 acie
3642 2223 3751 2262 con-

2192 2309 2414 2380 spicari,
2434 2308 2660 2362 audiunt
2698 2308 2765 2361 de
2793 2304 3231 2361 solemnitatibus
3259 2301 3508 2356 secundo
3554 2300 3670 2351 loco
3699 2298 3749 2350 ab

2190 2401 2299 2464 his,
2333 2399 2424 2469 qui
2461 2398 2642 2469 primo
2673 2397 3010 2463 didicerunt;
3056 2403 3113 2450 et
3160 2410 3284 2448 cum
3338 2394 3448 2449 illis
3482 2391 3746 2447 veritatem

2190 2505 2372 2545 rerum
2401 2490 2519 2558 ipsa
2552 2489 2910 2558 inspectiouis
2938 2486 3246 2557 proprietas
3275 2484 3522 2546 dederit,
3544 2484 3611 2537 ad
3640 2484 3748 2537 istos

2187 2579 2435 2637 veritatis
2465 2582 2714 2635 umbram
2747 2579 2960 2648 profert
2989 2579 3140 2634 solus
3174 2577 3420 2632 auditus.
3447 2573 3623 2643 Hujus
3653 2587 3746 2647 my-

2188 2673 2336 2727 sterii
2378 2671 2666 2742 Apostolus
2700 2673 2956 2727 conscius
2991 2671 3208 2725 dicebat
3253 2669 3318 2723 de
3355 2667 3604 2732 Iudaeis,
3640 2667 3745 2735 quia

2195 2782 2214 2814 ι
2245 2764 2448 2817 umbra:
2492 2773 2547 2818 et
2587 2761 2885 2833 exemplari
2945 2763 3258 2817 deserviunt
3300 2759 3613 2816 cmicstiutii
3644 2758 3701 2811 ’³.
3726 2778 3740 2807 ι

2187 2855 2304 2926 Ipsa
2337 2856 2480 2911 enim
2511 2855 2754 2910 coelestia
2785 2854 2992 2923 Moyses
3012 2853 3211 2907 vidisse
3231 2851 3587 2914 describitur,
3617 2861 3745 2918 typos

2188 2956 2372 3002 autem
2404 2955 2459 3002 et
2493 2947 2760 3016 imagines
2790 2960 2980 3002 eorum
3011 2960 3133 3014 quae
3171 2945 3386 2999 viderat
3419 2944 3625 3014 populo
3656 2953 3743 2996 tra-

2189 3037 2413 3092 didisse.
2456 3037 2550 3092 Sic
2582 3037 2729 3093 enim
2761 3038 2827 3092 ad
2855 3053 2978 3094 eum
3012 3037 3249 3094 divinum
3274 3037 3414 3092 dicit
3444 3035 3740 3105 eloquium:

511 3097 624 3154 tuo,
660 3093 960 3153 delectatus
993 3097 1163 3156 fueris
1190 3101 1277 3158 his
1310 3119 1429 3174 qua:
1459 3107 1556 3162 tibi
1597 3112 1892 3166 secundum
1925 3130 2078 3167 suam
2111 3122 2157 3184 (ζ
2192 3147 2212 3181 ι
2254 3129 2406 3193 Vide,
2461 3130 2637 3200 inquit
2665 3129 2734 3194 ",
2778 3093 2961 3186 omnia
2993 3093 3158 3186 facito
3189 3129 3494 3185 secundum
3537 3093 3740 3182 formal

509 3193 749 3241 mentem
795 3191 1058 3261 suggerit,
1100 3197 1482 3254 meretricatus
1512 3216 1571 3255 es
1603 3217 1724 3256 cum
1775 3219 1859 3259 eo.
1906 3204 2084 3262 Mere-

507 3277 703 3332 tricem
734 3295 866 3350 ergo
891 3298 997 3337 non
1038 3287 1269 3353 accipiet
1317 3293 1573 3347 sacerdos
1603 3310 1849 3366 magnus,
1883 3307 1943 3352 et
1975 3313 2083 3352 non

506 3375 908 3428 contaminabit
940 3391 1128 3432 semen
1162 3395 1318 3434 suum
1347 3382 1399 3435 in
1430 3387 1627 3454 populo
1657 3402 1780 3441 suo.
1819 3388 1974 3454 Quod
2000 3399 2084 3446 est

510 3461 660 3517 istud
696 3480 880 3520 semen
909 3471 1050 3536 quod
1098 3475 1460 3528 contaminari
1493 3491 1597 3531 non
1627 3479 1781 3534 vult?
1811 3479 1868 3534 lu
1905 3480 2084 3536 Evan-

505 3555 662 3624 geliis
685 3560 952 3627 scriptum
986 3573 1070 3618 est
1100 3565 1143 3596 ἰ
1172 3582 1186 3617 :
1223 3584 1242 3616 ι
1281 3565 1382 3633 Qui
1417 3571 1687 3639 seminat,
1742 3574 1964 3628 verbum
1996 3591 2082 3630 se-

504 3650 694 3708 minat.
729 3671 747 3704 ι
786 3653 902 3709 Non
931 3657 1044 3711 vult
1075 3673 1202 3729 ergo
1233 3663 1598 3718 contaminari
1629 3666 1852 3722 verbum
1889 3668 1983 3724 Dei
2013 3671 2081 3726 ab

503 3740 591 3794 his
612 3745 704 3812 qui
743 3747 1038 3802 seminanl.
1070 3749 1170 3816 Qui
1205 3763 1337 3808 sunt
1363 3769 1498 3823 ergo
1529 3757 1624 3826 qui
1649 3759 1961 3814 seminant?
1989 3761 2079 3830 qui

501 3835 729 3890 verbum
781 3841 873 3894 Dei
930 3844 983 3896 in
1033 3845 1273 3900 Ecclesia
1307 3848 1615 3918 proferunt.
1657 3853 1896 3908 Audiaut
1951 3870 2080 3926 ergo

503 3929 790 3997 doctores,
845 3949 913 3987 ne
963 3935 1340 3998 forte'anima:
1395 3945 1812 4013 contaminatae,
1872 3949 2076 4004 anima:

506 4024 913 4090 meretricauti,
945 4029 1140 4085 animae
1176 4031 1560 4090 inlldeliverba
1594 4037 1686 4091 Dei
1715 4041 1975 4109 credant,
2011 4057 2080 4097 ne

501 4110 646 4168 forte
676 4117 890 4170 mittant
920 4134 1169 4176 sanctum
1199 4128 1427 4182 canibus
1480 4139 1534 4184 ct
1587 4133 1909 4200 margaritas
1947 4144 2077 4190 ante

500 4219 739 4275 porcos:
773 4210 866 4263 sed
901 4212 1113 4268 animas
1143 4217 1390 4282 mundas,
1447 4219 1691 4290 virgines
1727 4224 1780 4277 in
1816 4224 2077 4295 simplici-

504 4307 617 4354 tate
655 4299 777 4355 lidei
805 4319 926 4371 quae
952 4305 1005 4360 in
1043 4307 1257 4365 Christo
1295 4321 1379 4366 est
1403 4312 1627 4382 eligant,
1667 4316 1795 4386 ipsis
1826 4321 2077 4373 conimit-

502 4397 621 4447 tant
647 4403 854 4449 secreta
887 4399 1169 4467 mysteria,
1229 4402 1360 4471 ipsis
1391 4403 1617 4460 verbum
1647 4406 1759 4472 Dei,
1793 4419 1846 4463 et
1874 4425 2073 4466 arcana

2185 3237 2308 3291 qua:
2333 3231 2554 3277 ostensa
2588 3232 2670 3276 est
2703 3222 2798 3276 tibi
2835 3221 2891 3276 in
2917 3231 3120 3277 monte.
3155 3241 3174 3273 ι
3209 3221 3342 3276 Tale
3362 3235 3499 3291 ergo
3527 3220 3737 3289 estqaol

2185 3323 2239 3367 et
2265 3313 2319 3368 in
2349 3314 2452 3369 hoc
2480 3313 2600 3368 loco
2633 3313 2922 3368 recitatum
2957 3323 3070 3378 est,
3097 3314 3222 3384 quia
3255 3313 3527 3370 Dominus
3557 3315 3737 3368 locutus

2185 3407 2352 3461 luerit
2386 3407 2453 3462 de
2481 3405 2930 3461 solemnitatibus
2964 3407 3032 3461 ad
3066 3407 3305 3478 Moysen.
3341 3407 3410 3460 Et
3436 3417 3562 3476 post
3602 3406 3734 3459 haec:

2189 3517 2208 3550 ι
2232 3499 2295 3553 Ει
2327 3499 2537 3553 locutus
2559 3508 2642 3554 est
2673 3497 2908 3570 Moyses,
2933 3498 3194 3568 inquit",
3219 3499 3340 3554 dies
3357 3497 3735 3568 solemucs(99)

2184 3588 2396 3645 Domini
2421 3590 2513 3645 Dei
2541 3591 2671 3646 liliis
2705 3592 2890 3648 Israel.
2915 3612 2933 3646 ι
2959 3592 3252 3647 Transacto
3275 3607 3411 3647 vero
3445 3593 3516 3644 de
3542 3591 3622 3645 his
3645 3607 3737 3643 ser-

2183 3696 2345 3735 mone
2382 3682 2663 3737 videamus
2715 3683 2844 3750 quid
2892 3693 3016 3752 post
3070 3682 3188 3737 haec
3223 3683 3492 3737 educetur
3532 3681 3733 3751 Moyses.

2183 3770 2367 3826 Primo
2399 3771 2465 3825 de
2491 3770 2711 3826 lucerna
2738 3780 2794 3825 et
2816 3770 3173 3836 candelabro,
3192 3780 3248 3826 et
3264 3769 3388 3824 oleo
3417 3768 3566 3838 quod
3600 3768 3646 3822 ei
3674 3767 3735 3820 ia-

2182 3861 2456 3928 funditur;
2483 3863 2723 3917 secundo
2754 3862 2873 3917 loco
2903 3864 2970 3918 de
3004 3877 3186 3918 mensa
3211 3902 3227 3928 ,
3260 3871 3315 3917 et
3358 3862 3597 3932 panibus
3631 3875 3730 3929 pro.

2182 3953 2486 4021 positionis,
2521 3969 2585 4008 ac
2611 3969 2837 4009 numero
2857 3969 3063 4016 eorum,
3091 3963 3144 4008 et
3169 3955 3261 4024 qui
3292 3956 3374 4008 eis
3394 3954 3475 4008 uti
3504 3953 3729 4008 debeant.

2179 4044 2530 4102 lntendamus
2556 4062 2688 4118 ergo
2718 4048 2960 4101 animum
2992 4047 3314 4117 diligentius
3345 4048 3435 4102 his
3467 4063 3588 4118 qua:
3619 4046 3730 4102 scri-

2179 4147 2267 4207 pta
2293 4147 2437 4202 sunt,
2471 4147 2523 4194 el
2546 4140 2611 4194 ad
2641 4140 2758 4195 haec
2791 4139 3160 4210 dignoscenda
3193 4139 3419 4194 concedi
3453 4140 3606 4194 nobis
3628 4154 3728 4207 gra-

2181 4227 2309 4282 tiam
2363 4228 2577 4282 Domini
2621 4229 2998 4300 deprecemur,
3047 4240 3105 4284 ιιι
3151 4231 3201 4283 in
3249 4232 3334 4284 his
3375 4245 3500 4300 qua:
3529 4229 3728 4300 legimus

2178 4317 2527 4388 litteris,quze
2561 4321 2634 4376 sit
2663 4322 2914 4376 voluntas
2970 4323 3143 4376 sancti
3195 4321 3438 4392 Spiritus
3494 4334 3728 4391 agnosca-

2181 4424 2321 4464 mus.
2363 4427 2382 4461 ι
2420 4412 2677 4480 Ρτεεείρθ,
2709 4412 2976 4482 inquit",
3009 4414 3136 4468 ﬁliis
3173 4411 3363 4477 Israel,
3397 4424 3458 4466 ut
3507 4412 3727 4468 deferant

403 4515 407 4521 -
498 4481 624 4538 ﬁdei
659 4485 824 4559 254
844 4469 1262 4560 proloquantur,
1293 4496 1426 4550 utin
1455 4498 1584 4567 ipsis
1607 4469 1853 4556 Christus
1871 4503 2072 4561 l'orme-
2105 4469 2154 4529 θ
2181 4503 2276 4558 tibi
2303 4505 2484 4560 oleum
2513 4504 2579 4559 de
2611 4469 3059 4560 olivis-mundum
3085 4521 3406 4576 expressum
3433 4507 3503 4560 ad
3548 4506 3721 4564 lumen.

498 4583 587 4627 tur
612 4589 707 4644 per
733 4576 911 4634 iidem.
941 4581 1022 4635 An
1055 4584 1277 4639 nescitis
1303 4589 1429 4654 quia
1470 4604 1532 4643 ex
1559 4591 1660 4646 isto
1684 4595 1890 4649 semine
1918 4597 2066 4652 verbi

499 4664 590 4719 Dei
625 4670 766 4736 quod
799 4672 1120 4740 seminatur,
1151 4676 1404 4733 Christus
1442 4681 1684 4736 nascitur
1712 4683 1763 4736 iu
1791 4683 1956 4756 corde
1971 4701 2069 4739 au-

496 4757 774 4814 ditorum?
802 4760 915 4817 lloc
939 4765 1081 4818 enim
1105 4768 1397 4836 Apostolus
1425 4772 1556 4827 dicit
1575 4774 1622 4806 “
1653 4790 1668 4828 :
1708 4793 1727 4825 ι
1751 4773 1931 4830 Donec
1953 4775 2068 4830 for-

495 4860 675 4906 metur
711 4852 964 4911 Christus
999 4859 1050 4912 in
1088 4861 1262 4916 vobis.
1298 4882 1319 4915 ι
1355 4863 1603 4936 Concipit
1632 4881 1763 4937 ergo
1788 4869 1968 4922 anima
1999 4884 2065 4924 ex

495 4944 597 4998 hoc
640 4947 791 5000 verbi
827 4951 1055 5018 semine,
1087 4961 1142 5006 et
1185 4967 1503 5025 conceptum
1537 4960 1746 5014 formal.
1772 4962 1824 5015 in
1856 4977 1915 5016 se
1944 4977 2065 5016 ver-

496 5035 648 5102 bum,
675 5037 848 5093 douec
881 5042 1063 5110 pariat
1111 5044 1362 5113 spiritum
1397 5048 1607 5104 timoris
1649 5049 1765 5105 Dei.
1797 5051 1888 5106 Sic
1919 5055 2062 5105 enim

492 5141 594 5197 per
655 5130 973 5200 prophetam
1035 5135 1226 5192 dicunt
1260 5139 1456 5196 anima:
1493 5153 1809 5197 sanctorum
1839 5144 1884 5175 “
1917 5161 1932 5198 :
1974 5163 1993 5196 ‹
2023 5146 2069 5200 A

494 5223 693 5278 timore
723 5235 833 5293 tuo,
863 5226 1110 5296 Domine,
1143 5233 1490 5302 concepimus
1518 5233 1570 5288 in
1597 5245 1771 5303 utero,
1805 5246 1860 5291 et
1879 5247 2070 5307 partu-

494 5314 747 5380 rivimus,
776 5330 831 5371 et
865 5322 1442 5393 peperimusspiritum
1460 5326 1649 5383 salutis
1680 5337 1782 5383 tua:
1813 5344 1970 5398 quem
1987 5327 2067 5385 fe-

495 5409 670 5464 cimus
708 5427 872 5481 super
909 5424 1132 5470 terram.
1170 5437 1189 5469 υ
1224 5417 1327 5474 Iste
1368 5429 1449 5474 est
1481 5431 1798 5476 sanctarum
1851 5422 2061 5475 anima-

579 5545 626 5576 ⁸⁸
659 5545 860 5614 Ephes.
888 5565 936 5608 v,
973 5550 1064 5604 Ἦ.
1165 5551 1210 5581 ⁸³
1235 5551 1434 5606 Ezech.
1471 5569 1579 5606 xvr.

494 5614 577 5672 18.
652 5619 700 5649 ³⁵
739 5617 866 5672 ch.
900 5635 1032 5674 χχιιι
1059 5629 1114 5676 et
1138 5637 1288 5678 utv.
1380 5624 1425 5656 ”
1457 5624 1620 5678 llebr.
1655 5641 1772 5691 vnt,
1813 5625 1866 5680 5.

1677 5553 1722 5586 ⁹⁰
1747 5553 1886 5609 Cen.
1924 5571 1962 5614 ι.
1993 5555 2082 5609 26.

1677 5641 1772 5681 rut.
1813 5625 1866 5680 5.
1942 5627 1990 5658 ³⁸
2014 5627 2124 5681 ibid

2014 5644 2145 5681 ΙυΙα.

2161 5558 2203 5592 ⁰¹
2243 5556 2407 5612 Marc.
2451 5573 2523 5624 tv,
2572 5561 2657 5614 14.

2181 4603 2239 4649 ιιι
2273 4597 2462 4650 ardeat
2490 4597 2707 4651 lucerna
2756 4612 2970 4669 semper
3003 4607 3158 4654 extra
3190 4600 3372 4656 velum
3414 4601 3471 4655 in
3507 4600 3726 4653 taberna.

2179 4689 2306 4745 culo
2340 4690 2656 4756 testimonii,
2702 4701 2757 4746 et
2789 4694 3090 4748 accendent
3123 4693 3270 4747 illam
3312 4694 3500 4748 Aaron
3543 4702 3594 4748 et
3639 4691 3715 4745 lilii

2175 4781 2294 4852 ejus
2319 4799 2347 4836 a
2382 4798 2608 4852 vespere
2635 4799 2805 4853 usque
2841 4785 2894 4840 in
2927 4800 3088 4841 mane
3115 4795 3306 4840 contra
3341 4788 3628 4842 Dominum
3660 4785 3727 4836 in-

2175 4873 2514 4938 desinenter,
2531 4875 2832 4946 legitimum
2851 4877 3110 4934 aeteruale
3129 4877 3182 4932 iu
3207 4878 3505 4949 progenies
3519 4889 3723 4934 vestras.

2176 4964 2233 5019 In
2287 4966 2614 5022 candelabro
2649 4969 2850 5023 nmndo
2893 4970 3206 5025 accendetis
3251 4969 3512 5024 lucernas
3556 4980 3724 5025 contra

2173 5054 2458 5109 Dominum
2487 5071 2655 5127 usque
2687 5073 2860 5112 mane.
2889 5077 2908 5110 ι
2936 5059 3331 5115 Candelabrum
3367 5063 3624 5116 mundum
3651 5075 3729 5114 no-

2173 5147 2365 5213 ntiuat,
2396 5148 2646 5204 lucernas
2696 5151 2920 5206 accendi
2973 5169 3070 5223 per
3118 5155 3432 5224 pontiﬁcem
3479 5157 3649 5227 jubet,
3685 5166 3729 5209 et

2169 5251 2358 5294 earnm
2393 5239 2572 5294 lumen
2619 5242 2918 5297 ministrari
2962 5259 3030 5299 ex
3067 5245 3187 5300 oleo
3216 5247 3365 5316 quod
3398 5248 3561 5302 datur
3589 5263 3617 5300 a
3646 5261 3724 5316 po-

2173 5331 2302 5398 pulo
2338 5332 2615 5400 praecepit.
2667 5333 2856 5402 Itaque
2887 5335 2990 5389 nisi
3031 5336 3244 5391 dederit
3271 5337 3456 5391 oleum
3490 5337 3724 5406 populus.

2174 5424 2292 5478 sine
2321 5425 2486 5478 dubio
2517 5425 2900 5494 exstingnctur
2927 5427 3144 5484 lucerna
3165 5469 3180 5494 ,
3205 5438 3261 5483 et
3294 5444 3402 5486 non
3429 5431 3537 5484 erit
3571 5430 3725 5481 lumen

2782 5563 2827 5594 θ’
2848 5562 3024 5617 Galat.
3058 5580 3128 5626 Iv,
3158 5564 3244 5619 19.
3352 5565 3401 5597 ’³
3428 5566 3532 5620 lsa.
3593 5578 3727 5628 ιυι,

2223 5629 2266 5660 9⁷
2300 5627 2473 5684 chit.
2509 5646 2671 5693 xxiii.
2697 5632 2786 5687 Η.
2862 5635 2908 5665 ’3
2937 5633 3107 5692 Lciit.
3152 5652 3302 5702 utv,
3333 5635 3358 5688 1
3389 5650 3446 5691 et
3472 5651 3625 5707 seqq.

566 5730 679 5798 (99)
719 5732 876 5789 Libb.
923 5735 1076 5801 editi,
1118 5755 1135 5788 ι
1179 5737 1244 5791 de
1278 5738 1468 5793 diebus
1510 5737 1873 5806 solemnibus,
1913 5759 1932 5793 ι
1970 5741 2064 5796 sed
2099 5756 2228 5797 mss.
2269 5751 2328 5796 ut
2357 5743 2408 5799 in
2439 5754 2816 5802 nostrotextu.
