  <div class='ocr_page' id='page_1' title='image "/cluster/home/n/w/nwhite01/storage/ocr_20150623/12/hvd.32044019207638/276.png"; bbox 0 0 3876 6506; ppageno 0'>
   <div class='ocr_carea' id='block_1_1' title="bbox 148 399 2204 465">
    <p class='ocr_par' dir='ltr' id='par_1_1' title="bbox 148 399 2204 465">
     <span class='ocr_line' id='line_1_1' title="bbox 148 399 2204 465; baseline 0.003 -13"><span class='ocrx_word' id='word_1_1' title='bbox 148 406 230 465; x_wconf 68' lang='grc' dir='ltr'><strong>διδ</strong></span> <span class='ocrx_word' id='word_1_2' title='bbox 1226 399 1294 456; x_wconf 83' lang='grc' dir='ltr'>ΙΝ</span> <span class='ocrx_word' id='word_1_3' title='bbox 1336 401 1712 459; x_wconf 79' lang='lat' dir='ltr'><strong>LEVITICUM</strong></span> <span class='ocrx_word' id='word_1_4' title='bbox 1752 404 2033 461; x_wconf 74' lang='lat' dir='ltr'><strong>HOMILIA</strong></span> <span class='ocrx_word' id='word_1_5' title='bbox 2069 405 2204 461; x_wconf 72' lang='lat' dir='ltr'>XIII.</span> 
     </span>
    </p>
   </div>
   <div class='ocr_carea' id='block_1_2' title="bbox 3231 416 3339 476">
    <p class='ocr_par' dir='ltr' id='par_1_2' title="bbox 3231 416 3339 476">
     <span class='ocr_line' id='line_1_2' title="bbox 3231 416 3339 476; baseline 0.019 -3"><span class='ocrx_word' id='word_1_6' title='bbox 3231 416 3339 476; x_wconf 76' lang='grc'><strong>546</strong></span> 
     </span>
    </p>
   </div>
   <div class='ocr_carea' id='block_1_3' title="bbox 144 519 3337 610">
    <p class='ocr_par' dir='ltr' id='par_1_3' title="bbox 144 519 3337 610">
     <span class='ocr_line' id='line_1_3' title="bbox 144 519 3337 610; baseline 0.003 -24"><span class='ocrx_word' id='word_1_7' title='bbox 144 538 186 587; x_wconf 89' lang='lat' dir='ltr'><strong>in</strong></span> <span class='ocrx_word' id='word_1_8' title='bbox 209 522 406 583; x_wconf 77' lang='lat' dir='ltr'><strong>sanctis.</strong></span> <span class='ocrx_word' id='word_1_9' title='bbox 436 519 744 576; x_wconf 85' lang='lat' dir='ltr'><strong>Secundum</strong></span> <span class='ocrx_word' id='word_1_10' title='bbox 777 522 1012 578; x_wconf 91' lang='lat' dir='ltr'><strong>litteram</strong></span> <span class='ocrx_word' id='word_1_11' title='bbox 1036 538 1165 593; x_wconf 79' lang='lat' dir='ltr'><strong>ergo</strong></span> <span class='ocrx_word' id='word_1_12' title='bbox 1194 523 1307 579; x_wconf 74' lang='lat' dir='ltr'><strong>hzec</strong></span> <span class='ocrx_word' id='word_1_13' title='bbox 1327 536 1447 579; x_wconf 89' lang='lat' dir='ltr'><strong>erat</strong></span> <span class='ocrx_word' id='word_1_14' title='bbox 1469 540 1663 581; x_wconf 84' lang='lat' dir='ltr'><strong>conse-</strong></span> <span class='ocrx_word' id='word_1_15' title='bbox 1694 538 1733 590; x_wconf 79' lang='grc' dir='ltr'><strong>Α</strong></span> <span class='ocrx_word' id='word_1_16' title='bbox 1765 528 1873 581; x_wconf 87' lang='lat' dir='ltr'><strong>alio</strong></span> <span class='ocrx_word' id='word_1_17' title='bbox 1908 529 2024 581; x_wconf 87' lang='lat' dir='ltr'><strong>loco</strong></span> <span class='ocrx_word' id='word_1_18' title='bbox 2076 529 2284 581; x_wconf 71' lang='lat' dir='ltr'><strong>semita:</strong></span> <span class='ocrx_word' id='word_1_19' title='bbox 2314 536 2533 584; x_wconf 65' lang='lat' dir='ltr'><strong>aeternae</strong></span> <span class='ocrx_word' id='word_1_20' title='bbox 2595 533 2964 589; x_wconf 83' lang='lat' dir='ltr'><strong>nominantur.</strong></span> <span class='ocrx_word' id='word_1_21' title='bbox 3012 536 3150 605; x_wconf 84' lang='lat' dir='ltr'><strong>Quia</strong></span> <span class='ocrx_word' id='word_1_22' title='bbox 3201 553 3337 610; x_wconf 75' lang='lat' dir='ltr'><strong>ergo</strong></span> 
     </span>
    </p>
   </div>
   <div class='ocr_carea' id='block_1_4' title="bbox 140 615 1663 692">
    <p class='ocr_par' dir='ltr' id='par_1_4' title="bbox 140 615 1663 692">
     <span class='ocr_line' id='line_1_4' title="bbox 140 615 1663 692; baseline 0 -16"><span class='ocrx_word' id='word_1_23' title='bbox 140 620 357 692; x_wconf 80' lang='lat' dir='ltr'><strong>quentia,</strong></span> <span class='ocrx_word' id='word_1_24' title='bbox 392 623 444 668; x_wconf 92' lang='lat' dir='ltr'><strong>ut</strong></span> <span class='ocrx_word' id='word_1_25' title='bbox 475 615 749 670; x_wconf 89' lang='lat' dir='ltr'><strong>conferret</strong></span> <span class='ocrx_word' id='word_1_26' title='bbox 790 616 1020 684; x_wconf 88' lang='lat' dir='ltr'><strong>populus</strong></span> <span class='ocrx_word' id='word_1_27' title='bbox 1062 618 1239 672; x_wconf 87' lang='lat' dir='ltr'><strong>olemu</strong></span> <span class='ocrx_word' id='word_1_28' title='bbox 1282 619 1544 673; x_wconf 89' lang='lat' dir='ltr'><strong>tnundum</strong></span> <span class='ocrx_word' id='word_1_29' title='bbox 1594 622 1663 676; x_wconf 90' lang='lat' dir='ltr'><strong>de</strong></span> 
     </span>
    </p>
   </div>
   <div class='ocr_carea' id='block_1_5' title="bbox 136 710 1662 779">
    <p class='ocr_par' dir='ltr' id='par_1_5' title="bbox 136 710 1662 779">
     <span class='ocr_line' id='line_1_5' title="bbox 136 710 1662 779; baseline -0.003 -8"><span class='ocrx_word' id='word_1_30' title='bbox 136 714 266 771; x_wconf 84' lang='lat' dir='ltr'><strong>olivis</strong></span> <span class='ocrx_word' id='word_1_31' title='bbox 295 722 631 779; x_wconf 85' lang='lat' dir='ltr'><strong>expressum,</strong></span> <span class='ocrx_word' id='word_1_32' title='bbox 670 716 732 761; x_wconf 94' lang='lat' dir='ltr'><strong>ut</strong></span> <span class='ocrx_word' id='word_1_33' title='bbox 789 722 855 762; x_wconf 86' lang='lat' dir='ltr'><strong>ex</strong></span> <span class='ocrx_word' id='word_1_34' title='bbox 904 722 969 762; x_wconf 88' lang='lat' dir='ltr'><strong>eo</strong></span> <span class='ocrx_word' id='word_1_35' title='bbox 1020 710 1427 765; x_wconf 89' lang='lat' dir='ltr'><strong>ministraretur</strong></span> <span class='ocrx_word' id='word_1_36' title='bbox 1481 711 1662 770; x_wconf 82' lang='lat' dir='ltr'><strong>lumen</strong></span> 
     </span>
    </p>
   </div>
   <div class='ocr_carea' id='block_1_6' title="bbox 136 798 1659 873">
    <p class='ocr_par' dir='ltr' id='par_1_6' title="bbox 136 798 1659 873">
     <span class='ocr_line' id='line_1_6' title="bbox 136 798 1659 873; baseline -0.001 -13"><span class='ocrx_word' id='word_1_37' title='bbox 136 809 367 867; x_wconf 62' lang='lat' dir='ltr'><strong>lucernas;</strong></span> <span class='ocrx_word' id='word_1_38' title='bbox 401 807 453 854; x_wconf 88' lang='lat' dir='ltr'><strong>et</strong></span> <span class='ocrx_word' id='word_1_39' title='bbox 480 798 661 853; x_wconf 86' lang='lat' dir='ltr'><strong>Aaron</strong></span> <span class='ocrx_word' id='word_1_40' title='bbox 711 801 1043 855; x_wconf 85' lang='lat' dir='ltr'><strong>accendebat</strong></span> <span class='ocrx_word' id='word_1_41' title='bbox 1074 802 1324 857; x_wconf 86' lang='lat' dir='ltr'><strong>lucernas</strong></span> <span class='ocrx_word' id='word_1_42' title='bbox 1359 820 1387 856; x_wconf 89' lang='lat' dir='ltr'><strong>a</strong></span> <span class='ocrx_word' id='word_1_43' title='bbox 1436 819 1659 873; x_wconf 81' lang='lat' dir='ltr'><strong>vespera</strong></span> 
     </span>
    </p>
   </div>
   <div class='ocr_carea' id='block_1_7' title="bbox 133 890 1657 966">
    <p class='ocr_par' dir='ltr' id='par_1_7' title="bbox 133 890 1657 966">
     <span class='ocr_line' id='line_1_7' title="bbox 133 890 1657 966; baseline -0.002 -13"><span class='ocrx_word' id='word_1_44' title='bbox 133 911 276 966; x_wconf 85' lang='lat' dir='ltr'><strong>usque</strong></span> <span class='ocrx_word' id='word_1_45' title='bbox 308 906 480 954; x_wconf 80' lang='lat' dir='ltr'><strong>inane,</strong></span> <span class='ocrx_word' id='word_1_46' title='bbox 522 890 776 946; x_wconf 80' lang='lat' dir='ltr'><strong>fomentis</strong></span> <span class='ocrx_word' id='word_1_47' title='bbox 816 892 920 946; x_wconf 88' lang='lat' dir='ltr'><strong>olei</strong></span> <span class='ocrx_word' id='word_1_48' title='bbox 956 895 1100 961; x_wconf 88' lang='lat' dir='ltr'><strong>quod</strong></span> <span class='ocrx_word' id='word_1_49' title='bbox 1135 895 1442 949; x_wconf 78' lang='lat' dir='ltr'><strong>contulerat</strong></span> <span class='ocrx_word' id='word_1_50' title='bbox 1491 912 1657 966; x_wconf 84' lang='lat' dir='ltr'><strong>popu-</strong></span> 
     </span>
    </p>
   </div>
   <div class='ocr_carea' id='block_1_8' title="bbox 132 983 1489 1053">
    <p class='ocr_par' dir='ltr' id='par_1_8' title="bbox 132 983 1489 1053">
     <span class='ocr_line' id='line_1_8' title="bbox 132 983 1489 1053; baseline -0.006 -9"><span class='ocrx_word' id='word_1_51' title='bbox 132 993 217 1051; x_wconf 89' lang='lat' dir='ltr'><strong>lus,</strong></span> <span class='ocrx_word' id='word_1_52' title='bbox 247 984 414 1040; x_wconf 85' lang='lat' dir='ltr'><strong>lumini</strong></span> <span class='ocrx_word' id='word_1_53' title='bbox 441 983 692 1053; x_wconf 84' lang='lat' dir='ltr'><strong>pabulum</strong></span> <span class='ocrx_word' id='word_1_54' title='bbox 723 988 990 1053; x_wconf 64' lang='lat' dir='ltr'><strong>praebens.</strong></span> <span class='ocrx_word' id='word_1_55' title='bbox 1190 983 1201 989; x_wconf 83' lang='grc'><strong>’</strong></span> <span class='ocrx_word' id='word_1_56' title='bbox 1486 1008 1489 1009; x_wconf 52' lang='grc' dir='ltr'><em>ν</em></span> 
     </span>
    </p>
   </div>
   <div class='ocr_carea' id='block_1_9' title="bbox 184 1076 1657 1147">
    <p class='ocr_par' dir='ltr' id='par_1_9' title="bbox 184 1076 1657 1147">
     <span class='ocr_line' id='line_1_9' title="bbox 184 1076 1657 1147; baseline 0.001 -13"><span class='ocrx_word' id='word_1_57' title='bbox 184 1081 231 1135; x_wconf 72' lang='lat'><strong>2.</strong></span> <span class='ocrx_word' id='word_1_58' title='bbox 264 1077 442 1132; x_wconf 85' lang='lat' dir='ltr'><strong>Verum</strong></span> <span class='ocrx_word' id='word_1_59' title='bbox 484 1076 738 1144; x_wconf 88' lang='lat' dir='ltr'><strong>quoniam</strong></span> <span class='ocrx_word' id='word_1_60' title='bbox 782 1076 868 1131; x_wconf 91' lang='lat' dir='ltr'><strong>lex</strong></span> <span class='ocrx_word' id='word_1_61' title='bbox 900 1076 1163 1147; x_wconf 89' lang='lat' dir='ltr'><strong>spiritalis</strong></span> <span class='ocrx_word' id='word_1_62' title='bbox 1195 1089 1314 1142; x_wconf 86' lang='lat' dir='ltr'><strong>est,</strong></span> <span class='ocrx_word' id='word_1_63' title='bbox 1347 1091 1593 1147; x_wconf 89' lang='lat' dir='ltr'><strong>petamus</strong></span> <span class='ocrx_word' id='word_1_64' title='bbox 1626 1096 1657 1134; x_wconf 90' lang='lat' dir='ltr'><strong>a</strong></span> 
     </span>
    </p>
   </div>
   <div class='ocr_carea' id='block_1_10' title="bbox 131 1168 1657 1243">
    <p class='ocr_par' dir='ltr' id='par_1_10' title="bbox 131 1168 1657 1243">
     <span class='ocr_line' id='line_1_10' title="bbox 131 1168 1657 1243; baseline -0.002 -15"><span class='ocrx_word' id='word_1_65' title='bbox 131 1173 332 1228; x_wconf 87' lang='lat' dir='ltr'><strong>Domino</strong></span> <span class='ocrx_word' id='word_1_66' title='bbox 374 1168 440 1237; x_wconf 95' lang='lat' dir='ltr'><strong>(si</strong></span> <span class='ocrx_word' id='word_1_67' title='bbox 476 1178 660 1224; x_wconf 89' lang='lat' dir='ltr'><strong>tamen</strong></span> <span class='ocrx_word' id='word_1_68' title='bbox 698 1170 944 1223; x_wconf 76' lang='lat' dir='ltr'><strong>conversi</strong></span> <span class='ocrx_word' id='word_1_69' title='bbox 994 1185 1181 1224; x_wconf 91' lang='lat' dir='ltr'><strong>sumus</strong></span> <span class='ocrx_word' id='word_1_70' title='bbox 1232 1172 1299 1224; x_wconf 90' lang='lat' dir='ltr'><strong>ad</strong></span> <span class='ocrx_word' id='word_1_71' title='bbox 1352 1171 1657 1243; x_wconf 91' lang='lat' dir='ltr'><strong>Dominum)</strong></span> 
     </span>
    </p>
   </div>
   <div class='ocr_carea' id='block_1_11' title="bbox 124 1260 1656 1319">
    <p class='ocr_par' dir='ltr' id='par_1_11' title="bbox 124 1260 1656 1319">
     <span class='ocr_line' id='line_1_11' title="bbox 124 1260 1656 1319; baseline -0.001 0"><span class='ocrx_word' id='word_1_72' title='bbox 124 1263 301 1319; x_wconf 86' lang='lat' dir='ltr'><strong>auferri</strong></span> <span class='ocrx_word' id='word_1_73' title='bbox 352 1260 508 1314; x_wconf 92' lang='lat' dir='ltr'><strong>nobis</strong></span> <span class='ocrx_word' id='word_1_74' title='bbox 537 1260 788 1315; x_wconf 88' lang='lat' dir='ltr'><strong>velamen</strong></span> <span class='ocrx_word' id='word_1_75' title='bbox 826 1260 893 1315; x_wconf 90' lang='lat' dir='ltr'><strong>de</strong></span> <span class='ocrx_word' id='word_1_76' title='bbox 939 1260 1169 1316; x_wconf 89' lang='lat' dir='ltr'><strong>lectione</strong></span> <span class='ocrx_word' id='word_1_77' title='bbox 1206 1260 1422 1317; x_wconf 82' lang='lat' dir='ltr'><strong>Veteris</strong></span> <span class='ocrx_word' id='word_1_78' title='bbox 1465 1261 1656 1317; x_wconf 58' lang='lat' dir='ltr'><strong>Testa.</strong></span> 
     </span>
    </p>
   </div>
   <div class='ocr_carea' id='block_1_12' title="bbox 124 1351 1657 1423">
    <p class='ocr_par' dir='ltr' id='par_1_12' title="bbox 124 1351 1657 1423">
     <span class='ocr_line' id='line_1_12' title="bbox 124 1351 1657 1423; baseline 0.001 -13"><span class='ocrx_word' id='word_1_79' title='bbox 124 1357 289 1418; x_wconf 90' lang='lat' dir='ltr'><strong>menti,</strong></span> <span class='ocrx_word' id='word_1_80' title='bbox 323 1361 378 1404; x_wconf 91' lang='lat' dir='ltr'><strong>nt</strong></span> <span class='ocrx_word' id='word_1_81' title='bbox 408 1351 682 1419; x_wconf 88' lang='lat' dir='ltr'><strong>possimus</strong></span> <span class='ocrx_word' id='word_1_82' title='bbox 709 1352 990 1407; x_wconf 79' lang='lat' dir='ltr'><strong>advertere</strong></span> <span class='ocrx_word' id='word_1_83' title='bbox 1015 1368 1133 1423; x_wconf 69' lang='lat' dir='ltr'><strong>quae</strong></span> <span class='ocrx_word' id='word_1_84' title='bbox 1173 1353 1313 1408; x_wconf 84' lang='lat' dir='ltr'><strong>ratio</strong></span> <span class='ocrx_word' id='word_1_85' title='bbox 1340 1354 1409 1407; x_wconf 90' lang='lat' dir='ltr'><strong>sit</strong></span> <span class='ocrx_word' id='word_1_86' title='bbox 1455 1357 1657 1411; x_wconf 87' lang='lat' dir='ltr'><strong>cande-</strong></span> 
     </span>
    </p>
   </div>
   <div class='ocr_carea' id='block_1_13' title="bbox 118 1440 1656 1515">
    <p class='ocr_par' dir='ltr' id='par_1_13' title="bbox 118 1440 1656 1515">
     <span class='ocr_line' id='line_1_13' title="bbox 118 1440 1656 1515; baseline -0.001 -16"><span class='ocrx_word' id='word_1_87' title='bbox 118 1446 262 1511; x_wconf 80' lang='lat' dir='ltr'><strong>labri,</strong></span> <span class='ocrx_word' id='word_1_88' title='bbox 292 1442 367 1497; x_wconf 87' lang='lat' dir='ltr'><strong>vel</strong></span> <span class='ocrx_word' id='word_1_89' title='bbox 397 1442 739 1496; x_wconf 90' lang='lat' dir='ltr'><strong>lucernarum</strong></span> <span class='ocrx_word' id='word_1_90' title='bbox 766 1440 883 1510; x_wconf 84' lang='lat' dir='ltr'><strong>ejus</strong></span> <span class='ocrx_word' id='word_1_91' title='bbox 912 1444 1209 1498; x_wconf 90' lang='lat' dir='ltr'><strong>secundum</strong></span> <span class='ocrx_word' id='word_1_92' title='bbox 1246 1444 1656 1515; x_wconf 76' lang='lat' dir='ltr'><strong>intelligentiam</strong></span> 
     </span>
    </p>
   </div>
   <div class='ocr_carea' id='block_1_14' title="bbox 118 1532 1656 1607">
    <p class='ocr_par' dir='ltr' id='par_1_14' title="bbox 118 1532 1656 1607">
     <span class='ocr_line' id='line_1_14' title="bbox 118 1532 1656 1607; baseline -0.001 -17"><span class='ocrx_word' id='word_1_93' title='bbox 118 1536 405 1607; x_wconf 79' lang='lat' dir='ltr'><strong>spiritalem.</strong></span> <span class='ocrx_word' id='word_1_94' title='bbox 430 1533 573 1590; x_wconf 81' lang='lat' dir='ltr'><strong>Ante</strong></span> <span class='ocrx_word' id='word_1_95' title='bbox 595 1534 884 1588; x_wconf 88' lang='lat' dir='ltr'><strong>adventum</strong></span> <span class='ocrx_word' id='word_1_96' title='bbox 903 1532 1117 1589; x_wconf 88' lang='lat' dir='ltr'><strong>Domini</strong></span> <span class='ocrx_word' id='word_1_97' title='bbox 1147 1536 1250 1589; x_wconf 90' lang='lat' dir='ltr'><strong>mei</strong></span> <span class='ocrx_word' id='word_1_98' title='bbox 1268 1533 1395 1590; x_wconf 90' lang='lat' dir='ltr'><strong>Jesu</strong></span> <span class='ocrx_word' id='word_1_99' title='bbox 1424 1537 1656 1601; x_wconf 85' lang='lat' dir='ltr'><strong>Christi,</strong></span> 
     </span>
    </p>
   </div>
   <div class='ocr_carea' id='block_1_15' title="bbox 114 1623 1657 1695">
    <p class='ocr_par' dir='ltr' id='par_1_15' title="bbox 114 1623 1657 1695">
     <span class='ocr_line' id='line_1_15' title="bbox 114 1623 1657 1695; baseline 0.001 -13"><span class='ocrx_word' id='word_1_100' title='bbox 114 1630 184 1683; x_wconf 71' lang='lat' dir='ltr'><strong>sol</strong></span> <span class='ocrx_word' id='word_1_101' title='bbox 207 1642 300 1682; x_wconf 91' lang='lat' dir='ltr'><strong>non</strong></span> <span class='ocrx_word' id='word_1_102' title='bbox 327 1627 601 1680; x_wconf 85' lang='lat' dir='ltr'><strong>oriebatur</strong></span> <span class='ocrx_word' id='word_1_103' title='bbox 632 1623 826 1695; x_wconf 91' lang='lat' dir='ltr'><strong>populo</strong></span> <span class='ocrx_word' id='word_1_104' title='bbox 869 1625 1060 1690; x_wconf 85' lang='lat' dir='ltr'><strong>Israel,</strong></span> <span class='ocrx_word' id='word_1_105' title='bbox 1078 1628 1170 1681; x_wconf 89' lang='lat' dir='ltr'><strong>sed</strong></span> <span class='ocrx_word' id='word_1_106' title='bbox 1195 1626 1433 1683; x_wconf 66' lang='lat' dir='ltr'><strong>lucernae</strong></span> <span class='ocrx_word' id='word_1_107' title='bbox 1458 1629 1657 1684; x_wconf 86' lang='lat' dir='ltr'><strong>lumine</strong></span> 
     </span>
    </p>
   </div>
   <div class='ocr_carea' id='block_1_16' title="bbox 113 1719 1654 1792">
    <p class='ocr_par' dir='ltr' id='par_1_16' title="bbox 113 1719 1654 1792">
     <span class='ocr_line' id='line_1_16' title="bbox 113 1719 1654 1792; baseline 0 -16"><span class='ocrx_word' id='word_1_108' title='bbox 113 1726 354 1776; x_wconf 84' lang='lat' dir='ltr'><strong>utebatur.</strong></span> <span class='ocrx_word' id='word_1_109' title='bbox 387 1719 630 1773; x_wconf 88' lang='lat' dir='ltr'><strong>Lucerna</strong></span> <span class='ocrx_word' id='word_1_110' title='bbox 660 1721 804 1774; x_wconf 91' lang='lat' dir='ltr'><strong>enim</strong></span> <span class='ocrx_word' id='word_1_111' title='bbox 827 1728 945 1774; x_wconf 89' lang='lat' dir='ltr'><strong>erat</strong></span> <span class='ocrx_word' id='word_1_112' title='bbox 976 1720 1119 1790; x_wconf 89' lang='lat' dir='ltr'><strong>apud</strong></span> <span class='ocrx_word' id='word_1_113' title='bbox 1151 1734 1245 1775; x_wconf 91' lang='lat' dir='ltr'><strong>eos</strong></span> <span class='ocrx_word' id='word_1_114' title='bbox 1280 1738 1461 1776; x_wconf 91' lang='lat' dir='ltr'><strong>sermo</strong></span> <span class='ocrx_word' id='word_1_115' title='bbox 1498 1722 1654 1792; x_wconf 80' lang='lat' dir='ltr'><strong>legis,</strong></span> 
     </span>
    </p>
   </div>
   <div class='ocr_carea' id='block_1_17' title="bbox 108 1810 1657 1884">
    <p class='ocr_par' dir='ltr' id='par_1_17' title="bbox 108 1810 1657 1884">
     <span class='ocr_line' id='line_1_17' title="bbox 108 1810 1657 1884; baseline 0.002 -18"><span class='ocrx_word' id='word_1_116' title='bbox 108 1824 153 1866; x_wconf 80' lang='lat' dir='ltr'><strong>et</strong></span> <span class='ocrx_word' id='word_1_117' title='bbox 185 1824 355 1867; x_wconf 85' lang='lat' dir='ltr'><strong>sermo</strong></span> <span class='ocrx_word' id='word_1_118' title='bbox 382 1810 757 1879; x_wconf 82' lang='lat' dir='ltr'><strong>prOpheticus,</strong></span> <span class='ocrx_word' id='word_1_119' title='bbox 789 1811 930 1864; x_wconf 84' lang='lat' dir='ltr'><strong>intra</strong></span> <span class='ocrx_word' id='word_1_120' title='bbox 972 1821 1234 1881; x_wconf 85' lang='lat' dir='ltr'><strong>augustos</strong></span> <span class='ocrx_word' id='word_1_121' title='bbox 1281 1814 1533 1868; x_wconf 91' lang='lat' dir='ltr'><strong>conclusa</strong></span> <span class='ocrx_word' id='word_1_122' title='bbox 1560 1830 1657 1884; x_wconf 88' lang='lat' dir='ltr'><strong>pa-</strong></span> 
     </span>
    </p>
   </div>
   <div class='ocr_carea' id='block_1_18' title="bbox 1764 623 3336 693">
    <p class='ocr_par' dir='ltr' id='par_1_18' title="bbox 1764 623 3336 693">
     <span class='ocr_line' id='line_1_18' title="bbox 1764 623 3336 693; baseline 0.011 -17"><span class='ocrx_word' id='word_1_123' title='bbox 1764 623 2060 676; x_wconf 91' lang='lat' dir='ltr'><strong>secundum</strong></span> <span class='ocrx_word' id='word_1_124' title='bbox 2084 624 2377 691; x_wconf 85' lang='lat' dir='ltr'><strong>quamdam</strong></span> <span class='ocrx_word' id='word_1_125' title='bbox 2405 624 2691 693; x_wconf 83' lang='lat' dir='ltr'><strong>mysticam</strong></span> <span class='ocrx_word' id='word_1_126' title='bbox 2736 631 3000 683; x_wconf 89' lang='lat' dir='ltr'><strong>rationem</strong></span> <span class='ocrx_word' id='word_1_127' title='bbox 3047 633 3336 693; x_wconf 82' lang='lat' dir='ltr'><strong>inferiores</strong></span> 
     </span>
    </p>
   </div>
   <div class='ocr_carea' id='block_1_19' title="bbox 1764 716 3335 790">
    <p class='ocr_par' dir='ltr' id='par_1_19' title="bbox 1764 716 3335 790">
     <span class='ocr_line' id='line_1_19' title="bbox 1764 716 3335 790; baseline 0.01 -25"><span class='ocrx_word' id='word_1_128' title='bbox 1764 722 1947 783; x_wconf 91' lang='lat' dir='ltr'><strong>partes</strong></span> <span class='ocrx_word' id='word_1_129' title='bbox 1997 722 2270 768; x_wconf 68' lang='lat' dir='ltr'><strong>creaturae</strong></span> <span class='ocrx_word' id='word_1_130' title='bbox 2302 716 2538 769; x_wconf 90' lang='lat' dir='ltr'><strong>mundus</strong></span> <span class='ocrx_word' id='word_1_131' title='bbox 2581 717 2668 771; x_wconf 93' lang='lat' dir='ltr'><strong>hic</strong></span> <span class='ocrx_word' id='word_1_132' title='bbox 2709 717 3049 790; x_wconf 81' lang='lat' dir='ltr'><strong>intelligitur,</strong></span> <span class='ocrx_word' id='word_1_133' title='bbox 3091 724 3211 779; x_wconf 89' lang='lat' dir='ltr'><strong>ideo</strong></span> <span class='ocrx_word' id='word_1_134' title='bbox 3254 727 3335 781; x_wconf 90' lang='lat' dir='ltr'><strong>lu-</strong></span> 
     </span>
    </p>
   </div>
   <div class='ocr_carea' id='block_1_20' title="bbox 1762 804 3335 883">
    <p class='ocr_par' dir='ltr' id='par_1_20' title="bbox 1762 804 3335 883">
     <span class='ocr_line' id='line_1_20' title="bbox 1762 804 3335 883; baseline 0.009 -23"><span class='ocrx_word' id='word_1_135' title='bbox 1762 819 1927 861; x_wconf 88' lang='lat' dir='ltr'><strong>cerna</strong></span> <span class='ocrx_word' id='word_1_136' title='bbox 1964 804 2096 877; x_wconf 79' lang='lat' dir='ltr'><strong>legis</strong></span> <span class='ocrx_word' id='word_1_137' title='bbox 2128 806 2238 871; x_wconf 89' lang='lat' dir='ltr'><strong>his,</strong></span> <span class='ocrx_word' id='word_1_138' title='bbox 2265 807 2355 875; x_wconf 86' lang='lat' dir='ltr'><strong>qui</strong></span> <span class='ocrx_word' id='word_1_139' title='bbox 2414 808 2464 861; x_wconf 91' lang='lat' dir='ltr'><strong>in</strong></span> <span class='ocrx_word' id='word_1_140' title='bbox 2512 807 2615 862; x_wconf 90' lang='lat' dir='ltr'><strong>hoc</strong></span> <span class='ocrx_word' id='word_1_141' title='bbox 2651 811 2851 865; x_wconf 88' lang='lat' dir='ltr'><strong>mundo</strong></span> <span class='ocrx_word' id='word_1_142' title='bbox 2883 822 3137 883; x_wconf 88' lang='lat' dir='ltr'><strong>tauquam</strong></span> <span class='ocrx_word' id='word_1_143' title='bbox 3171 820 3335 874; x_wconf 88' lang='lat' dir='ltr'><strong>totius</strong></span> 
     </span>
    </p>
   </div>
   <div class='ocr_carea' id='block_1_21' title="bbox 1761 897 3332 965">
    <p class='ocr_par' dir='ltr' id='par_1_21' title="bbox 1761 897 3332 965">
     <span class='ocr_line' id='line_1_21' title="bbox 1761 897 3332 965; baseline 0.008 -15"><span class='ocrx_word' id='word_1_144' title='bbox 1761 905 2026 951; x_wconf 71' lang='lat' dir='ltr'><strong>creatura:</strong></span> <span class='ocrx_word' id='word_1_145' title='bbox 2066 897 2228 965; x_wconf 88' lang='lat' dir='ltr'><strong>pedes</strong></span> <span class='ocrx_word' id='word_1_146' title='bbox 2250 906 2396 960; x_wconf 90' lang='lat' dir='ltr'><strong>sunt,</strong></span> <span class='ocrx_word' id='word_1_147' title='bbox 2424 912 2654 953; x_wconf 85' lang='lat' dir='ltr'><strong>accensa</strong></span> <span class='ocrx_word' id='word_1_148' title='bbox 2684 914 3037 958; x_wconf 79' lang='lat' dir='ltr'><strong>memoratur.</strong></span> <span class='ocrx_word' id='word_1_149' title='bbox 3077 905 3189 962; x_wconf 85' lang='lat' dir='ltr'><strong>Lnx</strong></span> <span class='ocrx_word' id='word_1_150' title='bbox 3231 926 3332 963; x_wconf 79' lang='lat' dir='ltr'><strong>au-</strong></span> 
     </span>
    </p>
   </div>
   <div class='ocr_carea' id='block_1_22' title="bbox 1762 988 3332 1064">
    <p class='ocr_par' dir='ltr' id='par_1_22' title="bbox 1762 988 3332 1064">
     <span class='ocr_line' id='line_1_22' title="bbox 1762 988 3332 1064; baseline 0.01 -23"><span class='ocrx_word' id='word_1_151' title='bbox 1762 997 1869 1041; x_wconf 90' lang='lat' dir='ltr'><strong>tem</strong></span> <span class='ocrx_word' id='word_1_152' title='bbox 1916 997 2119 1041; x_wconf 72' lang='lat' dir='ltr'><strong>azterna</strong></span> <span class='ocrx_word' id='word_1_153' title='bbox 2162 988 2271 1041; x_wconf 85' lang='lat' dir='ltr'><strong>erit</strong></span> <span class='ocrx_word' id='word_1_154' title='bbox 2312 988 2419 1042; x_wconf 88' lang='lat' dir='ltr'><strong>illis</strong></span> <span class='ocrx_word' id='word_1_155' title='bbox 2456 990 2688 1052; x_wconf 88' lang='lat' dir='ltr'><strong>semitis,</strong></span> <span class='ocrx_word' id='word_1_156' title='bbox 2729 1006 2825 1060; x_wconf 90' lang='lat' dir='ltr'><strong>per</strong></span> <span class='ocrx_word' id='word_1_157' title='bbox 2871 1011 3007 1064; x_wconf 89' lang='lat' dir='ltr'><strong>quas</strong></span> <span class='ocrx_word' id='word_1_158' title='bbox 3044 1000 3094 1052; x_wconf 90' lang='lat' dir='ltr'><strong>in</strong></span> <span class='ocrx_word' id='word_1_159' title='bbox 3153 1002 3332 1057; x_wconf 84' lang='lat' dir='ltr'><strong>futuro</strong></span> 
     </span>
    </p>
   </div>
   <div class='ocr_carea' id='block_1_23' title="bbox 1760 1078 3331 1161">
    <p class='ocr_par' dir='ltr' id='par_1_23' title="bbox 1760 1078 3331 1161">
     <span class='ocr_line' id='line_1_23' title="bbox 1760 1078 3331 1161; baseline 0.013 -28"><span class='ocrx_word' id='word_1_160' title='bbox 1760 1078 1957 1134; x_wconf 65' lang='lat' dir='ltr'><strong>saeculo</strong></span> <span class='ocrx_word' id='word_1_161' title='bbox 1980 1081 2353 1149; x_wconf 79' lang='lat' dir='ltr'><strong>unusquisque</strong></span> <span class='ocrx_word' id='word_1_162' title='bbox 2392 1094 2491 1148; x_wconf 88' lang='lat' dir='ltr'><strong>pro</strong></span> <span class='ocrx_word' id='word_1_163' title='bbox 2523 1084 2732 1161; x_wconf 83' lang='lat' dir='ltr'><strong>meritis</strong></span> <span class='ocrx_word' id='word_1_164' title='bbox 2763 1086 2995 1142; x_wconf 90' lang='lat' dir='ltr'><strong>incedet.</strong></span> <span class='ocrx_word' id='word_1_165' title='bbox 3019 1091 3123 1146; x_wconf 87' lang='lat' dir='ltr'><strong>Sed</strong></span> <span class='ocrx_word' id='word_1_166' title='bbox 3154 1095 3220 1148; x_wconf 90' lang='lat' dir='ltr'><strong>de</strong></span> <span class='ocrx_word' id='word_1_167' title='bbox 3245 1098 3331 1153; x_wconf 75' lang='lat' dir='ltr'><strong>his</strong></span> 
     </span>
    </p>
   </div>
   <div class='ocr_carea' id='block_1_24' title="bbox 1762 1170 3326 1246">
    <p class='ocr_par' dir='ltr' id='par_1_24' title="bbox 1762 1170 3326 1246">
     <span class='ocr_line' id='line_1_24' title="bbox 1762 1170 3326 1246; baseline 0.013 -22"><span class='ocrx_word' id='word_1_168' title='bbox 1762 1173 1814 1224; x_wconf 92' lang='lat' dir='ltr'><strong>in</strong></span> <span class='ocrx_word' id='word_1_169' title='bbox 1844 1186 1944 1226; x_wconf 89' lang='lat' dir='ltr'><strong>suo</strong></span> <span class='ocrx_word' id='word_1_170' title='bbox 1976 1171 2098 1226; x_wconf 91' lang='lat' dir='ltr'><strong>loco</strong></span> <span class='ocrx_word' id='word_1_171' title='bbox 2128 1170 2467 1229; x_wconf 78' lang='lat' dir='ltr'><strong>sufﬁcienter</strong></span> <span class='ocrx_word' id='word_1_172' title='bbox 2505 1190 2602 1246; x_wconf 91' lang='lat' dir='ltr'><strong>pro</strong></span> <span class='ocrx_word' id='word_1_173' title='bbox 2648 1180 2849 1233; x_wconf 85' lang='lat' dir='ltr'><strong>nostris</strong></span> <span class='ocrx_word' id='word_1_174' title='bbox 2882 1183 3088 1239; x_wconf 90' lang='lat' dir='ltr'><strong>viribus</strong></span> <span class='ocrx_word' id='word_1_175' title='bbox 3127 1188 3326 1243; x_wconf 88' lang='lat' dir='ltr'><strong>dictum</strong></span> 
     </span>
    </p>
   </div>
   <div class='ocr_carea' id='block_1_25' title="bbox 1758 1260 3328 1347">
    <p class='ocr_par' dir='ltr' id='par_1_25' title="bbox 1758 1260 3328 1347">
     <span class='ocr_line' id='line_1_25' title="bbox 1758 1260 3328 1347; baseline 0.012 -32"><span class='ocrx_word' id='word_1_176' title='bbox 1758 1269 1863 1315; x_wconf 89' lang='lat' dir='ltr'><strong>est.</strong></span> <span class='ocrx_word' id='word_1_177' title='bbox 1899 1260 2057 1316; x_wconf 84' lang='lat' dir='ltr'><strong>Nunc</strong></span> <span class='ocrx_word' id='word_1_178' title='bbox 2082 1278 2212 1332; x_wconf 81' lang='lat' dir='ltr'><strong>ergo</strong></span> <span class='ocrx_word' id='word_1_179' title='bbox 2257 1264 2512 1331; x_wconf 88' lang='lat' dir='ltr'><strong>quoniam</strong></span> <span class='ocrx_word' id='word_1_180' title='bbox 2542 1280 2767 1335; x_wconf 90' lang='lat' dir='ltr'><strong>vespera</strong></span> <span class='ocrx_word' id='word_1_181' title='bbox 2804 1279 2887 1324; x_wconf 92' lang='lat' dir='ltr'><strong>est</strong></span> <span class='ocrx_word' id='word_1_182' title='bbox 2936 1280 2990 1324; x_wconf 90' lang='lat' dir='ltr'><strong>et</strong></span> <span class='ocrx_word' id='word_1_183' title='bbox 3019 1289 3122 1329; x_wconf 84' lang='lat' dir='ltr'><strong>nox</strong></span> <span class='ocrx_word' id='word_1_184' title='bbox 3159 1293 3328 1347; x_wconf 89' lang='lat' dir='ltr'><strong>usque</strong></span> 
     </span>
    </p>
   </div>
   <div class='ocr_carea' id='block_1_26' title="bbox 1758 1351 3329 1431">
    <p class='ocr_par' dir='ltr' id='par_1_26' title="bbox 1758 1351 3329 1431">
     <span class='ocr_line' id='line_1_26' title="bbox 1758 1351 3329 1431; baseline 0.014 -27"><span class='ocrx_word' id='word_1_185' title='bbox 1758 1351 1825 1405; x_wconf 91' lang='lat' dir='ltr'><strong>ad</strong></span> <span class='ocrx_word' id='word_1_186' title='bbox 1852 1356 2375 1409; x_wconf 87' lang='lat' dir='ltr'><strong>consummationem</strong></span> <span class='ocrx_word' id='word_1_187' title='bbox 2405 1357 2612 1421; x_wconf 68' lang='lat' dir='ltr'><strong>saeculi,</strong></span> <span class='ocrx_word' id='word_1_188' title='bbox 2644 1367 2698 1413; x_wconf 91' lang='lat' dir='ltr'><strong>et</strong></span> <span class='ocrx_word' id='word_1_189' title='bbox 2721 1375 3002 1431; x_wconf 88' lang='lat' dir='ltr'><strong>usquequo</strong></span> <span class='ocrx_word' id='word_1_190' title='bbox 3027 1381 3194 1424; x_wconf 91' lang='lat' dir='ltr'><strong>novus</strong></span> <span class='ocrx_word' id='word_1_191' title='bbox 3210 1372 3329 1426; x_wconf 88' lang='lat' dir='ltr'><strong>dies</strong></span> 
     </span>
    </p>
   </div>
   <div class='ocr_carea' id='block_1_27' title="bbox 1760 1444 3327 1524">
    <p class='ocr_par' dir='ltr' id='par_1_27' title="bbox 1760 1444 3327 1524">
     <span class='ocr_line' id='line_1_27' title="bbox 1760 1444 3327 1524; baseline 0.012 -27"><span class='ocrx_word' id='word_1_192' title='bbox 1760 1444 1921 1499; x_wconf 83' lang='lat' dir='ltr'><strong>futuri</strong></span> <span class='ocrx_word' id='word_1_193' title='bbox 1956 1446 2138 1500; x_wconf 60' lang='lat' dir='ltr'><strong>saeculi</strong></span> <span class='ocrx_word' id='word_1_194' title='bbox 2167 1458 2221 1501; x_wconf 90' lang='lat' dir='ltr'><strong>et</strong></span> <span class='ocrx_word' id='word_1_195' title='bbox 2255 1463 2406 1501; x_wconf 61' lang='lat' dir='ltr'><strong>novae</strong></span> <span class='ocrx_word' id='word_1_196' title='bbox 2438 1450 2577 1505; x_wconf 90' lang='lat' dir='ltr'><strong>lucis</strong></span> <span class='ocrx_word' id='word_1_197' title='bbox 2603 1453 2880 1524; x_wconf 73' lang='lat' dir='ltr'><strong>eil’ulgeat,</strong></span> <span class='ocrx_word' id='word_1_198' title='bbox 2911 1458 3065 1512; x_wconf 85' lang='lat' dir='ltr'><strong>ardet</strong></span> <span class='ocrx_word' id='word_1_199' title='bbox 3111 1462 3327 1515; x_wconf 90' lang='lat' dir='ltr'><strong>unicui-</strong></span> 
     </span>
    </p>
   </div>
   <div class='ocr_carea' id='block_1_28' title="bbox 1757 1537 3325 1618">
    <p class='ocr_par' dir='ltr' id='par_1_28' title="bbox 1757 1537 3325 1618">
     <span class='ocr_line' id='line_1_28' title="bbox 1757 1537 3325 1618; baseline 0.015 -33"><span class='ocrx_word' id='word_1_200' title='bbox 1757 1550 1863 1603; x_wconf 86' lang='lat' dir='ltr'><strong>que</strong></span> <span class='ocrx_word' id='word_1_201' title='bbox 1910 1548 2160 1590; x_wconf 87' lang='lat' dir='ltr'><strong>nostrum</strong></span> <span class='ocrx_word' id='word_1_202' title='bbox 2220 1537 2441 1593; x_wconf 88' lang='lat' dir='ltr'><strong>lucerna</strong></span> <span class='ocrx_word' id='word_1_203' title='bbox 2494 1542 2631 1607; x_wconf 73' lang='lat' dir='ltr'><strong>haec,</strong></span> <span class='ocrx_word' id='word_1_204' title='bbox 2674 1543 2942 1601; x_wconf 88' lang='lat' dir='ltr'><strong>intantnm</strong></span> <span class='ocrx_word' id='word_1_205' title='bbox 2989 1550 3325 1618; x_wconf 91' lang='lat' dir='ltr'><strong>splendorem</strong></span> 
     </span>
    </p>
   </div>
   <div class='ocr_carea' id='block_1_29' title="bbox 1756 1626 3325 1715">
    <p class='ocr_par' dir='ltr' id='par_1_29' title="bbox 1756 1626 3325 1715">
     <span class='ocr_line' id='line_1_29' title="bbox 1756 1626 3325 1715; baseline 0.015 -36"><span class='ocrx_word' id='word_1_206' title='bbox 1756 1626 1975 1682; x_wconf 90' lang='lat' dir='ltr'><strong>luminis</strong></span> <span class='ocrx_word' id='word_1_207' title='bbox 2010 1630 2279 1698; x_wconf 67' lang='lat' dir='ltr'><strong>praebens,</strong></span> <span class='ocrx_word' id='word_1_208' title='bbox 2303 1642 2560 1700; x_wconf 88' lang='lat' dir='ltr'><strong>quantum</strong></span> <span class='ocrx_word' id='word_1_209' title='bbox 2601 1636 2705 1689; x_wconf 91' lang='lat' dir='ltr'><strong>olei</strong></span> <span class='ocrx_word' id='word_1_210' title='bbox 2742 1639 2894 1707; x_wconf 90' lang='lat' dir='ltr'><strong>copia</strong></span> <span class='ocrx_word' id='word_1_211' title='bbox 2921 1640 3167 1699; x_wconf 87' lang='lat' dir='ltr'><strong>ubertate</strong></span> <span class='ocrx_word' id='word_1_212' title='bbox 3194 1660 3325 1715; x_wconf 63' lang='grc' dir='ltr'><strong>ορδε-</strong></span> 
     </span>
    </p>
   </div>
   <div class='ocr_carea' id='block_1_30' title="bbox 1757 1721 3323 1805">
    <p class='ocr_par' dir='ltr' id='par_1_30' title="bbox 1757 1721 3323 1805">
     <span class='ocr_line' id='line_1_30' title="bbox 1757 1721 3323 1805; baseline 0.013 -33"><span class='ocrx_word' id='word_1_213' title='bbox 1757 1721 2066 1795; x_wconf 70' lang='lat' dir='ltr'><strong>ruml’uerit</strong></span> <span class='ocrx_word' id='word_1_214' title='bbox 2109 1722 2446 1779; x_wconf 82' lang='lat' dir='ltr'><strong>ministrata.</strong></span> <span class='ocrx_word' id='word_1_215' title='bbox 2492 1726 2735 1797; x_wconf 87' lang='lat' dir='ltr'><strong>Denique</strong></span> <span class='ocrx_word' id='word_1_216' title='bbox 2775 1739 2830 1783; x_wconf 90' lang='lat' dir='ltr'><strong>et</strong></span> <span class='ocrx_word' id='word_1_217' title='bbox 2872 1730 2974 1788; x_wconf 90' lang='lat' dir='ltr'><strong>Job</strong></span> <span class='ocrx_word' id='word_1_218' title='bbox 3008 1734 3059 1788; x_wconf 91' lang='lat' dir='ltr'><strong>in</strong></span> <span class='ocrx_word' id='word_1_219' title='bbox 3092 1738 3323 1805; x_wconf 88' lang='lat' dir='ltr'><strong>quodam</strong></span> 
     </span>
    </p>
   </div>
   <div class='ocr_carea' id='block_1_31' title="bbox 1756 1809 3327 1892">
    <p class='ocr_par' dir='ltr' id='par_1_31' title="bbox 1756 1809 3327 1892">
     <span class='ocr_line' id='line_1_31' title="bbox 1756 1809 3327 1892; baseline 0.014 -29"><span class='ocrx_word' id='word_1_220' title='bbox 1756 1809 1893 1874; x_wconf 91' lang='lat' dir='ltr'><strong>loco,</strong></span> <span class='ocrx_word' id='word_1_221' title='bbox 1922 1827 2043 1865; x_wconf 90' lang='lat' dir='ltr'><strong>cum</strong></span> <span class='ocrx_word' id='word_1_222' title='bbox 2070 1812 2211 1867; x_wconf 89' lang='lat' dir='ltr'><strong>bona</strong></span> <span class='ocrx_word' id='word_1_223' title='bbox 2244 1830 2468 1884; x_wconf 91' lang='lat' dir='ltr'><strong>operum</strong></span> <span class='ocrx_word' id='word_1_224' title='bbox 2513 1834 2734 1874; x_wconf 87' lang='lat' dir='ltr'><strong>suorum</strong></span> <span class='ocrx_word' id='word_1_225' title='bbox 2768 1836 3083 1892; x_wconf 77' lang='lat' dir='ltr'><strong>exponeret,</strong></span> <span class='ocrx_word' id='word_1_226' title='bbox 3120 1831 3327 1885; x_wconf 87' lang='lat' dir='ltr'><strong>addidit</strong></span> 
     </span>
    </p>
   </div>
   <div class='ocr_carea' id='block_1_32' title="bbox 109 1892 3329 1982">
    <p class='ocr_par' dir='ltr' id='par_1_32' title="bbox 109 1892 3329 1982">
     <span class='ocr_line' id='line_1_32' title="bbox 109 1892 3329 1982; baseline 0.012 -50"><span class='ocrx_word' id='word_1_227' title='bbox 109 1907 280 1968; x_wconf 50' lang='lat' dir='ltr'><strong>rietes,</strong></span> <span class='ocrx_word' id='word_1_228' title='bbox 317 1917 435 1972; x_wconf 57' lang='lat' dir='ltr'><strong>qua,</strong></span> <span class='ocrx_word' id='word_1_229' title='bbox 483 1918 591 1957; x_wconf 79' lang='grc' dir='ltr'><strong>ηοη</strong></span> <span class='ocrx_word' id='word_1_230' title='bbox 644 1909 864 1972; x_wconf 56' lang='lat' dir='ltr'><strong>potem</strong></span> <span class='ocrx_word' id='word_1_231' title='bbox 907 1901 963 1956; x_wconf 78' lang='grc' dir='ltr'><strong>ίη</strong></span> <span class='ocrx_word' id='word_1_232' title='bbox 1014 1902 1201 1957; x_wconf 64' lang='lat' dir='ltr'><strong>orbem</strong></span> <span class='ocrx_word' id='word_1_233' title='bbox 1253 1912 1413 1960; x_wconf 65' lang='grc' dir='ltr'>ιεηιω</span> <span class='ocrx_word' id='word_1_234' title='bbox 1473 1904 1653 1961; x_wconf 75' lang='lat' dir='ltr'><strong>lumen</strong></span> <span class='ocrx_word' id='word_1_235' title='bbox 1686 1892 1728 1947; x_wconf 87' lang='grc' dir='ltr'><strong>Β</strong></span> <span class='ocrx_word' id='word_1_236' title='bbox 1756 1902 1920 1955; x_wconf 90' lang='lat' dir='ltr'><strong>etiam</strong></span> <span class='ocrx_word' id='word_1_237' title='bbox 1949 1902 2053 1957; x_wconf 92' lang='lat' dir='ltr'><strong>hoc</strong></span> <span class='ocrx_word' id='word_1_238' title='bbox 2076 1903 2097 1934; x_wconf 80' lang='grc'>⁸</span> <span class='ocrx_word' id='word_1_239' title='bbox 2128 1920 2140 1956; x_wconf 92' lang='lat'><strong>:</strong></span> <span class='ocrx_word' id='word_1_240' title='bbox 2181 1922 2197 1955; x_wconf 76' lang='grc' dir='ltr'>ί</span> <span class='ocrx_word' id='word_1_241' title='bbox 2226 1904 2359 1959; x_wconf 90' lang='lat' dir='ltr'><strong>Cum</strong></span> <span class='ocrx_word' id='word_1_242' title='bbox 2398 1907 2729 1977; x_wconf 89' lang='lat' dir='ltr'><strong>splenderet,</strong></span> <span class='ocrx_word' id='word_1_243' title='bbox 2758 1911 2955 1982; x_wconf 89' lang='lat' dir='ltr'><strong>inquit,</strong></span> <span class='ocrx_word' id='word_1_244' title='bbox 2985 1914 3201 1971; x_wconf 81' lang='lat' dir='ltr'><strong>lucerna</strong></span> <span class='ocrx_word' id='word_1_245' title='bbox 3236 1934 3329 1973; x_wconf 89' lang='lat' dir='ltr'><strong>su-</strong></span> 
     </span>
    </p>
   </div>
   <div class='ocr_carea' id='block_1_33' title="bbox 103 1992 1657 2063">
    <p class='ocr_par' dir='ltr' id='par_1_33' title="bbox 103 1992 1657 2063">
     <span class='ocr_line' id='line_1_33' title="bbox 103 1992 1657 2063; baseline 0.003 -14"><span class='ocrx_word' id='word_1_246' title='bbox 103 1994 378 2049; x_wconf 83' lang='lat' dir='ltr'><strong>cil‘undere.</strong></span> <span class='ocrx_word' id='word_1_247' title='bbox 433 1993 584 2046; x_wconf 91' lang='lat' dir='ltr'><strong>Intra</strong></span> <span class='ocrx_word' id='word_1_248' title='bbox 636 1992 883 2047; x_wconf 71' lang='lat' dir='ltr'><strong>Judaeam</strong></span> <span class='ocrx_word' id='word_1_249' title='bbox 938 2008 1176 2063; x_wconf 87' lang='lat' dir='ltr'><strong>namque</strong></span> <span class='ocrx_word' id='word_1_250' title='bbox 1234 1996 1657 2053; x_wconf 86' lang='lat' dir='ltr'><strong>concludebatnr</strong></span> 
     </span>
    </p>
   </div>
   <div class='ocr_carea' id='block_1_34' title="bbox 103 2085 1654 2156">
    <p class='ocr_par' dir='ltr' id='par_1_34' title="bbox 103 2085 1654 2156">
     <span class='ocr_line' id='line_1_34' title="bbox 103 2085 1654 2156; baseline 0.003 -16"><span class='ocrx_word' id='word_1_251' title='bbox 103 2088 308 2140; x_wconf 72' lang='lat' dir='ltr'><strong>scientia</strong></span> <span class='ocrx_word' id='word_1_252' title='bbox 336 2085 450 2149; x_wconf 90' lang='lat' dir='ltr'><strong>Dei,</strong></span> <span class='ocrx_word' id='word_1_253' title='bbox 485 2087 625 2140; x_wconf 88' lang='lat' dir='ltr'><strong>sicut</strong></span> <span class='ocrx_word' id='word_1_254' title='bbox 650 2096 704 2141; x_wconf 88' lang='lat' dir='ltr'><strong>et</strong></span> <span class='ocrx_word' id='word_1_255' title='bbox 745 2087 1013 2156; x_wconf 88' lang='lat' dir='ltr'><strong>Propheta</strong></span> <span class='ocrx_word' id='word_1_256' title='bbox 1050 2086 1246 2141; x_wconf 77' lang='lat' dir='ltr'><strong>dicit”</strong></span> <span class='ocrx_word' id='word_1_257' title='bbox 1283 2106 1297 2142; x_wconf 89' lang='lat'>:</span> <span class='ocrx_word' id='word_1_258' title='bbox 1328 2107 1345 2140; x_wconf 78' lang='grc' dir='ltr'>ι</span> <span class='ocrx_word' id='word_1_259' title='bbox 1380 2088 1551 2145; x_wconf 88' lang='lat' dir='ltr'><strong>Notus</strong></span> <span class='ocrx_word' id='word_1_260' title='bbox 1600 2095 1654 2145; x_wconf 91' lang='lat' dir='ltr'><strong>in</strong></span> 
     </span>
    </p>
   </div>
   <div class='ocr_carea' id='block_1_35' title="bbox 101 2178 1655 2253">
    <p class='ocr_par' dir='ltr' id='par_1_35' title="bbox 101 2178 1655 2253">
     <span class='ocr_line' id='line_1_35' title="bbox 101 2178 1655 2253; baseline 0.005 -18"><span class='ocrx_word' id='word_1_261' title='bbox 101 2180 264 2235; x_wconf 64' lang='lat' dir='ltr'><strong>Jutltea</strong></span> <span class='ocrx_word' id='word_1_262' title='bbox 304 2181 463 2234; x_wconf 84' lang='lat' dir='ltr'><strong>Deus.</strong></span> <span class='ocrx_word' id='word_1_263' title='bbox 504 2197 524 2231; x_wconf 72' lang='grc' dir='ltr'><strong><em>ι</em></strong></span> <span class='ocrx_word' id='word_1_264' title='bbox 559 2178 659 2234; x_wconf 90' lang='lat' dir='ltr'><strong>Ubi</strong></span> <span class='ocrx_word' id='word_1_265' title='bbox 692 2194 819 2235; x_wconf 78' lang='lat' dir='ltr'><strong>vero</strong></span> <span class='ocrx_word' id='word_1_266' title='bbox 852 2193 1077 2238; x_wconf 80' lang='lat' dir='ltr'><strong>exortus</strong></span> <span class='ocrx_word' id='word_1_267' title='bbox 1099 2194 1183 2240; x_wconf 91' lang='lat' dir='ltr'><strong>est</strong></span> <span class='ocrx_word' id='word_1_268' title='bbox 1204 2186 1282 2239; x_wconf 93' lang='lat' dir='ltr'><strong>sol</strong></span> <span class='ocrx_word' id='word_1_269' title='bbox 1304 2184 1655 2253; x_wconf 79' lang='lat' dir='ltr'><strong>justitize‘Do-</strong></span> 
     </span>
    </p>
   </div>
   <div class='ocr_carea' id='block_1_36' title="bbox 100 2272 1654 2349">
    <p class='ocr_par' dir='ltr' id='par_1_36' title="bbox 100 2272 1654 2349">
     <span class='ocr_line' id='line_1_36' title="bbox 100 2272 1654 2349; baseline 0.006 -24"><span class='ocrx_word' id='word_1_270' title='bbox 100 2274 261 2325; x_wconf 82' lang='lat' dir='ltr'><strong>minus</strong></span> <span class='ocrx_word' id='word_1_271' title='bbox 303 2280 357 2327; x_wconf 91' lang='lat' dir='ltr'><strong>et</strong></span> <span class='ocrx_word' id='word_1_272' title='bbox 395 2272 648 2327; x_wconf 81' lang='lat' dir='ltr'><strong>Salvator</strong></span> <span class='ocrx_word' id='word_1_273' title='bbox 678 2283 886 2339; x_wconf 86' lang='lat' dir='ltr'><strong>noster,</strong></span> <span class='ocrx_word' id='word_1_274' title='bbox 926 2284 980 2329; x_wconf 89' lang='lat' dir='ltr'><strong>et</strong></span> <span class='ocrx_word' id='word_1_275' title='bbox 1025 2287 1186 2332; x_wconf 91' lang='lat' dir='ltr'><strong>natus</strong></span> <span class='ocrx_word' id='word_1_276' title='bbox 1222 2286 1307 2332; x_wconf 88' lang='lat' dir='ltr'><strong>est</strong></span> <span class='ocrx_word' id='word_1_277' title='bbox 1334 2279 1418 2333; x_wconf 89' lang='lat' dir='ltr'><strong>vir</strong></span> <span class='ocrx_word' id='word_1_278' title='bbox 1448 2280 1515 2334; x_wconf 91' lang='lat' dir='ltr'><strong>de</strong></span> <span class='ocrx_word' id='word_1_279' title='bbox 1545 2294 1654 2349; x_wconf 93' lang='lat' dir='ltr'><strong>quo</strong></span> 
     </span>
    </p>
   </div>
   <div class='ocr_carea' id='block_1_37' title="bbox 98 2364 1647 2437">
    <p class='ocr_par' dir='ltr' id='par_1_37' title="bbox 98 2364 1647 2437">
     <span class='ocr_line' id='line_1_37' title="bbox 98 2364 1647 2437; baseline 0.006 -20"><span class='ocrx_word' id='word_1_280' title='bbox 98 2366 337 2433; x_wconf 79' lang='lat' dir='ltr'><strong>scriptum</strong></span> <span class='ocrx_word' id='word_1_281' title='bbox 362 2372 447 2417; x_wconf 88' lang='lat' dir='ltr'><strong>est</strong></span> <span class='ocrx_word' id='word_1_282' title='bbox 475 2364 494 2394; x_wconf 81' lang='grc'>¹</span> <span class='ocrx_word' id='word_1_283' title='bbox 527 2386 539 2419; x_wconf 76' lang='grc' dir='ltr'>ε</span> <span class='ocrx_word' id='word_1_284' title='bbox 578 2382 597 2416; x_wconf 77' lang='grc' dir='ltr'>ι</span> <span class='ocrx_word' id='word_1_285' title='bbox 631 2365 775 2420; x_wconf 82' lang='lat' dir='ltr'><strong>Ecce</strong></span> <span class='ocrx_word' id='word_1_286' title='bbox 799 2364 903 2435; x_wconf 88' lang='lat' dir='ltr'><strong>vir,</strong></span> <span class='ocrx_word' id='word_1_287' title='bbox 942 2364 1138 2422; x_wconf 88' lang='lat' dir='ltr'><strong>Oriens</strong></span> <span class='ocrx_word' id='word_1_288' title='bbox 1172 2384 1365 2424; x_wconf 85' lang='lat' dir='ltr'><strong>nomen</strong></span> <span class='ocrx_word' id='word_1_289' title='bbox 1395 2381 1480 2425; x_wconf 86' lang='lat' dir='ltr'><strong>est</strong></span> <span class='ocrx_word' id='word_1_290' title='bbox 1504 2372 1588 2437; x_wconf 89' lang='lat' dir='ltr'><strong>ei;</strong></span> <span class='ocrx_word' id='word_1_291' title='bbox 1628 2392 1647 2425; x_wconf 75' lang='grc' dir='ltr'><strong><em>ι</em></strong></span> 
     </span>
    </p>
   </div>
   <div class='ocr_carea' id='block_1_38' title="bbox 95 2457 1653 2523">
    <p class='ocr_par' dir='ltr' id='par_1_38' title="bbox 95 2457 1653 2523">
     <span class='ocr_line' id='line_1_38' title="bbox 95 2457 1653 2523; baseline 0.007 -15"><span class='ocrx_word' id='word_1_292' title='bbox 95 2472 181 2523; x_wconf 86' lang='lat' dir='ltr'><strong>per</strong></span> <span class='ocrx_word' id='word_1_293' title='bbox 218 2457 535 2511; x_wconf 84' lang='lat' dir='ltr'><strong>universum</strong></span> <span class='ocrx_word' id='word_1_294' title='bbox 583 2459 844 2513; x_wconf 92' lang='lat' dir='ltr'><strong>mundum</strong></span> <span class='ocrx_word' id='word_1_295' title='bbox 891 2460 1135 2517; x_wconf 63' lang='lat' dir='ltr'><strong>scientiae</strong></span> <span class='ocrx_word' id='word_1_296' title='bbox 1169 2461 1262 2517; x_wconf 87' lang='lat' dir='ltr'><strong>Dei</strong></span> <span class='ocrx_word' id='word_1_297' title='bbox 1294 2464 1476 2520; x_wconf 92' lang='lat' dir='ltr'><strong>lumen</strong></span> <span class='ocrx_word' id='word_1_298' title='bbox 1517 2465 1653 2519; x_wconf 71' lang='lat' dir='ltr'><strong>etfu-</strong></span> 
     </span>
    </p>
   </div>
   <div class='ocr_carea' id='block_1_39' title="bbox 94 2548 1653 2624">
    <p class='ocr_par' dir='ltr' id='par_1_39' title="bbox 94 2548 1653 2624">
     <span class='ocr_line' id='line_1_39' title="bbox 94 2548 1653 2624; baseline 0.009 -26"><span class='ocrx_word' id='word_1_299' title='bbox 94 2564 198 2599; x_wconf 81' lang='lat' dir='ltr'><strong>sum</strong></span> <span class='ocrx_word' id='word_1_300' title='bbox 221 2559 321 2602; x_wconf 88' lang='lat' dir='ltr'><strong>est.</strong></span> <span class='ocrx_word' id='word_1_301' title='bbox 346 2548 545 2605; x_wconf 89' lang='lat' dir='ltr'><strong>Sermo</strong></span> <span class='ocrx_word' id='word_1_302' title='bbox 573 2565 701 2621; x_wconf 81' lang='lat' dir='ltr'><strong>ergo</strong></span> <span class='ocrx_word' id='word_1_303' title='bbox 725 2551 875 2623; x_wconf 82' lang='lat' dir='ltr'><strong>legis,</strong></span> <span class='ocrx_word' id='word_1_304' title='bbox 895 2564 950 2608; x_wconf 93' lang='lat' dir='ltr'><strong>ct</strong></span> <span class='ocrx_word' id='word_1_305' title='bbox 967 2568 1145 2609; x_wconf 88' lang='lat' dir='ltr'><strong>sermo</strong></span> <span class='ocrx_word' id='word_1_306' title='bbox 1168 2558 1515 2624; x_wconf 86' lang='lat' dir='ltr'><strong>propheticus</strong></span> <span class='ocrx_word' id='word_1_307' title='bbox 1536 2568 1653 2613; x_wconf 90' lang='lat' dir='ltr'><strong>erat</strong></span> 
     </span>
    </p>
   </div>
   <div class='ocr_carea' id='block_1_40' title="bbox 91 2641 1649 2712">
    <p class='ocr_par' dir='ltr' id='par_1_40' title="bbox 91 2641 1649 2712">
     <span class='ocr_line' id='line_1_40' title="bbox 91 2641 1649 2712; baseline 0.01 -23"><span class='ocrx_word' id='word_1_308' title='bbox 91 2641 292 2692; x_wconf 86' lang='lat' dir='ltr'><strong>lucerna</strong></span> <span class='ocrx_word' id='word_1_309' title='bbox 320 2641 549 2707; x_wconf 90' lang='lat' dir='ltr'><strong>ardens,</strong></span> <span class='ocrx_word' id='word_1_310' title='bbox 580 2645 676 2698; x_wconf 87' lang='lat' dir='ltr'><strong>sed</strong></span> <span class='ocrx_word' id='word_1_311' title='bbox 715 2645 947 2700; x_wconf 85' lang='lat' dir='ltr'><strong>ardebat</strong></span> <span class='ocrx_word' id='word_1_312' title='bbox 993 2646 1131 2701; x_wconf 90' lang='lat' dir='ltr'><strong>intra</strong></span> <span class='ocrx_word' id='word_1_313' title='bbox 1162 2648 1352 2712; x_wconf 66' lang='lat' dir='ltr'><strong>sedem,</strong></span> <span class='ocrx_word' id='word_1_314' title='bbox 1386 2664 1485 2703; x_wconf 89' lang='lat' dir='ltr'><strong>nec</strong></span> <span class='ocrx_word' id='word_1_315' title='bbox 1512 2652 1649 2704; x_wconf 90' lang='lat' dir='ltr'><strong>ultra</strong></span> 
     </span>
    </p>
   </div>
   <div class='ocr_carea' id='block_1_41' title="bbox 88 2736 1647 2808">
    <p class='ocr_par' dir='ltr' id='par_1_41' title="bbox 88 2736 1647 2808">
     <span class='ocr_line' id='line_1_41' title="bbox 88 2736 1647 2808; baseline 0.009 -25"><span class='ocrx_word' id='word_1_316' title='bbox 88 2742 283 2800; x_wconf 77' lang='lat' dir='ltr'><strong>poterat</strong></span> <span class='ocrx_word' id='word_1_317' title='bbox 330 2736 591 2791; x_wconf 87' lang='lat' dir='ltr'><strong>emittere</strong></span> <span class='ocrx_word' id='word_1_318' title='bbox 642 2737 989 2806; x_wconf 89' lang='lat' dir='ltr'><strong>splendorem</strong></span> <span class='ocrx_word' id='word_1_319' title='bbox 1042 2755 1224 2795; x_wconf 91' lang='lat' dir='ltr'><strong>suum.</strong></span> <span class='ocrx_word' id='word_1_320' title='bbox 1266 2742 1421 2808; x_wconf 86' lang='lat' dir='ltr'><strong>Quod</strong></span> <span class='ocrx_word' id='word_1_321' title='bbox 1467 2754 1647 2798; x_wconf 87' lang='lat' dir='ltr'><strong>autem</strong></span> 
     </span>
    </p>
   </div>
   <div class='ocr_carea' id='block_1_42' title="bbox 86 2826 1651 2901">
    <p class='ocr_par' dir='ltr' id='par_1_42' title="bbox 86 2826 1651 2901">
     <span class='ocr_line' id='line_1_42' title="bbox 86 2826 1651 2901; baseline 0.008 -23"><span class='ocrx_word' id='word_1_322' title='bbox 86 2841 250 2880; x_wconf 81' lang='lat' dir='ltr'><strong>sermo</strong></span> <span class='ocrx_word' id='word_1_323' title='bbox 278 2826 413 2896; x_wconf 81' lang='lat' dir='ltr'><strong>legis</strong></span> <span class='ocrx_word' id='word_1_324' title='bbox 440 2838 501 2882; x_wconf 87' lang='lat' dir='ltr'><strong>et</strong></span> <span class='ocrx_word' id='word_1_325' title='bbox 530 2831 917 2899; x_wconf 90' lang='lat' dir='ltr'><strong>prophetarum</strong></span> <span class='ocrx_word' id='word_1_326' title='bbox 948 2832 1170 2889; x_wconf 90' lang='lat' dir='ltr'><strong>lucerna</strong></span> <span class='ocrx_word' id='word_1_327' title='bbox 1207 2835 1439 2901; x_wconf 88' lang='lat' dir='ltr'><strong>dicatur,</strong></span> <span class='ocrx_word' id='word_1_328' title='bbox 1470 2836 1651 2890; x_wconf 81' lang='lat' dir='ltr'><strong>Denti-</strong></span> 
     </span>
    </p>
   </div>
   <div class='ocr_carea' id='block_1_43' title="bbox 87 2918 1645 2997">
    <p class='ocr_par' dir='ltr' id='par_1_43' title="bbox 87 2918 1645 2997">
     <span class='ocr_line' id='line_1_43' title="bbox 87 2918 1645 2997; baseline 0.009 -29"><span class='ocrx_word' id='word_1_329' title='bbox 87 2934 174 2971; x_wconf 84' lang='lat' dir='ltr'><strong>nus</strong></span> <span class='ocrx_word' id='word_1_330' title='bbox 220 2918 331 2987; x_wconf 90' lang='lat' dir='ltr'><strong>ipse</strong></span> <span class='ocrx_word' id='word_1_331' title='bbox 368 2934 475 2974; x_wconf 91' lang='lat' dir='ltr'><strong>nos</strong></span> <span class='ocrx_word' id='word_1_332' title='bbox 506 2922 690 2977; x_wconf 78' lang='lat' dir='ltr'><strong>docuit</strong></span> <span class='ocrx_word' id='word_1_333' title='bbox 724 2922 912 2979; x_wconf 89' lang='lat' dir='ltr'><strong>dicens</strong></span> <span class='ocrx_word' id='word_1_334' title='bbox 957 2926 1024 2980; x_wconf 90' lang='lat' dir='ltr'><strong>de</strong></span> <span class='ocrx_word' id='word_1_335' title='bbox 1072 2925 1282 2981; x_wconf 89' lang='lat' dir='ltr'><strong>Joanne</strong></span> <span class='ocrx_word' id='word_1_336' title='bbox 1313 2928 1550 2997; x_wconf 83' lang='lat' dir='ltr'><strong>Baptista</strong></span> <span class='ocrx_word' id='word_1_337' title='bbox 1581 2931 1601 2961; x_wconf 80' lang='grc'><em>³</em></span> <span class='ocrx_word' id='word_1_338' title='bbox 1630 2944 1645 2982; x_wconf 89' lang='lat'><strong>:</strong></span> 
     </span>
    </p>
   </div>
   <div class='ocr_carea' id='block_1_44' title="bbox 85 3011 1649 3085">
    <p class='ocr_par' dir='ltr' id='par_1_44' title="bbox 85 3011 1649 3085">
     <span class='ocr_line' id='line_1_44' title="bbox 85 3011 1649 3085; baseline 0.009 -23"><span class='ocrx_word' id='word_1_339' title='bbox 85 3028 101 3060; x_wconf 79' lang='grc' dir='ltr'>ι</span> <span class='ocrx_word' id='word_1_340' title='bbox 123 3011 206 3066; x_wconf 91' lang='lat' dir='ltr'><strong>llle</strong></span> <span class='ocrx_word' id='word_1_341' title='bbox 231 3021 347 3066; x_wconf 90' lang='lat' dir='ltr'><strong>erat</strong></span> <span class='ocrx_word' id='word_1_342' title='bbox 380 3012 607 3068; x_wconf 90' lang='lat' dir='ltr'><strong>lucerna</strong></span> <span class='ocrx_word' id='word_1_343' title='bbox 641 3016 838 3071; x_wconf 90' lang='lat' dir='ltr'><strong>ardens</strong></span> <span class='ocrx_word' id='word_1_344' title='bbox 868 3028 920 3071; x_wconf 92' lang='lat' dir='ltr'><strong>et</strong></span> <span class='ocrx_word' id='word_1_345' title='bbox 947 3018 1155 3085; x_wconf 90' lang='lat' dir='ltr'><strong>lucens,</strong></span> <span class='ocrx_word' id='word_1_346' title='bbox 1193 3030 1246 3074; x_wconf 89' lang='lat' dir='ltr'><strong>et</strong></span> <span class='ocrx_word' id='word_1_347' title='bbox 1276 3035 1371 3075; x_wconf 90' lang='lat' dir='ltr'><strong>vos</strong></span> <span class='ocrx_word' id='word_1_348' title='bbox 1403 3021 1649 3076; x_wconf 84' lang='lat' dir='ltr'><strong>voluistis</strong></span> 
     </span>
    </p>
   </div>
   <div class='ocr_carea' id='block_1_45' title="bbox 80 3102 1645 3187">
    <p class='ocr_par' dir='ltr' id='par_1_45' title="bbox 80 3102 1645 3187">
     <span class='ocr_line' id='line_1_45' title="bbox 80 3102 1645 3187; baseline 0.01 -34"><span class='ocrx_word' id='word_1_349' title='bbox 80 3105 137 3154; x_wconf 87' lang='lat' dir='ltr'><strong>ad</strong></span> <span class='ocrx_word' id='word_1_350' title='bbox 167 3102 347 3157; x_wconf 87' lang='lat' dir='ltr'><strong>horam</strong></span> <span class='ocrx_word' id='word_1_351' title='bbox 376 3106 661 3161; x_wconf 79' lang='lat' dir='ltr'><strong>exsultare</strong></span> <span class='ocrx_word' id='word_1_352' title='bbox 690 3108 743 3161; x_wconf 90' lang='lat' dir='ltr'><strong>in</strong></span> <span class='ocrx_word' id='word_1_353' title='bbox 773 3108 975 3164; x_wconf 89' lang='lat' dir='ltr'><strong>lumine</strong></span> <span class='ocrx_word' id='word_1_354' title='bbox 1000 3109 1138 3178; x_wconf 88' lang='lat' dir='ltr'><strong>ejus.</strong></span> <span class='ocrx_word' id='word_1_355' title='bbox 1166 3130 1185 3162; x_wconf 77' lang='grc' dir='ltr'><strong><em>ι</em></strong></span> <span class='ocrx_word' id='word_1_356' title='bbox 1206 3111 1275 3187; x_wconf 58' lang='lat' dir='ltr'><strong>ﬁt</strong></span> <span class='ocrx_word' id='word_1_357' title='bbox 1297 3112 1423 3166; x_wconf 89' lang='lat' dir='ltr'><strong>alibi</strong></span> <span class='ocrx_word' id='word_1_358' title='bbox 1452 3114 1582 3167; x_wconf 87' lang='lat' dir='ltr'><strong>dicit</strong></span> <span class='ocrx_word' id='word_1_359' title='bbox 1606 3114 1645 3180; x_wconf 87' lang='grc'><em>³,</em></span> 
     </span>
    </p>
   </div>
   <div class='ocr_carea' id='block_1_46' title="bbox 1754 1997 3325 2076">
    <p class='ocr_par' dir='ltr' id='par_1_46' title="bbox 1754 1997 3325 2076">
     <span class='ocr_line' id='line_1_46' title="bbox 1754 1997 3325 2076; baseline 0.012 -31"><span class='ocrx_word' id='word_1_360' title='bbox 1754 2008 1850 2061; x_wconf 91' lang='lat' dir='ltr'><strong>per</strong></span> <span class='ocrx_word' id='word_1_361' title='bbox 1880 2005 2047 2062; x_wconf 91' lang='lat' dir='ltr'><strong>caput</strong></span> <span class='ocrx_word' id='word_1_362' title='bbox 2102 2010 2305 2051; x_wconf 90' lang='lat' dir='ltr'><strong>meum.</strong></span> <span class='ocrx_word' id='word_1_363' title='bbox 2347 2016 2366 2049; x_wconf 73' lang='grc' dir='ltr'><strong><em>ι</em></strong></span> <span class='ocrx_word' id='word_1_364' title='bbox 2414 1997 2678 2067; x_wconf 84' lang='lat' dir='ltr'><strong>Splendet</strong></span> <span class='ocrx_word' id='word_1_365' title='bbox 2725 2018 2856 2072; x_wconf 79' lang='lat' dir='ltr'><strong>ergo</strong></span> <span class='ocrx_word' id='word_1_366' title='bbox 2889 2006 3177 2076; x_wconf 89' lang='lat' dir='ltr'><strong>unicuique</strong></span> <span class='ocrx_word' id='word_1_367' title='bbox 3227 2026 3325 2063; x_wconf 86' lang='lat' dir='ltr'><strong>no-</strong></span> 
     </span>
    </p>
   </div>
   <div class='ocr_carea' id='block_1_47' title="bbox 1754 2088 3325 2174">
    <p class='ocr_par' dir='ltr' id='par_1_47' title="bbox 1754 2088 3325 2174">
     <span class='ocr_line' id='line_1_47' title="bbox 1754 2088 3325 2174; baseline 0.011 -36"><span class='ocrx_word' id='word_1_368' title='bbox 1754 2095 1928 2139; x_wconf 89' lang='lat' dir='ltr'><strong>strum</strong></span> <span class='ocrx_word' id='word_1_369' title='bbox 1969 2088 2189 2142; x_wconf 87' lang='lat' dir='ltr'><strong>lucerna</strong></span> <span class='ocrx_word' id='word_1_370' title='bbox 2229 2090 2368 2154; x_wconf 68' lang='lat' dir='ltr'><strong>haec,</strong></span> <span class='ocrx_word' id='word_1_371' title='bbox 2400 2091 2719 2161; x_wconf 89' lang='lat' dir='ltr'><strong>inquantum</strong></span> <span class='ocrx_word' id='word_1_372' title='bbox 2747 2096 2869 2151; x_wconf 86' lang='lat' dir='ltr'><strong>oleo</strong></span> <span class='ocrx_word' id='word_1_373' title='bbox 2898 2098 3161 2155; x_wconf 88' lang='lat' dir='ltr'><strong>bonorum</strong></span> <span class='ocrx_word' id='word_1_374' title='bbox 3197 2119 3325 2174; x_wconf 91' lang='lat' dir='ltr'><strong>ope-</strong></span> 
     </span>
    </p>
   </div>
   <div class='ocr_carea' id='block_1_48' title="bbox 1756 2180 3323 2264">
    <p class='ocr_par' dir='ltr' id='par_1_48' title="bbox 1756 2180 3323 2264">
     <span class='ocr_line' id='line_1_48' title="bbox 1756 2180 3323 2264; baseline 0.012 -32"><span class='ocrx_word' id='word_1_375' title='bbox 1756 2196 1872 2233; x_wconf 89' lang='lat' dir='ltr'><strong>rum</strong></span> <span class='ocrx_word' id='word_1_376' title='bbox 1903 2180 2066 2234; x_wconf 89' lang='lat' dir='ltr'><strong>fuerit</strong></span> <span class='ocrx_word' id='word_1_377' title='bbox 2088 2195 2342 2238; x_wconf 89' lang='lat' dir='ltr'><strong>accensa.</strong></span> <span class='ocrx_word' id='word_1_378' title='bbox 2367 2182 2423 2237; x_wconf 88' lang='lat' dir='ltr'><strong>Si</strong></span> <span class='ocrx_word' id='word_1_379' title='bbox 2440 2194 2619 2239; x_wconf 88' lang='lat' dir='ltr'><strong>autem</strong></span> <span class='ocrx_word' id='word_1_380' title='bbox 2648 2186 2790 2242; x_wconf 89' lang='lat' dir='ltr'><strong>male</strong></span> <span class='ocrx_word' id='word_1_381' title='bbox 2812 2203 3059 2258; x_wconf 78' lang='lat' dir='ltr'><strong>agamus,</strong></span> <span class='ocrx_word' id='word_1_382' title='bbox 3083 2204 3135 2247; x_wconf 92' lang='lat' dir='ltr'><strong>et</strong></span> <span class='ocrx_word' id='word_1_383' title='bbox 3159 2211 3323 2264; x_wconf 89' lang='lat' dir='ltr'><strong>opera</strong></span> 
     </span>
    </p>
   </div>
   <div class='ocr_carea' id='block_1_49' title="bbox 1753 2272 3324 2349">
    <p class='ocr_par' dir='ltr' id='par_1_49' title="bbox 1753 2272 3324 2349">
     <span class='ocr_line' id='line_1_49' title="bbox 1753 2272 3324 2349; baseline 0.011 -26"><span class='ocrx_word' id='word_1_384' title='bbox 1753 2284 1935 2325; x_wconf 90' lang='lat' dir='ltr'><strong>nostra</strong></span> <span class='ocrx_word' id='word_1_385' title='bbox 1970 2272 2109 2325; x_wconf 90' lang='lat' dir='ltr'><strong>mala</strong></span> <span class='ocrx_word' id='word_1_386' title='bbox 2142 2274 2271 2340; x_wconf 88' lang='lat' dir='ltr'><strong>sint,</strong></span> <span class='ocrx_word' id='word_1_387' title='bbox 2301 2289 2406 2328; x_wconf 91' lang='lat' dir='ltr'><strong>non</strong></span> <span class='ocrx_word' id='word_1_388' title='bbox 2450 2276 2625 2329; x_wconf 90' lang='lat' dir='ltr'><strong>solum</strong></span> <span class='ocrx_word' id='word_1_389' title='bbox 2670 2293 2774 2332; x_wconf 91' lang='lat' dir='ltr'><strong>non</strong></span> <span class='ocrx_word' id='word_1_390' title='bbox 2826 2283 3201 2349; x_wconf 85' lang='lat' dir='ltr'><strong>accendimus,</strong></span> <span class='ocrx_word' id='word_1_391' title='bbox 3230 2287 3324 2340; x_wconf 90' lang='lat' dir='ltr'><strong>sed</strong></span> 
     </span>
    </p>
   </div>
   <div class='ocr_carea' id='block_1_50' title="bbox 1753 2366 3323 2444">
    <p class='ocr_par' dir='ltr' id='par_1_50' title="bbox 1753 2366 3323 2444">
     <span class='ocr_line' id='line_1_50' title="bbox 1753 2366 3323 2444; baseline 0.008 -26"><span class='ocrx_word' id='word_1_392' title='bbox 1753 2366 2151 2436; x_wconf 72' lang='lat' dir='ltr'><strong>exstinguimus</strong></span> <span class='ocrx_word' id='word_1_393' title='bbox 2180 2367 2336 2421; x_wconf 90' lang='lat' dir='ltr'><strong>nobis</strong></span> <span class='ocrx_word' id='word_1_394' title='bbox 2364 2368 2525 2421; x_wconf 90' lang='lat' dir='ltr'><strong>istam</strong></span> <span class='ocrx_word' id='word_1_395' title='bbox 2559 2368 2833 2424; x_wconf 86' lang='lat' dir='ltr'><strong>lucernam</strong></span> <span class='ocrx_word' id='word_1_396' title='bbox 2879 2390 2893 2425; x_wconf 91' lang='lat'><strong>:</strong></span> <span class='ocrx_word' id='word_1_397' title='bbox 2936 2383 2990 2428; x_wconf 92' lang='lat' dir='ltr'><strong>et</strong></span> <span class='ocrx_word' id='word_1_398' title='bbox 3020 2377 3323 2444; x_wconf 87' lang='lat' dir='ltr'><strong>completur</strong></span> 
     </span>
    </p>
   </div>
   <div class='ocr_carea' id='block_1_51' title="bbox 1753 2457 3322 2539">
    <p class='ocr_par' dir='ltr' id='par_1_51' title="bbox 1753 2457 3322 2539">
     <span class='ocr_line' id='line_1_51' title="bbox 1753 2457 3322 2539; baseline 0.01 -30"><span class='ocrx_word' id='word_1_399' title='bbox 1753 2457 1804 2509; x_wconf 90' lang='lat' dir='ltr'><strong>in</strong></span> <span class='ocrx_word' id='word_1_400' title='bbox 1859 2458 2014 2512; x_wconf 81' lang='lat' dir='ltr'><strong>nobis</strong></span> <span class='ocrx_word' id='word_1_401' title='bbox 2065 2458 2214 2522; x_wconf 93' lang='lat' dir='ltr'><strong>illud,</strong></span> <span class='ocrx_word' id='word_1_402' title='bbox 2239 2458 2383 2528; x_wconf 87' lang='lat' dir='ltr'><strong>quod</strong></span> <span class='ocrx_word' id='word_1_403' title='bbox 2436 2458 2718 2529; x_wconf 84' lang='lat' dir='ltr'><strong>Scriptura</strong></span> <span class='ocrx_word' id='word_1_404' title='bbox 2752 2463 2963 2531; x_wconf 87' lang='lat' dir='ltr'><strong>dicit&quot;,</strong></span> <span class='ocrx_word' id='word_1_405' title='bbox 2995 2468 3121 2538; x_wconf 88' lang='lat' dir='ltr'><strong>quia</strong></span> <span class='ocrx_word' id='word_1_406' title='bbox 3175 2486 3194 2520; x_wconf 71' lang='grc' dir='ltr'>ι</span> <span class='ocrx_word' id='word_1_407' title='bbox 3230 2473 3322 2539; x_wconf 89' lang='lat' dir='ltr'><strong>qui</strong></span> 
     </span>
    </p>
   </div>
   <div class='ocr_carea' id='block_1_52' title="bbox 1753 2551 3320 2626">
    <p class='ocr_par' dir='ltr' id='par_1_52' title="bbox 1753 2551 3320 2626">
     <span class='ocr_line' id='line_1_52' title="bbox 1753 2551 3320 2626; baseline 0.008 -21"><span class='ocrx_word' id='word_1_408' title='bbox 1753 2551 1892 2606; x_wconf 89' lang='lat' dir='ltr'><strong>male</strong></span> <span class='ocrx_word' id='word_1_409' title='bbox 1947 2553 2077 2622; x_wconf 80' lang='lat' dir='ltr'><strong>agit,</strong></span> <span class='ocrx_word' id='word_1_410' title='bbox 2139 2553 2194 2606; x_wconf 93' lang='lat' dir='ltr'><strong>in</strong></span> <span class='ocrx_word' id='word_1_411' title='bbox 2253 2554 2492 2609; x_wconf 89' lang='lat' dir='ltr'><strong>tenebris</strong></span> <span class='ocrx_word' id='word_1_412' title='bbox 2549 2564 2653 2619; x_wconf 92' lang='lat' dir='ltr'><strong>est,</strong></span> <span class='ocrx_word' id='word_1_413' title='bbox 2686 2567 2741 2610; x_wconf 91' lang='lat' dir='ltr'><strong>et</strong></span> <span class='ocrx_word' id='word_1_414' title='bbox 2787 2560 2879 2626; x_wconf 90' lang='lat' dir='ltr'><strong>qui</strong></span> <span class='ocrx_word' id='word_1_415' title='bbox 2930 2560 3045 2614; x_wconf 91' lang='lat' dir='ltr'><strong>odit</strong></span> <span class='ocrx_word' id='word_1_416' title='bbox 3094 2560 3320 2617; x_wconf 75' lang='lat' dir='ltr'><strong>fratrem</strong></span> 
     </span>
    </p>
   </div>
   <div class='ocr_carea' id='block_1_53' title="bbox 1751 2645 3323 2710">
    <p class='ocr_par' dir='ltr' id='par_1_53' title="bbox 1751 2645 3323 2710">
     <span class='ocr_line' id='line_1_53' title="bbox 1751 2645 3323 2710; baseline 0.008 -12"><span class='ocrx_word' id='word_1_417' title='bbox 1751 2658 1931 2710; x_wconf 91' lang='lat' dir='ltr'><strong>suum,</strong></span> <span class='ocrx_word' id='word_1_418' title='bbox 1959 2645 2011 2698; x_wconf 91' lang='lat' dir='ltr'><strong>in</strong></span> <span class='ocrx_word' id='word_1_419' title='bbox 2050 2646 2289 2700; x_wconf 90' lang='lat' dir='ltr'><strong>tenebris</strong></span> <span class='ocrx_word' id='word_1_420' title='bbox 2313 2648 2568 2702; x_wconf 88' lang='lat' dir='ltr'><strong>ambulat.</strong></span> <span class='ocrx_word' id='word_1_421' title='bbox 2602 2668 2620 2700; x_wconf 75' lang='grc' dir='ltr'><strong><em>ι</em></strong></span> <span class='ocrx_word' id='word_1_422' title='bbox 2654 2650 2923 2706; x_wconf 75' lang='lat' dir='ltr'><strong>Exstinxit</strong></span> <span class='ocrx_word' id='word_1_423' title='bbox 2970 2655 3112 2708; x_wconf 90' lang='lat' dir='ltr'><strong>enim</strong></span> <span class='ocrx_word' id='word_1_424' title='bbox 3143 2654 3323 2710; x_wconf 86' lang='lat' dir='ltr'><strong>lucer-</strong></span> 
     </span>
    </p>
   </div>
   <div class='ocr_carea' id='block_1_54' title="bbox 1751 2738 3322 2803">
    <p class='ocr_par' dir='ltr' id='par_1_54' title="bbox 1751 2738 3322 2803">
     <span class='ocr_line' id='line_1_54' title="bbox 1751 2738 3322 2803; baseline 0.01 -15"><span class='ocrx_word' id='word_1_425' title='bbox 1751 2752 1876 2791; x_wconf 88' lang='lat' dir='ltr'><strong>nam</strong></span> <span class='ocrx_word' id='word_1_426' title='bbox 1908 2738 2213 2802; x_wconf 81' lang='lat' dir='ltr'><strong>charitatis,</strong></span> <span class='ocrx_word' id='word_1_427' title='bbox 2246 2748 2301 2793; x_wconf 91' lang='lat' dir='ltr'><strong>et</strong></span> <span class='ocrx_word' id='word_1_428' title='bbox 2338 2740 2462 2795; x_wconf 87' lang='lat' dir='ltr'><strong>ideo</strong></span> <span class='ocrx_word' id='word_1_429' title='bbox 2488 2743 2539 2796; x_wconf 90' lang='lat' dir='ltr'><strong>in</strong></span> <span class='ocrx_word' id='word_1_430' title='bbox 2562 2745 2799 2801; x_wconf 80' lang='lat' dir='ltr'><strong>tenebris</strong></span> <span class='ocrx_word' id='word_1_431' title='bbox 2832 2744 3092 2800; x_wconf 89' lang='lat' dir='ltr'><strong>ambulat.</strong></span> <span class='ocrx_word' id='word_1_432' title='bbox 3126 2750 3322 2803; x_wconf 85' lang='lat' dir='ltr'><strong>Annon</strong></span> 
     </span>
    </p>
   </div>
   <div class='ocr_carea' id='block_1_55' title="bbox 1750 2828 3323 2904">
    <p class='ocr_par' dir='ltr' id='par_1_55' title="bbox 1750 2828 3323 2904">
     <span class='ocr_line' id='line_1_55' title="bbox 1750 2828 3323 2904; baseline 0.008 -22"><span class='ocrx_word' id='word_1_433' title='bbox 1750 2828 1847 2883; x_wconf 87' lang='lat' dir='ltr'><strong>tibi</strong></span> <span class='ocrx_word' id='word_1_434' title='bbox 1874 2830 2086 2885; x_wconf 90' lang='lat' dir='ltr'><strong>videtur</strong></span> <span class='ocrx_word' id='word_1_435' title='bbox 2117 2833 2446 2888; x_wconf 86' lang='lat' dir='ltr'><strong>exstinxisse</strong></span> <span class='ocrx_word' id='word_1_436' title='bbox 2475 2833 2774 2899; x_wconf 85' lang='lat' dir='ltr'><strong>lucernam,</strong></span> <span class='ocrx_word' id='word_1_437' title='bbox 2805 2839 2896 2904; x_wconf 88' lang='lat' dir='ltr'><strong>qui</strong></span> <span class='ocrx_word' id='word_1_438' title='bbox 2927 2839 3106 2893; x_wconf 89' lang='lat' dir='ltr'><strong>lumen</strong></span> <span class='ocrx_word' id='word_1_439' title='bbox 3138 2841 3323 2895; x_wconf 43' lang='lat' dir='ltr'><strong>charis</strong></span> 
     </span>
    </p>
   </div>
   <div class='ocr_carea' id='block_1_56' title="bbox 1748 2923 3321 2997">
    <p class='ocr_par' dir='ltr' id='par_1_56' title="bbox 1748 2923 3321 2997">
     <span class='ocr_line' id='line_1_56' title="bbox 1748 2923 3321 2997; baseline 0.007 -20"><span class='ocrx_word' id='word_1_440' title='bbox 1748 2923 1878 2977; x_wconf 83' lang='lat' dir='ltr'><strong>tatis</strong></span> <span class='ocrx_word' id='word_1_441' title='bbox 1904 2923 2201 2979; x_wconf 80' lang='lat' dir='ltr'><strong>exstinxit?</strong></span> <span class='ocrx_word' id='word_1_442' title='bbox 2223 2926 2324 2992; x_wconf 85' lang='lat' dir='ltr'><strong>Qui</strong></span> <span class='ocrx_word' id='word_1_443' title='bbox 2358 2937 2536 2980; x_wconf 91' lang='lat' dir='ltr'><strong>autem</strong></span> <span class='ocrx_word' id='word_1_444' title='bbox 2560 2928 2732 2997; x_wconf 81' lang='lat' dir='ltr'><strong>diligit</strong></span> <span class='ocrx_word' id='word_1_445' title='bbox 2768 2928 3013 2995; x_wconf 84' lang='lat' dir='ltr'><strong>fratrem,</strong></span> <span class='ocrx_word' id='word_1_446' title='bbox 3050 2932 3102 2986; x_wconf 94' lang='lat' dir='ltr'><strong>in</strong></span> <span class='ocrx_word' id='word_1_447' title='bbox 3139 2934 3321 2988; x_wconf 85' lang='lat' dir='ltr'><strong>chari-</strong></span> 
     </span>
    </p>
   </div>
   <div class='ocr_carea' id='block_1_57' title="bbox 1752 3015 3316 3092">
    <p class='ocr_par' dir='ltr' id='par_1_57' title="bbox 1752 3015 3316 3092">
     <span class='ocr_line' id='line_1_57' title="bbox 1752 3015 3316 3092; baseline 0.008 -24"><span class='ocrx_word' id='word_1_448' title='bbox 1752 3015 1883 3069; x_wconf 91' lang='lat' dir='ltr'><strong>tatis</strong></span> <span class='ocrx_word' id='word_1_449' title='bbox 1908 3017 2027 3069; x_wconf 89' lang='lat' dir='ltr'><strong>luce</strong></span> <span class='ocrx_word' id='word_1_450' title='bbox 2056 3018 2332 3086; x_wconf 88' lang='lat' dir='ltr'><strong>perdurat,</strong></span> <span class='ocrx_word' id='word_1_451' title='bbox 2367 3028 2567 3075; x_wconf 90' lang='lat' dir='ltr'><strong>etcum</strong></span> <span class='ocrx_word' id='word_1_452' title='bbox 2598 3020 2793 3075; x_wconf 75' lang='lat' dir='ltr'><strong>fiducia</strong></span> <span class='ocrx_word' id='word_1_453' title='bbox 2828 3032 3004 3092; x_wconf 85' lang='lat' dir='ltr'><strong>potest</strong></span> <span class='ocrx_word' id='word_1_454' title='bbox 3033 3026 3214 3081; x_wconf 85' lang='lat' dir='ltr'><strong>dicere</strong></span> <span class='ocrx_word' id='word_1_455' title='bbox 3245 3028 3268 3058; x_wconf 82' lang='grc'>⁸</span> <span class='ocrx_word' id='word_1_456' title='bbox 3303 3044 3316 3080; x_wconf 89' lang='lat'><strong>:</strong></span> 
     </span>
    </p>
   </div>
   <div class='ocr_carea' id='block_1_58' title="bbox 1753 3106 3315 3184">
    <p class='ocr_par' dir='ltr' id='par_1_58' title="bbox 1753 3106 3315 3184">
     <span class='ocr_line' id='line_1_58' title="bbox 1753 3106 3315 3184; baseline 0.008 -26"><span class='ocrx_word' id='word_1_457' title='bbox 1753 3122 1773 3158; x_wconf 71' lang='grc' dir='ltr'>ι</span> <span class='ocrx_word' id='word_1_458' title='bbox 1812 3106 1924 3176; x_wconf 80' lang='lat' dir='ltr'><strong>Ego</strong></span> <span class='ocrx_word' id='word_1_459' title='bbox 1957 3116 2134 3162; x_wconf 91' lang='lat' dir='ltr'><strong>autem</strong></span> <span class='ocrx_word' id='word_1_460' title='bbox 2167 3110 2309 3163; x_wconf 89' lang='lat' dir='ltr'><strong>sicut</strong></span> <span class='ocrx_word' id='word_1_461' title='bbox 2336 3111 2475 3165; x_wconf 85' lang='lat' dir='ltr'><strong>oliva</strong></span> <span class='ocrx_word' id='word_1_462' title='bbox 2516 3112 2795 3167; x_wconf 77' lang='lat' dir='ltr'><strong>fructifera</strong></span> <span class='ocrx_word' id='word_1_463' title='bbox 2835 3114 2892 3169; x_wconf 91' lang='lat' dir='ltr'><strong>in</strong></span> <span class='ocrx_word' id='word_1_464' title='bbox 2938 3118 3098 3171; x_wconf 83' lang='lat' dir='ltr'><strong>domo</strong></span> <span class='ocrx_word' id='word_1_465' title='bbox 3146 3119 3262 3184; x_wconf 91' lang='lat' dir='ltr'><strong>Dei,</strong></span> <span class='ocrx_word' id='word_1_466' title='bbox 3295 3139 3315 3171; x_wconf 61' lang='grc' dir='ltr'><strong><em>μ</em></strong></span> 
     </span>
    </p>
   </div>
   <div class='ocr_carea' id='block_1_59' title="bbox 74 3196 3318 3300">
    <p class='ocr_par' dir='ltr' id='par_1_59' title="bbox 74 3196 3318 3300">
     <span class='ocr_line' id='line_1_59' title="bbox 74 3196 3318 3300; baseline 0.006 -55"><span class='ocrx_word' id='word_1_467' title='bbox 74 3196 186 3265; x_wconf 86' lang='lat' dir='ltr'><strong>quia</strong></span> <span class='ocrx_word' id='word_1_468' title='bbox 222 3215 239 3248; x_wconf 79' lang='grc' dir='ltr'>ι</span> <span class='ocrx_word' id='word_1_469' title='bbox 278 3196 362 3251; x_wconf 91' lang='lat' dir='ltr'><strong>lex</strong></span> <span class='ocrx_word' id='word_1_470' title='bbox 392 3208 449 3252; x_wconf 91' lang='lat' dir='ltr'><strong>et</strong></span> <span class='ocrx_word' id='word_1_471' title='bbox 489 3201 764 3268; x_wconf 76' lang='lat' dir='ltr'><strong>prophetae</strong></span> <span class='ocrx_word' id='word_1_472' title='bbox 789 3217 959 3271; x_wconf 89' lang='lat' dir='ltr'><strong>usque</strong></span> <span class='ocrx_word' id='word_1_473' title='bbox 987 3204 1054 3257; x_wconf 85' lang='lat' dir='ltr'><strong>ad</strong></span> <span class='ocrx_word' id='word_1_474' title='bbox 1080 3203 1364 3259; x_wconf 85' lang='lat' dir='ltr'><strong>Joannem.</strong></span> <span class='ocrx_word' id='word_1_475' title='bbox 1387 3224 1407 3257; x_wconf 75' lang='grc' dir='ltr'><strong>ι</strong></span> <span class='ocrx_word' id='word_1_476' title='bbox 1442 3204 1648 3262; x_wconf 81' lang='lat' dir='ltr'><strong>Lucer—</strong></span> <span class='ocrx_word' id='word_1_477' title='bbox 1672 3240 1719 3300; x_wconf 62' lang='grc' dir='ltr'>α</span> <span class='ocrx_word' id='word_1_478' title='bbox 1749 3200 1852 3254; x_wconf 71' lang='lat' dir='ltr'><strong>et”:</strong></span> <span class='ocrx_word' id='word_1_479' title='bbox 1873 3200 2025 3254; x_wconf 59' lang='lat' dir='ltr'><strong>«Filii</strong></span> <span class='ocrx_word' id='word_1_480' title='bbox 2056 3199 2170 3268; x_wconf 89' lang='lat' dir='ltr'><strong>ejus</strong></span> <span class='ocrx_word' id='word_1_481' title='bbox 2198 3201 2339 3256; x_wconf 84' lang='lat' dir='ltr'><strong>sicut</strong></span> <span class='ocrx_word' id='word_1_482' title='bbox 2370 3203 2593 3258; x_wconf 77' lang='lat' dir='ltr'><strong>novella:</strong></span> <span class='ocrx_word' id='word_1_483' title='bbox 2623 3205 2884 3261; x_wconf 83' lang='lat' dir='ltr'><strong>olivarum</strong></span> <span class='ocrx_word' id='word_1_484' title='bbox 2905 3208 2980 3278; x_wconf 86' lang='lat' dir='ltr'><strong>(l)</strong></span> <span class='ocrx_word' id='word_1_485' title='bbox 3012 3209 3063 3262; x_wconf 92' lang='lat' dir='ltr'><strong>in</strong></span> <span class='ocrx_word' id='word_1_486' title='bbox 3089 3209 3318 3266; x_wconf 88' lang='lat' dir='ltr'><strong>circuitu</strong></span> 
     </span>
    </p>
   </div>
   <div class='ocr_carea' id='block_1_60' title="bbox 79 3288 1644 3363">
    <p class='ocr_par' dir='ltr' id='par_1_60' title="bbox 79 3288 1644 3363">
     <span class='ocr_line' id='line_1_60' title="bbox 79 3288 1644 3363; baseline 0.008 -24"><span class='ocrx_word' id='word_1_487' title='bbox 79 3304 136 3339; x_wconf 90' lang='lat' dir='ltr'><strong>na</strong></span> <span class='ocrx_word' id='word_1_488' title='bbox 186 3288 369 3359; x_wconf 86' lang='lat' dir='ltr'><strong>itaque</strong></span> <span class='ocrx_word' id='word_1_489' title='bbox 411 3290 620 3346; x_wconf 90' lang='lat' dir='ltr'><strong>ardens</strong></span> <span class='ocrx_word' id='word_1_490' title='bbox 644 3290 988 3357; x_wconf 85' lang='lat' dir='ltr'><strong>estJoannes,</strong></span> <span class='ocrx_word' id='word_1_491' title='bbox 1010 3296 1062 3348; x_wconf 92' lang='lat' dir='ltr'><strong>in</strong></span> <span class='ocrx_word' id='word_1_492' title='bbox 1076 3309 1183 3363; x_wconf 91' lang='lat' dir='ltr'><strong>quo</strong></span> <span class='ocrx_word' id='word_1_493' title='bbox 1210 3294 1293 3349; x_wconf 86' lang='lat' dir='ltr'><strong>lex</strong></span> <span class='ocrx_word' id='word_1_494' title='bbox 1307 3296 1644 3353; x_wconf 90' lang='lat' dir='ltr'><strong>concluditur</strong></span> 
     </span>
    </p>
   </div>
   <div class='ocr_carea' id='block_1_61' title="bbox 70 3382 1640 3455">
    <p class='ocr_par' dir='ltr' id='par_1_61' title="bbox 70 3382 1640 3455">
     <span class='ocr_line' id='line_1_61' title="bbox 70 3382 1640 3455; baseline 0.007 -23"><span class='ocrx_word' id='word_1_495' title='bbox 70 3392 117 3433; x_wconf 90' lang='lat' dir='ltr'><strong>et</strong></span> <span class='ocrx_word' id='word_1_496' title='bbox 144 3382 445 3451; x_wconf 63' lang='lat' dir='ltr'><strong>prophetae.</strong></span> <span class='ocrx_word' id='word_1_497' title='bbox 489 3382 667 3437; x_wconf 90' lang='lat' dir='ltr'><strong>Donec</strong></span> <span class='ocrx_word' id='word_1_498' title='bbox 689 3398 817 3453; x_wconf 80' lang='lat' dir='ltr'><strong>ergo</strong></span> <span class='ocrx_word' id='word_1_499' title='bbox 839 3388 1065 3455; x_wconf 84' lang='lat' dir='ltr'><strong>populus</strong></span> <span class='ocrx_word' id='word_1_500' title='bbox 1085 3387 1175 3442; x_wconf 91' lang='lat' dir='ltr'><strong>ille</strong></span> <span class='ocrx_word' id='word_1_501' title='bbox 1204 3388 1437 3442; x_wconf 88' lang='lat' dir='ltr'><strong>habebat</strong></span> <span class='ocrx_word' id='word_1_502' title='bbox 1463 3388 1640 3443; x_wconf 90' lang='lat' dir='ltr'><strong>oleum</strong></span> 
     </span>
    </p>
   </div>
   <div class='ocr_carea' id='block_1_62' title="bbox 69 3476 1639 3544">
    <p class='ocr_par' dir='ltr' id='par_1_62' title="bbox 69 3476 1639 3544">
     <span class='ocr_line' id='line_1_62' title="bbox 69 3476 1639 3544; baseline 0.004 -16"><span class='ocrx_word' id='word_1_503' title='bbox 69 3477 197 3542; x_wconf 89' lang='lat' dir='ltr'><strong>quod</strong></span> <span class='ocrx_word' id='word_1_504' title='bbox 224 3476 600 3532; x_wconf 87' lang='lat' dir='ltr'><strong>eonferretad</strong></span> <span class='ocrx_word' id='word_1_505' title='bbox 629 3479 837 3544; x_wconf 90' lang='lat' dir='ltr'><strong>lumen,</strong></span> <span class='ocrx_word' id='word_1_506' title='bbox 865 3478 1089 3534; x_wconf 89' lang='lat' dir='ltr'><strong>lucerna</strong></span> <span class='ocrx_word' id='word_1_507' title='bbox 1111 3495 1215 3533; x_wconf 91' lang='lat' dir='ltr'><strong>non</strong></span> <span class='ocrx_word' id='word_1_508' title='bbox 1239 3487 1323 3534; x_wconf 89' lang='lat' dir='ltr'><strong>est</strong></span> <span class='ocrx_word' id='word_1_509' title='bbox 1351 3481 1639 3535; x_wconf 82' lang='lat' dir='ltr'><strong>exstincta.</strong></span> 
     </span>
    </p>
   </div>
   <div class='ocr_carea' id='block_1_63' title="bbox 70 3567 1639 3635">
    <p class='ocr_par' dir='ltr' id='par_1_63' title="bbox 70 3567 1639 3635">
     <span class='ocr_line' id='line_1_63' title="bbox 70 3567 1639 3635; baseline 0.002 -14"><span class='ocrx_word' id='word_1_510' title='bbox 70 3567 159 3622; x_wconf 89' lang='lat' dir='ltr'><strong>Ubi</strong></span> <span class='ocrx_word' id='word_1_511' title='bbox 193 3583 323 3624; x_wconf 87' lang='lat' dir='ltr'><strong>vero</strong></span> <span class='ocrx_word' id='word_1_512' title='bbox 361 3569 571 3624; x_wconf 83' lang='lat' dir='ltr'><strong>defecit</strong></span> <span class='ocrx_word' id='word_1_513' title='bbox 604 3570 656 3624; x_wconf 91' lang='lat' dir='ltr'><strong>in</strong></span> <span class='ocrx_word' id='word_1_514' title='bbox 688 3570 769 3625; x_wconf 88' lang='lat' dir='ltr'><strong>eis</strong></span> <span class='ocrx_word' id='word_1_515' title='bbox 801 3570 981 3625; x_wconf 90' lang='lat' dir='ltr'><strong>oleum</strong></span> <span class='ocrx_word' id='word_1_516' title='bbox 1026 3570 1434 3635; x_wconf 69' lang='lat' dir='ltr'><strong>misericordiae,</strong></span> <span class='ocrx_word' id='word_1_517' title='bbox 1463 3571 1639 3625; x_wconf 91' lang='lat' dir='ltr'><strong>oleum</strong></span> 
     </span>
    </p>
   </div>
   <div class='ocr_carea' id='block_1_64' title="bbox 63 3662 1636 3733">
    <p class='ocr_par' dir='ltr' id='par_1_64' title="bbox 63 3662 1636 3733">
     <span class='ocr_line' id='line_1_64' title="bbox 63 3662 1636 3733; baseline 0.002 -21"><span class='ocrx_word' id='word_1_518' title='bbox 63 3674 273 3727; x_wconf 90' lang='lat' dir='ltr'><strong>operum</strong></span> <span class='ocrx_word' id='word_1_519' title='bbox 308 3662 614 3725; x_wconf 90' lang='lat' dir='ltr'><strong>bonorum,</strong></span> <span class='ocrx_word' id='word_1_520' title='bbox 634 3677 731 3717; x_wconf 90' lang='lat' dir='ltr'><strong>nec</strong></span> <span class='ocrx_word' id='word_1_521' title='bbox 760 3662 976 3717; x_wconf 89' lang='lat' dir='ltr'><strong>inventa</strong></span> <span class='ocrx_word' id='word_1_522' title='bbox 1009 3672 1093 3718; x_wconf 89' lang='lat' dir='ltr'><strong>est</strong></span> <span class='ocrx_word' id='word_1_523' title='bbox 1115 3664 1254 3733; x_wconf 88' lang='lat' dir='ltr'><strong>apud</strong></span> <span class='ocrx_word' id='word_1_524' title='bbox 1285 3677 1379 3718; x_wconf 90' lang='lat' dir='ltr'><strong>eos</strong></span> <span class='ocrx_word' id='word_1_525' title='bbox 1407 3664 1636 3733; x_wconf 85' lang='lat' dir='ltr'><strong>puritas,</strong></span> 
     </span>
    </p>
   </div>
   <div class='ocr_carea' id='block_1_65' title="bbox 59 3755 1637 3825">
    <p class='ocr_par' dir='ltr' id='par_1_65' title="bbox 59 3755 1637 3825">
     <span class='ocr_line' id='line_1_65' title="bbox 59 3755 1637 3825; baseline 0.003 -21"><span class='ocrx_word' id='word_1_526' title='bbox 59 3768 241 3821; x_wconf 90' lang='lat' dir='ltr'><strong>purum</strong></span> <span class='ocrx_word' id='word_1_527' title='bbox 268 3770 521 3824; x_wconf 87' lang='lat' dir='ltr'><strong>namque</strong></span> <span class='ocrx_word' id='word_1_528' title='bbox 544 3755 721 3811; x_wconf 89' lang='lat' dir='ltr'><strong>oleum</strong></span> <span class='ocrx_word' id='word_1_529' title='bbox 746 3757 1088 3825; x_wconf 64' lang='lat' dir='ltr'><strong>quaerebatur</strong></span> <span class='ocrx_word' id='word_1_530' title='bbox 1108 3758 1175 3811; x_wconf 90' lang='lat' dir='ltr'><strong>ad</strong></span> <span class='ocrx_word' id='word_1_531' title='bbox 1202 3755 1405 3823; x_wconf 90' lang='lat' dir='ltr'><strong>lumen,</strong></span> <span class='ocrx_word' id='word_1_532' title='bbox 1431 3766 1485 3810; x_wconf 91' lang='lat' dir='ltr'><strong>et</strong></span> <span class='ocrx_word' id='word_1_533' title='bbox 1510 3756 1637 3825; x_wconf 81' lang='lat' dir='ltr'><strong>quia</strong></span> 
     </span>
    </p>
   </div>
   <div class='ocr_carea' id='block_1_66' title="bbox 58 3846 1639 3915">
    <p class='ocr_par' dir='ltr' id='par_1_66' title="bbox 58 3846 1639 3915">
     <span class='ocr_line' id='line_1_66' title="bbox 58 3846 1639 3915; baseline 0.003 -16"><span class='ocrx_word' id='word_1_534' title='bbox 58 3846 242 3900; x_wconf 87' lang='lat' dir='ltr'><strong>defecit</strong></span> <span class='ocrx_word' id='word_1_535' title='bbox 276 3847 331 3901; x_wconf 92' lang='lat' dir='ltr'><strong>in</strong></span> <span class='ocrx_word' id='word_1_536' title='bbox 362 3849 448 3904; x_wconf 89' lang='lat' dir='ltr'><strong>eis</strong></span> <span class='ocrx_word' id='word_1_537' title='bbox 486 3847 665 3903; x_wconf 90' lang='lat' dir='ltr'><strong>oleum</strong></span> <span class='ocrx_word' id='word_1_538' title='bbox 708 3849 1129 3915; x_wconf 84' lang='lat' dir='ltr'><strong>misericordiae,</strong></span> <span class='ocrx_word' id='word_1_539' title='bbox 1182 3850 1490 3904; x_wconf 90' lang='lat' dir='ltr'><strong>necessario</strong></span> <span class='ocrx_word' id='word_1_540' title='bbox 1540 3864 1639 3903; x_wconf 87' lang='lat' dir='ltr'><strong>ex-</strong></span> 
     </span>
    </p>
   </div>
   <div class='ocr_carea' id='block_1_67' title="bbox 51 3940 1636 4013">
    <p class='ocr_par' dir='ltr' id='par_1_67' title="bbox 51 3940 1636 4013">
     <span class='ocr_line' id='line_1_67' title="bbox 51 3940 1636 4013; baseline 0.003 -20"><span class='ocrx_word' id='word_1_541' title='bbox 51 3941 238 3997; x_wconf 82' lang='lat' dir='ltr'><strong>stincta</strong></span> <span class='ocrx_word' id='word_1_542' title='bbox 276 3943 515 3999; x_wconf 88' lang='lat' dir='ltr'><strong>lucerna</strong></span> <span class='ocrx_word' id='word_1_543' title='bbox 542 3950 643 3997; x_wconf 90' lang='lat' dir='ltr'><strong>est.</strong></span> <span class='ocrx_word' id='word_1_544' title='bbox 674 3940 782 3998; x_wconf 89' lang='lat' dir='ltr'><strong>Sed</strong></span> <span class='ocrx_word' id='word_1_545' title='bbox 812 3943 937 4011; x_wconf 90' lang='lat' dir='ltr'><strong>quid</strong></span> <span class='ocrx_word' id='word_1_546' title='bbox 964 3942 1204 3998; x_wconf 89' lang='lat' dir='ltr'><strong>dicemus</strong></span> <span class='ocrx_word' id='word_1_547' title='bbox 1228 3943 1358 4013; x_wconf 88' lang='lat' dir='ltr'><strong>quia</strong></span> <span class='ocrx_word' id='word_1_548' title='bbox 1384 3943 1489 3998; x_wconf 90' lang='lat' dir='ltr'><strong>illis</strong></span> <span class='ocrx_word' id='word_1_549' title='bbox 1523 3943 1636 3997; x_wconf 76' lang='lat' dir='ltr'><strong>haec</strong></span> 
     </span>
    </p>
   </div>
   <div class='ocr_carea' id='block_1_68' title="bbox 51 4032 1630 4097">
    <p class='ocr_par' dir='ltr' id='par_1_68' title="bbox 51 4032 1630 4097">
     <span class='ocr_line' id='line_1_68' title="bbox 51 4032 1630 4097; baseline 0.001 -14"><span class='ocrx_word' id='word_1_550' title='bbox 51 4042 371 4097; x_wconf 83' lang='lat' dir='ltr'><strong>evenerunt,</strong></span> <span class='ocrx_word' id='word_1_551' title='bbox 404 4048 437 4085; x_wconf 88' lang='lat' dir='ltr'><strong>a</strong></span> <span class='ocrx_word' id='word_1_552' title='bbox 480 4034 638 4088; x_wconf 89' lang='lat' dir='ltr'><strong>nobis</strong></span> <span class='ocrx_word' id='word_1_553' title='bbox 668 4046 803 4088; x_wconf 90' lang='lat' dir='ltr'><strong>vero</strong></span> <span class='ocrx_word' id='word_1_554' title='bbox 834 4033 1015 4086; x_wconf 86' lang='lat' dir='ltr'><strong>aliena</strong></span> <span class='ocrx_word' id='word_1_555' title='bbox 1046 4043 1171 4086; x_wconf 91' lang='lat' dir='ltr'><strong>sunt</strong></span> <span class='ocrx_word' id='word_1_556' title='bbox 1211 4032 1350 4087; x_wconf 88' lang='lat' dir='ltr'><strong>ista?</strong></span> <span class='ocrx_word' id='word_1_557' title='bbox 1374 4033 1487 4088; x_wconf 84' lang='lat' dir='ltr'>IIIIO</span> <span class='ocrx_word' id='word_1_558' title='bbox 1516 4051 1630 4087; x_wconf 85' lang='lat' dir='ltr'><strong>ma-</strong></span> 
     </span>
    </p>
   </div>
   <div class='ocr_carea' id='block_1_69' title="bbox 42 4126 1633 4197">
    <p class='ocr_par' dir='ltr' id='par_1_69' title="bbox 42 4126 1633 4197">
     <span class='ocr_line' id='line_1_69' title="bbox 42 4126 1633 4197; baseline 0.004 -18"><span class='ocrx_word' id='word_1_559' title='bbox 42 4126 124 4195; x_wconf 89' lang='lat' dir='ltr'><strong>jor</strong></span> <span class='ocrx_word' id='word_1_560' title='bbox 149 4141 279 4183; x_wconf 87' lang='lat' dir='ltr'><strong>cura</strong></span> <span class='ocrx_word' id='word_1_561' title='bbox 310 4138 402 4184; x_wconf 91' lang='lat' dir='ltr'><strong>est</strong></span> <span class='ocrx_word' id='word_1_562' title='bbox 438 4127 759 4184; x_wconf 89' lang='lat' dir='ltr'><strong>Christiano</strong></span> <span class='ocrx_word' id='word_1_563' title='bbox 782 4128 886 4183; x_wconf 89' lang='lat' dir='ltr'><strong>olei</strong></span> <span class='ocrx_word' id='word_1_564' title='bbox 921 4130 1297 4197; x_wconf 90' lang='lat' dir='ltr'><strong>conquirendi.</strong></span> <span class='ocrx_word' id='word_1_565' title='bbox 1329 4129 1461 4184; x_wconf 83' lang='lat' dir='ltr'><strong>Vide</strong></span> <span class='ocrx_word' id='word_1_566' title='bbox 1488 4134 1633 4185; x_wconf 91' lang='lat' dir='ltr'><strong>enim</strong></span> 
     </span>
    </p>
   </div>
   <div class='ocr_carea' id='block_1_70' title="bbox 50 4218 1693 4301">
    <p class='ocr_par' dir='ltr' id='par_1_70' title="bbox 50 4218 1693 4301">
     <span class='ocr_line' id='line_1_70' title="bbox 50 4218 1693 4301; baseline 0.002 -28"><span class='ocrx_word' id='word_1_567' title='bbox 50 4218 202 4291; x_wconf 80' lang='lat'><strong>255</strong></span> <span class='ocrx_word' id='word_1_568' title='bbox 228 4222 523 4289; x_wconf 85' lang='lat' dir='ltr'><strong>quomodo</strong></span> <span class='ocrx_word' id='word_1_569' title='bbox 554 4220 815 4275; x_wconf 87' lang='lat' dir='ltr'><strong>Dominus</strong></span> <span class='ocrx_word' id='word_1_570' title='bbox 835 4222 886 4274; x_wconf 92' lang='lat' dir='ltr'><strong>in</strong></span> <span class='ocrx_word' id='word_1_571' title='bbox 911 4220 1371 4292; x_wconf 70' lang='lat' dir='ltr'><strong>Evangeliis‘pcr</strong></span> <span class='ocrx_word' id='word_1_572' title='bbox 1406 4226 1634 4291; x_wconf 79' lang='lat' dir='ltr'><strong>parabo-</strong></span> <span class='ocrx_word' id='word_1_573' title='bbox 1678 4290 1693 4301; x_wconf 41' lang='grc' dir='ltr'><strong>ο</strong></span> 
     </span>
    </p>
   </div>
   <div class='ocr_carea' id='block_1_71' title="bbox 44 4314 1633 4386">
    <p class='ocr_par' dir='ltr' id='par_1_71' title="bbox 44 4314 1633 4386">
     <span class='ocr_line' id='line_1_71' title="bbox 44 4314 1633 4386; baseline 0.004 -23"><span class='ocrx_word' id='word_1_574' title='bbox 44 4314 143 4366; x_wconf 86' lang='lat' dir='ltr'><strong>lattt</strong></span> <span class='ocrx_word' id='word_1_575' title='bbox 180 4315 387 4368; x_wconf 89' lang='lat' dir='ltr'><strong>stultas</strong></span> <span class='ocrx_word' id='word_1_576' title='bbox 415 4314 662 4384; x_wconf 77' lang='lat' dir='ltr'><strong>virgines</strong></span> <span class='ocrx_word' id='word_1_577' title='bbox 689 4315 1089 4384; x_wconf 72' lang='lat' dir='ltr'><strong>nominat,qu:e</strong></span> <span class='ocrx_word' id='word_1_578' title='bbox 1118 4314 1295 4369; x_wconf 88' lang='lat' dir='ltr'><strong>oleum</strong></span> <span class='ocrx_word' id='word_1_579' title='bbox 1326 4332 1431 4370; x_wconf 90' lang='lat' dir='ltr'><strong>non</strong></span> <span class='ocrx_word' id='word_1_580' title='bbox 1451 4330 1633 4386; x_wconf 87' lang='lat' dir='ltr'><strong>porta-</strong></span> 
     </span>
    </p>
   </div>
   <div class='ocr_carea' id='block_1_72' title="bbox 42 4405 1631 4476">
    <p class='ocr_par' dir='ltr' id='par_1_72' title="bbox 42 4405 1631 4476">
     <span class='ocr_line' id='line_1_72' title="bbox 42 4405 1631 4476; baseline 0.005 -21"><span class='ocrx_word' id='word_1_581' title='bbox 42 4405 165 4458; x_wconf 87' lang='lat' dir='ltr'><strong>bant</strong></span> <span class='ocrx_word' id='word_1_582' title='bbox 197 4407 251 4460; x_wconf 88' lang='lat' dir='ltr'><strong>in</strong></span> <span class='ocrx_word' id='word_1_583' title='bbox 279 4406 537 4461; x_wconf 85' lang='lat' dir='ltr'><strong>vasculis</strong></span> <span class='ocrx_word' id='word_1_584' title='bbox 558 4405 709 4471; x_wconf 78' lang='lat' dir='ltr'><strong>suis;</strong></span> <span class='ocrx_word' id='word_1_585' title='bbox 740 4413 793 4460; x_wconf 90' lang='lat' dir='ltr'><strong>et</strong></span> <span class='ocrx_word' id='word_1_586' title='bbox 835 4406 1107 4460; x_wconf 90' lang='lat' dir='ltr'><strong>intantum</strong></span> <span class='ocrx_word' id='word_1_587' title='bbox 1152 4407 1365 4470; x_wconf 88' lang='lat' dir='ltr'><strong>stultas,</strong></span> <span class='ocrx_word' id='word_1_588' title='bbox 1401 4417 1461 4461; x_wconf 93' lang='lat' dir='ltr'><strong>ut</strong></span> <span class='ocrx_word' id='word_1_589' title='bbox 1500 4425 1631 4476; x_wconf 88' lang='lat' dir='ltr'><strong>quo-</strong></span> 
     </span>
    </p>
   </div>
   <div class='ocr_carea' id='block_1_73' title="bbox 40 4496 1629 4570">
    <p class='ocr_par' dir='ltr' id='par_1_73' title="bbox 40 4496 1629 4570">
     <span class='ocr_line' id='line_1_73' title="bbox 40 4496 1629 4570; baseline 0.005 -23"><span class='ocrx_word' id='word_1_590' title='bbox 40 4497 178 4551; x_wconf 83' lang='lat' dir='ltr'><strong>niam</strong></span> <span class='ocrx_word' id='word_1_591' title='bbox 230 4496 419 4553; x_wconf 84' lang='lat' dir='ltr'><strong>defuit</strong></span> <span class='ocrx_word' id='word_1_592' title='bbox 451 4498 537 4553; x_wconf 90' lang='lat' dir='ltr'><strong>eis</strong></span> <span class='ocrx_word' id='word_1_593' title='bbox 576 4498 753 4552; x_wconf 90' lang='lat' dir='ltr'><strong>oleum</strong></span> <span class='ocrx_word' id='word_1_594' title='bbox 790 4498 854 4551; x_wconf 92' lang='lat' dir='ltr'><strong>ad</strong></span> <span class='ocrx_word' id='word_1_595' title='bbox 888 4498 1300 4553; x_wconf 89' lang='lat' dir='ltr'><strong>suceendendas</strong></span> <span class='ocrx_word' id='word_1_596' title='bbox 1348 4499 1629 4570; x_wconf 78' lang='lat' dir='ltr'><strong>lampades</strong></span> 
     </span>
    </p>
   </div>
   <div class='ocr_carea' id='block_1_74' title="bbox 1752 3292 3317 3371">
    <p class='ocr_par' dir='ltr' id='par_1_74' title="bbox 1752 3292 3317 3371">
     <span class='ocr_line' id='line_1_74' title="bbox 1752 3292 3317 3371; baseline 0.007 -26"><span class='ocrx_word' id='word_1_597' title='bbox 1752 3308 1953 3347; x_wconf 67' lang='lat' dir='ltr'><strong>mensae</strong></span> <span class='ocrx_word' id='word_1_598' title='bbox 1975 3295 2114 3363; x_wconf 89' lang='lat' dir='ltr'><strong>ejus.</strong></span> <span class='ocrx_word' id='word_1_599' title='bbox 2152 3313 2171 3347; x_wconf 73' lang='grc' dir='ltr'><strong><em>ι</em></strong></span> <span class='ocrx_word' id='word_1_600' title='bbox 2203 3292 2392 3350; x_wconf 84' lang='lat' dir='ltr'><strong>Oleum</strong></span> <span class='ocrx_word' id='word_1_601' title='bbox 2422 3311 2553 3365; x_wconf 81' lang='lat' dir='ltr'><strong>ergo</strong></span> <span class='ocrx_word' id='word_1_602' title='bbox 2584 3295 2768 3351; x_wconf 66' lang='lat' dir='ltr'><strong>offerri</strong></span> <span class='ocrx_word' id='word_1_603' title='bbox 2798 3298 3020 3366; x_wconf 88' lang='lat' dir='ltr'><strong>jubetur</strong></span> <span class='ocrx_word' id='word_1_604' title='bbox 3047 3317 3075 3353; x_wconf 89' lang='lat' dir='ltr'><strong>a</strong></span> <span class='ocrx_word' id='word_1_605' title='bbox 3101 3302 3317 3371; x_wconf 89' lang='lat' dir='ltr'><strong>populo,</strong></span> 
     </span>
    </p>
   </div>
   <div class='ocr_carea' id='block_1_75' title="bbox 1748 3386 3317 3459">
    <p class='ocr_par' dir='ltr' id='par_1_75' title="bbox 1748 3386 3317 3459">
     <span class='ocr_line' id='line_1_75' title="bbox 1748 3386 3317 3459; baseline 0.004 -20"><span class='ocrx_word' id='word_1_606' title='bbox 1748 3396 1805 3439; x_wconf 89' lang='lat' dir='ltr'><strong>et</strong></span> <span class='ocrx_word' id='word_1_607' title='bbox 1834 3386 2016 3439; x_wconf 91' lang='lat' dir='ltr'><strong>oleum</strong></span> <span class='ocrx_word' id='word_1_608' title='bbox 2059 3401 2165 3439; x_wconf 90' lang='lat' dir='ltr'><strong>non</strong></span> <span class='ocrx_word' id='word_1_609' title='bbox 2216 3388 2616 3459; x_wconf 87' lang='lat' dir='ltr'><strong>qualecunque,</strong></span> <span class='ocrx_word' id='word_1_610' title='bbox 2662 3391 2755 3444; x_wconf 89' lang='lat' dir='ltr'><strong>sed</strong></span> <span class='ocrx_word' id='word_1_611' title='bbox 2804 3392 3091 3459; x_wconf 90' lang='lat' dir='ltr'><strong>mundum,</strong></span> <span class='ocrx_word' id='word_1_612' title='bbox 3123 3404 3317 3446; x_wconf 85' lang='lat' dir='ltr'><strong>etnon</strong></span> 
     </span>
    </p>
   </div>
   <div class='ocr_carea' id='block_1_76' title="bbox 1750 3477 3320 3549">
    <p class='ocr_par' dir='ltr' id='par_1_76' title="bbox 1750 3477 3320 3549">
     <span class='ocr_line' id='line_1_76' title="bbox 1750 3477 3320 3549; baseline 0.005 -18"><span class='ocrx_word' id='word_1_613' title='bbox 1750 3492 1817 3531; x_wconf 85' lang='lat' dir='ltr'><strong>ex</strong></span> <span class='ocrx_word' id='word_1_614' title='bbox 1841 3477 2257 3547; x_wconf 90' lang='lat' dir='ltr'><strong>quibuscunque</strong></span> <span class='ocrx_word' id='word_1_615' title='bbox 2282 3480 2584 3533; x_wconf 88' lang='lat' dir='ltr'><strong>seminibus</strong></span> <span class='ocrx_word' id='word_1_616' title='bbox 2613 3482 2692 3549; x_wconf 93' lang='lat' dir='ltr'><strong>(ut</strong></span> <span class='ocrx_word' id='word_1_617' title='bbox 2747 3481 2860 3535; x_wconf 85' lang='lat' dir='ltr'><strong>ﬁeri</strong></span> <span class='ocrx_word' id='word_1_618' title='bbox 2892 3483 3122 3538; x_wconf 89' lang='lat' dir='ltr'><strong>diversis</strong></span> <span class='ocrx_word' id='word_1_619' title='bbox 3150 3484 3203 3537; x_wconf 90' lang='lat' dir='ltr'><strong>in</strong></span> <span class='ocrx_word' id='word_1_620' title='bbox 3233 3499 3320 3539; x_wconf 91' lang='lat' dir='ltr'><strong>re-</strong></span> 
     </span>
    </p>
   </div>
   <div class='ocr_carea' id='block_1_77' title="bbox 1748 3571 3319 3646">
    <p class='ocr_par' dir='ltr' id='par_1_77' title="bbox 1748 3571 3319 3646">
     <span class='ocr_line' id='line_1_77' title="bbox 1748 3571 3319 3646; baseline 0.005 -23"><span class='ocrx_word' id='word_1_621' title='bbox 1748 3571 1997 3640; x_wconf 77' lang='lat' dir='ltr'><strong>gionibus</strong></span> <span class='ocrx_word' id='word_1_622' title='bbox 2032 3586 2149 3626; x_wconf 89' lang='lat' dir='ltr'><strong>mos</strong></span> <span class='ocrx_word' id='word_1_623' title='bbox 2178 3573 2304 3639; x_wconf 90' lang='lat' dir='ltr'><strong>est),</strong></span> <span class='ocrx_word' id='word_1_624' title='bbox 2338 3573 2433 3626; x_wconf 90' lang='lat' dir='ltr'><strong>sed</strong></span> <span class='ocrx_word' id='word_1_625' title='bbox 2463 3573 2529 3627; x_wconf 93' lang='lat' dir='ltr'><strong>de</strong></span> <span class='ocrx_word' id='word_1_626' title='bbox 2551 3574 2706 3628; x_wconf 90' lang='lat' dir='ltr'><strong>olivis</strong></span> <span class='ocrx_word' id='word_1_627' title='bbox 2735 3589 3075 3643; x_wconf 87' lang='lat' dir='ltr'><strong>expressum,</strong></span> <span class='ocrx_word' id='word_1_628' title='bbox 3109 3577 3160 3630; x_wconf 92' lang='lat' dir='ltr'><strong>in</strong></span> <span class='ocrx_word' id='word_1_629' title='bbox 3195 3582 3319 3646; x_wconf 88' lang='lat' dir='ltr'><strong>qui-</strong></span> 
     </span>
    </p>
   </div>
   <div class='ocr_carea' id='block_1_78' title="bbox 1749 3664 3314 3738">
    <p class='ocr_par' dir='ltr' id='par_1_78' title="bbox 1749 3664 3314 3738">
     <span class='ocr_line' id='line_1_78' title="bbox 1749 3664 3314 3738; baseline 0.003 -19"><span class='ocrx_word' id='word_1_630' title='bbox 1749 3665 1846 3719; x_wconf 90' lang='lat' dir='ltr'><strong>bus</strong></span> <span class='ocrx_word' id='word_1_631' title='bbox 1870 3664 2125 3719; x_wconf 88' lang='lat' dir='ltr'><strong>indicittm</strong></span> <span class='ocrx_word' id='word_1_632' title='bbox 2158 3666 2311 3735; x_wconf 89' lang='lat' dir='ltr'><strong>pacis</strong></span> <span class='ocrx_word' id='word_1_633' title='bbox 2338 3667 2664 3721; x_wconf 87' lang='lat' dir='ltr'><strong>ostenditur.</strong></span> <span class='ocrx_word' id='word_1_634' title='bbox 2708 3665 2892 3735; x_wconf 79' lang='lat' dir='ltr'><strong>Neque</strong></span> <span class='ocrx_word' id='word_1_635' title='bbox 2919 3669 3065 3722; x_wconf 91' lang='lat' dir='ltr'><strong>enim</strong></span> <span class='ocrx_word' id='word_1_636' title='bbox 3095 3679 3314 3738; x_wconf 86' lang='lat' dir='ltr'><strong>accepta</strong></span> 
     </span>
    </p>
   </div>
   <div class='ocr_carea' id='block_1_79' title="bbox 1746 3755 3319 3829">
    <p class='ocr_par' dir='ltr' id='par_1_79' title="bbox 1746 3755 3319 3829">
     <span class='ocr_line' id='line_1_79' title="bbox 1746 3755 3319 3829; baseline 0.004 -23"><span class='ocrx_word' id='word_1_637' title='bbox 1746 3766 1973 3823; x_wconf 82' lang='lat' dir='ltr'><strong>possunt</strong></span> <span class='ocrx_word' id='word_1_638' title='bbox 2001 3770 2122 3808; x_wconf 88' lang='lat' dir='ltr'><strong>esse</strong></span> <span class='ocrx_word' id='word_1_639' title='bbox 2155 3755 2265 3809; x_wconf 90' lang='lat' dir='ltr'><strong>Deo</strong></span> <span class='ocrx_word' id='word_1_640' title='bbox 2299 3770 2463 3824; x_wconf 87' lang='lat' dir='ltr'><strong>opera</strong></span> <span class='ocrx_word' id='word_1_641' title='bbox 2499 3766 2609 3820; x_wconf 86' lang='lat' dir='ltr'><strong>tua,</strong></span> <span class='ocrx_word' id='word_1_642' title='bbox 2651 3756 2753 3811; x_wconf 87' lang='lat' dir='ltr'><strong>nisi</strong></span> <span class='ocrx_word' id='word_1_643' title='bbox 2787 3758 2839 3810; x_wconf 93' lang='lat' dir='ltr'><strong>in</strong></span> <span class='ocrx_word' id='word_1_644' title='bbox 2876 3773 3010 3825; x_wconf 89' lang='lat' dir='ltr'><strong>pace</strong></span> <span class='ocrx_word' id='word_1_645' title='bbox 3047 3773 3319 3829; x_wconf 75' lang='lat' dir='ltr'><strong>peragan-</strong></span> 
     </span>
    </p>
   </div>
   <div class='ocr_carea' id='block_1_80' title="bbox 1750 3847 3319 3916">
    <p class='ocr_par' dir='ltr' id='par_1_80' title="bbox 1750 3847 3319 3916">
     <span class='ocr_line' id='line_1_80' title="bbox 1750 3847 3319 3916; baseline 0.003 -14"><span class='ocrx_word' id='word_1_646' title='bbox 1750 3858 1835 3907; x_wconf 87' lang='lat' dir='ltr'><strong>tnr</strong></span> <span class='ocrx_word' id='word_1_647' title='bbox 1870 3864 1884 3901; x_wconf 91' lang='lat'><strong>:</strong></span> <span class='ocrx_word' id='word_1_648' title='bbox 1914 3852 2057 3901; x_wconf 83' lang='lat' dir='ltr'><strong>sicut</strong></span> <span class='ocrx_word' id='word_1_649' title='bbox 2082 3858 2135 3902; x_wconf 91' lang='lat' dir='ltr'><strong>et</strong></span> <span class='ocrx_word' id='word_1_650' title='bbox 2162 3847 2398 3903; x_wconf 85' lang='lat' dir='ltr'><strong>Jacobus</strong></span> <span class='ocrx_word' id='word_1_651' title='bbox 2429 3850 2707 3916; x_wconf 91' lang='lat' dir='ltr'><strong>apostolus</strong></span> <span class='ocrx_word' id='word_1_652' title='bbox 2736 3850 2870 3903; x_wconf 90' lang='lat' dir='ltr'><strong>dicit</strong></span> <span class='ocrx_word' id='word_1_653' title='bbox 2901 3851 2945 3881; x_wconf 89' lang='grc'><strong>¹⁰</strong></span> <span class='ocrx_word' id='word_1_654' title='bbox 2979 3872 2988 3906; x_wconf 90' lang='lat'>:</span> <span class='ocrx_word' id='word_1_655' title='bbox 3024 3868 3042 3901; x_wconf 74' lang='grc' dir='ltr'>ι</span> <span class='ocrx_word' id='word_1_656' title='bbox 3083 3850 3319 3906; x_wconf 83' lang='lat' dir='ltr'><strong>Fructus</strong></span> 
     </span>
    </p>
   </div>
   <div class='ocr_carea' id='block_1_81' title="bbox 1744 3937 3315 4008">
    <p class='ocr_par' dir='ltr' id='par_1_81' title="bbox 1744 3937 3315 4008">
     <span class='ocr_line' id='line_1_81' title="bbox 1744 3937 3315 4008; baseline 0.004 -17"><span class='ocrx_word' id='word_1_657' title='bbox 1744 3949 1925 3991; x_wconf 92' lang='lat' dir='ltr'><strong>autem</strong></span> <span class='ocrx_word' id='word_1_658' title='bbox 1968 3937 2196 4004; x_wconf 73' lang='lat' dir='ltr'><strong>justitia:</strong></span> <span class='ocrx_word' id='word_1_659' title='bbox 2248 3938 2301 3991; x_wconf 90' lang='lat' dir='ltr'><strong>in</strong></span> <span class='ocrx_word' id='word_1_660' title='bbox 2363 3955 2496 4008; x_wconf 83' lang='lat' dir='ltr'><strong>pace</strong></span> <span class='ocrx_word' id='word_1_661' title='bbox 2545 3940 2867 3994; x_wconf 88' lang='lat' dir='ltr'><strong>seminatur.</strong></span> <span class='ocrx_word' id='word_1_662' title='bbox 2908 3958 2927 3990; x_wconf 74' lang='grc' dir='ltr'><strong><em>ι</em></strong></span> <span class='ocrx_word' id='word_1_663' title='bbox 2974 3941 3041 3995; x_wconf 81' lang='lat' dir='ltr'><strong>Et</strong></span> <span class='ocrx_word' id='word_1_664' title='bbox 3092 3942 3315 4007; x_wconf 89' lang='lat' dir='ltr'><strong>idcirco,</strong></span> 
     </span>
    </p>
   </div>
   <div class='ocr_carea' id='block_1_82' title="bbox 1743 4028 3317 4099">
    <p class='ocr_par' dir='ltr' id='par_1_82' title="bbox 1743 4028 3317 4099">
     <span class='ocr_line' id='line_1_82' title="bbox 1743 4028 3317 4099; baseline 0.004 -17"><span class='ocrx_word' id='word_1_665' title='bbox 1743 4028 1930 4089; x_wconf 84' lang='lat' dir='ltr'><strong>credo,</strong></span> <span class='ocrx_word' id='word_1_666' title='bbox 1959 4028 2122 4083; x_wconf 89' lang='lat' dir='ltr'><strong>etiam</strong></span> <span class='ocrx_word' id='word_1_667' title='bbox 2158 4030 2416 4084; x_wconf 91' lang='lat' dir='ltr'><strong>Dominus</strong></span> <span class='ocrx_word' id='word_1_668' title='bbox 2446 4031 2724 4099; x_wconf 89' lang='lat' dir='ltr'><strong>discipulis</strong></span> <span class='ocrx_word' id='word_1_669' title='bbox 2742 4033 2855 4087; x_wconf 90' lang='lat' dir='ltr'><strong>suis</strong></span> <span class='ocrx_word' id='word_1_670' title='bbox 2884 4034 3130 4088; x_wconf 88' lang='lat' dir='ltr'><strong>tradebat</strong></span> <span class='ocrx_word' id='word_1_671' title='bbox 3160 4035 3317 4090; x_wconf 83' lang='lat' dir='ltr'><strong>ﬁdele</strong></span> 
     </span>
    </p>
   </div>
   <div class='ocr_carea' id='block_1_83' title="bbox 1741 4123 3316 4196">
    <p class='ocr_par' dir='ltr' id='par_1_83' title="bbox 1741 4123 3316 4196">
     <span class='ocr_line' id='line_1_83' title="bbox 1741 4123 3316 4196; baseline 0.002 -18"><span class='ocrx_word' id='word_1_672' title='bbox 1741 4123 2049 4193; x_wconf 89' lang='lat' dir='ltr'><strong>depositum</strong></span> <span class='ocrx_word' id='word_1_673' title='bbox 2078 4123 2262 4179; x_wconf 89' lang='lat' dir='ltr'><strong>dicens</strong></span> <span class='ocrx_word' id='word_1_674' title='bbox 2295 4124 2335 4154; x_wconf 83' lang='lat'>“</span> <span class='ocrx_word' id='word_1_675' title='bbox 2366 4140 2381 4177; x_wconf 90' lang='lat'><strong>:</strong></span> <span class='ocrx_word' id='word_1_676' title='bbox 2417 4142 2435 4176; x_wconf 74' lang='grc' dir='ltr'>ι</span> <span class='ocrx_word' id='word_1_677' title='bbox 2468 4123 2663 4180; x_wconf 85' lang='lat' dir='ltr'><strong>Pacem</strong></span> <span class='ocrx_word' id='word_1_678' title='bbox 2700 4141 2874 4180; x_wconf 91' lang='lat' dir='ltr'><strong>meam</strong></span> <span class='ocrx_word' id='word_1_679' title='bbox 2911 4127 2981 4181; x_wconf 95' lang='lat' dir='ltr'><strong>do</strong></span> <span class='ocrx_word' id='word_1_680' title='bbox 3014 4127 3185 4189; x_wconf 90' lang='lat' dir='ltr'><strong>vobis,</strong></span> <span class='ocrx_word' id='word_1_681' title='bbox 3218 4142 3316 4196; x_wconf 85' lang='lat' dir='ltr'><strong>pa-</strong></span> 
     </span>
    </p>
   </div>
   <div class='ocr_carea' id='block_1_84' title="bbox 1740 4219 3311 4292">
    <p class='ocr_par' dir='ltr' id='par_1_84' title="bbox 1740 4219 3311 4292">
     <span class='ocr_line' id='line_1_84' title="bbox 1740 4219 3311 4292; baseline -0.002 -15"><span class='ocrx_word' id='word_1_682' title='bbox 1740 4237 1855 4280; x_wconf 77' lang='lat' dir='ltr'><strong>cem</strong></span> <span class='ocrx_word' id='word_1_683' title='bbox 1875 4240 2050 4278; x_wconf 90' lang='lat' dir='ltr'><strong>meam</strong></span> <span class='ocrx_word' id='word_1_684' title='bbox 2080 4223 2330 4292; x_wconf 89' lang='lat' dir='ltr'><strong>relinquo</strong></span> <span class='ocrx_word' id='word_1_685' title='bbox 2357 4221 2529 4275; x_wconf 85' lang='lat' dir='ltr'><strong>vobis.</strong></span> <span class='ocrx_word' id='word_1_686' title='bbox 2559 4240 2576 4271; x_wconf 76' lang='grc' dir='ltr'><strong>ι</strong></span> <span class='ocrx_word' id='word_1_687' title='bbox 2599 4220 2673 4273; x_wconf 85' lang='lat' dir='ltr'><strong>De</strong></span> <span class='ocrx_word' id='word_1_688' title='bbox 2701 4220 2803 4275; x_wconf 87' lang='lat' dir='ltr'><strong>hac</strong></span> <span class='ocrx_word' id='word_1_689' title='bbox 2821 4235 2953 4288; x_wconf 79' lang='lat' dir='ltr'><strong>ergo</strong></span> <span class='ocrx_word' id='word_1_690' title='bbox 2981 4220 3119 4274; x_wconf 91' lang='lat' dir='ltr'><strong>oliva</strong></span> <span class='ocrx_word' id='word_1_691' title='bbox 3138 4219 3311 4275; x_wconf 91' lang='lat' dir='ltr'><strong>oleum</strong></span> 
     </span>
    </p>
   </div>
   <div class='ocr_carea' id='block_1_85' title="bbox 1741 4311 3309 4386">
    <p class='ocr_par' dir='ltr' id='par_1_85' title="bbox 1741 4311 3309 4386">
     <span class='ocr_line' id='line_1_85' title="bbox 1741 4311 3309 4386; baseline -0.001 -17"><span class='ocrx_word' id='word_1_692' title='bbox 1741 4331 2051 4385; x_wconf 90' lang='lat' dir='ltr'><strong>premamus</strong></span> <span class='ocrx_word' id='word_1_693' title='bbox 2087 4330 2311 4386; x_wconf 91' lang='lat' dir='ltr'><strong>operum</strong></span> <span class='ocrx_word' id='word_1_694' title='bbox 2335 4322 2673 4379; x_wconf 88' lang='lat' dir='ltr'><strong>nostrorum,</strong></span> <span class='ocrx_word' id='word_1_695' title='bbox 2711 4327 2775 4365; x_wconf 78' lang='lat' dir='ltr'><strong>ex</strong></span> <span class='ocrx_word' id='word_1_696' title='bbox 2800 4326 2907 4380; x_wconf 89' lang='lat' dir='ltr'><strong>quo</strong></span> <span class='ocrx_word' id='word_1_697' title='bbox 2941 4311 3165 4367; x_wconf 82' lang='lat' dir='ltr'><strong>lucerna</strong></span> <span class='ocrx_word' id='word_1_698' title='bbox 3204 4313 3309 4367; x_wconf 90' lang='lat' dir='ltr'><strong>Do-</strong></span> 
     </span>
    </p>
   </div>
   <div class='ocr_carea' id='block_1_86' title="bbox 1742 4405 3309 4480">
    <p class='ocr_par' dir='ltr' id='par_1_86' title="bbox 1742 4405 3309 4480">
     <span class='ocr_line' id='line_1_86' title="bbox 1742 4405 3309 4480; baseline -0.003 -16"><span class='ocrx_word' id='word_1_699' title='bbox 1742 4411 1887 4464; x_wconf 87' lang='lat' dir='ltr'><strong>mino</strong></span> <span class='ocrx_word' id='word_1_700' title='bbox 1927 4410 2098 4480; x_wconf 90' lang='lat' dir='ltr'><strong>possit</strong></span> <span class='ocrx_word' id='word_1_701' title='bbox 2126 4407 2371 4473; x_wconf 91' lang='lat' dir='ltr'><strong>accendi,</strong></span> <span class='ocrx_word' id='word_1_702' title='bbox 2403 4416 2462 4461; x_wconf 88' lang='lat' dir='ltr'><strong>ttt</strong></span> <span class='ocrx_word' id='word_1_703' title='bbox 2484 4407 2656 4461; x_wconf 89' lang='lat' dir='ltr'><strong>nonin</strong></span> <span class='ocrx_word' id='word_1_704' title='bbox 2691 4405 2924 4461; x_wconf 88' lang='lat' dir='ltr'><strong>tenebris</strong></span> <span class='ocrx_word' id='word_1_705' title='bbox 2956 4406 3309 4460; x_wconf 89' lang='lat' dir='ltr'><strong>ambulemus.</strong></span> 
     </span>
    </p>
   </div>
   <div class='ocr_carea' id='block_1_87' title="bbox 1739 4495 3310 4572">
    <p class='ocr_par' dir='ltr' id='par_1_87' title="bbox 1739 4495 3310 4572">
     <span class='ocr_line' id='line_1_87' title="bbox 1739 4495 3310 4572; baseline -0.004 -17"><span class='ocrx_word' id='word_1_706' title='bbox 1739 4500 1863 4557; x_wconf 68' lang='lat' dir='ltr'><strong>Ilaec</strong></span> <span class='ocrx_word' id='word_1_707' title='bbox 1895 4502 2113 4572; x_wconf 88' lang='lat' dir='ltr'><strong>quidem</strong></span> <span class='ocrx_word' id='word_1_708' title='bbox 2144 4515 2173 4553; x_wconf 91' lang='lat' dir='ltr'><strong>a</strong></span> <span class='ocrx_word' id='word_1_709' title='bbox 2208 4501 2365 4555; x_wconf 89' lang='lat' dir='ltr'><strong>nobis</strong></span> <span class='ocrx_word' id='word_1_710' title='bbox 2396 4498 2540 4553; x_wconf 88' lang='lat' dir='ltr'><strong>dicta</strong></span> <span class='ocrx_word' id='word_1_711' title='bbox 2574 4506 2725 4561; x_wconf 91' lang='lat' dir='ltr'><strong>sunt,</strong></span> <span class='ocrx_word' id='word_1_712' title='bbox 2748 4506 3005 4565; x_wconf 85' lang='lat' dir='ltr'><strong>quantum</strong></span> <span class='ocrx_word' id='word_1_713' title='bbox 3032 4495 3098 4549; x_wconf 93' lang='lat' dir='ltr'><strong>ad</strong></span> <span class='ocrx_word' id='word_1_714' title='bbox 3130 4496 3310 4550; x_wconf 83' lang='lat' dir='ltr'><strong>lucer-</strong></span> 
     </span>
    </p>
   </div>
   <div class='ocr_carea' id='block_1_88' title="bbox 39 4588 2923 4662">
    <p class='ocr_par' dir='ltr' id='par_1_88' title="bbox 39 4588 2923 4662">
     <span class='ocr_line' id='line_1_88' title="bbox 39 4588 2923 4662; baseline -0.001 -21"><span class='ocrx_word' id='word_1_715' title='bbox 39 4605 181 4655; x_wconf 87' lang='lat' dir='ltr'><strong>suas,</strong></span> <span class='ocrx_word' id='word_1_716' title='bbox 215 4592 500 4645; x_wconf 82' lang='lat' dir='ltr'><strong>thalamis</strong></span> <span class='ocrx_word' id='word_1_717' title='bbox 524 4591 760 4644; x_wconf 79' lang='lat' dir='ltr'><strong>exclusa:</strong></span> <span class='ocrx_word' id='word_1_718' title='bbox 789 4591 899 4645; x_wconf 88' lang='lat' dir='ltr'><strong>sint</strong></span> <span class='ocrx_word' id='word_1_719' title='bbox 930 4592 1261 4660; x_wconf 88' lang='lat' dir='ltr'><strong>nuptiarmn,</strong></span> <span class='ocrx_word' id='word_1_720' title='bbox 1294 4610 1392 4647; x_wconf 92' lang='lat' dir='ltr'><strong>nec</strong></span> <span class='ocrx_word' id='word_1_721' title='bbox 1413 4596 1631 4662; x_wconf 75' lang='lat' dir='ltr'><strong>pulsan—</strong></span> <span class='ocrx_word' id='word_1_722' title='bbox 1666 4607 1707 4661; x_wconf 82' lang='grc' dir='ltr'><strong>ι)</strong></span> <span class='ocrx_word' id='word_1_723' title='bbox 1739 4610 1862 4648; x_wconf 88' lang='lat' dir='ltr'><strong>nam</strong></span> <span class='ocrx_word' id='word_1_724' title='bbox 1895 4591 2212 4648; x_wconf 88' lang='lat' dir='ltr'><strong>candelabri</strong></span> <span class='ocrx_word' id='word_1_725' title='bbox 2243 4599 2300 4646; x_wconf 90' lang='lat' dir='ltr'><strong>et</strong></span> <span class='ocrx_word' id='word_1_726' title='bbox 2330 4590 2509 4645; x_wconf 91' lang='lat' dir='ltr'><strong>oleum</strong></span> <span class='ocrx_word' id='word_1_727' title='bbox 2546 4588 2665 4655; x_wconf 89' lang='lat' dir='ltr'><strong>ejus</strong></span> <span class='ocrx_word' id='word_1_728' title='bbox 2693 4596 2923 4657; x_wconf 88' lang='lat' dir='ltr'><strong>spectat.</strong></span> 
     </span>
    </p>
   </div>
   <div class='ocr_carea' id='block_1_89' title="bbox 39 4683 1632 4755">
    <p class='ocr_par' dir='ltr' id='par_1_89' title="bbox 39 4683 1632 4755">
     <span class='ocr_line' id='line_1_89' title="bbox 39 4683 1632 4755; baseline 0.005 -21"><span class='ocrx_word' id='word_1_729' title='bbox 39 4684 173 4737; x_wconf 88' lang='lat' dir='ltr'><strong>tibus</strong></span> <span class='ocrx_word' id='word_1_730' title='bbox 205 4700 335 4754; x_wconf 65' lang='lat' dir='ltr'><strong>quae</strong></span> <span class='ocrx_word' id='word_1_731' title='bbox 368 4684 487 4738; x_wconf 90' lang='lat' dir='ltr'><strong>olei</strong></span> <span class='ocrx_word' id='word_1_732' title='bbox 523 4698 709 4736; x_wconf 85' lang='lat' dir='ltr'><strong>curam</strong></span> <span class='ocrx_word' id='word_1_733' title='bbox 736 4683 1107 4752; x_wconf 80' lang='lat' dir='ltr'><strong>neglexerant,</strong></span> <span class='ocrx_word' id='word_1_734' title='bbox 1137 4685 1275 4737; x_wconf 88' lang='lat' dir='ltr'><strong>ultra</strong></span> <span class='ocrx_word' id='word_1_735' title='bbox 1300 4687 1632 4755; x_wconf 87' lang='lat' dir='ltr'><strong>aperirijus-</strong></span> 
     </span>
    </p>
   </div>
   <div class='ocr_carea' id='block_1_90' title="bbox 39 4775 1632 4846">
    <p class='ocr_par' dir='ltr' id='par_1_90' title="bbox 39 4775 1632 4846">
     <span class='ocr_line' id='line_1_90' title="bbox 39 4775 1632 4846; baseline 0.004 -20"><span class='ocrx_word' id='word_1_736' title='bbox 39 4778 159 4828; x_wconf 78' lang='lat' dir='ltr'><strong>serit</strong></span> <span class='ocrx_word' id='word_1_737' title='bbox 194 4792 476 4846; x_wconf 86' lang='lat' dir='ltr'><strong>sponsus.</strong></span> <span class='ocrx_word' id='word_1_738' title='bbox 505 4775 718 4830; x_wconf 82' lang='lat' dir='ltr'><strong>Memini</strong></span> <span class='ocrx_word' id='word_1_739' title='bbox 769 4785 946 4829; x_wconf 90' lang='lat' dir='ltr'><strong>tamen</strong></span> <span class='ocrx_word' id='word_1_740' title='bbox 990 4776 1189 4829; x_wconf 90' lang='lat' dir='ltr'><strong>dudum</strong></span> <span class='ocrx_word' id='word_1_741' title='bbox 1216 4792 1312 4831; x_wconf 90' lang='lat' dir='ltr'><strong>nos</strong></span> <span class='ocrx_word' id='word_1_742' title='bbox 1348 4792 1469 4830; x_wconf 85' lang='lat' dir='ltr'><strong>cum</strong></span> <span class='ocrx_word' id='word_1_743' title='bbox 1499 4795 1632 4833; x_wconf 88' lang='lat' dir='ltr'><strong>cen-</strong></span> 
     </span>
    </p>
   </div>
   <div class='ocr_carea' id='block_1_91' title="bbox 40 4866 1626 4937">
    <p class='ocr_par' dir='ltr' id='par_1_91' title="bbox 40 4866 1626 4937">
     <span class='ocr_line' id='line_1_91' title="bbox 40 4866 1626 4937; baseline 0.004 -20"><span class='ocrx_word' id='word_1_744' title='bbox 40 4869 203 4922; x_wconf 77' lang='lat' dir='ltr'><strong>iesimi</strong></span> <span class='ocrx_word' id='word_1_745' title='bbox 261 4870 484 4924; x_wconf 87' lang='lat' dir='ltr'><strong>decimi</strong></span> <span class='ocrx_word' id='word_1_746' title='bbox 539 4866 719 4922; x_wconf 88' lang='lat' dir='ltr'><strong>octavi</strong></span> <span class='ocrx_word' id='word_1_747' title='bbox 779 4867 970 4937; x_wconf 88' lang='lat' dir='ltr'><strong>psalmi</strong></span> <span class='ocrx_word' id='word_1_748' title='bbox 1021 4882 1425 4936; x_wconf 81' lang='lat' dir='ltr'><strong>exponeremus</strong></span> <span class='ocrx_word' id='word_1_749' title='bbox 1476 4869 1626 4924; x_wconf 88' lang='lat' dir='ltr'><strong>illmn</strong></span> 
     </span>
    </p>
   </div>
   <div class='ocr_carea' id='block_1_92' title="bbox 39 4959 1627 5030">
    <p class='ocr_par' dir='ltr' id='par_1_92' title="bbox 39 4959 1627 5030">
     <span class='ocr_line' id='line_1_92' title="bbox 39 4959 1627 5030; baseline 0.004 -20"><span class='ocrx_word' id='word_1_750' title='bbox 39 4962 394 5024; x_wconf 76' lang='lat' dir='ltr'><strong>.ersiculum,</strong></span> <span class='ocrx_word' id='word_1_751' title='bbox 429 4960 491 5014; x_wconf 90' lang='lat' dir='ltr'><strong>in</strong></span> <span class='ocrx_word' id='word_1_752' title='bbox 534 4975 642 5030; x_wconf 87' lang='lat' dir='ltr'><strong>quo</strong></span> <span class='ocrx_word' id='word_1_753' title='bbox 670 4960 934 5028; x_wconf 89' lang='lat' dir='ltr'><strong>scriptum</strong></span> <span class='ocrx_word' id='word_1_754' title='bbox 966 4970 1051 5014; x_wconf 89' lang='lat' dir='ltr'><strong>est</strong></span> <span class='ocrx_word' id='word_1_755' title='bbox 1076 4960 1099 4989; x_wconf 83' lang='grc'><strong><em>⁵</em></strong></span> <span class='ocrx_word' id='word_1_756' title='bbox 1129 4973 1145 5012; x_wconf 86' lang='lat'><strong>:</strong></span> <span class='ocrx_word' id='word_1_757' title='bbox 1187 4976 1206 5010; x_wconf 73' lang='grc' dir='ltr'>ι</span> <span class='ocrx_word' id='word_1_758' title='bbox 1260 4959 1507 5016; x_wconf 85' lang='lat' dir='ltr'><strong>Lucerna</strong></span> <span class='ocrx_word' id='word_1_759' title='bbox 1537 4976 1627 5030; x_wconf 86' lang='lat' dir='ltr'><strong>pe-</strong></span> 
     </span>
    </p>
   </div>
   <div class='ocr_carea' id='block_1_93' title="bbox 40 5053 1627 5119">
    <p class='ocr_par' dir='ltr' id='par_1_93' title="bbox 40 5053 1627 5119">
     <span class='ocr_line' id='line_1_93' title="bbox 40 5053 1627 5119; baseline 0.003 -15"><span class='ocrx_word' id='word_1_760' title='bbox 40 5053 180 5109; x_wconf 83' lang='lat' dir='ltr'><strong>iibus</strong></span> <span class='ocrx_word' id='word_1_761' title='bbox 238 5055 389 5109; x_wconf 87' lang='lat' dir='ltr'><strong>meis</strong></span> <span class='ocrx_word' id='word_1_762' title='bbox 442 5057 532 5107; x_wconf 89' lang='lat' dir='ltr'><strong>lex</strong></span> <span class='ocrx_word' id='word_1_763' title='bbox 582 5063 692 5119; x_wconf 90' lang='lat' dir='ltr'><strong>tua,</strong></span> <span class='ocrx_word' id='word_1_764' title='bbox 747 5054 997 5118; x_wconf 89' lang='lat' dir='ltr'><strong>Domine,</strong></span> <span class='ocrx_word' id='word_1_765' title='bbox 1051 5062 1107 5107; x_wconf 89' lang='lat' dir='ltr'><strong>et</strong></span> <span class='ocrx_word' id='word_1_766' title='bbox 1172 5053 1351 5107; x_wconf 92' lang='lat' dir='ltr'><strong>lumen</strong></span> <span class='ocrx_word' id='word_1_767' title='bbox 1411 5056 1627 5109; x_wconf 89' lang='lat' dir='ltr'><strong>semitis</strong></span> 
     </span>
    </p>
   </div>
   <div class='ocr_carea' id='block_1_94' title="bbox 40 5145 1631 5217">
    <p class='ocr_par' dir='ltr' id='par_1_94' title="bbox 40 5145 1631 5217">
     <span class='ocr_line' id='line_1_94' title="bbox 40 5145 1631 5217; baseline 0.003 -18"><span class='ocrx_word' id='word_1_768' title='bbox 40 5150 178 5215; x_wconf 85' lang='lat' dir='ltr'><strong>neis,</strong></span> <span class='ocrx_word' id='word_1_769' title='bbox 210 5168 232 5202; x_wconf 72' lang='grc' dir='ltr'><strong><em>ι</em></strong></span> <span class='ocrx_word' id='word_1_770' title='bbox 266 5147 670 5203; x_wconf 82' lang='lat' dir='ltr'><strong>diversitatem</strong></span> <span class='ocrx_word' id='word_1_771' title='bbox 717 5146 953 5201; x_wconf 63' lang='lat' dir='ltr'><strong>Incertum.</strong></span> <span class='ocrx_word' id='word_1_772' title='bbox 1004 5153 1052 5200; x_wconf 88' lang='lat' dir='ltr'><strong>et</strong></span> <span class='ocrx_word' id='word_1_773' title='bbox 1090 5145 1229 5201; x_wconf 87' lang='lat' dir='ltr'><strong>lucis</strong></span> <span class='ocrx_word' id='word_1_774' title='bbox 1276 5162 1373 5217; x_wconf 87' lang='lat' dir='ltr'><strong>pro</strong></span> <span class='ocrx_word' id='word_1_775' title='bbox 1424 5147 1631 5203; x_wconf 89' lang='lat' dir='ltr'><strong>viribus</strong></span> 
     </span>
    </p>
   </div>
   <div class='ocr_carea' id='block_1_95' title="bbox 40 5236 1631 5307">
    <p class='ocr_par' dir='ltr' id='par_1_95' title="bbox 40 5236 1631 5307">
     <span class='ocr_line' id='line_1_95' title="bbox 40 5236 1631 5307; baseline 0.004 -20"><span class='ocrx_word' id='word_1_776' title='bbox 40 5239 357 5293; x_wconf 69' lang='lat' dir='ltr'><strong>lSlCIIdISSC.</strong></span> <span class='ocrx_word' id='word_1_777' title='bbox 393 5237 729 5292; x_wconf 79' lang='lat' dir='ltr'><strong>Dicebamus</strong></span> <span class='ocrx_word' id='word_1_778' title='bbox 758 5238 906 5291; x_wconf 89' lang='lat' dir='ltr'><strong>enim</strong></span> <span class='ocrx_word' id='word_1_779' title='bbox 938 5238 1082 5306; x_wconf 90' lang='lat' dir='ltr'><strong>quod</strong></span> <span class='ocrx_word' id='word_1_780' title='bbox 1106 5236 1385 5291; x_wconf 88' lang='lat' dir='ltr'><strong>lucernam</strong></span> <span class='ocrx_word' id='word_1_781' title='bbox 1410 5239 1631 5307; x_wconf 88' lang='lat' dir='ltr'><strong>quidem</strong></span> 
     </span>
    </p>
   </div>
   <div class='ocr_carea' id='block_1_96' title="bbox 39 5328 1631 5397">
    <p class='ocr_par' dir='ltr' id='par_1_96' title="bbox 39 5328 1631 5397">
     <span class='ocr_line' id='line_1_96' title="bbox 39 5328 1631 5397; baseline 0.003 -17"><span class='ocrx_word' id='word_1_782' title='bbox 39 5333 276 5397; x_wconf 64' lang='lat' dir='ltr'><strong>ledibus,</strong></span> <span class='ocrx_word' id='word_1_783' title='bbox 332 5329 394 5384; x_wconf 91' lang='lat' dir='ltr'><strong>id</strong></span> <span class='ocrx_word' id='word_1_784' title='bbox 442 5337 531 5383; x_wconf 89' lang='lat' dir='ltr'><strong>est</strong></span> <span class='ocrx_word' id='word_1_785' title='bbox 566 5328 915 5383; x_wconf 85' lang='lat' dir='ltr'><strong>inferioribus</strong></span> <span class='ocrx_word' id='word_1_786' title='bbox 947 5330 1191 5397; x_wconf 89' lang='lat' dir='ltr'><strong>corporis</strong></span> <span class='ocrx_word' id='word_1_787' title='bbox 1240 5330 1490 5397; x_wconf 90' lang='lat' dir='ltr'><strong>partibus</strong></span> <span class='ocrx_word' id='word_1_788' title='bbox 1535 5332 1631 5384; x_wconf 87' lang='lat' dir='ltr'><strong>de-</strong></span> 
     </span>
    </p>
   </div>
   <div class='ocr_carea' id='block_1_97' title="bbox 39 5418 1631 5490">
    <p class='ocr_par' dir='ltr' id='par_1_97' title="bbox 39 5418 1631 5490">
     <span class='ocr_line' id='line_1_97' title="bbox 39 5418 1631 5490; baseline 0.004 -21"><span class='ocrx_word' id='word_1_789' title='bbox 39 5422 250 5488; x_wconf 82' lang='lat' dir='ltr'><strong>mtarit,</strong></span> <span class='ocrx_word' id='word_1_790' title='bbox 275 5420 483 5475; x_wconf 87' lang='lat' dir='ltr'><strong>lucem</strong></span> <span class='ocrx_word' id='word_1_791' title='bbox 518 5434 647 5476; x_wconf 89' lang='lat' dir='ltr'><strong>vero</strong></span> <span class='ocrx_word' id='word_1_792' title='bbox 680 5418 891 5475; x_wconf 88' lang='lat' dir='ltr'><strong>semitis</strong></span> <span class='ocrx_word' id='word_1_793' title='bbox 912 5418 1148 5488; x_wconf 85' lang='lat' dir='ltr'><strong>dederit,</strong></span> <span class='ocrx_word' id='word_1_794' title='bbox 1188 5434 1309 5490; x_wconf 85' lang='lat' dir='ltr'><strong>quae</strong></span> <span class='ocrx_word' id='word_1_795' title='bbox 1332 5423 1544 5475; x_wconf 67' lang='lat' dir='ltr'><strong>semita:</strong></span> <span class='ocrx_word' id='word_1_796' title='bbox 1577 5421 1631 5475; x_wconf 91' lang='lat' dir='ltr'><strong>in</strong></span> 
     </span>
    </p>
   </div>
   <div class='ocr_carea' id='block_1_98' title="bbox 1811 4678 3307 4748">
    <p class='ocr_par' dir='ltr' id='par_1_98' title="bbox 1811 4678 3307 4748">
     <span class='ocr_line' id='line_1_98' title="bbox 1811 4678 3307 4748; baseline -0.007 -9"><span class='ocrx_word' id='word_1_797' title='bbox 1811 4686 1864 4739; x_wconf 78' lang='grc'><strong>5.</strong></span> <span class='ocrx_word' id='word_1_798' title='bbox 1898 4684 2052 4739; x_wconf 80' lang='lat' dir='ltr'><strong>Nunc</strong></span> <span class='ocrx_word' id='word_1_799' title='bbox 2073 4698 2202 4738; x_wconf 90' lang='lat' dir='ltr'><strong>vero</strong></span> <span class='ocrx_word' id='word_1_800' title='bbox 2227 4683 2509 4735; x_wconf 89' lang='lat' dir='ltr'><strong>videamus</strong></span> <span class='ocrx_word' id='word_1_801' title='bbox 2524 4680 2653 4748; x_wconf 90' lang='lat' dir='ltr'><strong>quid</strong></span> <span class='ocrx_word' id='word_1_802' title='bbox 2686 4679 2850 4732; x_wconf 91' lang='lat' dir='ltr'><strong>etiam</strong></span> <span class='ocrx_word' id='word_1_803' title='bbox 2886 4678 2937 4730; x_wconf 90' lang='lat' dir='ltr'><strong>in</strong></span> <span class='ocrx_word' id='word_1_804' title='bbox 2968 4692 3307 4744; x_wconf 82' lang='lat' dir='ltr'><strong>consequen-</strong></span> 
     </span>
    </p>
   </div>
   <div class='ocr_carea' id='block_1_99' title="bbox 1742 4770 3309 4845">
    <p class='ocr_par' dir='ltr' id='par_1_99' title="bbox 1742 4770 3309 4845">
     <span class='ocr_line' id='line_1_99' title="bbox 1742 4770 3309 4845; baseline -0.004 -12"><span class='ocrx_word' id='word_1_805' title='bbox 1742 4780 1884 4833; x_wconf 90' lang='lat' dir='ltr'><strong>tibus</strong></span> <span class='ocrx_word' id='word_1_806' title='bbox 1919 4778 1985 4831; x_wconf 90' lang='lat' dir='ltr'><strong>de</strong></span> <span class='ocrx_word' id='word_1_807' title='bbox 2016 4775 2246 4845; x_wconf 85' lang='lat' dir='ltr'><strong>panibus</strong></span> <span class='ocrx_word' id='word_1_808' title='bbox 2288 4771 2679 4842; x_wconf 87' lang='lat' dir='ltr'><strong>propositionis</strong></span> <span class='ocrx_word' id='word_1_809' title='bbox 2734 4770 3001 4839; x_wconf 82' lang='lat' dir='ltr'><strong>scriptum</strong></span> <span class='ocrx_word' id='word_1_810' title='bbox 3046 4773 3136 4826; x_wconf 88' lang='lat' dir='ltr'><strong>sit.</strong></span> <span class='ocrx_word' id='word_1_811' title='bbox 3169 4790 3187 4822; x_wconf 77' lang='grc' dir='ltr'>ι</span> <span class='ocrx_word' id='word_1_812' title='bbox 3240 4772 3309 4826; x_wconf 80' lang='lat' dir='ltr'><strong>Et</strong></span> 
     </span>
    </p>
   </div>
   <div class='ocr_carea' id='block_1_100' title="bbox 1739 4863 3307 4936">
    <p class='ocr_par' dir='ltr' id='par_1_100' title="bbox 1739 4863 3307 4936">
     <span class='ocr_line' id='line_1_100' title="bbox 1739 4863 3307 4936; baseline -0.003 -12"><span class='ocrx_word' id='word_1_813' title='bbox 1739 4869 1987 4934; x_wconf 88' lang='lat' dir='ltr'><strong>sumetis,</strong></span> <span class='ocrx_word' id='word_1_814' title='bbox 2032 4865 2205 4936; x_wconf 89' lang='lat' dir='ltr'><strong>inquit</strong></span> <span class='ocrx_word' id='word_1_815' title='bbox 2241 4865 2305 4931; x_wconf 83' lang='lat'><strong>&quot;,</strong></span> <span class='ocrx_word' id='word_1_816' title='bbox 2348 4863 2733 4934; x_wconf 81' lang='lat' dir='ltr'><strong>sitnilaginem,</strong></span> <span class='ocrx_word' id='word_1_817' title='bbox 2784 4872 2838 4919; x_wconf 88' lang='lat' dir='ltr'><strong>et</strong></span> <span class='ocrx_word' id='word_1_818' title='bbox 2891 4864 3101 4919; x_wconf 86' lang='lat' dir='ltr'><strong>facietis</strong></span> <span class='ocrx_word' id='word_1_819' title='bbox 3140 4865 3205 4919; x_wconf 91' lang='lat' dir='ltr'><strong>de</strong></span> <span class='ocrx_word' id='word_1_820' title='bbox 3243 4879 3307 4919; x_wconf 88' lang='lat' dir='ltr'><strong>ea</strong></span> 
     </span>
    </p>
   </div>
   <div class='ocr_carea' id='block_1_101' title="bbox 1735 4955 3305 5027">
    <p class='ocr_par' dir='ltr' id='par_1_101' title="bbox 1735 4955 3305 5027">
     <span class='ocr_line' id='line_1_101' title="bbox 1735 4955 3305 5027; baseline -0.003 -14"><span class='ocrx_word' id='word_1_821' title='bbox 1735 4959 2019 5013; x_wconf 88' lang='lat' dir='ltr'><strong>duodecim</strong></span> <span class='ocrx_word' id='word_1_822' title='bbox 2044 4971 2231 5027; x_wconf 91' lang='lat' dir='ltr'><strong>panes.</strong></span> <span class='ocrx_word' id='word_1_823' title='bbox 2260 4955 2336 5010; x_wconf 89' lang='lat' dir='ltr'><strong>De</strong></span> <span class='ocrx_word' id='word_1_824' title='bbox 2349 4956 2555 5012; x_wconf 88' lang='lat' dir='ltr'><strong>duabus</strong></span> <span class='ocrx_word' id='word_1_825' title='bbox 2578 4955 2806 5011; x_wconf 90' lang='lat' dir='ltr'><strong>decimis</strong></span> <span class='ocrx_word' id='word_1_826' title='bbox 2827 4958 2933 5011; x_wconf 89' lang='lat' dir='ltr'><strong>erit</strong></span> <span class='ocrx_word' id='word_1_827' title='bbox 2960 4973 3097 5011; x_wconf 91' lang='lat' dir='ltr'><strong>unus</strong></span> <span class='ocrx_word' id='word_1_828' title='bbox 3128 4957 3305 5026; x_wconf 89' lang='lat' dir='ltr'><strong>panis,</strong></span> 
     </span>
    </p>
   </div>
   <div class='ocr_carea' id='block_1_102' title="bbox 1733 5050 3305 5121">
    <p class='ocr_par' dir='ltr' id='par_1_102' title="bbox 1733 5050 3305 5121">
     <span class='ocr_line' id='line_1_102' title="bbox 1733 5050 3305 5121; baseline -0.002 -13"><span class='ocrx_word' id='word_1_829' title='bbox 1733 5064 1787 5109; x_wconf 93' lang='lat' dir='ltr'><strong>et</strong></span> <span class='ocrx_word' id='word_1_830' title='bbox 1810 5053 2101 5121; x_wconf 90' lang='lat' dir='ltr'><strong>imponetis</strong></span> <span class='ocrx_word' id='word_1_831' title='bbox 2134 5065 2228 5105; x_wconf 89' lang='lat' dir='ltr'><strong>eos</strong></span> <span class='ocrx_word' id='word_1_832' title='bbox 2252 5050 2387 5105; x_wconf 89' lang='lat' dir='ltr'><strong>duas</strong></span> <span class='ocrx_word' id='word_1_833' title='bbox 2414 5050 2734 5119; x_wconf 88' lang='lat' dir='ltr'><strong>positiones,</strong></span> <span class='ocrx_word' id='word_1_834' title='bbox 2768 5065 2861 5105; x_wconf 90' lang='lat' dir='ltr'><strong>sex</strong></span> <span class='ocrx_word' id='word_1_835' title='bbox 2885 5067 3051 5121; x_wconf 89' lang='lat' dir='ltr'><strong>panes</strong></span> <span class='ocrx_word' id='word_1_836' title='bbox 3078 5067 3181 5105; x_wconf 90' lang='lat' dir='ltr'><strong>una</strong></span> <span class='ocrx_word' id='word_1_837' title='bbox 3207 5068 3305 5121; x_wconf 78' lang='lat' dir='ltr'><strong>po-</strong></span> 
     </span>
    </p>
   </div>
   <div class='ocr_carea' id='block_1_103' title="bbox 1731 5130 3307 5213">
    <p class='ocr_par' dir='ltr' id='par_1_103' title="bbox 1731 5130 3307 5213">
     <span class='ocr_line' id='line_1_103' title="bbox 1731 5130 3307 5213; baseline -0.003 -14"><span class='ocrx_word' id='word_1_838' title='bbox 1731 5146 1860 5199; x_wconf 85' lang='lat' dir='ltr'><strong>sitio</strong></span> <span class='ocrx_word' id='word_1_839' title='bbox 1891 5159 2053 5213; x_wconf 89' lang='lat' dir='ltr'><strong>super</strong></span> <span class='ocrx_word' id='word_1_840' title='bbox 2078 5156 2321 5196; x_wconf 88' lang='lat' dir='ltr'><strong>mensam</strong></span> <span class='ocrx_word' id='word_1_841' title='bbox 2364 5130 2620 5197; x_wconf 85' lang='lat' dir='ltr'><strong>ntundam</strong></span> <span class='ocrx_word' id='word_1_842' title='bbox 2656 5152 2846 5196; x_wconf 89' lang='lat' dir='ltr'><strong>contra</strong></span> <span class='ocrx_word' id='word_1_843' title='bbox 2882 5142 3189 5197; x_wconf 90' lang='lat' dir='ltr'><strong>Dominum.</strong></span> <span class='ocrx_word' id='word_1_844' title='bbox 3241 5142 3307 5195; x_wconf 67' lang='lat' dir='ltr'><strong>lit</strong></span> 
     </span>
    </p>
   </div>
   <div class='ocr_carea' id='block_1_104' title="bbox 1733 5234 3304 5305">
    <p class='ocr_par' dir='ltr' id='par_1_104' title="bbox 1733 5234 3304 5305">
     <span class='ocr_line' id='line_1_104' title="bbox 1733 5234 3304 5305; baseline 0.001 -15"><span class='ocrx_word' id='word_1_845' title='bbox 1733 5236 2025 5305; x_wconf 87' lang='lat' dir='ltr'><strong>imponetis</strong></span> <span class='ocrx_word' id='word_1_846' title='bbox 2064 5250 2230 5305; x_wconf 89' lang='lat' dir='ltr'><strong>super</strong></span> <span class='ocrx_word' id='word_1_847' title='bbox 2269 5234 2593 5305; x_wconf 89' lang='lat' dir='ltr'><strong>positionem</strong></span> <span class='ocrx_word' id='word_1_848' title='bbox 2648 5235 2773 5289; x_wconf 90' lang='lat' dir='ltr'><strong>thus</strong></span> <span class='ocrx_word' id='word_1_849' title='bbox 2826 5235 3110 5299; x_wconf 91' lang='lat' dir='ltr'><strong>mundum,</strong></span> <span class='ocrx_word' id='word_1_850' title='bbox 3134 5242 3197 5288; x_wconf 88' lang='lat' dir='ltr'><strong>et</strong></span> <span class='ocrx_word' id='word_1_851' title='bbox 3219 5248 3304 5291; x_wconf 52' lang='lat'><strong>83‘</strong></span> 
     </span>
    </p>
   </div>
   <div class='ocr_carea' id='block_1_105' title="bbox 1732 5324 3301 5398">
    <p class='ocr_par' dir='ltr' id='par_1_105' title="bbox 1732 5324 3301 5398">
     <span class='ocr_line' id='line_1_105' title="bbox 1732 5324 3301 5398; baseline -0.002 -17"><span class='ocrx_word' id='word_1_852' title='bbox 1732 5327 1861 5395; x_wconf 91' lang='lat' dir='ltr'><strong>lem,</strong></span> <span class='ocrx_word' id='word_1_853' title='bbox 1893 5340 1949 5383; x_wconf 89' lang='lat' dir='ltr'><strong>et</strong></span> <span class='ocrx_word' id='word_1_854' title='bbox 1976 5336 2137 5381; x_wconf 91' lang='lat' dir='ltr'><strong>erunt</strong></span> <span class='ocrx_word' id='word_1_855' title='bbox 2171 5343 2341 5398; x_wconf 89' lang='lat' dir='ltr'><strong>panes</strong></span> <span class='ocrx_word' id='word_1_856' title='bbox 2380 5327 2432 5381; x_wconf 93' lang='lat' dir='ltr'><strong>in</strong></span> <span class='ocrx_word' id='word_1_857' title='bbox 2469 5328 3047 5383; x_wconf 89' lang='lat' dir='ltr'><strong>commemorationem</strong></span> <span class='ocrx_word' id='word_1_858' title='bbox 3071 5324 3301 5395; x_wconf 88' lang='lat' dir='ltr'><strong>appositi</strong></span> 
     </span>
    </p>
   </div>
   <div class='ocr_carea' id='block_1_106' title="bbox 1734 5415 3308 5489">
    <p class='ocr_par' dir='ltr' id='par_1_106' title="bbox 1734 5415 3308 5489">
     <span class='ocr_line' id='line_1_106' title="bbox 1734 5415 3308 5489; baseline -0.004 -15"><span class='ocrx_word' id='word_1_859' title='bbox 1734 5420 1962 5476; x_wconf 90' lang='lat' dir='ltr'><strong>Domino</strong></span> <span class='ocrx_word' id='word_1_860' title='bbox 1997 5438 2010 5474; x_wconf 90' lang='lat'>:</span> <span class='ocrx_word' id='word_1_861' title='bbox 2060 5420 2147 5475; x_wconf 89' lang='lat' dir='ltr'><strong>die</strong></span> <span class='ocrx_word' id='word_1_862' title='bbox 2194 5417 2545 5476; x_wconf 87' lang='lat' dir='ltr'><strong>sabbatorum</strong></span> <span class='ocrx_word' id='word_1_863' title='bbox 2574 5426 2949 5489; x_wconf 88' lang='lat' dir='ltr'><strong>proponentur</strong></span> <span class='ocrx_word' id='word_1_864' title='bbox 2978 5425 3168 5471; x_wconf 88' lang='lat' dir='ltr'><strong>contra</strong></span> <span class='ocrx_word' id='word_1_865' title='bbox 3199 5415 3308 5469; x_wconf 81' lang='lat' dir='ltr'><strong>Do-</strong></span> 
     </span>
    </p>
   </div>
   <div class='ocr_carea' id='block_1_107' title="bbox 80 5544 3347 5649">
    <p class='ocr_par' dir='ltr' id='par_1_107' title="bbox 80 5544 3347 5649">
     <span class='ocr_line' id='line_1_107' title="bbox 80 5544 3347 5649; baseline -0.002 -10"><span class='ocrx_word' id='word_1_866' title='bbox 80 5586 125 5617; x_wconf 73' lang='lat'>”</span> <span class='ocrx_word' id='word_1_867' title='bbox 158 5586 314 5642; x_wconf 86' lang='lat' dir='ltr'><strong>Psal.</strong></span> <span class='ocrx_word' id='word_1_868' title='bbox 347 5600 552 5648; x_wconf 75' lang='lat' dir='ltr'><strong>Lxxvt,</strong></span> <span class='ocrx_word' id='word_1_869' title='bbox 594 5585 645 5639; x_wconf 79' lang='lat' dir='ltr'><strong>I.</strong></span> <span class='ocrx_word' id='word_1_870' title='bbox 712 5586 728 5616; x_wconf 85' lang='grc'>¹</span> <span class='ocrx_word' id='word_1_871' title='bbox 760 5584 925 5639; x_wconf 85' lang='lat' dir='ltr'><strong>Zach.</strong></span> <span class='ocrx_word' id='word_1_872' title='bbox 955 5599 1028 5648; x_wconf 74' lang='lat' dir='ltr'><strong>vn,</strong></span> <span class='ocrx_word' id='word_1_873' title='bbox 1058 5585 1144 5639; x_wconf 72' lang='lat' dir='ltr'><strong>l2.</strong></span> <span class='ocrx_word' id='word_1_874' title='bbox 1204 5582 1461 5647; x_wconf 74' lang='lat' dir='ltr'><strong>&#39;Joan.v,</strong></span> <span class='ocrx_word' id='word_1_875' title='bbox 1498 5584 1589 5638; x_wconf 76' lang='lat'><strong>55.</strong></span> <span class='ocrx_word' id='word_1_876' title='bbox 1669 5584 1690 5615; x_wconf 88' lang='grc'>³</span> <span class='ocrx_word' id='word_1_877' title='bbox 1721 5583 1851 5641; x_wconf 85' lang='lat' dir='ltr'><strong>Luc.</strong></span> <span class='ocrx_word' id='word_1_878' title='bbox 1889 5600 2002 5649; x_wconf 84' lang='lat' dir='ltr'><strong>xvt,</strong></span> <span class='ocrx_word' id='word_1_879' title='bbox 2039 5585 2127 5642; x_wconf 76' lang='grc'><strong>16.</strong></span> <span class='ocrx_word' id='word_1_880' title='bbox 2203 5583 2225 5616; x_wconf 74' lang='grc'>³</span> <span class='ocrx_word' id='word_1_881' title='bbox 2260 5584 2450 5638; x_wconf 80' lang='lat' dir='ltr'><strong>Matth.</strong></span> <span class='ocrx_word' id='word_1_882' title='bbox 2488 5600 2616 5640; x_wconf 82' lang='lat' dir='ltr'><strong>xxv.</strong></span> <span class='ocrx_word' id='word_1_883' title='bbox 2692 5584 2714 5616; x_wconf 82' lang='lat'><strong>&#39;</strong></span> <span class='ocrx_word' id='word_1_884' title='bbox 2744 5582 2885 5638; x_wconf 87' lang='lat' dir='ltr'><strong>Psal.</strong></span> <span class='ocrx_word' id='word_1_885' title='bbox 2916 5594 3112 5646; x_wconf 77' lang='lat' dir='ltr'><strong>cxvrtt,</strong></span> <span class='ocrx_word' id='word_1_886' title='bbox 3175 5578 3300 5649; x_wconf 79' lang='lat' dir='ltr'><strong>I05.</strong></span> <span class='ocrx_word' id='word_1_887' title='bbox 3344 5544 3347 5549; x_wconf 11' lang='grc' dir='ltr'>ν</span> 
     </span>
    </p>
   </div>
   <div class='ocr_carea' id='block_1_108' title="bbox 62 5653 1480 5721">
    <p class='ocr_par' dir='ltr' id='par_1_108' title="bbox 62 5653 1480 5721">
     <span class='ocr_line' id='line_1_108' title="bbox 62 5653 1480 5721; baseline 0 -12"><span class='ocrx_word' id='word_1_888' title='bbox 62 5653 166 5710; x_wconf 91' lang='lat' dir='ltr'><strong>Job</strong></span> <span class='ocrx_word' id='word_1_889' title='bbox 198 5673 372 5717; x_wconf 81' lang='lat' dir='ltr'><strong>xxix,</strong></span> <span class='ocrx_word' id='word_1_890' title='bbox 409 5658 474 5711; x_wconf 77' lang='lat'><strong>3.</strong></span> <span class='ocrx_word' id='word_1_891' title='bbox 552 5657 571 5687; x_wconf 81' lang='grc'><strong>⁷</strong></span> <span class='ocrx_word' id='word_1_892' title='bbox 606 5655 621 5709; x_wconf 97' lang='lat' dir='ltr'><strong>l</strong></span> <span class='ocrx_word' id='word_1_893' title='bbox 652 5654 811 5710; x_wconf 88' lang='lat' dir='ltr'><strong>Joan.</strong></span> <span class='ocrx_word' id='word_1_894' title='bbox 835 5670 896 5719; x_wconf 86' lang='lat' dir='ltr'><strong>tt,</strong></span> <span class='ocrx_word' id='word_1_895' title='bbox 928 5656 1017 5709; x_wconf 81' lang='lat' dir='ltr'><strong>ll.</strong></span> <span class='ocrx_word' id='word_1_896' title='bbox 1090 5657 1113 5688; x_wconf 81' lang='grc'><strong><em>⁸</em></strong></span> <span class='ocrx_word' id='word_1_897' title='bbox 1141 5653 1397 5721; x_wconf 85' lang='lat' dir='ltr'><strong>Psal.t.tt,</strong></span> <span class='ocrx_word' id='word_1_898' title='bbox 1426 5655 1480 5709; x_wconf 84' lang='lat'><strong>8.</strong></span> 
     </span>
    </p>
   </div>
   <div class='ocr_carea' id='block_1_109' title="bbox 40 5725 831 5796">
    <p class='ocr_par' dir='ltr' id='par_1_109' title="bbox 40 5725 831 5796">
     <span class='ocr_line' id='line_1_109' title="bbox 40 5725 831 5796; baseline 0.004 -15"><span class='ocrx_word' id='word_1_899' title='bbox 40 5730 58 5759; x_wconf 85' lang='lat'>&#39;</span> <span class='ocrx_word' id='word_1_900' title='bbox 98 5728 467 5791; x_wconf 71' lang='lat' dir='ltr'><strong>Leviuxxrv,</strong></span> <span class='ocrx_word' id='word_1_901' title='bbox 498 5725 531 5779; x_wconf 86' lang='lat'><strong>5</strong></span> <span class='ocrx_word' id='word_1_902' title='bbox 578 5734 630 5781; x_wconf 89' lang='lat' dir='ltr'><strong>et</strong></span> <span class='ocrx_word' id='word_1_903' title='bbox 673 5741 831 5796; x_wconf 81' lang='lat' dir='ltr'><strong>seqq.</strong></span> 
     </span>
    </p>
   </div>
   <div class='ocr_carea' id='block_1_110' title="bbox 1556 5653 2078 5721">
    <p class='ocr_par' dir='ltr' id='par_1_110' title="bbox 1556 5653 2078 5721">
     <span class='ocr_line' id='line_1_110' title="bbox 1556 5653 2078 5721; baseline 0.006 -13"><span class='ocrx_word' id='word_1_904' title='bbox 1556 5659 1577 5687; x_wconf 80' lang='grc'><strong>⁹</strong></span> <span class='ocrx_word' id='word_1_905' title='bbox 1606 5653 1752 5712; x_wconf 90' lang='lat' dir='ltr'><strong>Psal.</strong></span> <span class='ocrx_word' id='word_1_906' title='bbox 1780 5670 1987 5721; x_wconf 82' lang='lat' dir='ltr'><strong>cxxvtt,</strong></span> <span class='ocrx_word' id='word_1_907' title='bbox 2022 5655 2078 5711; x_wconf 76' lang='grc'><strong>5.</strong></span> 
     </span>
    </p>
   </div>
   <div class='ocr_carea' id='block_1_111' title="bbox 2163 5648 3341 5745">
    <p class='ocr_par' dir='ltr' id='par_1_111' title="bbox 2163 5648 3341 5745">
     <span class='ocr_line' id='line_1_111' title="bbox 2163 5648 3341 5745; baseline -0.008 -33"><span class='ocrx_word' id='word_1_908' title='bbox 2163 5657 2206 5688; x_wconf 75' lang='grc' dir='ltr'><strong>⁸ο</strong></span> <span class='ocrx_word' id='word_1_909' title='bbox 2235 5654 2423 5712; x_wconf 89' lang='lat' dir='ltr'><strong>Jacob.</strong></span> <span class='ocrx_word' id='word_1_910' title='bbox 2459 5673 2541 5723; x_wconf 85' lang='lat' dir='ltr'><strong>tn,</strong></span> <span class='ocrx_word' id='word_1_911' title='bbox 2591 5656 2677 5711; x_wconf 82' lang='grc'><strong>18.</strong></span> <span class='ocrx_word' id='word_1_912' title='bbox 2788 5656 2828 5685; x_wconf 80' lang='grc'>¹¹</span> <span class='ocrx_word' id='word_1_913' title='bbox 2863 5652 3022 5707; x_wconf 85' lang='lat' dir='ltr'><strong>Joan.</strong></span> <span class='ocrx_word' id='word_1_914' title='bbox 3067 5665 3179 5717; x_wconf 80' lang='lat' dir='ltr'><strong>xtv,</strong></span> <span class='ocrx_word' id='word_1_915' title='bbox 3204 5648 3298 5704; x_wconf 74' lang='lat'><strong>27.</strong></span> <span class='ocrx_word' id='word_1_916' title='bbox 3336 5735 3341 5745; x_wconf 34' lang='lat'><strong><em>‘</em></strong></span> 
     </span>
    </p>
   </div>
   <div class='ocr_carea' id='block_1_112' title="bbox 75 5859 1955 5940">
    <p class='ocr_par' dir='ltr' id='par_1_112' title="bbox 75 5859 1955 5940">
     <span class='ocr_line' id='line_1_112' title="bbox 75 5859 1955 5940; baseline -0.003 -18"><span class='ocrx_word' id='word_1_917' title='bbox 75 5868 153 5940; x_wconf 89' lang='grc' dir='ltr'><strong>(Ι)</strong></span> <span class='ocrx_word' id='word_1_918' title='bbox 194 5867 374 5924; x_wconf 82' lang='lat' dir='ltr'><strong>Libb.</strong></span> <span class='ocrx_word' id='word_1_919' title='bbox 415 5867 578 5937; x_wconf 88' lang='lat' dir='ltr'><strong>editi,</strong></span> <span class='ocrx_word' id='word_1_920' title='bbox 607 5884 628 5920; x_wconf 73' lang='grc' dir='ltr'>ι</span> <span class='ocrx_word' id='word_1_921' title='bbox 662 5866 805 5923; x_wconf 81' lang='lat' dir='ltr'><strong>oliva</strong></span> <span class='ocrx_word' id='word_1_922' title='bbox 837 5864 1067 5923; x_wconf 89' lang='lat' dir='ltr'><strong>novella.</strong></span> <span class='ocrx_word' id='word_1_923' title='bbox 1108 5882 1128 5919; x_wconf 73' lang='grc' dir='ltr'><strong>ι</strong></span> <span class='ocrx_word' id='word_1_924' title='bbox 1160 5864 1287 5923; x_wconf 74' lang='lat' dir='ltr'><strong>Mss.</strong></span> <span class='ocrx_word' id='word_1_925' title='bbox 1324 5884 1343 5920; x_wconf 83' lang='grc' dir='ltr'>ι</span> <span class='ocrx_word' id='word_1_926' title='bbox 1370 5859 1595 5923; x_wconf 68' lang='lat' dir='ltr'><strong>novellae</strong></span> <span class='ocrx_word' id='word_1_927' title='bbox 1614 5864 1899 5925; x_wconf 63' lang='lat' dir='ltr'><strong>olﬁarum.</strong></span> <span class='ocrx_word' id='word_1_928' title='bbox 1934 5882 1955 5917; x_wconf 78' lang='grc' dir='ltr'><strong><em>ι</em></strong></span> 
     </span>
    </p>
   </div>
  </div>
