3914 6514
534 412 637 467 ΙΗἹ

1986 395 2306 452 ORIGENIS
3671 400 3751 455 358

535 529 740 581 minum
771 537 982 592 semper
1010 535 1038 574 a
1080 519 1203 574 filiis
1230 517 1419 582 Israel,
1451 519 1501 572 in
1537 524 1919 572 testamentum
1943 524 2102 569 :eter-
2134 520 2174 573 Α
2209 513 2308 565 bus
2346 509 2630 578 apposuit;
2693 521 2798 560 non
2835 505 2974 572 quod
3019 505 3091 559 i'a
3143 519 3348 574 pauper
3377 509 3551 568 esset,
3582 509 3635 556 ιιι
3664 523 3751 559 ηυξ.

534 634 684 673 num.
712 616 772 668 Et
802 621 962 668 erunt
1008 612 1214 670 Aaron,
1248 621 1301 663 et
1335 610 1564 663 liliorum
1597 607 1734 674 ejus,
1771 615 1824 660 ει
1851 608 2010 659 edent
2037 619 2098 657 ea

535 709 590 762 in
631 707 748 760 loco
779 713 970 758 sancto
1001 719 1013 754 :
1040 713 1166 756 sunt
1197 701 1340 754 cnim
1373 701 1572 753 Sancta
1608 706 1944 753 sanctorum.
1986 698 2100 750 lloc

530 799 637 854 erit
669 796 772 850 illis
826 796 892 848 de
939 795 1019 848 eis
1046 809 1164 861 qua:
1193 794 1502 846 offeruntur
1534 791 1758 845 Domino
1799 789 2096 859 legitimum

531 902 790 942 a-ternum
830 886 925 954 (9.).
963 905 980 937 ι
1017 886 1322 937 Secundum
1361 899 1422 936 ea
1458 898 1577 950 quae
1616 883 1814 950 scripta
1864 891 2011 940 sunt,
2046 881 2096 932 in

534 979 816 1033 duodecim
847 976 1080 1046 panibus
1115 975 1394 1028 duodecim
1431 976 1664 1026 trilmutn
1695 972 1854 1026 Israel
1888 971 2098 1024 videtur

534 1068 979 1122 ronnnemoratio
1030 1075 1154 1118 ante
1193 1066 1473 1118 Dominum
1515 1063 1651 1125 fieri,
1685 1072 1738 1116 et
1767 1069 2095 1131 praeceptum

533 1163 670 1229 dari,
704 1170 761 1212 ut
782 1160 903 1213 sine
936 1156 1239 1209 cessatione
1267 1155 1351 1208 isti
1383 1155 1663 1208 duodecim
1695 1169 1861 1221 panes
1894 1153 1943 1204 in
1973 1165 2100 1204 con-

531 1261 719 1318 spectu
753 1248 962 1302 Domini
991 1257 1399 1314 proponantur;
1433 1258 1490 1300 ut
1522 1255 1576 1300 et
1610 1243 1867 1298 memoria
1897 1242 2100 1296 duode-

533 1344 636 1395 cim
668 1343 901 1394 tribuum
940 1337 1079 1410 apud
1118 1354 1239 1391 eum
1279 1353 1492 1404 semper
1532 1337 1816 1398 habeatur,
1846 1349 1954 1402 quo
1987 1332 2099 1385 vel-

534 1434 611 1487 uti
659 1435 906 1486 exoratio
946 1433 1190 1501 quanlam
1224 1441 1276 1482 et
1323 1428 1646 1497 supplicatio
1699 1442 1792 1494 per
1837 1427 1951 1478 lucc
2001 1441 2100 1493 pro

534 1525 765 1594 singulis
815 1524 930 1577 fieri
985 1525 1252 1576 videatur.
1300 1521 1405 1574 Sed
1453 1536 1614 1588 parva
1653 1519 1785 1571 satis
1829 1527 1881 1570 et
1927 1519 2101 1573 tenuis

533 1626 616 1669 εει
651 1614 1021 1682 hujuscemodi
1050 1611 1392 1666 intercessio.
1433 1610 1702 1675 Quantum
1739 1610 1882 1661 enim
1920 1607 2100 1678 profe-

533 1708 609 1760 cit
647 1709 711 1759 ad
755 1707 1244 1775 repropitiandum,
1297 1704 1384 1757 ubi
1443 1702 1868 1770 uniuscujusque
1930 1701 2100 1754 tribus

534 1814 631 1865 per
678 1813 870 1864 panem
905 1798 1129 1860 fructus,
1163 1813 1256 1865 per
1285 1795 1489 1848 fructus
1518 1809 1678 1863 opera
1706 1793 2097 1848 consideranda

2209 604 2460 659 habuerit
2487 601 2565 673 (6)
2588 599 2842 662 similam,
2875 597 2966 665 qui
2994 597 3045 650 iu
3071 597 3271 650 divitiis
3298 613 3404 650 non
3431 595 3656 648 inferior
3681 611 3747 664 pa-

2207 709 2326 750 truo
2365 695 2654 756 scribitur;
2687 691 2780 746 sed
2813 690 3090 757 utriusque
3126 691 3449 742 meritorum
3478 686 3750 742 differentia

2205 806 2300 860 per
2347 790 2460 842 lucc
2497 787 2812 853 designatur
2854 781 3047 833 indicia
3099 782 3282 847 :quod
3323 781 3367 832 is
3418 779 3642 846 quidem
3686 785 3752 836 cui

2203 890 2354 936 erant
2387 895 2415 931 a
2442 877 2668 932 Domino
2694 874 2946 944 mysteria
2994 872 3303 934 rcvclauda,
3335 881 3390 924 et
3416 873 3482 923 ad
3513 887 3667 936 quem
3693 875 3744 925 di-

2204 975 2425 1025 cebatur
2452 972 2516 1036 ιδ,
2547 988 2564 1020 ι
2603 981 2706 1022 non
2740 967 2927 1021 celabo
2955 982 2981 1019 a
3007 982 3172 1034 puero
3191 979 3309 1018 meo
3338 964 3622 1017 Abraham
3642 968 3751 1031 quod

2205 1066 2446 1118 facturus
2476 1079 2614 1124 sum,
2660 1082 2677 1114 ι
2720 1062 2809 1130 qui
2858 1058 3179 1113 imbuendus
3207 1066 3325 1110 erat
3379 1067 3433 1109 et
3475 1055 3754 1108 edocendns

2204 1161 2268 1213 de
2303 1157 2530 1210 occultis
2572 1165 2628 1208 et
2676 1153 2904 1208 secretis
2963 1152 3082 1216 Dei,
3118 1151 3209 1205 ille
3262 1163 3429 1218 panes
3469 1162 3541 1201 ex
3607 1147 3754 1201 simila

2203 1252 2460 1306 Scribitur
2483 1249 2778 1310 habuisse;
2829 1247 2916 1300 ille
2949 1260 3078 1299 vero
3107 1245 3170 1297 ad
3200 1259 3361 1312 quem
3415 1243 3557 1294 nihil
3604 1256 3755 1293 sacra-

2207 1342 2371 1393 tnenti
2412 1338 2774 1397 deferebatur,
2827 1337 2918 1391 sed
2983 1335 3120 1388 ratio
3171 1333 3456 1402 przrscntis
3496 1329 3684 1384 salutis
3715 1342 3756 1383 et

2204 1435 2348 1495 vitae,
2379 1447 2549 1501 panes
2579 1443 2894 1485 communes
2930 1443 2994 1481 ex
3029 1427 3144 1480 sola
3181 1425 3355 1478 farina
3395 1423 3663 1476 scribitur
3680 1422 3753 1472 b.1-

2204 1525 2386 1580 buisse
2425 1522 2721 1576 confectos.
2759 1519 2821 1572 Et
2855 1528 2907 1571 tu
2939 1533 3068 1588 ergo
3096 1516 3139 1570 si
3165 1516 3331 1569 habes
3362 1513 3653 1567 scientiam
3687 1527 3756 1564 se

2203 1628 2504 1677 cretorum,
2538 1613 2582 1668 si
2637 1613 2702 1665 de
2747 1611 2849 1665 lide
2890 1610 3005 1675 Dei,
3054 1609 3119 1662 de
3167 1606 3428 1677 mysterio
3458 1605 3756 1666 Christi,da

2202 1708 2370 1763 sancti
2398 1706 2632 1774 Spiritus
2652 1704 2857 1756 unitate
2876 1713 3032 1770 potes
3056 1701 3288 1753 scienter
3313 1707 3592 1765 cauteque
3617 1697 3645 1749 d
3667 1711 3756 1748 sse-

2204 1816 2340 1860 rerc,
2376 1814 2540 1868 panes
2583 1812 2647 1849 ex
2685 1796 2862 1850 simila
2891 1793 3052 1847 offers
3083 1792 3327 1846 Domino.
3375 1790 3434 1843 Si
3464 1804 3601 1841 vero
3639 1805 3758 1842 com-

535 1890 690 1942 suntl
730 1890 836 1943 Sed
864 1890 906 1942 si
943 1889 1246 1941 refcrantur
1275 1888 1386 1940 hazc
1414 1886 1477 1939 ad
1500 1886 1743 1955 mysterii
1772 1885 2097 1955 magniludi-
2130 1891 2171 1945 Β
2203 1895 2451 1948 munibus
2480 1892 2649 1946 meris
2703 1892 2770 1943 ad
2817 1890 3073 1958 populum
3121 1885 3361 1949 monitis,
3411 1895 3468 1938 et
3523 1886 3756 1939 moralem

534 1997 679 2045 nem,
720 1982 961 2035 invenies
994 1981 1566 2046 commemorationem
1596 1979 1754 2030 istam
1780 1978 1980 2031 habere
2010 1978 2096 2029 in-

531 2079 706 2140 gentis
735 2074 1198 2144 repropitiatiouis
1230 2071 1502 2126 eﬂ'ectum.
1537 2071 1593 2125 Si
1627 2071 1815 2125 redeas
1849 2071 1913 2124 ad
1949 2070 2096 2123 illum

531 2181 726 2233 panem
761 2166 851 2233 qui
884 2167 948 2217 de
989 2165 1129 2219 cwlo
1159 2164 1457 2227 descendit,
1494 2173 1549 2217 et
1584 2161 1678 2216 dat
1724 2160 1852 2218 huic
1899 2162 2099 2217 mundo

530 2259 695 2312 vitam
732 2275 744 2312 :
775 2258 927 2310 illum
957 2272 1148 2327 panem
1179 2255 1594 2325 propositionis,
1625 2270 1784 2324 quem
1814 2257 2099 2324 proposuit

534 2349 672 2403 Deus
701 2349 1141 2418 prOpitiationem
1175 2349 1250 2418 (5)
1281 2362 1374 2415 per
1397 2347 1556 2401 [idem
1587 2348 1636 2399 in
1663 2347 1923 2416 sanguine
1951 2345 2096 2413 ejus:

528 2443 646 2496 etsi
680 2443 942 2511 respicias
973 2443 1038 2494 ad
1073 2442 1216 2494 illam
1243 2441 1834 2500 commemorationem,
1891 2438 1958 2492 de
1994 2454 2098 2507 qua

530 2536 662 2589 dicit
699 2535 952 2589 Dominus
981 2535 1022 2566 ¹⁸
1055 2553 1068 2588 :
1111 2554 1129 2587 ι
1161 2533 1271 2589 lloc
1300 2536 1458 2588 facile
1489 2535 1540 2587 in
1568 2549 1741 2588 meam
1770 2547 2098 2586 commemo-

535 2631 834 2694 rationem;
877 2647 894 2681 ι
935 2629 1176 2680 invenies
1216 2627 1358 2695 quod
1390 2628 1492 2680 ista
1528 2635 1612 2680 est
1656 2625 2100 2680 commemoratio

534 2720 670 2786 sola,
695 2735 814 2787 quae
842 2719 1128 2787 propitium
1170 2717 1302 2771 facit
1328 2717 1638 2772 hominibus
1666 2719 1851 2772 Demn.
1881 2716 1938 2770 Si
1973 2731 2101 2785 ergo

534 2811 792 2864 intentius
819 2808 1188 2863 ecclesiastica
1245 2808 1498 2878 mysteria
1537 2809 1864 2872 recorderis,
1917 2810 1966 2862 in
2019 2808 2101 2862 his

531 2915 652 2968 qua:
677 2901 758 2953 lex
787 2901 994 2962 scribit,
1028 2899 1223 2952 futura:
1254 2899 1501 2953 veritatis
1532 2899 1777 2953 invenies
1813 2901 2098 2968 imaginem

532 2992 958 3061 prasformatam.
1017 2989 1122 3044 Sed
1181 2991 1247 3043 de
1303 2989 1387 3043 bis
1433 3006 1536 3043 non
1595 2999 1677 3043 est
1731 2990 1883 3058 plura
1929 2991 2100 3043 disse.

533 3100 653 3139 rere
685 3087 784 3154 (ιι),
833 3085 973 3154 quod
1027 3083 1403 3138 recordatione
1447 3085 1556 3136 sola
1611 3083 1834 3152 intelligi
1886 3081 2098 3136 Sufﬁcit.

533 3177 828 3231 Possumus
871 3192 996 3230 vero
1026 3185 1080 3231 et
1108 3176 1265 3229 aliter
1293 3176 1496 3230 dicere.
1559 3176 1750 3231 Omnis
1799 3190 1978 3229 sermo
2009 3175 2099 3228 Dei

534 3271 688 3332 panis
715 3279 820 3332 est,
856 3271 945 3322 sed
985 3281 1068 3323 εει
1115 3271 1417 3326 differentia
1456 3271 1506 3322 in
1558 3271 1802 3337 janilius.
1837 3269 1931 3323 Est
1958 3269 2100 3322 enim

532 3364 732 3431 aliquis
785 3378 990 3424 sermo,
1023 3363 1114 3430 qui
1151 3363 1216 3416 ad
1273 3375 1612 3416 communem
1657 3360 1886 3428 proferri
1940 3359 2106 3426 possit

537 3455 808 3517 auditum,
855 3463 910 3506 et
947 3456 1174 3508 edet-ere
1223 3453 1430 3522 plebem
1485 3454 1549 3505 de
1593 3453 1849 3520 operibus
1892 3449 2106 3503 miscri~

532 3547 753 3610 cordiae,
792 3561 856 3600 ac
888 3546 1051 3600 totius
1079 3547 1470 3609 beneficentiar,
1507 3555 1561 3599 ct
1592 3545 1691 3598 iste
1723 3555 1803 3598 est
1834 3544 1988 3613 panis
2014 3543 2103 3612 qui

535 3638 836 3692 communis
883 3638 1175 3692 videbitur.
1232 3637 1326 3690 Est
1366 3650 1494 3689 vero
1552 3637 1710 3699 alius,
1744 3635 1835 3705 qui
1893 3646 2104 3690 secreta

530 3731 830 3794 contineat,
863 3738 916 3782 et
954 3730 1020 3782 de
1071 3729 1176 3782 fide
1221 3727 1310 3782 Dei
1350 3728 1513 3798 256
1545 3738 1600 3782 et
1646 3744 1824 3782 rerum
1873 3728 2102 3782 scientia

531 3821 782 3876 disserat.
817 3818 920 3871 Iste
975 3819 1131 3886 panis
1177 3819 1406 3871 mundus
1437 3829 1538 3883 est,
1571 3827 1626 3872 et
1660 3834 1727 3872 ex
1767 3817 1940 3873 simila
1970 3835 2102 3874 con-

531 3911 726 3966 fectus.
759 3909 863 3962 Iste
892 3909 944 3961 in
977 3919 1267 3976 conspectu
1301 3909 1511 3961 Domini
1551 3923 1763 3976 semper
1792 3909 1864 3979 (5)
1895 3924 2102 3978 ponen-

532 4005 633 4056 dtts
663 4011 768 4064 εει,
804 4010 857 4054 ει
893 4016 1056 4068 super
1112 4016 1350 4053 mensam
1409 4001 1661 4053 mundam
1703 4004 2098 4070 proponendus.

533 4092 638 4146 Iste
691 4093 822 4145 solis
869 4092 1250 4145 sacerdotibus
1301 4101 1685 4160 sequestratus
1727 4103 1830 4158 est,
1879 4103 1930 4148 et
1982 4096 2103 4149 liliis

531 4186 713 4240 Aaron
747 4193 950 4238 aeterno
994 4199 1219 4238 munere
1257 4185 1820 4240 condonatus.\"erum
1854 4203 1920 4241 ne
1948 4199 2102 4256 putes

531 4275 654 4330 lucc
699 4290 798 4329 nos
838 4275 1071 4344 propriis
1125 4275 1374 4328 sensibus
1429 4276 1736 4344 excogitata
1786 4292 2028 4342 narrare,
2051 4288 2104 4331 ct

531 4384 638 4422 non
687 4367 739 4421 in
799 4367 997 4420 divinis
1047 4367 1369 4420 observas-0
1405 4366 1789 4435 voluminibus,
1829 4370 2100 4438 proferant

532 4458 627 4512 tibi
659 4460 723 4513 de
754 4457 1050 4528 Scripturis
1088 4458 1357 4525 quomodo
1400 4461 1538 4526 apud
1566 4459 1811 4514 diversos
1834 4463 1978 4513 viros
2011 4477 2102 4529 pa-

2202 1989 2310 2041 scis
2335 1984 2704 2040 tantummodo
2744 1982 2925 2035 lorum
2956 1989 3194 2032 tractare
3225 1979 3315 2044 qui
3349 1979 3417 2030 ad
3437 1992 3636 2030 omnes
3666 1991 3758 2044 pcr-

2204 2078 2360 2139 tinet,
2384 2089 2724 2130 communem
2761 2081 2811 2124 te
2846 2070 3107 2124 obtulisse
3139 2068 3356 2122 noveris
3386 2084 3609 2136 panem.

2269 2169 2320 2223 4.
2357 2166 2461 2221 Sed
2510 2167 2786 2218 videamus
2819 2162 2926 2230 jam
2979 2177 3100 2231 quae
3132 2161 3201 2215 sit
3228 2160 3509 2214 confectio
3569 2161 3619 2213 in
3663 2160 3757 2214 istis

2203 2258 2430 2330 panibus
2455 2253 2866 2326 propositionis,
2894 2254 3136 2321 quiante
3169 2253 3458 2306 Dominum
3492 2254 3619 2318 poni
3645 2267 3759 2305 seut-

2205 2370 2299 2424 per
2325 2353 2606 2422 jnbentur.
2641 2367 2660 2400 ι
2704 2347 2777 2402 De
2829 2347 3058 2407 duabus,
3111 2344 3286 2412 inquit
3325 2343 3391 2408 ",
3442 2343 3669 2396 decimis
3701 2345 3755 2395 sit

2203 2447 2359 2516 panis
2399 2460 2560 2498 unus.
2602 2461 2620 2493 ι
2672 2443 2816 2495 Duas
2841 2438 3060 2507 quidem
3093 2438 3335 2491 decimas
3362 2437 3530 2499 dixit,
3568 2437 3655 2488 sed
3679 2452 3756 2488 cu-

2197 2541 2286 2610 jus
2313 2551 2578 2591 mensurae
2619 2533 2726 2589 sint
2763 2533 2880 2587 ista:
2930 2531 3153 2585 decimas
3190 2546 3292 2583 non
3321 2531 3754 2596 comprehendit;

2203 2647 2324 2686 cum
2354 2630 2539 2697 utique
2569 2641 2911 2696 consequens
2939 2625 3151 2688 fuisset,
3182 2623 3225 2678 si
3253 2621 3322 2676 de
3355 2623 3666 2690 quantitate
3693 2624 3752 2676 si-

2203 2723 2342 2778 ιιιίιίι⁸
2386 2722 2605 2776 volebat
2653 2718 2896 2792 agnosci,
2946 2718 3118 2786 ipsam
3158 2715 3312 2784 cujus
3346 2717 3487 2770 duas
3540 2716 3754 2770 decimas

2201 2813 2340 2868 sumi
2367 2811 2610 2880 jubebat,
2643 2810 2925 2865 nominare
2967 2822 3299 2861 mensuram.
3339 2806 3472 2872 Quae
3504 2821 3634 2876 ergo
3671 2808 3750 2860 ista

2203 2921 2291 2960 res
2320 2913 2420 2971 εει,
2463 2903 2616 2971 cujus
2661 2918 2914 2957 mensura
2956 2910 3010 2953 et
3056 2900 3245 2952 modus
3272 2900 3349 2969 (7';
3389 2915 3488 2952 nec
3537 2915 3751 2966 compre-

2204 2996 2365 3051 hendi
2387 2993 2560 3065 potuit
2593 3009 2692 3046 nec
2728 2991 3044 3046 numerari?
3071 2991 3262 3044 Decem
3295 3006 3563 3044 numerus
3591 2992 3752 3058 ubique

2205 3087 2479 3158 perfectus
2529 3085 2820 3139 invenitur.
2864 3083 3051 3136 Totius
3089 3083 3232 3135 enim
3277 3083 3490 3135 muneri
3551 3097 3614 3134 ex
3657 3083 3750 3148 ipsa

2211 3179 2351 3232 ratio
2381 3187 2434 3231 et
2467 3177 2618 3245 origo
2643 3177 2946 3244 consurgit.
2983 3175 3370 3242 Contpetentcr
3405 3175 3574 3240 igitur
3597 3184 3749 3226 auctor

2208 3286 2264 3323 ει
2295 3271 2449 3339 origo
2496 3269 2736 3323 omnium
2792 3266 2952 3328 Deus,
3003 3266 3104 3319 sub
3148 3266 3250 3318 hoc
3303 3279 3537 3318 numero
3577 3267 3749 3316 videtur

2207 3363 2443 3418 ostendi.
2476 3361 2580 3415 Sed
2611 3361 2653 3414 si
2684 3361 2737 3412 in
2776 3358 3018 3413 Ecclesia
3051 3358 3116 3411 de
3144 3357 3257 3411 solo
3293 3355 3458 3410 Patre
3493 3357 3749 3424 loquar,et

2210 3459 2380 3526 ipsius
2410 3457 2577 3509 solius
2606 3454 2793 3506 laudes
2819 3452 3112 3517 proferam,
3148 3451 3307 3504 unius
3339 3450 3570 3504 decimae
3591 3465 3746 3519 panem

2210 3548 2334 3601 feci.
2369 3549 2477 3600 Aut
2528 3545 2572 3597 si
2623 3545 2688 3598 de
2728 3542 2946 3596 Christo
2986 3541 3102 3594 solo
3137 3538 3319 3594 fecero
3363 3548 3744 3602 sertnouem,et

2210 3639 2378 3707 ipsius
2401 3636 2757 3691 enuntiavero
2774 3634 2848 3702 (8)
2882 3632 3211 3699 passionem,
3242 3641 3297 3684 ct
3327 3633 3742 3684 resurrectionem

2207 3730 2602 3800 praedicavero,
2643 3726 2806 3778 unius
2837 3725 3058 3777 decima:
3092 3723 3261 3778 obtuli
3296 3739 3518 3791 panem.
3567 3722 3619 3777 Si
3647 3737 3743 3775 vero

2209 3825 2399 3878 dixero
2439 3823 2478 3852 ”
2510 3823 2633 3891 quia
2667 3819 2828 3872 Pater
2857 3833 2978 3872 cum
3027 3817 3165 3871 Filio
3194 3833 3412 3886 semper
3442 3826 3550 3878 est,
3580 3826 3628 3869 ει
3657 3818 3742 3882 ipse

2211 3916 2344 3968 facit
2367 3929 2529 3984 opera
2563 3931 2656 3967 sua
2689 3931 2702 3966 :
2738 3912 2820 3964 vcl
2849 3914 3011 3966 etiam
3044 3911 3088 3964 si
3120 3911 3310 3964 dixero
3369 3911 3500 3977 quia
3544 3908 3739 3963 Paterin

2208 4009 2344 4062 Filio
2373 4017 2474 4070 est,
2502 4017 2554 4059 ει
2581 4004 2748 4059 Filius
2782 4005 2832 4056 in
2862 4004 3043 4068 Patre,
3070 4011 3122 4056 et
3155 4003 3245 4069 qui
3276 4003 3420 4055 videt
3448 4003 3654 4065 Filium,
3679 4017 3742 4052 τιο

2206 4103 2295 4157 dct
2323 4110 2377 4154 ct
2405 4099 2642 4160 Patrem,
2676 4108 2728 4151 et
2760 4097 2883 4165 quia
2916 4095 3077 4150 Pater
3103 4105 3156 4149 ct
3186 4094 3354 4149 Filius
3384 4111 3551 4148 unurn
3590 4107 3689 4150 sunt
3725 4108 3736 4144 :

2206 4207 2273 4245 cx
2299 4191 2506 4244 duabus
2546 4189 2773 4241 decimis
2807 4186 2998 4240 similae
3028 4186 3240 4239 mundae
3276 4185 3446 4239 obtuli
3478 4201 3632 4239 unum
3665 4202 3739 4254 pa—

2206 4299 2327 4336 nem
2371 4299 2384 4336 :
2435 4297 2628 4351 panem
2675 4296 2858 4333 verum
2911 4281 3002 4348 qui
3051 4279 3213 4332 vitam
3246 4278 3337 4331 dat
3388 4279 3516 4331 huic
3559 4279 3738 4329 mundo.

2206 4372 2453 4426 lltcretici
2481 4387 2584 4424 non
2619 4370 2824 4424 faciunt
2855 4369 2920 4424 de
2951 4369 3159 4422 duabus
3205 4369 3434 4422 decimis
3481 4384 3633 4420 unum
3663 4382 3738 4433 pa-

2207 4477 2329 4517 nem
2363 4480 2378 4516 :
2413 4470 2608 4531 negant
2639 4461 2784 4514 enim
2816 4468 3113 4513 creatorem
3142 4459 3310 4512 Deum
3339 4457 3555 4511 Patrem
3576 4456 3737 4511 Christi

531 4552 616 4605 nis
649 4551 934 4604 diversitas
964 4565 1062 4620 pro
1097 4550 1289 4603 merito
1314 4551 1734 4621 uniuscujusque
1757 4563 1968 4606 servata
1993 4563 2098 4608 est.
2129 4569 2179 4628 υ
2209 4571 2350 4620 εεεε,
2388 4568 2562 4622 neque
2598 4552 2766 4608 Vetus
2813 4563 2867 4607 et
2900 4552 3109 4606 Novum
3153 4551 3562 4605 Testamentum
3606 4567 3736 4602 unum

530 4638 782 4694 Refertur
812 4641 862 4694 in
893 4640 1090 4696 Genesi
1126 4641 1167 4671 “
1193 4642 1332 4709 quod
1360 4641 1630 4695 Abraham
1668 4644 1972 4712 patriarcha
2004 4662 2096 4698 an-

529 4731 678 4799 gelos
738 4733 975 4800 suscepit
1023 4733 1276 4801 hospitio,
1332 4733 1583 4787 similiter
1642 4747 1822 4788 autem
1864 4744 1914 4788 et
1970 4735 2092 4791 Lot.

530 4822 635 4874 Sed
660 4823 951 4888 Abraham,
979 4825 1066 4892 qui
1099 4827 1303 4879 meritis
1330 4827 1691 4895 υπςεεειιεὺτιῑ,
1733 4843 1896 4895 panes
1920 4843 1986 4881 ex
2018 4829 2093 4882 si—

530 4915 656 4968 mila
689 4919 1004 4985 apposuisse
1030 4919 1382 4982 describitur,
1425 4935 1561 4988 quos
1594 4932 1648 4973 et
1679 4921 1999 4992 ἐγκρυφίας,
2042 4920 2093 4973 id

526 5016 612 5059 est
637 5010 874 5062 occultos
917 5025 978 5062 ac
1014 5011 1319 5064 reconditos
1358 5011 1676 5064 nominavit.
1719 5012 1816 5064 Lot
1854 5028 1980 5065 vero
2031 5025 2095 5064 eo

526 5097 669 5165 quod
702 5113 806 5151 non
838 5099 1026 5153 habuit
1075 5101 1332 5168 similam,
1367 5117 1432 5156 ex
1467 5101 1638 5156 farina
1675 5119 1839 5171 panes
1871 5103 2094 5172 hospiti-

595 5238 786 5297 “Luc.
812 5261 941 5299 sxn.
969 5246 1054 5299 l9.
1131 5243 1176 5274 “
1216 5243 1351 5298 Gen.
1391 5261 1543 5300 xvm.
1626 5248 1668 5279 ³⁵
1703 5247 1862 5314 ibid.,
1893 5248 1978 5302 t7.

705 5353 889 5425 Codex
931 5356 1244 5425 Sangerm.,
1286 5378 1303 5408 ι
1341 5360 1618 5415 mtcrttale.
1657 5382 1674 5414 ι

593 5423 670 5494 (5)
703 5424 870 5486 Idem,
908 5444 924 5476 ι
963 5423 1392 5494 primitiatorem.
1441 5451 1457 5480 ι

595 5493 671 5558 (-5)
691 5494 792 5546 Sed
816 5496 878 5546 de
899 5493 978 5547 his
1010 5493 1110 5547 no"
1140 5510 1213 5548 est
1246 5501 1396 5565 plura
1419 5502 1692 5564 disserere,
1722 5511 1826 5556 etc.
1852 5502 2003 5554 Plura
2030 5505 2093 5556 de

527 5566 784 5642 mysterio
814 5566 1166 5642 ﬂuctuaris-tite
1212 5584 1317 5618 non
1346 5573 1852 5625 sermocinabamur
1883 5586 2093 5626 vetctcs

527 5636 956 5688 inconcuonihus
983 5639 1050 5688 ob
1089 5639 1430 5700 praesentiam
1473 5643 1987 5696 catcchmnenorum
2039 5660 2093 5698 et

525 5702 823 5767 gentilium.
863 5707 991 5777 \‘ide
1025 5723 1185 5777 supra
1236 5721 1418 5763 notam
1463 5712 1529 5766 ad
1567 5712 1754 5767 bomil.
1787 5714 1819 5769 9
1847 5715 1897 5769 in
1933 5713 2092 5768 Levi-

528 5780 713 5838 ttcum,
751 5789 896 5828 num.
931 5775 1018 5831 10.

2055 5249 2097 5280 ¹⁶
2131 5247 2299 5302 Levit.
2343 5265 2491 5314 utv,
2523 5250 2574 5303 5.

2203 4645 2407 4699 faciunt
2446 4658 2663 4712 panem,
2693 4658 2792 4696 nec
2831 4658 2994 4695 unum
3027 4641 3285 4710 Spiritum
3327 4641 3380 4694 in
3429 4651 3645 4708 utroque
3675 4641 3740 4690 in-

2204 4737 2878 4806 strumentoprofitentur.
2912 4734 3018 4790 Nos
3064 4745 3240 4788 autem
3277 4737 3328 4788 in
3361 4736 3478 4805 lege
3517 4746 3567 4787 et
3597 4735 3738 4787 Evan-

2205 4830 2360 4898 geliis
2394 4846 2557 4882 unum
2589 4841 2750 4897 atque
2774 4827 3021 4882 eumdem
3052 4827 3228 4882 inesse
3245 4838 3496 4882 sanctum
3515 4829 3737 4895 Spiritum

2205 4923 2458 4986 dicimus,
2490 4932 2543 4975 ει
2584 4923 2688 4975 ἱειο
2735 4936 2947 4990 quoque
3000 4925 3159 4976 modo
3192 4937 3255 4975 ex
3301 4921 3514 4976 duabus
3553 4920 3740 4975 decimis

2203 5031 2367 5068 unum
2414 5030 2607 5084 panem
2657 5016 3042 5084 prepositionis
3071 5014 3374 5068 offerimus.
3413 5015 3512 5081 Qui
3540 5030 3655 5082 ergo
3679 5012 3735 5077 t9;

2203 5105 2752 5174 separantChristum
2791 5121 2821 5160 a
2853 5117 3099 5162 creatore
3139 5108 3244 5162 Deo
3280 5106 3440 5161 Patre
3481 5123 3576 5162 suo
3601 5109 3742 5158 bane-

2655 5249 2696 5280 ¹⁷
2724 5247 2878 5303 Joan.
2911 5266 3018 5315 xlv,
3063 5251 3116 5303 7.

2272 5363 2346 5432 (5)
2379 5364 2710 5418 Acht'bitInt
2756 5385 2773 5416 t
2810 5382 3044 5435 semper,
3086 5385 3103 5416 ι
3141 5368 3293 5421 deest
3319 5367 3372 5420 in
3419 5367 3548 5419 libb.
3587 5365 3736 5422 editis,

2200 5438 2291 5486 sed
2322 5436 2598 5500 suppletur
2629 5452 2658 5487 ε
2689 5451 2817 5488 mss.

2271 5509 2347 5572 ((3,
2386 5506 2538 5556 Lubb.
2567 5507 2719 5568 editi,
2759 5525 2775 5558 ι
2814 5523 2916 5559 non
2953 5509 3224 5574 habuerit,
3275 5527 3292 5560 ι
3325 5510 3419 5562 sed
3462 5525 3608 5569 mss.,
3646 5525 3662 5556 ι
3694 5513 3737 5556 ιιι

2203 5590 2308 5627 non
2341 5575 2610 5628 habuerit.
2646 5595 2663 5625 ι

2270 5643 2547 5715 (Ducite):
2592 5646 2898 5715 Sangcrtn.,
2935 5666 2952 5697 ι
2995 5647 3146 5713 cujus
3185 5664 3454 5704 mensurae
3498 5649 3684 5703 modus.
3713 5661 3729 5693 ι

2271 5717 2345 5781 (8')
2398 5713 2564 5780 Idem,
2603 5734 2620 5766 ι
2655 5713 3061 5772 enumeravere.
3112 5737 3130 5768 ι

2269 5783 2344 5850 (9)
2372 5785 2536 5854 Idem,
2571 5803 2591 5839 ι
2632 5787 2756 5857 quia
2796 5803 2946 5857 ergo,
2985 5808 3002 5838 ι
3030 5795 3134 5844 ctc.
