3914 6514
112 415 219 471 519

1238 416 1302 470 ΙΝ
1343 415 1719 471 LEVITICUM
1757 414 2042 472 HOMlLlA
2070 418 2207 474 Xill.

3261 427 3368 484 530

114 535 227 597 tici,
255 529 308 587 et
334 529 502 588 Judaei
529 533 618 601 qui
647 533 822 588 soluat
865 533 1081 588 Patrem
1123 537 1414 606 recipiunt,
1452 547 1506 590 et
1545 539 1681 592 Ver-
1709 539 1754 596 Α
1784 536 2203 604 intelligibiliter
2229 537 2471 610 intellige
2498 556 2617 610 qoze
2647 551 2993 611 apponuntur
3021 543 3141 598 tibi.
3175 561 3193 597 ι
3233 543 3364 612 Quae

112 625 239 679 bum
287 635 341 679 et
395 627 722 695 sapientiam
756 629 876 697 ejus
914 630 1190 682 Christum
1244 645 1350 683 non
1385 631 1678 698 recipiunt,

114 734 217 770 non
255 717 460 772 faciunt
497 733 562 771 ex
606 719 816 774 duabus
847 720 1070 774 decimis
1106 736 1269 773 unum
1320 737 1534 790 panem.
1574 721 1681 777 Nos

113 818 290 860 autem
341 823 606 862 mensurae
641 809 857 878 quidem
897 810 1091 878 ipsius,
1145 810 1194 864 id
1235 821 1316 865 est
1361 811 1682 865 substantiae

113 913 309 952 nomen
358 899 441 952 vel
483 900 744 954 rationem
796 901 1256 971 comprehendere
1297 910 1391 953 aut
1437 902 1681 955 invenire

111 1004 216 1041 non
248 1003 536 1057 possumus
572 1005 586 1042 :
617 993 941 1044 conﬁtentes
990 999 1166 1042 tamen
1210 989 1451 1053 Patrem,
1490 1000 1544 1044 et
1586 990 1680 1045 Fi-

109 1079 266 1141 lium,
312 1096 477 1133 unum
534 1079 762 1133 facimus
802 1095 994 1149 panem
1045 1096 1109 1135 ex
1149 1082 1354 1136 duabus
1405 1082 1678 1136 decimis:

109 1188 216 1225 non
247 1182 305 1226 ut
339 1173 493 1240 panis
517 1189 656 1227 unus
680 1189 748 1229 ex
803 1191 909 1227 una
949 1175 1158 1228 decima
1203 1176 1316 1240 ﬁat,
1353 1187 1406 1231 et
1453 1177 1590 1231 alius
1613 1192 1681 1230 ex

105 1262 236 1326 alia,
281 1275 343 1316 ut
390 1265 498 1318 sint
550 1266 681 1333 ipsze
714 1267 834 1320 dua:
866 1267 1092 1322 decimae
1125 1279 1409 1336 separatae,
1440 1270 1532 1323 sed
1572 1272 1681 1324 sint

101 1355 228 1409 dua:
258 1357 374 1410 ista:
401 1357 624 1411 decima?
661 1374 765 1410 una
817 1374 1018 1423 massa,
1061 1369 1114 1413 et
1143 1377 1278 1414 unus
1309 1361 1483 1429 panis.
1529 1361 1678 1429 Quo-

104 1444 270 1496 modo
311 1444 429 1497 dum
454 1444 814 1500 decimaa'una
851 1464 1031 1503 massa
1069 1450 1165 1502 ﬁt?
1196 1453 1317 1520 quia
1354 1468 1457 1506 non
1485 1468 1680 1521 separo

99 1531 308 1588 Filium
360 1549 388 1586 a
419 1535 596 1599 Patre,
631 1553 731 1591 nec
778 1538 993 1594 Patrem
1030 1556 1061 1594 a
1109 1541 1245 1594 Filio
1279 1562 1292 1598 :
1331 1562 1349 1594 ε
1397 1545 1497 1610 Qui
1535 1546 1676 1598 enim

98 1626 240 1678 vidit
270 1641 375 1691 me,
420 1629 594 1696 inquit
639 1629 703 1695 ιθ,
751 1632 886 1684 vidit
914 1642 966 1684 et
1016 1634 1250 1688 Patrem.
1289 1655 1306 1687 ι
1346 1637 1508 1691 Fittnt
1548 1652 1680 1707 ergo

97 1731 279 1784 panes
312 1720 505 1789 singuli
547 1737 613 1775 ex
669 1725 877 1778 duabus
927 1725 1179 1790 decimis,
1206 1737 1261 1782 et
1304 1741 1680 1798 pr0p0nuntur

97 1810 319 1862 ditabus
365 1812 748 1879 positionibus,
787 1816 835 1868 id
893 1825 977 1870 est
1017 1815 1226 1873 duobus
1276 1822 1574 1877 ordinibus.
1620 1825 1675 1877 Si

98 1901 260 1954 enim
295 1918 400 1955 una
435 1905 628 1973 positio
659 1907 834 1974 ﬁeret,
865 1910 1128 1966 contrusus
1162 1921 1216 1967 et
1254 1915 1548 1982 permistus
1592 1931 1680 1970 es-

92 2001 188 2045 set
224 2008 408 2047 sermo
436 1997 500 2051 de
529 1997 688 2054 Patre
716 2016 776 2054 ac
809 2001 966 2055 Filio.
1000 2001 1151 2058 Nunc
1173 2015 1349 2059 autem
1392 2021 1532 2061 unus
1561 2010 1682 2078 qui-

91 2084 229 2136 dem
263 2095 347 2138 est
379 2088 554 2154 panis,
583 2106 690 2143 una
737 2093 884 2146 enim
919 2095 1172 2150 voluntas
1216 2107 1297 2151 est
1335 2109 1388 2153 et
1421 2116 1523 2154 una
1553 2101 1679 2154 sub-

91 2177 310 2228 stantia
355 2193 369 2228 :
405 2177 498 2231 sed
530 2181 650 2233 dua:
682 2191 810 2235 sunt
859 2185 1172 2252 positiones,
1224 2189 1274 2241 id
1300 2199 1382 2242 est
1414 2191 1531 2244 duae
1559 2207 1681 2261 per-

87 2283 364 2322 sonarum
401 2272 786 2341 proprietates.
813 2273 963 2328 Illum
994 2278 1143 2331 enim
1178 2279 1419 2345 Patrem,
1451 2282 1542 2350 qui
1574 2298 1677 2336 non

84 2361 171 2412 sit
211 2361 408 2426 Filius,
433 2374 487 2417 et
514 2364 653 2419 hunc
677 2366 870 2421 Filium
899 2368 1132 2425 dicimus
1152 2372 1242 2441 qui
1266 2387 1372 2426 non
1397 2374 1468 2428 sit
1497 2373 1676 2430 Pater.

85 2451 167 2504 Et
192 2453 300 2506 hoc
332 2457 491 2508 modo
528 2457 662 2511 duas
691 2457 927 2514 decimas
962 2461 1015 2514 in
1068 2477 1174 2517 uno
1209 2478 1346 2530 pane
1379 2479 1679 2527 servamus.

85 2553 150 2596 et
181 2544 324 2599 duas
360 2547 663 2616 positiones
694 2562 820 2606 ante
856 2552 1138 2605 Dominum
1185 2555 1522 2622 proﬁtemur.
1574 2557 1679 2610 Sed

86 2651 302 2690 revera
334 2641 540 2708 magni,
575 2652 635 2696 ut
670 2643 743 2696 ita
780 2644 978 2710 dicam,
1027 2645 1306 2714 cujusdam
1360 2650 1580 2717 pistoris
1627 2663 1681 2705 et

82 2727 254 2781 docti
292 2730 524 2785 artiﬁcis
551 2740 654 2796 est,
681 2736 838 2790 valde
860 2737 1269 2808 diligenterHO)
1297 2739 1432 2795 istas
1465 2756 1682 2796 servare

84 2835 418 2885 mensuras,
467 2833 520 2877 et
552 2826 622 2878 ita
653 2836 960 2896 temperare
992 2831 1056 2883 de
1096 2830 1258 2886 Patre
1296 2840 1349 2886 et
1381 2831 1520 2886 Filio
1561 2851 1679 2888 ser-

83 2926 348 2979 monem,
400 2916 728 2986 conjungere
787 2921 874 2974 ubi
933 2931 1166 2989 oportet,
1211 2933 1266 2978 et
1325 2940 1540 2980 rursum
1591 2926 1680 2980 tibi

78 3008 373 3074 competit
419 3023 699 3078 separare,
754 3021 812 3064 ιιι
883 3028 1056 3082 neque
1091 3016 1211 3070 duae
1250 3031 1518 3071 mensura:
1581 3019 1680 3071 ali-

79 3099 329 3166 quando
361 3099 560 3166 desint,
604 3117 778 3171 neque
812 3119 1049 3173 unquam
1082 3107 1186 3160 nisi
1224 3124 1364 3162 unus
1399 3109 1553 3178 panis
1588 3126 1682 3180 ap-

1785 636 1869 680 est
1903 643 2034 698 ergo
2071 643 2253 683 mensa
2297 633 2535 699 potentis
2562 675 2576 699 ,
2609 634 2712 688 nisi
2748 649 2901 690 mens
2939 634 3052 705 (Η)
3085 637 3229 690 illius
3267 637 3362 706 qui

1785 721 2098 775 dicebat”:
2138 721 2369 777 «Omnia
2404 741 2625 794 possum
2657 727 2710 780 in
2743 741 2806 781 eo
2836 730 2929 796 qui
2963 744 3050 782 me
3083 731 3361 783 confortat

1783 813 2024 876 Christo,
2052 834 2068 866 ι
2097 826 2150 868 et
2177 817 2253 871 ²¹;
2292 835 2312 868 ‹
2337 817 2468 870 Cum
2497 818 2762 882 iuﬁrmor,
2791 829 2916 874 tunc
2944 831 3137 889 potens
3159 823 3316 876 sum?
3339 841 3356 873 ι

1784 908 1838 961 lu
1887 909 2043 962 istius
2092 909 2326 976 potentis
2362 925 2544 964 mensa
2588 911 2782 965 munda
2811 951 2828 977 ,
2860 914 2961 967 hoc
2997 924 3078 967 est
3116 915 3165 966 in
3207 915 3362 967 istius

1782 1002 1966 1064 corde,
2006 1003 2056 1054 in
2092 1003 2262 1071 ipsius
2307 1013 2508 1067 mente,
2542 1003 2773 1057 Domino
2809 1006 2966 1073 panis
2999 1005 3244 1064 offertur.
3278 1009 3358 1062 Ad

1784 1091 1945 1160 hujus
1972 1095 2209 1160 potentis
2233 1095 2474 1161 Apostoli
2508 1110 2758 1149 mensam
2779 1096 2821 1149 si
2849 1098 3003 1150 sedes
3025 1108 3304 1151 coartatum
3322 1116 3358 1162 ς,

1783 1181 2192 1251 intelligibiliter
2234 1186 2476 1254 intellige
2525 1200 2645 1253 qua:
2683 1197 3034 1254 apponuntur
3087 1189 3181 1240 tibi
3213 1229 3226 1252 ,
3260 1192 3362 1242 hoc

1783 1284 1864 1325 est
1904 1272 2220 1341 spiritaliter
2264 1275 2486 1330 adverte
2531 1291 2650 1343 quze
2690 1277 2947 1330 dicuntur
2980 1280 3047 1328 ab
3078 1293 3143 1331 eo
3170 1318 3183 1338 ,
3217 1289 3274 1330 nt
3307 1289 3362 1331 et

1787 1373 1838 1415 tu
1874 1361 2052 1416 facere
2080 1367 2254 1430 possis
2285 1366 2424 1433 quod
2457 1367 2692 1420 additur.
2715 1366 2805 1420 Ait
2831 1367 2977 1420 enim
3009 1369 3083 1415 ²³ε
3120 1384 3139 1416 ι
3171 1347 3361 1420 Sciens

1783 1453 1909 1522 quia
1941 1453 2066 1507 talia
2103 1463 2154 1508 te
2185 1464 2400 1524 Oportet
2442 1472 2769 1525 przeparare.
2802 1474 2821 1508 ι

1853 1547 1908 1600 5.
1947 1545 2053 1600 Sed
2107 1547 2388 1601 videamus
2433 1550 2710 1618 quonme
2763 1550 2814 1602 hi
2855 1549 3140 1603 duodecim
3195 1565 3361 1617 panes

1783 1648 2190 1706 proponantur:
2231 1657 2248 1688 ι
2285 1639 2428 1704 Duae,
2463 1641 2658 1708 inquit,
2681 1641 3009 1710 ’positiones,
3047 1641 3095 1691 iu
3125 1655 3229 1692 una
3261 1655 3360 1706 po-

1781 1729 1978 1782 sitione
2007 1745 2101 1784 sex
2131 1746 2320 1798 panes.
2355 1749 2372 1782 »
2412 1731 2669 1794 Putasne,
2703 1732 2874 1786 otiosa
2898 1743 2979 1785 est
3008 1731 3108 1784 ista
3133 1731 3363 1783 divisio?

1781 1825 1917 1891 Quid
1949 1835 2028 1877 est
2056 1825 2199 1894 quod
2226 1825 2576 1878 duodeeitnus
2607 1838 2868 1877 numerus
2901 1823 3096 1876 iterum
3127 1823 3361 1890 partitur

1784 1918 1834 1969 iu
1866 1916 2000 1969 sex?
2030 1916 2197 1969 liabet
2229 1917 2372 1967 enim
2408 1915 2870 1984 propinquitatem
2907 1915 3198 1980 quamdam
3233 1929 3358 1966 cum

1781 2009 1886 2063 hoc
1919 2008 2118 2062 mundo
2151 2008 2400 2061 senarius
2443 2020 2721 2059 numerus.
2755 2006 2811 2058 In
2852 2021 2944 2058 sex
2980 2006 3122 2057 enim
3171 2007 3361 2059 diebus

1781 2101 1956 2154 factus
2003 2111 2085 2154 est
2116 2099 2219 2153 iste
2251 2098 2479 2153 visibilis
2509 2100 2767 2153 mundus.
2803 2101 2917 2152 Duo
2949 2099 3112 2166 igitur
3141 2099 3362 2153 ordines

1785 2194 2053 2248 habentur
2083 2193 2134 2258 in
2172 2193 2276 2246 hoc
2307 2192 2526 2257 nmndo,
2560 2191 2610 2244 id
2666 2201 2749 2245 est
2787 2190 2895 2244 duo
2936 2190 3134 2259 populi,
3167 2191 3255 2258 qui
3295 2189 3362 2242 ﬁ-

1782 2286 1901 2338 dem
1934 2284 2112 2338 Patris
2142 2299 2207 2338 ac
2232 2283 2352 2336 Filii
2388 2283 2438 2335 in
2481 2281 2853 2335 una-Ecclesia
2891 2292 3144 2350 tanquam
3176 2280 3227 2332 in
3256 2295 3361 2333 una

1784 2392 1965 2430 mensa
2023 2377 2219 2430 munda
2259 2375 2598 2430 custodiunt.
2651 2393 2669 2425 ι
2696 2373 2764 2427 Ει
2819 2372 3243 2441 superponitur,
3281 2371 3363 2424 in-

1783 2467 1896 2536 quit
1927 2467 1994 2529 ",
2033 2481 2196 2534 super
2236 2466 2564 2536 positionem
2606 2465 2736 2517 thus
2775 2466 3059 2519 mundum.
3096 2485 3115 2518 ι
3160 2465 3362 2522 Thuris

1783 2559 1992 2628 species
2025 2559 2253 2612 formam
2293 2567 2438 2611 tenet
2470 2556 2802 2611 orationum.
2839 2555 3065 2624 Oportet
3100 2572 3228 2625 ergo
3263 2574 3360 2626 pa-

1784 2651 1943 2704 nibus
2010 2650 2130 2704 ﬁdei
2193 2651 2502 2704 orationum
2559 2648 2901 2718 vigilantiam
2959 2649 3364 2718 puritatenupze

1784 2741 2133 2810 conjungere.
2170 2741 2308 2794 Pura
2338 2753 2515 2793 autem
2541 2740 2720 2793 oratio
2752 2746 2832 2793 est
2853 2779 2868 2804 ,
2903 2740 3044 2793 sicut
3071 2739 3364 2809 Apostolus

1781 2836 1914 2889 dicit
1953 2834 2035 2884 ’δε
2082 2853 2098 2884 ι
2129 2833 2397 2886 Levantes
2440 2847 2601 2899 puras
2635 2847 2827 2884 manus
2857 2832 2974 2885 sine
3007 2833 3086 2885 ira
3115 2843 3168 2886 et
3195 2833 3365 2886 disce-

1784 2928 2043 2997 ptatione.
2086 2946 2103 2976 ι
2158 2926 2330 2978 Simul
2371 2936 2426 2979 et
2475 2924 2660 2979 odoris
2693 2924 2934 2977 suavitas
2987 2925 3195 2992 impleri
3251 2924 3363 2995 (Ιὲ)

1781 3020 1915 3073 facit
1948 3019 2076 3072 illud
2108 3018 2251 3087 quod
2287 3017 2550 3086 scriptum
2583 3025 2666 3070 est
2693 3016 2768 3069 ’δε
2822 3034 2840 3066 ι
2865 3016 3144 3086 Dirigatur
3187 3018 3364 3070 oratio

1783 3126 1902 3165 mea
1950 3111 2090 3164 sicut
2147 3110 2428 3163 incensum
2481 3109 2532 3161 in
2588 3117 2881 3176 conspectu
2942 3118 3049 3164 tuo.
3081 3127 3098 3160 ι
3146 3108 3200 3162 Si
3245 3110 3364 3178 quis

81 3199 321 3258 pareat.
375 3190 669 3248 Duodecim
723 3210 852 3266 ergo
903 3213 1072 3266 panes
1107 3215 1173 3253 ex
1219 3200 1320 3255 ista
1358 3201 1532 3255 simila
1566 3203 1676 3258 ﬁeri
1707 3217 1754 3277 ε
1785 3219 1914 3273 ergo
1940 3203 2217 3257 orationes
2244 3201 2462 3270 quidem
2494 3200 2687 3254 oﬁ‘erat
2724 3202 2834 3278 Deo
2856 3240 2872 3264 ,
2905 3217 3008 3254 non
3058 3211 3234 3253 tamen
3267 3202 3364 3253 ha-

81 3284 445 3336 niandantur
483 3287 780 3340 secundum
815 3304 1099 3344 numerum
1138 3291 1374 3345 tribttum
1400 3308 1521 3360 qua:
1554 3304 1682 3349 tunc

77 3391 267 3436 erant
322 3380 560 3436 carnalis
611 3382 801 3439 Israel.
839 3383 895 3436 in
932 3400 1040 3454 quo
1077 3386 1210 3440 mihi
1248 3388 1460 3442 videtur
1507 3389 1678 3444 forma

73 3473 272 3525 trtius
292 3484 560 3527 creatura:
579 3476 857 3532 rationalis
887 3479 1174 3535 contineri.
1209 3479 1498 3536 Duodecim
1529 3499 1681 3535 nam-

75 3577 202 3626 que
236 3571 506 3631 putantur
524 3579 642 3618 esse
668 3568 951 3634 generales
971 3569 1190 3623 ordines
1223 3570 1504 3625 rationalis
1528 3587 1683 3626 crea-

74 3664 263 3720 turae,
296 3669 529 3724 quorum
555 3656 719 3727 ﬁgura
737 3669 854 3712 erat
895 3661 945 3712 in
982 3661 1084 3715 illis
1110 3661 1391 3716 duodecim
1413 3663 1679 3719 tribubus.

73 3749 136 3801 in
175 3750 397 3816 quibus
427 3759 545 3804 erat
575 3767 713 3806 unus
745 3753 961 3822 quidam
992 3755 1126 3809 ordo
1161 3755 1375 3826 regalis,
1403 3757 1491 3824 qui
1513 3757 1682 3810 Judas

66 3839 268 3910 257
317 3839 646 3895 nominatur.
686 3842 836 3897 Alius
874 3852 992 3897 erat
1040 3845 1172 3898 ordo
1203 3848 1557 3901 sacerdotalis
1583 3889 1597 3914 ,
1630 3858 1685 3901 et

65 3930 221 3984 Levi
263 3931 591 4001 appellatur.
640 3933 771 3988 Erat
801 3945 856 3988 et
890 3936 1028 3989 alius
1069 3938 1205 3991 ordo
1235 3936 1386 3991 Iudae
1430 3939 1639 3993 vicinus
1664 3981 1677 4002 ,

64 4025 177 4092 qui
253 4022 538 4089 Benjamin
571 4025 770 4080 dicitur
795 4066 810 4091 ,
864 4028 914 4080 in
951 4021 1058 4097 quo
1090 4029 1279 4083 ordine
1316 4039 1372 4083 et
1426 4031 1678 4100 templum

66 4116 208 4180 Dei,
249 4125 310 4170 et
344 4117 519 4171 altare
553 4118 873 4173 collocatum
905 4130 1006 4174 est.
1038 4122 1191 4177 Alius
1227 4123 1358 4176 ordo
1389 4124 1640 4178 Issachar
1665 4164 1679 4189 ,

60 4218 124 4262 et
160 4209 457 4272 Zabulon,
487 4219 538 4263 et
569 4211 822 4280 Ephrem,
857 4214 1057 4282 aliique
1083 4230 1220 4284 quos
1244 4217 1562 4271 nominatim
1593 4220 1682 4272 de-

59 4307 284 4373 signat
333 4303 616 4372 Scriptura
655 4305 859 4369 divina,
894 4322 1120 4374 quorum
1172 4311 1433 4364 rationem
1463 4327 1566 4363 non
1600 4325 1683 4365 est

61 4413 245 4450 tinnc
290 4397 555 4464 temporis
585 4397 878 4465 explicare.
915 4398 1012 4452 Est
1047 4413 1224 4454 tamen
1257 4403 1682 4472 uniuscujusque

60 4491 300 4554 tribus,
334 4488 418 4541 vel
446 4489 648 4543 ordinis
682 4491 835 4558 panis
863 4502 987 4545 ante
1021 4493 1328 4548 Dotuinum.
1364 4495 1426 4549 Et
1455 4499 1585 4552 licet
1612 4499 1678 4551 sit

52 4584 284 4652 aliqua
322 4581 518 4646 tribus,
548 4597 667 4652 qttze
700 4598 804 4636 non
838 4598 902 4637 ex
937 4583 1126 4648 libera,
1160 4587 1253 4640 sed
1286 4602 1352 4640 ex
1381 4591 1681 4643 concubina
1702 4561 1761 4616 ὦ

52 4677 268 4732 Israel
309 4676 644 4740 descendat,
672 4687 725 4729 et
761 4693 826 4730 ex
861 4688 1012 4747 parte
1045 4679 1211 4732 libera
1236 4721 1251 4745 ,
1289 4697 1352 4734 ex
1386 4691 1537 4749 parte
1568 4699 1686 4736 ser-

52 4772 212 4825 vilis
255 4769 329 4822 sit
359 4810 376 4833 ,
411 4777 588 4821 tamen
640 4785 737 4838 pro
782 4771 1036 4824 omnibus
1083 4785 1148 4824 ex
1203 4771 1414 4824 duabus
1465 4773 1686 4826 decimis

52 4863 259 4935 panis
308 4862 640 4930 proponitur
683 4874 808 4915 ante
864 4863 1185 4928 Dominum,
1227 4872 1282 4916 et
1324 4863 1376 4915 in
1423 4864 1688 4918 universis

47 4959 208 5011 dum
256 4953 495 5008 decimae
548 4953 872 5022 similaginis
911 4965 1180 5008 constant.
1216 4954 1447 5022 Proponi
1500 4967 1678 5009 autem

37 5051 370 5119 jnhentur
401 5061 564 5113 supra
600 5061 838 5100 mensam
883 5048 1161 5100 mundam.
1210 5045 1342 5112 Quis
1375 5056 1553 5100 autem
1589 5062 1687 5101 no-

43 5156 274 5199 strum
316 5147 426 5201 est,
457 5138 545 5206 qui
583 5139 653 5190 ita
682 5139 878 5192 habent
910 5155 1151 5193 mensam
1187 5139 1464 5203 mundam,
1501 5148 1557 5192 ut
1591 5157 1684 5209 pa-

43 5251 173 5289 uos
256 5245 430 5300 super
479 5246 595 5284 eam
643 5229 872 5283 Domino
925 5231 1266 5284 offerantur?
1319 5249 1336 5283 ι
1381 5231 1435 5284 Si
1481 5234 1686 5288 sederis

39 5323 306 5398 (inquit
359 5320 613 5375 Salomon
652 5321 736 5389 '9)
772 5335 991 5377 etBnare
1030 5323 1096 5376 ad
1131 5338 1375 5377 mensam
1409 5327 1643 5391 potentis
1670 5366 1685 5390 ,

135 5467 194 5500 ’⁸
226 5461 406 5518 Joan.
437 5477 546 5524 xlv,
578 5464 631 5519 9.
711 5462 752 5493 ¹⁹
783 5461 941 5516 Prov.
980 5477 1135 5525 χχιιι,
1179 5462 1230 5515 l.

39 5554 240 5600 xxxv,
279 5534 339 5585 7.
417 5532 463 5563 ³⁵
496 5533 514 5585 ι
545 5534 683 5587 Tim.
718 5549 778 5596 ιι,
815 5532 863 5586 8.

134 5655 291 5730 (10)
320 5652 476 5708 Libh.
499 5654 659 5730 editi,
684 5672 702 5704 ι
735 5661 786 5704 et
817 5653 972 5705 valde
1001 5652 1308 5719 artiﬁciosi,
1339 5654 1679 5722 diligenter,»

38 5724 162 5787 sed
217 5724 374 5777 niss.
405 5737 464 5775 ut
499 5724 549 5776 in
584 5735 770 5778 nostro
807 5734 977 5776 textu.

136 5800 200 5868 (1
223 5798 294 5862 1)
339 5794 492 5868 Mss”
530 5812 547 5844 ι
577 5809 748 5868 mens.
784 5811 802 5843 ι
843 5792 997 5868 bibit.
1036 5794 1164 5848 editi
1194 5837 1208 5861 ,
1265 5813 1283 5868 ι
1315 5809 1518 5868 mensa.
1551 5815 1567 5846 ι

131 5864 294 5944 (12)
347 5864 501 5920 Libh.
553 5866 724 5929 editi,
780 5881 798 5913 ι
831 5864 1080 5919 similiter
1123 5877 1178 5919 et
1223 5866 1402 5920 odoris
1439 5865 1680 5920 suavitas

946 5534 988 5564 ’⁵
1016 5532 1156 5588 Psal.
1192 5547 1338 5598 CXLI,
1369 5533 1421 5586 2.

1307 5464 1352 5493 ²⁰
1397 5463 1590 5532 Philip.
1622 5481 1698 5528 ιν,
1731 5464 1817 5518 15.

1494 5531 1548 5566 ’⁸⁷
1573 5536 1750 5590 Levit.
1781 5549 1929 5597 xxiv,
1969 5533 2021 5596 Ἰ,
2054 5531 2110 5585 8.

1787 3299 1908 3350 beat
1953 3296 2207 3350 mundam
2240 3293 2629 3347 conscientiam
2671 3293 2738 3347 ab
2775 3293 3027 3362 operibus
3059 3292 3245 3346 malis:
3277 3293 3364 3346 hic

1787 3389 1909 3442 thus
1935 3388 2150 3456 quidem
2184 3386 2404 3439 videtur
2445 3385 2678 3452 panibus
2711 3400 3099 3453 superponere,
3131 3387 3223 3438 sed
3259 3400 3363 3437 non

1785 3481 1999 3551 penitus
2035 3478 2147 3549 (t3)
2179 3478 2457 3531 nmndmn.
2498 3475 2632 3529 Nam
2662 3477 2705 3530 si
2747 3492 2907 3530 omne
2944 3479 3068 3530 thus
3103 3478 3363 3530 mundum

1785 3580 1965 3638 esset,
1995 3586 2100 3624 non
2131 3570 2318 3636 utique
2353 3568 2652 3621 addidisset
2686 3567 2991 3636 Scriptura,
3030 3569 3153 3621 thus
3204 3583 3366 3620 mun-

1784 3663 1908 3714 dum
1934 3676 2097 3729 super
2131 3675 2293 3728 panes
2340 3658 2728 3727 prepositionis
2758 3659 3066 3726 ponendum
3106 3667 3229 3711 ante
3265 3657 3367 3710 Do-

1787 3757 2014 3805 minum.
2045 3753 2152 3806 Nec
2181 3753 2324 3805 enim
2357 3759 2513 3819 putes
2544 3752 2684 3816 quod
2716 3751 3063 3817 omnipotens
3093 3753 3232 3806 Deus
3263 3751 3366 3804 hoc

1789 3846 2100 3906 mandabat,
2124 3853 2173 3896 et
2209 3843 2309 3895 hoc
2341 3842 2456 3910 lege
2483 3841 2788 3903 sanciebat,
2818 3853 2878 3894 ut
2909 3842 3030 3894 thus
3056 3842 3105 3896 ei
3140 3857 3203 3894 ex
3231 3843 3367 3893 Ara-

1785 3941 1870 3994 bia
1903 3937 2230 3991 deferretur.
2265 3936 2369 3990 Sed
2415 3936 2516 3988 hoc
2548 3945 2630 3988 est
2663 3935 2788 3988 thus
2819 3939 2959 4002 qttod
2999 3935 3136 3988 Deus
3167 3935 3233 3988 ab
3264 3935 3365 3987 ho-

1788 4031 2019 4086 minibus
2071 4031 2171 4083 sibi
2208 4029 2402 4098 quaerit
2435 4026 2656 4089 offerri,
2695 4043 2759 4080 ex
2793 4043 2901 4094 quo
2941 4029 3085 4095 capit
3142 4030 3364 4078 odorem

1785 4125 2071 4177 suavitatis
2098 4163 2113 4186 ,
2153 4122 2431 4175 orationes
2468 4135 2533 4172 ex
2572 4121 2733 4173 corde
2767 4135 2904 4188 puro
2935 4129 2990 4172 et
3029 4120 3363 4173 conscientia

1785 4218 1922 4271 bona
1951 4256 1965 4279 ,
2003 4216 2054 4267 in
2125 4215 2321 4282 quibus
2362 4229 2486 4266 vere
2539 4214 2679 4267 Deus
2735 4214 2960 4282 suscipit
3003 4211 3362 4280 fragrantiam

1785 4309 2090 4362 suavitatis.
2136 4325 2152 4356 t
2185 4307 2248 4360 Et
2281 4316 2462 4367 erunt,
2498 4305 2674 4374 inquit
2712 4306 2778 4372 ",
2826 4319 2994 4374 panes
3031 4307 3082 4358 in
3125 4321 3366 4359 comme-

1788 4403 2138 4457 morationem
2167 4400 2427 4469 propositi
2460 4409 2582 4452 ante
2612 4399 2916 4452 Domiumu.
2954 4399 3007 4450 In
3035 4399 3121 4451 die
3155 4399 3369 4451 Sabha-

1787 4501 1966 4545 torum
2003 4489 2316 4560 proponetis
2347 4504 2429 4542 ea.
2464 4510 2481 4540 ι
2523 4489 2579 4543 Si
2613 4490 2848 4541 nondum
2885 4489 2981 4540 tibi
3014 4489 3364 4541 manifestum

1787 4594 1868 4637 est
1893 4584 2006 4653 (l4)
2035 4583 2160 4650 quia
2195 4595 2366 4650 panes
2400 4581 2491 4635 isti
2516 4582 2738 4634 verbum
2768 4581 2857 4633 Dei
2887 4589 2992 4642 est,
3027 4594 3090 4632 ex
3122 4579 3204 4632 his
3227 4595 3368 4632 nunc

1789 4677 2132 4731 sermonibus
2167 4678 2509 4728 conﬁrmare.
2553 4671 2690 4738 Quid
2727 4681 2810 4724 est
2849 4673 2993 4725 enim
3041 4671 3182 4739 quod
3214 4670 3369 4723 nobis

1789 4768 2365 4823 commemorationem
2409 4765 2504 4818 Dei
2545 4764 2760 4818 faciat?
2797 4764 2935 4830 Quid
2975 4773 3057 4818 est
3095 4766 3237 4832 quod
3273 4780 3370 4816 nos

1793 4862 1859 4913 ad
1894 4860 2208 4914 memoriam
2239 4858 2465 4928 justitiae
2491 4897 2505 4921 ,
2534 4866 2588 4910 et
2622 4857 2784 4909 totius
2821 4855 2946 4910 boni
2983 4866 3234 4920 revocet,
3264 4855 3367 4908 nisi

1793 4953 2012 5006 verbum
2050 4951 2190 5006 Dei?
2228 4951 2350 5003 ideo
2405 4964 2530 5018 ergo
2566 4949 2694 5001 dicit
2725 4987 2738 5009 ,
2769 4950 2893 5017 quia
2932 4957 3088 5001 erunt
3121 4948 3172 5000 in
3217 4963 3368 5001 corn-

1794 5044 2238 5098 memorationem
2277 5040 2535 5110 prepositi
2579 5049 2704 5093 ante
2758 5041 3062 5092 Dominum.
3114 5039 3276 5092 Addit
3313 5046 3368 5090 et

1795 5137 1846 5190 in
1881 5138 1965 5191 die
1991 5136 2374 5194 Sabhatorum,
2409 5133 2458 5186 id
2508 5141 2591 5186 est
2636 5133 2689 5186 in
2725 5134 2910 5200 requie
2941 5133 3265 5185 animarum.
3305 5131 3369 5183 Et

1794 5247 1914 5301 qua-
1940 5228 2110 5296 major
2140 5227 2280 5280 ﬁdeli
2311 5227 2506 5278 anitnze
2531 5227 2744 5293 requies
2768 5242 2927 5293 quam
2961 5224 3218 5277 memoria
3251 5223 3370 5276 Dei?

1797 5342 1957 5394 quam
1996 5323 2046 5375 in
2077 5327 2366 5390 conspectu
2403 5320 2492 5372 Dei
2517 5319 2759 5373 versari?
2784 5334 2944 5388 quam
2973 5319 3024 5370 in
3060 5317 3161 5370 ﬁde
3192 5314 3370 5368 Patris

1922 5462 1966 5493 ²¹
1999 5459 2039 5512 li
2077 5459 2202 5513 Cor.
2234 5473 2335 5524 xu,
2375 5458 2458 5512 10.
2536 5457 2757 5511 “Prov.
2793 5473 2945 5518 XXIII,
2985 5453 3038 5507 2.
3118 5453 3162 5485 ’³
3191 5451 3366 5505 Levit.

1796 5652 2042 5720 implere,
2081 5669 2099 5700 ι
2137 5650 2402 5723 sed_mss.
2439 5657 2496 5701 ut
2534 5649 2584 5700 in
2619 5660 2808 5723 nostro
2844 5655 3010 5723 textu:

1865 5712 1974 5792 (l5)
2020 5722 2198 5774 Codex
2237 5719 2548 5788 Sangerm.,
2603 5718 2880 5788 «penitus.
2916 5737 2934 5766 ι
2994 5714 3145 5770 Libb.
3200 5712 3364 5776 editi,

1798 5813 1813 5843 ι
1835 5805 1982 5860 potnt
2017 5794 2159 5845 thus.
2190 5809 2207 5839 ι

1865 5861 1976 5934 (14)
2010 5860 2161 5915 Libb.
2211 5859 2374 5928 editi,
2413 5879 2432 5910 ι
2463 5870 2599 5913 erat.
2636 5876 2656 5910 ι
2713 5890 2715 5892 -
