3914 6508
516 407 618 463 551

1997 402 2322 459 ORlGENlS
3668 407 3751 462 55!

515 536 581 575 ac
617 519 736 573 Filii
790 520 1157 589 permanere?
1199 533 1361 590 quam
1395 521 1675 575 orationes
1718 518 1945 575 Domino
1975 528 2095 574 tan-
2124 523 2170 578 A
2197 519 2471 589 parabolis
2494 560 2510 586 ,
2543 520 2632 588 qui
2677 520 2983 576 communis
3030 533 3116 576 est
3159 521 3328 592 vulgi.
3380 537 3400 570 ι
3455 517 3752 589 Legitiuuun

516 627 676 679 quam
727 610 947 663 odorem
983 612 1273 667 suavitatis
1307 611 1541 666 olferre?
1580 630 1599 665 ι
1641 612 2087 676 Testamentum,

516 703 694 772 inquit
722 703 789 768 ",
814 714 1078 758 aeternum
1107 705 1214 758 erit
1236 705 1417 758 Aaron
1445 713 1498 758 et
1527 703 1652 758 [iliis
1681 704 1819 770 ejus,
1854 712 1909 757 et
1939 718 2090 756 man-

514 790 794 845 ducabunt
818 807 879 845 ea
910 792 962 846 in
992 792 1111 848 loco
1140 804 1349 848 sancto.
1379 812 1397 845 ι
1441 794 1617 848 Aaron
1649 802 1703 848 et
1730 795 1821 848 filii
1851 794 1967 864 ejus
2000 808 2091 863 ge-

516 898 618 937 nus
651 894 733 939 est
782 886 1013 941 electum
1044 927 1060 952 ,
1103 903 1275 956 genus
1314 888 1651 943 sacerdotale
1678 928 1693 953 ,
1726 890 1924 958 quibus
1976 889 2092 944 haec

515 976 695 1043 portio
752 988 1063 1032 Sanctorum
1118 982 1351 1033 donatur
1402 995 1430 1032 a
1494 980 1647 1044 Deo,
1698 982 1839 1050 quod
1904 997 2089 1035 sumus

515 1080 708 1119 omnes
748 1066 839 1135 qui
872 1068 1145 1123 credimus
1179 1068 1231 1122 in
1260 1069 1499 1123 Christo.
1524 1068 1725 1124 Locum
1760 1078 1935 1123 autem
1966 1086 2091 1124 san-

512 1166 660 1211 ctmn
694 1173 794 1228 ego
832 1161 883 1213 in
938 1161 1101 1215 terris
1146 1176 1249 1214 non
1302 1162 1521 1229 requiro
1573 1162 1845 1230 potitum,
1892 1162 1985 1216 sed
2034 1161 2087 1215 in

514 1249 698 1303 corde.
736 1249 909 1305 Locus
940 1252 1082 1306 enim
1120 1252 1323 1307 dicitur
1353 1263 1576 1307 sanctus
1599 1293 1613 1317 ,
1648 1253 1932 1308 rationalis
1970 1253 2089 1307 ani-

514 1357 623 1407 ma,
658 1353 876 1413 propter
903 1344 1045 1413 quod
1075 1355 1125 1398 et
1151 1345 1443 1415 Apostolus
1469 1344 1603 1398 dicit
1632 1344 1675 1376 ³⁸
1701 1360 1716 1395 :
1756 1363 1774 1396 ι
1800 1344 1978 1400 Nolite
2011 1344 2090 1399 lo-

515 1450 638 1489 cum
662 1435 791 1488 dare
811 1436 1045 1489 diabolo.
1065 1434 1287 1488 iAnima
1301 1426 1556 1505 ergomea
1580 1435 1730 1491 locus
1752 1449 1853 1499 ρει,
1875 1438 1917 1491 si
1950 1438 2088 1494 male

512 1542 637 1598 ago,
665 1526 863 1581 diaboli
900 1544 914 1581 :
945 1528 988 1582 si
1019 1528 1175 1592 bene,
1209 1528 1324 1583 Dei.
1357 1527 1598 1598 Denique
1625 1540 1679 1583 et
1710 1531 1933 1599 spiritus
1967 1547 2083 1584 ma-

510 1615 691 1687 lignus
732 1636 751 1668 ι
776 1634 896 1671 cum
922 1658 939 1684 ,
972 1619 1143 1689 inquit
1172 1620 1239 1683 ",
1275 1620 1471 1675 exierit
1512 1621 1578 1675 ab
1614 1622 1828 1675 homine
1853 1662 1868 1683 ,
1897 1633 1951 1677 et
1978 1622 2084 1676 cir-

511 1711 712 1763 cuierit
740 1709 855 1763 loca
891 1710 1040 1764 arida
1063 1750 1078 1774 ,
1110 1721 1163 1763 et
1196 1711 1435 1778 requiem
1470 1727 1575 1764 non
1616 1712 1925 1773 invenerit,
1959 1722 2086 1766 tunc

509 1798 668 1853 dicit:
699 1799 961 1853 Revertar
986 1797 1052 1852 ad
1086 1799 1260 1853 locum
1293 1814 1467 1851 meum
1500 1802 1640 1853 unde
1670 1802 1832 1854 exivi.
1862 1822 1880 1847 ι
1914 1801 2085 1854 Locus

2192 605 2447 661 aeternale
2469 606 2572 660 hoc
2609 608 2715 661 erit
2740 607 2806 662 ³³.
2840 627 2860 660 ι
2909 606 3233 679 Legitimum
3273 624 3517 679 namque
3546 617 3601 660 et
3622 616 3756 661 aeter-

2192 713 2320 751 num
2350 706 2433 752 est
2470 713 2631 752 omne
2664 699 2809 767 quod
2845 701 3140 770 mysticum
3176 710 3283 757 est.
3317 701 3453 755 Nam
3487 698 3756 770 praesentia

2193 790 2309 845 haec
2356 800 2410 845 et
2440 790 2641 859 passim
2669 790 2936 855 visibilia,
2969 793 3289 862 temporalia
3324 802 3452 847 sunt
3474 832 3490 854 ,
3526 801 3584 844 et
3617 790 3756 844 ﬁnc-

2191 886 2303 939 cito
2357 884 2666 952 accipiunt:
2706 902 2724 936 ι
2749 882 2997 939 Praeterit
3021 886 3165 940 enim
3192 885 3412 939 habitus
3437 884 3605 949 hujus
3627 897 3756 935 mua-

2193 977 2244 1030 di
2283 976 2347 1028 “.
2371 993 2391 1027 ι
2426 974 2579 1041 Quod
2610 974 2654 1028 si
2687 975 2846 1043 hujus
2870 977 3057 1029 mundi
3087 976 3349 1045 prreterit.
3375 973 3499 1029 sine
3531 972 3691 1026 dubio
3715 981 3759 1026 et

2192 1068 2384 1121 littera":
2412 1065 2629 1120 habitus
2663 1068 2925 1136 prteterit,
2947 1077 3003 1122 et
3040 1077 3263 1121 manent
3298 1066 3386 1120 illa
3428 1079 3555 1133 quae
3578 1074 3761 1117 aeterna

2192 1166 2341 1224 sunt,
2367 1173 2485 1227 quae
2506 1173 2703 1213 sensus
2726 1159 2976 1214 continet
2993 1158 3277 1229 spiritalis.
3308 1155 3364 1211 Si
3396 1172 3531 1227 ergo
3567 1154 3761 1209 intelle-

2190 1250 2372 1304 ximus
2400 1250 2578 1319 primo
2610 1253 2885 1321 quomodo
2917 1251 3059 1305 Deus
3087 1250 3412 1320 loquebatur
3434 1249 3504 1302 ad
3534 1247 3761 1319 Moysen,

2190 1351 2244 1397 et
2273 1341 2485 1415 Moyses
2514 1343 2642 1397 filiis
2668 1343 2857 1412 Israel,
2888 1344 3129 1400 secundo
3155 1342 3319 1397 etiam
3352 1343 3629 1397 rationem
3655 1356 3764 1396 can-

2191 1436 2398 1491 delabri
2438 1437 2645 1500 mundi,
2672 1446 2728 1494 et
2757 1438 3131 1503 lucernarum,
3168 1437 3331 1506 atque
3358 1437 3463 1491 olei
3497 1438 3640 1504 ejus.
3673 1446 3765 1489 ter-

2193 1530 2265 1583 tio
2292 1544 2508 1599 quoque
2546 1545 2715 1599 panes
2770 1530 3158 1602 propositionis
3205 1543 3270 1582 ex
3304 1530 3519 1583 duabus
3552 1530 3763 1583 decimis

2189 1622 2436 1692 singulos
2475 1621 2753 1677 conlectos
2787 1622 3088 1677 secundum
3139 1619 3250 1691 (l8)
3284 1620 3629 1675 voluntatem
3669 1619 3765 1688 spi-

2190 1713 2330 1767 ritus
2369 1712 2755 1777 intelleximus,
2792 1713 2985 1767 demus
3022 1727 3243 1781 operam
3272 1710 3555 1781 quomodo
3582 1720 3639 1764 et
3680 1724 3766 1763 nos

2190 1804 2293 1859 huc
2329 1814 2478 1859 tanto
2507 1817 2560 1859 et
2598 1815 2705 1858 tam
2740 1804 2965 1859 sublimi
3008 1803 3288 1858 intellectu
3335 1817 3442 1857 non
3479 1799 3766 1856 efﬁciamur

506 1904 637 1959 ergo
668 1900 889 1945 sanctus
921 1891 1097 1944 anima
1123 1901 1206 1944 est
1232 1906 1388 1959 pura.
1423 1890 1476 1944 In
1513 1907 1621 1961 quo
1650 1892 1765 1946 loco
1797 1893 1961 1947 edere
1986 1909 2085 1946 no-
2118 1882 2160 1937 Β
2192 1893 2394 1962 indigni
2422 1911 2437 1947 :
2467 1894 2561 1948 sed
2608 1904 2667 1946 ut
2706 1893 2888 1948 anima
2922 1903 3106 1949 nostra
3146 1893 3297 1960 prius
3325 1892 3421 1945 ﬁat
3460 1891 3621 1947 loeus
3657 1906 3766 1945 san-

508 1981 592 2034 his
623 1983 905 2035 mandatur
934 1982 1112 2035 cibum
1150 1982 1299 2035 verbi
1336 1982 1451 2037 Dei.
1489 1982 1675 2053 Neque
1711 1983 1857 2037 enim
1890 1999 2085 2038 conve-

508 2069 590 2123 nit
639 2080 697 2123 ut
740 2080 926 2125 sancta
966 2073 1131 2125 verba
1170 2073 1353 2125 anima
1403 2088 1509 2127 non
1542 2084 1730 2127 sancta
1780 2074 2083 2144 suscipiat;

507 2161 600 2215 sed
628 2177 747 2214 cum
774 2161 1145 2231 puriﬁcaverit
1175 2178 1233 2217 se
1257 2170 1323 2217 ab
1347 2164 1494 2217 omni
1528 2164 1942 2231 inquinamento
1971 2180 2088 2219 car-

506 2253 593 2305 nis
623 2260 679 2306 et
728 2268 941 2307 morum
973 2294 989 2319 ,
1043 2266 1173 2309 tunc
1223 2254 1375 2316 locus
1421 2266 1644 2311 sanctus
1675 2253 1866 2310 cll‘ecta
1901 2256 2082 2310 cibum

506 2343 688 2411 capiat
714 2336 868 2412 panis
892 2345 1033 2400 illius
1055 2346 1167 2414 (15)
1187 2347 1279 2416 qui
1303 2349 1370 2401 de
1389 2347 1529 2403 caalo
1558 2348 1863 2417 descendit.
1892 2345 2084 2403 Nonne

505 2434 699 2487 melius
731 2435 811 2489 sic
844 2436 1167 2506 intelligitur
1212 2438 1361 2493 locus
1394 2448 1632 2507 sanctus,
1663 2455 1826 2508 quam
1854 2441 1897 2494 si
1931 2450 2086 2510 pute-

504 2540 627 2579 mus
660 2536 997 2581 structuram
1037 2528 1271 2597 lapidum
1303 2530 1698 2585 insensibilium
1744 2531 1921 2586 locum
1955 2548 2082 2587 san-

503 2627 654 2674 ctum
692 2621 1003 2674 nominari?
1046 2621 1199 2676 Unde
1248 2622 1413 2677 simili
1464 2623 1624 2677 modo
1657 2624 1820 2680 etiam
1870 2626 1964 2680 tibi
1998 2626 2081 2681 lex

506 2710 609 2763 ista
640 2710 978 2779 proponitur,
1018 2720 1076 2763 ut
1106 2726 1229 2765 cum
1263 2715 1544 2782 acceperis
1571 2728 1765 2781 panem
1795 2716 2083 2785 mysticum

505 2800 560 2855 in
595 2800 712 2856 loco
762 2803 965 2857 mundo
1000 2804 1290 2858 manduces
1319 2820 1477 2858 eum:
1511 2804 1615 2859 hoc
1647 2816 1752 2871 est,
1782 2822 1850 2861 ne
1879 2808 1931 2860 in
1964 2808 2084 2862 ani-

503 2906 592 2945 ma
625 2893 994 2946 contaminata
1042 2904 1099 2947 et
1142 2896 1379 2963 peccatis
1411 2896 1615 2965 polluta
1646 2896 1915 2953 Dominiei
1962 2914 2086 2953 cor-

503 2982 653 3052 poris
700 2995 1043 3039 sacramenta
1106 2986 1423 3055 percipias:
1499 3005 1518 3037 ‹
1573 2987 1895 3057 Quicunque
1939 2990 2082 3044 enim

502 3076 942 3137 manducaverit.
985 3078 1158 3147 inquit
1186 3080 1251 3143 ³⁰,
1288 3094 1504 3149 panem,
1536 3089 1590 3134 et
1616 3079 1817 3133 biberit
1859 3079 2084 3135 calicem

503 3166 714 3220 Domini
751 3166 991 3238 indigne,
1024 3183 1149 3223 reus
1173 3171 1281 3224 erit
1311 3170 1558 3237 corporis
1592 3180 1646 3225 et
1675 3169 1956 3240 sanguinis
1987 3170 2085 3225 Do-

504 3260 657 3313 mini.
692 3258 893 3313 Probet
919 3270 1099 3314 autem
1133 3276 1193 3315 se
1223 3262 1615 3333 unusquisque,
1650 3272 1706 3316 et
1740 3272 1865 3318 tunc
1891 3264 1957 3318 de
1983 3278 2081 3334 pa-

499 3369 571 3408 ne
601 3354 910 3416 manducet,
939 3365 993 3408 et
1024 3354 1089 3408 de
1120 3353 1293 3408 calice
1325 3353 1491 3410 bibat.
1521 3372 1542 3407 ι

568 3443 620 3497 6.
666 3462 685 3495 t
713 3442 911 3498 Sancta
945 3444 1088 3497 enim
1119 3454 1432 3498 sanctorum
1456 3454 1584 3499 sunt
1614 3445 1680 3498 ³¹.
1702 3463 1720 3496 ι
1756 3443 1918 3499 Vides
1944 3460 2079 3514 quo-

497 3536 659 3589 modo
701 3552 808 3589 nou
860 3535 997 3590 dixit
1044 3546 1231 3590 sancta
1272 3536 1683 3603 tantummodo,
1734 3536 1830 3590 sed
1876 3537 2077 3592 Sancta

495 3636 845 3680 sanctorum:
888 3639 946 3679 ut
991 3627 1039 3681 si
1090 3627 1334 3690 diceret,
1368 3628 1521 3681 cibus
1574 3628 1679 3681 iste
1712 3637 1935 3683 sanctus
1967 3642 2077 3682 non

497 3730 581 3773 est
611 3720 918 3775 conunuuis
948 3720 1191 3774 onmium
1222 3734 1325 3775 nec
1355 3720 1724 3791 cujuscunque
1751 3722 1918 3794 258
1939 3723 2079 3780 indi-

494 3811 583 3878 gni
612 3850 627 3874 ,
677 3812 771 3865 sed
816 3820 1125 3865 sanctorum
1169 3821 1274 3865 est.
1308 3811 1523 3877 Quanto
1571 3814 1746 3882 magis
1777 3814 1882 3868 hoc
1924 3814 2079 3868 etde

493 3903 663 3956 verbo
697 3904 789 3956 Dei
821 3916 969 3957 recte
1001 3904 1309 3972 meritoque
1346 3903 1611 3971 dicemus,
1643 3905 1732 3960 hic
1759 3920 1940 3960 sermo
1971 3920 2075 3961 non

492 4004 577 4049 est
608 3996 851 4048 omnium
884 4033 899 4059 ,
930 4010 1033 4049 nec
1062 3996 1435 4064 cujuscunque
1459 4035 1475 4062 ,
1502 3997 1596 4050 sed
1627 4009 1938 4051 sanctorum
1971 4010 2074 4055 est.

491 4084 616 4143 Non
649 4087 878 4155 quilibet
906 4088 1056 4140 Verbi
1095 4088 1256 4156 hujus
1293 4097 1475 4157 potest
1510 4088 1701 4142 audire
1734 4092 2075 4159 mysterium,

495 4193 623 4233 nam
653 4178 1025 4231 tantummodo
1050 4178 1165 4250 (16)
1189 4179 1280 4247 qui
1304 4180 1573 4249 puriﬁcati
1602 4191 1727 4235 sunt
1753 4192 1955 4250 mente,
1986 4185 2077 4252 qui

496 4266 682 4320 mundi
726 4275 851 4320 sunt
896 4267 1093 4333 corde,
1127 4269 1219 4337 qui
1267 4268 1545 4338 simplices
1579 4272 1759 4325 animo
1787 4312 1803 4337 ,
1847 4274 1937 4341 qui
1968 4275 2074 4329 vita

497 4357 1003 4427 irreprehensibiles
1029 4400 1043 4423 ,
1088 4362 1179 4429 qui
1227 4362 1571 4417 conscientia
1608 4363 1801 4426 liberi,
1836 4367 2073 4436 ipsorum

498 4461 578 4504 est
614 4452 679 4504 de
713 4452 813 4505 huc
840 4452 1031 4505 audire
1066 4468 1375 4508 sermonem
1403 4492 1419 4517 ,
1472 4455 1604 4523 ipsis
1632 4469 1860 4524 possunt
1893 4458 2077 4526 expla-

2193 1993 2318 2040 ctns
2342 2024 2358 2049 ,
2393 1994 2448 2039 et
2482 1985 2533 2040 in
2577 1984 2698 2040 loco
2736 1996 2924 2041 sancto
2960 1988 3243 2057 capiamus
3288 1996 3479 2043 sancta
3517 1984 3762 2055 mysteria

2187 2089 2285 2146 per
2326 2076 2558 2146 gratiam
2615 2077 2854 2147 Spiritus
2886 2080 3056 2134 sancti
3085 2119 3100 2143 ,
3143 2096 3211 2135 ex
3242 2095 3350 2150 quo
3394 2076 3765 2134 sanctiﬁcatur

2188 2182 2351 2222 omne
2377 2168 2524 2238 quod
2555 2179 2806 2225 sanctum
2835 2179 2940 2225 est.
2971 2170 3076 2242 lpsi
3108 2171 3281 2243 gloria
3311 2180 3367 2225 et
3399 2167 3763 2241 imperiumin

2188 2260 2382 2316 sarcula
2421 2261 2764 2318 saeculorum.
2787 2262 2984 2317 Amen.

2739 2378 3020 2434 llO‘MlLlA
3062 2379 3202 2434 XIV.

2187 2488 2265 2546 De
2301 2492 2410 2560 ﬁlio
2444 2493 2677 2546 mulieris
2706 2492 3055 2557 lsraelitidis,
3076 2503 3127 2545 et
3160 2492 3404 2563 zEgyptii
3444 2493 3615 2562 patris
3637 2535 3650 2551 ,
3680 2492 3755 2563 qui

2260 2564 2538 2685 ruminans
2570 2581 2755 2617 nomen
2786 2602 2800 2627 ,
2833 2564 3144 2631 maledixit,
3191 2561 3249 2617 et,
3272 2561 3335 2618 ite
3375 2565 3639 2617 sententia
3677 2561 3753 2614 Dei

2282 2643 2371 2685 ata
2403 2651 2454 2685 ιη
2481 2650 2623 2686 eum.

2258 2724 2312 2777 1.
2348 2722 2585 2777 Historia
2618 2724 2771 2779 nobis
2802 2724 3027 2779 recitata
3060 2734 3167 2789 est,
3206 2722 3365 2792 cujus
3402 2722 3658 2791 quamvis
3684 2723 3753 2774 vi-

2186 2814 2379 2869 deatur
2407 2822 2592 2883 aperta
2623 2814 2889 2877 narratio,
2926 2823 3106 2869 tamen
3148 2814 3253 2868 nisi
3288 2814 3751 2881 diligentius’coso

2192 2906 2475 2960 tiuentiam
2529 2905 2647 2974 ejus
2678 2921 2798 2973 qua:
2835 2914 2919 2960 est
2957 2906 3253 2961 secundum
3298 2905 3541 2959 litteram
3582 2918 3753 2959 conse-

2187 3015 2440 3068 quamur,
2485 2998 2717 3054 interior
2747 2999 2904 3053 nobis
2946 3012 3144 3054 sensus
3179 3000 3321 3053 haud
3356 2998 3520 3053 facile
3546 2997 3749 3066 patebit.

2188 3091 2280 3144 Est
2317 3106 2446 3161 ergo
2480 3090 2780 3160 Scriptura:
2818 3105 3000 3146 sermo
3030 3092 3097 3146 de
3126 3107 3234 3161 quo
3265 3091 3643 3145 disserendum
3684 3096 3754 3141 est

2187 3185 2315 3239 hic:
2358 3203 2375 3234 ι
2408 3184 2473 3238 Et
2498 3184 2657 3250 exiit,
2686 3183 2860 3251 inquit
2884 3183 2951 3247 ³⁸,
2977 3182 3122 3237 lilius
3146 3181 3396 3236 mulieris
3423 3180 3754 3247 lsraelitidis,

2188 3286 2242 3331 et
2272 3276 2362 3331 hic
2396 3284 2516 3330 erat
2547 3274 2689 3329 ﬁlius
2719 3273 2960 3344 IEgyptii
2992 3274 3138 3327 inter
3168 3273 3309 3327 lilius
3336 3272 3508 3328 Israel
3530 3291 3547 3326 :
3573 3283 3626 3327 et
3656 3272 3756 3325 liti-

2187 3376 2453 3436 gaverunt
2483 3367 2535 3420 in
2562 3363 2785 3429 castris,
2809 3363 2857 3419 is
2882 3363 3113 3434 quierat
3132 3379 3199 3419 ex
3222 3363 3531 3420 lsraelitide
3561 3364 3690 3433 (l9).
3712 3373 3759 3417 et

2186 3458 2351 3512 homo
2377 3456 2649 3513 Israelita.
2688 3456 2755 3510 Et
2781 3457 3071 3513 nominans
3100 3459 3246 3512 lilius
3280 3455 3530 3510 mulieris
3557 3454 3756 3509 Israeli-

2188 3550 2315 3603 tidis
2341 3562 2537 3603 nomen
2571 3547 2885 3602 maledixit:
2918 3559 2973 3603 et
3000 3550 3347 3604 adduxerunt
3371 3563 3497 3603 eum
3530 3549 3597 3602 ad
3633 3546 3760 3617 May.

2186 3654 2283 3695 seu
2310 3658 2323 3695 :
2367 3650 2421 3695 et
2450 3654 2647 3694 nomen
2680 3641 2872 3696 matris
2894 3642 3013 3712 ejus
3042 3640 3314 3697 Salomith
3339 3641 3451 3696 lilia
3490 3640 3673 3701 Dabri,
3698 3654 3756 3693 ex

2192 3733 2333 3787 tribu
2370 3731 2483 3786 Dan
2511 3753 2524 3787 :
2560 3742 2617 3787 et
2646 3732 2911 3787 miserunt
2953 3748 3077 3789 eum
3108 3734 3159 3788 in
3186 3748 3491 3796 carcerem,
3523 3741 3587 3786 ut
3621 3732 3753 3802 judi-

2187 3831 2377 3878 carent
2404 3823 2470 3878 de
2494 3823 2585 3878 illo
2611 3837 2706 3893 per
2733 3831 3064 3893 praeceptum
3090 3824 3328 3878 Domini.
3365 3825 3431 3878 Et
3454 3825 3663 3877 locutus
3682 3831 3754 3876 est

2186 3915 2545 3971 Dominnsad
2576 3916 2795 3988 Moysen
2830 3918 3060 3973 dicens:
3094 3918 3242 3985 Ejice
3275 3918 3430 3972 illum
3457 3918 3549 3986 qui
3598 3918 3748 3969 male-

2194 4011 2333 4064 dixit
2362 4018 2519 4064 extra
2553 4022 2731 4066 castra
2755 4050 2769 4071 ,
2815 4020 2870 4064 et
2925 4012 3199 4081 imponent
3253 4026 3446 4065 omnes
3479 4010 3569 4078 qui
3613 4009 3747 4062 audi-

2186 4110 2347 4153 erunt
2363 4116 2556 4153 manus
2576 4116 2701 4155 suas
2715 4116 2876 4170 super
2894 4112 3061 4170 caput
3082 4100 3220 4170 ejus,
3244 4101 3628 4169 etlapidabunt
3645 4097 3742 4167 (Ν)

2185 4205 2307 4243 eum
2352 4192 2528 4244 omnis
2556 4206 2849 4262 synagoga.
2880 4213 2899 4246 ι
2938 4192 3236 4248 Videamus
3283 4208 3414 4263 ergo
3440 4194 3609 4261 primo
3632 4189 3740 4258 quid

2185 4285 2290 4338 sibi
2318 4285 2449 4339 velit
2487 4284 2719 4339 historia
2760 4301 2922 4355 quam
2956 4287 3341 4356 proposuimus
3364 4327 3381 4351 ,
3409 4299 3464 4340 et
3510 4284 3735 4354 quamvis

2187 4375 2343 4443 plana
2382 4376 2628 4430 videatur
2656 4416 2672 4439 ,
2710 4388 2888 4431 tamen
2921 4377 3099 4431 adhuc
3143 4376 3447 4431 evidentius
3476 4391 3591 4431 eam
3633 4385 3736 4427 ten-

2188 4472 2362 4517 temus
2400 4465 2502 4520 sub
2533 4465 2705 4520 oculis
2752 4480 2978 4535 ponere.
3022 4466 3301 4521 Ponamus
3340 4482 3473 4537 ergo
3502 4480 3653 4519 unum
3679 4478 3731 4514 ex

497 4548 614 4599 nari
641 4547 743 4600 ista
768 4548 1046 4617 mysteria.
1076 4566 1094 4598 ι
1121 4546 1283 4602 Vobis
1304 4549 1448 4603 enim
1474 4550 1657 4603 datum
1682 4560 1787 4613 est,
1812 4550 1986 4620 inquit
2007 4552 2074 4615 ³²,
2110 4591 2154 4646 D
2186 4567 2337 4626 patre
2368 4568 2421 4610 et
2454 4568 2627 4612 matre
2660 4558 2947 4612 lsraelitici
2976 4560 3215 4613 nominis
3245 4561 3605 4629 generositate
3626 4570 3736 4625 gau-

496 4654 656 4693 nosse
687 4642 939 4711 mysteria
973 4641 1084 4711 (17)
1110 4642 1259 4710 regni
1294 4641 1425 4708 Dei;
1461 4661 1480 4694 ι
1517 4642 1622 4697 illis
1652 4654 1857 4708 autem,
1890 4644 1943 4697 id
1993 4655 2076 4699 est

495 4731 589 4800 qui
623 4747 727 4785 non
765 4744 1043 4787 merentur
1077 4773 1092 4797 ,
1130 4734 1221 4803 qui
1255 4750 1361 4788 non
1393 4746 1519 4789 sunt
1561 4736 1697 4789 tales
1728 4745 1785 4789 ut
1820 4751 2073 4791 merean-

498 4830 621 4887 tur,
660 4840 760 4879 nec
784 4840 1008 4893 capaces
1029 4841 1148 4880 esse
1180 4837 1405 4896 possunt
1442 4828 1506 4881 ad
1540 4828 1949 4898 intelligentiam
1982 4845 2072 4884 se-

495 4927 815 4981 cretorum;
869 4917 977 4971 illis
1008 4934 1112 4971 non
1165 4928 1342 4987 potest
1393 4920 1508 4973 dari
1573 4919 1664 4974 ille
1717 4922 2073 4978 sacerdotalis

492 5007 671 5080 panis,
710 5008 801 5076 qui
836 5018 916 5062 est
946 5017 1207 5073 secretus,
1236 5020 1292 5065 et
1328 5014 1590 5080 mysticus
1638 5028 1849 5080 sermo,
1892 5016 1985 5069 sed
2020 5015 2070 5068 in

564 5148 929 5209 ’1Lev.xxtv.
948 5149 999 5209 8.
1021 5150 1073 5205 9.
1152 5151 1196 5182 ’⁸
1220 5150 1451 5220 Eph.-Iv,
1484 5153 1575 5207 2'7.

494 5235 617 5285 xm,
646 5222 733 5275 11.
800 5221 843 5253 ³³
870 5220 1042 5274 Levit.
1078 5237 1224 5287 xxiv,
1264 5226 1316 5278 9.
1392 5225 1436 5256 “
1467 5225 1483 5279 l
1517 5226 1642 5279 Cor.
1676 5220 1773 5291 vn,
1802 5227 1892 5282 51.

564 5341 675 5413 (15)
709 5340 862 5395 Libb.
897 5341 1057 5405 editi,
1095 5359 1114 5392 ‹
1145 5342 1323 5411 eapiat
1350 5358 1545 5413 panem
1590 5344 1761 5410 illum,
1794 5362 1813 5396 ι
1851 5361 1983 5400 mss.
2014 5356 2074 5401 ut

494 5412 549 5468 in
585 5421 768 5467 nostro
803 5424 970 5465 textu.

566 5485 676 5553 (16)
708 5482 887 5537 Codex
933 5481 1250 5549 Sangerm.,
1298 5500 1320 5553 μ
1350 5498 1450 5537 nec
1477 5484 1703 5552 quilibet
1730 5486 1873 5539 verbi
1906 5485 2067 5551 hujus

495 5552 673 5621 potest
695 5553 885 5606 audire
911 5555 1247 5624 mysterium.
1274 5552 1694 5618 Tantummodo,
1720 5574 1740 5608 ι
1770 5563 1875 5614 etc.
1897 5556 2066 5623 lnl‘ra,

502 5639 521 5672 ι
548 5624 643 5690 ipsi
673 5632 895 5693 possunt
928 5624 1222 5692 explanare
1251 5625 1351 5678 ista
1385 5627 1666 5693 mysteria.
1698 5644 1717 5677 ι

450 5714 453 5717 ’
532 5771 539 5773 _
567 5694 678 5773 (l7)
707 5691 862 5749 Libb.
894 5691 1054 5759 editi,
1097 5712 1116 5746 ι
1146 5691 1489 5768 mysterium,
1517 5716 1535 5747 ι
1570 5698 1665 5750 sed
1695 5710 1849 5763 mss.,
1891 5714 1910 5747 ι
1948 5712 2066 5768 my-

497 5771 680 5817 steria.
712 5780 730 5813 ι

570 5831 681 5901 (18)
707 5832 858 5889 Libb.
892 5833 1053 5901 editi,
1094 5853 1115 5887 ι
1149 5833 1395 5907 singulos
1425 5852 1671 5909 quosque
1703 5835 1986 5896 confectos
2017 5836 2066 5894 si

1654 5154 1902 5221 ",Malth.
1930 5173 2027 5214 xu.
2063 5157 2153 5217 ιδ,
2188 5156 2278 5209 44.

1969 5228 2015 5259 ³⁵
2046 5227 2218 5283 Levit.
2253 5244 2401 5293 xxiv,
2435 5228 2501 5281 10
2532 5236 2588 5281 ct
2620 5243 2772 5297 seqq.

2185 4653 2399 4707 dentem
2424 4670 2437 4704 :
2472 4650 2636 4703 alium
2668 4664 2735 4704 ex
2768 4661 2941 4704 matre
2970 4660 3180 4705 tantum
3207 4690 3223 4714 ,
3250 4665 3357 4704 non
3390 4650 3549 4703 etiam
3574 4664 3634 4703 ex
3657 4661 3734 4715 pa-

2185 4750 2287 4809 tre,
2314 4752 2369 4797 et
2402 4740 2548 4796 velut
2581 4756 2648 4795 ex
2693 4752 2850 4810 parte
2875 4743 3136 4806 nobilem,
3172 4752 3224 4798 et
3254 4758 3319 4797 ex
3355 4756 3507 4813 parte
3533 4756 3629 4796 non
3653 4757 3732 4809 pa-

2184 4835 2319 4898 tris,
2351 4849 2472 4903 qua:
2510 4836 2698 4902 utique
2729 4834 2920 4889 melior
2950 4835 3166 4889 videtur
3191 4874 3206 4895 ,
3239 4836 3333 4888 sed
3380 4834 3568 4888 matris
3593 4874 3606 4896 ,
3637 4845 3735 4899 qua

2181 4926 2409 4981 inferior
2448 4936 2551 4981 est.
2597 4925 2652 4979 Si
2683 4927 2827 4981 enim
2858 4935 3014 4996 pater
3042 4927 3236 4982 fuisset
3270 4928 3533 4991 Israelita,
3563 4938 3612 4981 et
3640 4942 3736 4978 ma-

2184 5030 2264 5074 ter
2294 5016 2573 5089 Egyptia,
2607 5028 2750 5074 esset
2780 5018 2988 5089 aliquid
3024 5020 3278 5089 atnplius.
3322 5018 3437 5074 lloc
3473 5020 3609 5073 enim
3639 5017 3734 5069 lue~

2356 5155 2403 5188 ³⁸
2430 5154 2446 5208 1
2473 5155 2598 5210 Cor.
2632 5171 2711 5221 xl,
2739 5154 2832 5210 27.
2909 5157 2950 5188 ³¹
2982 5155 3154 5211 Levit.
3185 5171 3334 5222 xxiv,
3365 5156 3420 5211 9.
3493 5156 3537 5187 ³³
3569 5152 3736 5208 lattb.

2184 5348 2528 5411 secundum,
2566 5364 2585 5399 ι
2640 5355 2774 5409 etc.,
2825 5323 3326 5413 sedimanuscripti
3377 5352 3437 5397 ut
3490 5344 3539 5397 in
3574 5350 3735 5395 nostro

2176 5430 2363 5556 ωἴῗέί)
2403 5486 2561 5541 Libb.
2599 5485 2729 5539 editi
2751 5526 2765 5549 ,
2801 5504 2819 5536 ι
2844 5500 2907 5538 ex
2940 5482 3239 5556 lsraelitide
3274 5484 3525 5547 muliere,
3547 5500 3564 5532 ι
3593 5481 3678 5535 sed
3705 5495 3730 5531 a

2177 5553 2309 5613 mss.
2345 5553 2409 5611 et
2462 5576 2490 5611 a
2538 5557 2729 5611 Grazco
2780 5555 3122 5626 septuaginta
3193 5553 3548 5623 lntcrpretum
3602 5559 3727 5605 textu

2177 5630 2327 5683 abest
2370 5647 2386 5678 ι
2420 5628 2670 5681 muliere.
2704 5645 2723 5677 ι
3076 5678 3085 5683 ,

2248 5698 2359 5765 (20)
2389 5698 2569 5752 Codex
2606 5699 2895 5764 Sangerm.
2931 5715 2948 5747 ι
2973 5692 3312 5765 lapidabunt,
3346 5713 3365 5745 ι
3398 5689 3720 5755 ιιιιυιεφ.

2176 5767 2609 5840 λιθοϐολήσουσι.
2644 5766 2803 5822 Libb.
2841 5767 2997 5835 editi,
3030 5764 3059 5817 ίι
3086 5764 3371 5835 lapidabit.
3401 5784 3422 5819 ι
