3914 6516
224 343 310 397 5ἲῶ

1315 329 1380 382 IN
1416 325 1788 382 LEVITICUM
1833 325 2120 380 llOlllldA
2148 325 2287 379 XIV.
2319 323 2330 329 ’

3341 329 3446 385 533-1

223 470 325 516 rant
354 453 621 510 Manasses
644 460 697 508 et
719 451 973 521 Ephrem.
1015 449 1163 502 Nunc
1201 462 1330 502 vero
1375 449 1635 517 scriptum
1663 457 1769 511 est,
1799 444 1847 506 Α
1875 460 2006 499 vero
2042 444 2383 514 profrssionc
2413 444 2629 514 quidem
2662 445 3000 503 Christianus
3026 456 3128 509 est,
3171 446 3442 500 intellectu

223 554 334 624 quia
367 546 502 601 [ilius
547 546 616 599 sit
647 543 889 596 mulieris
919 542 1240 596 lsraelitidis
1261 581 1275 604 ,
1308 554 1360 593 et
1388 541 1629 611 Egyptii
1670 556 1768 610 pa-

231 646 332 699 tris.
363 640 416 694 Si
450 652 577 707 ergo
608 636 900 706 diligenter
931 645 1150 689 secutus
1180 649 1237 688 es
1267 634 1401 687 duos
1434 634 1569 687 istos
1601 634 1767 699 viros,

226 748 370 789 unum
407 745 468 784 ex
498 729 709 796 integro
739 729 972 782 nobilem
1003 766 1016 786 .
1047 727 1209 780 alium
1235 741 1298 780 ex
1334 733 1490 796 parte
1515 765 1529 788 ,
1559 725 1770 778 intuere

226 839 351 882 nunc
395 836 485 874 eos
533 820 812 888 litigantes
856 805 1194 873 adinvicem:
1245 818 1296 871 in
1333 833 1437 886 qua
1465 817 1558 872 lite
1603 817 1648 871 is
1678 819 1768 887 qui

222 929 358 989 patre
385 913 638 984 {Egyptio
665 923 721 968 et
750 923 928 967 matre
962 912 1073 966 sola
1104 913 1398 967 lsraelitide
1439 914 1653 983 genitus
1685 914 1769 968 vi-

223 1014 380 1070 detur,
415 1007 702 1060 nominans
731 1003 1098 1068 maledixerit,
1131 1017 1184 1066 et
1229 1007 1300 1060 ob
1343 1006 1448 1060 hoc
1480 1006 1771 1075 perductus

217 1104 279 1156 sit
307 1102 348 1154 is
384 1099 471 1168 qui
510 1096 856 1151 maledixeral
897 1096 965 1151 ad
997 1096 1236 1168 Moysen.
1266 1095 1480 1168 Moyses
1514 1114 1644 1152 vero
1676 1114 1769 1153 ne-

217 1209 309 1263 que
344 1190 621 1245 absolvere
670 1203 792 1243 eum
831 1203 994 1242 ausus
1023 1199 1105 1241 est
1130 1228 1145 1251 ,
1182 1204 1357 1258 neque
1405 1190 1770 1244 condemnare

214 1288 319 1341 sine
359 1285 484 1337 Deo.
529 1281 777 1335 Tradidit
806 1282 951 1334 enim
986 1296 1108 1336 eum
1142 1283 1398 1336 custodite
1428 1299 1704 1352 usqttequo
1739 1303 1766 1336 a

215 1379 314 1433 Deo
339 1378 605 1444 acciperet
636 1388 952 1446 responsum
983 1377 1110 1448 quid
1142 1376 1270 1431 velit
1301 1375 1416 1430 fieri
1443 1376 1509 1430 de
1535 1392 1618 1430 eo.
1645 1377 1769 1430 Haec

209 1481 288 1524 est
317 1469 556 1523 historia:
581 1470 936 1535 continentia,
972 1486 1112 1524 nunc
1143 1480 1321 1524 autem
1349 1470 1628 1523 videamus
1651 1487 1770 1538 qua:

207 1565 272 1617 sit
320 1563 370 1615 in
402 1577 466 1614 ea
504 1562 762 1632 spiritalis
810 1563 946 1617 ratio
973 1603 988 1628 ,
1031 1578 1148 1632 quae
1179 1562 1452 1617 aedificare
1480 1563 1638 1618 debet
1669 1563 1769 1619 Ec-

204 1656 435 1710 clesiam.

266 1749 317 1801 2.
371 1746 553 1801 Primo
591 1746 832 1800 omnium
869 1761 1050 1800 sermo
1085 1747 1258 1811 dicit,
1298 1748 1422 1816 quia
1455 1747 1591 1802 exiit
1624 1748 1767 1804 lilius

202 1837 430 1892 mulieris
462 1837 777 1892 lsraelitidis
805 1848 858 1892 et
892 1837 1130 1910 [Egyptii
1185 1840 1355 1909 patris
1377 1881 1392 1904 ,
1422 1847 1476 1894 et
1509 1842 1652 1895 unde
1681 1841 1763 1895 vel

200 1947 299 1999 quo
323 1930 548 1995 exierit,
580 1946 684 1984 non
719 1933 910 1987 refert.
945 1932 1303 1986 Inveniuntur
1335 1934 1477 1987 enim
1511 1936 1671 1988 ambo
1712 1935 1764 1988 in

194 2026 383 2082 castris
407 2025 596 2094 positi,
627 2025 766 2081 sicut
785 2027 986 2080 indicat
1017 2040 1199 2080 sermo
1220 2025 1455 2090 Domini,
1489 2027 1673 2081 dicens
1696 2027 1763 2082 ἐς

203 2139 218 2169 ε
243 2117 388 2172 Educ
411 2119 686 2172 hominem
711 2117 800 2186 qui
835 2117 1115 2172 maledixit
1147 2117 1292 2172 foras
1321 2128 1474 2172 extra
1503 2128 1702 2174 castra.
1742 2138 1759 2170 ι

195 2210 250 2264 Si
290 2225 417 2280 ergo
452 2210 522 2264 de
549 2210 747 2264 castris
779 2209 1062 2274 educitur,
1102 2210 1413 2264 necessario
1465 2211 1515 2264 in
1570 2213 1766 2268 castris

191 2310 324 2353 erat.
368 2300 510 2366 Quid
540 2313 668 2370 ergo
705 2309 788 2353 est
819 2300 964 2368 quod
1001 2315 1122 2352 cum
1181 2300 1416 2354 nondum
1463 2302 1666 2357 exisset
1701 2303 1768 2357 de

189 2392 378 2446 castris
401 2431 417 2456 ,
456 2391 592 2446 dicit
637 2390 703 2445 de
731 2406 798 2446 eo
851 2391 1136 2458 Scriptura
1177 2392 1357 2446 divina
1390 2393 1432 2424 ³⁷
1457 2433 1471 2457 ,
1506 2412 1524 2445 ι
1554 2405 1606 2448 et
1634 2397 1768 2448 exiit

189 2484 326 2539 filius
368 2483 618 2538 mulieris
660 2483 1022 2537 lsraelititlis?
1053 2501 1069 2534 ι
1112 2483 1222 2554 Ego
1253 2495 1382 2554 puto
1415 2487 1541 2555 quia
1569 2489 1764 2542 docere

190 2593 282 2632 nos
309 2576 419 2630 vult
457 2590 637 2631 sermo
671 2575 909 2638 divinus,
947 2575 1086 2642 quod
1115 2575 1205 2644 qui
1239 2587 1449 2644 peccat,
1481 2576 1768 2645 dupliciter

183 2667 332 2722 exire
359 2668 586 2721 dicitur.
612 2667 796 2720 Primo
820 2665 964 2720 enim
995 2667 1107 2720 exit
1137 2685 1163 2719 a
1204 2651 1482 2737 proposito
1519 2670 1680 2731 bono.
1714 2681 1768 2726 et

188 2769 331 2814 recta
367 2759 646 2814 sententia
675 2800 690 2824 ,
715 2761 828 2814 exit
855 2773 883 2810 a
915 2757 998 2811 via
1027 2758 1266 2826 iustitiae,
1295 2763 1408 2814 exit
1436 2779 1465 2816 a
1503 2762 1619 2832 lege
1651 2765 1765 2819 Dei.

183 2848 538 2904 Postmodum
564 2863 691 2903 vero
706 2864 831 2903 cum
858 2849 1170 2904 confutatus
1204 2851 1365 2904 fuerit
1395 2868 1495 2921 pro
1521 2863 1763 2921 peccato,

176 2938 291 2993 exit
316 2939 489 2992 etiam
520 2939 585 2992 de
615 2947 758 2992 coetu
795 2947 850 2992 et
881 2940 1298 3010 congregatione
1329 2951 1663 2996 sanctorum.
1699 2943 1768 2997 [Tt

178 3035 220 3088 si
255 3035 414 3090 verbi
449 3050 618 3090 causa
650 3037 896 3090 dicamus
931 3056 944 3090 :
992 3036 1244 3092 Peccavit
1278 3037 1473 3106 aliquis
1509 3039 1763 3105 lidelimn,

179 3125 279 3180 iste
302 3125 534 3180 etiamsi
570 3128 810 3181 nondum
843 3127 1130 3196 abjiciatur
1163 3143 1258 3196 per
1283 3131 1519 3198 episcopi
1549 3146 1767 3184 senten-
1795 3141 1834 3198 ο

178 3219 328 3284 tiam,
353 3219 471 3288 jam
511 3228 690 3274 tamen
722 3234 814 3288 per
845 3220 1015 3288 ipsum
1048 3230 1327 3288 peccatum
1361 3222 1502 3290 quod
1527 3224 1766 3289 admisit,

177 3309 383 3376 cjectus
413 3318 544 3375 est;
599 3321 652 3364 et
702 3311 953 3379 quamvis
989 3311 1155 3365 intret
1210 3313 1533 3380 ecclesiam,
1588 3324 1765 3368 tamen

171 3401 379 3470 ejectus
408 3412 525 3469 est,
545 3412 597 3456 et
620 3401 751 3457 foris
770 3411 854 3458 est
883 3415 1200 3473 segregatus
1219 3421 1247 3456 a
1262 3405 1535 3460 consortio
1558 3416 1608 3459 et
1640 3423 1771 3459 tma-

173 3496 426 3550 nimitate
465 3496 734 3552 fidelium.
779 3497 921 3550 Exiit
958 3512 1090 3565 ergo
1125 3497 1269 3553 filius
1317 3501 1485 3568 patris
1523 3498 1767 3571 Egyptii

171 3599 222 3640 et
253 3590 453 3642 matris
507 3589 849 3645 lsraelitidis.
885 3589 984 3656 Qui
1017 3591 1235 3658 penitus
1259 3602 1414 3644 extra
1456 3590 1614 3645 fidem
1648 3605 1727 3646 est
1749 3635 1764 3656 ,

176 3689 321 3732 iuius
369 3679 673 3752 Egyptius
713 3690 818 3735 est.
871 3681 976 3747 Qui
1021 3692 1204 3735 autem
1255 3682 1399 3735 inter
1433 3699 1529 3737 nos
1577 3696 1677 3751 est,
1716 3697 1769 3738 et

169 3781 400 3839 peccat,
456 3787 532 3826 ex
592 3788 697 3826 una
750 3773 971 3842 quidem
1022 3784 1179 3844 parte
1236 3790 1341 3842 qua
1399 3774 1507 3829 Deo
1554 3777 1767 3839 credit,

164 3862 686 3933 25915raeliticae
726 3866 938 3920 videtur
967 3867 1196 3936 originis
1230 3888 1241 3922 :
1268 3883 1330 3920 ex
1361 3884 1422 3920 ea
1460 3884 1589 3922 vero
1617 3882 1771 3937 parte

165 3970 272 4024 qua
323 3966 556 4024 peccat,
607 3956 673 4010 de
708 3955 965 4027 [Egyptio
1011 3973 1186 4028 genus
1223 3960 1395 4014 ducit.
1460 3960 1605 4015 Duos
1638 3979 1770 4034 ergo

167 4049 469 4117 Scriptura
535 4051 813 4118 proposuit
872 4049 1170 4120 litigantes,
1223 4067 1386 4106 unum
1436 4068 1501 4107 ex
1559 4055 1772 4125 integro

163 4125 518 4205 lsraelitam,
575 4141 664 4209 qui
711 4140 944 4210 litigavit
974 4141 1192 4211 quidem
1223 4145 1316 4197 sed
1350 4160 1456 4200 non
1488 4149 1766 4215 peccavit:

166 4235 335 4288 istum
388 4250 532 4288 vero
559 4233 717 4303 cujus
765 4243 1046 4300 peccatqu
1105 4235 1374 4305 designat,
1426 4237 1661 4292 maxima
1703 4253 1770 4293 ex

160 4338 326 4396 parte
388 4330 628 4381 mistum
685 4342 807 4382 esse
858 4327 1116 4398 Aigyptio
1169 4329 1354 4396 generi
1412 4329 1638 4396 indicat,
1669 4333 1767 4384 ad—

160 4437 390 4475 versum
465 4435 632 4490 quem
688 4420 864 4491 litigat
911 4421 1174 4486 lsmelita,
1229 4430 1284 4475 et
1343 4421 1482 4477 forte
1545 4440 1764 4495 compe-

159 4524 351 4569 tenter
391 4526 453 4567 et
506 4513 904 4567 rationabiliter
963 4514 1156 4584 litigat.
1212 4514 1346 4569 Nam
1399 4525 1452 4569 et
1507 4515 1559 4569 in
1619 4517 1764 4571 Exo-

159 4608 228 4663 do
279 4611 554 4664 lsraelita
607 4619 662 4665 et
713 4610 1008 4682 {Egyptius
1082 4613 1317 4682 litigant,
1382 4615 1471 4669 ubi
1521 4614 1764 4670 lsraelita

156 4690 418 4772 superat,
477 4702 772 4774 Aigyptius
823 4707 972 4760 cadit
1002 4705 1070 4759 ³³.
1134 4705 1301 4775 igitur
1352 4717 1406 4762 et
1456 4723 1555 4778 ego
1607 4710 1768 4764 hodie

155 4797 202 4850 si
259 4798 578 4851 veritatem
630 4794 940 4860 defendam,
995 4797 1042 4849 si
1093 4812 1326 4866 pugnem
1377 4813 1473 4866 pro
1508 4799 1770 4853 ecclesia—

155 4887 298 4942 stica
335 4886 456 4942 ﬁde
490 4885 778 4940 adversum
813 4901 960 4952 eum,
994 4887 1083 4956 qui
1127 4902 1193 4941 ex
1222 4898 1376 4957 parte
1403 4889 1622 4958 quidem
1654 4907 1774 4945 cre-

153 4981 239 5034 dit
266 4979 537 5043 Christo,
584 4989 637 5033 et
674 4979 867 5049 recipit
897 4977 1230 5048 Scripturas,
1285 4981 1380 5036 sed
1429 4997 1536 5036 non
1567 4982 1776 5053 integre

155 5085 397 5127 sensum
456 5085 652 5125 earum
685 5086 784 5126 nec
818 5071 1054 5126 ﬁdeliter
1100 5072 1338 5142 recipit:
1384 5071 1534 5141 lit’go
1582 5074 1774 5129 adver-

151 5181 280 5221 sum
310 5179 482 5230 eutn,
536 5163 627 5232 qui
673 5178 740 5218 ex
785 5173 958 5218 matre
1011 5163 1228 5234 quidem
1279 5163 1525 5221 lsraelita
1568 5175 1675 5231 est,
1706 5183 1775 5221 ex

152 5271 326 5332 patre
351 5278 507 5317 vero
539 5264 852 5336 Egyptius.
907 5261 963 5316 Si
1005 5263 1126 5330 quis
1155 5276 1285 5328 ergo
1322 5271 1378 5315 et
1424 5261 1547 5316 fidei
1581 5263 1776 5316 credu-

150 5357 344 5426 litate,
392 5367 458 5412 et
521 5359 757 5413 nominis
809 5355 1151 5430 professione
1199 5356 1546 5412 Christianus
1595 5367 1680 5411 est
1721 5367 1777 5411 et

153 5452 526 5516 cathoiicus,
561 5451 663 5506 iste
693 5468 757 5505 ex
795 5462 1025 5522 utraque
1052 5461 1208 5520 parte
1238 5451 1478 5505 lsraelita
1517 5460 1619 5508 est.
1662 5453 1762 5516 Qui

1805 1796 1842 1850 Β

931 5618 974 5648 ⁸⁷
1006 5617 1137 5671 ibid.
1171 5619 1255 5672 l0.

227 5618 280 5651 ³⁸
317 5618 528 5672 Levit.
579 5634 729 5684 xxiv,
764 5618 854 5672 l4.
931 5618 974 5648 ⁸⁷
1006 5617 1137 5671 ibid.
1171 5619 1255 5672 l0.
1334 5617 1379 5648 ³⁸
1405 5616 1576 5671 Exod.
1605 5632 1698 5671 xx.

1877 544 2052 590 autem
2080 535 2200 588 fidei
2233 536 2517 590 litereticus
2552 546 2606 590 et
2634 553 2917 605 perversos
2945 550 3048 602 est,
3081 539 3183 593 iste
3217 548 3440 593 matrem

1870 629 2086 698 quidem
2114 628 2491 692 lsraelititlem,
2526 643 2734 698 patrem
2764 648 2889 686 vero
2918 631 3228 703 [Egyptium
3256 632 3438 688 habet.

1871 723 2150 791 Quomodo
2198 739 2329 794 ergo
2382 724 2484 777 hoc
2514 723 2749 777 accidit?
2793 724 2926 778 Cum
2976 723 3286 795 Scripturas
3318 728 3440 795 quis

1870 820 2017 888 legit,
2066 829 2119 873 et
2150 819 2383 873 litteram
2417 817 2634 887 quidem
2667 820 2931 888 sequitur,
2981 820 3312 874 intellectum
3346 835 3442 874 au-

1873 923 1978 969 tem
2009 915 2257 983 repudiat
2287 913 2611 982 spiritalem,
2640 915 2724 968 hic
2762 924 2988 968 matrem
3024 916 3238 984 quidem
3267 913 3446 970 lsrae-

1871 1008 2077 1062 liticam
2118 1007 2302 1071 habet,
2337 1007 2390 1061 id
2420 1016 2522 1071 est,
2575 1006 2812 1060 litteram
2851 1021 2867 1060 :
2899 1023 3119 1062 sensum
3152 1023 3278 1062 vero
3316 1009 3443 1077 quia

1871 1099 2170 1169 spiritalem
2205 1113 2311 1152 non
2347 1098 2616 1168 sequitur,
2649 1099 2741 1152 sed
2788 1099 3078 1159 carnalem,
3120 1101 3204 1156 isti
3237 1111 3317 1155 est
3348 1101 3447 1154 1E-

1871 1190 2088 1259 gyptius
2132 1199 2322 1259 pater;
2375 1197 2430 1243 et
2462 1189 2582 1243 ideo
2611 1178 2897 1244 adversum
2934 1189 3354 1246 ecclesiasticum
3391 1203 3446 1246 et

1867 1279 2194 1335 catholicum
2239 1280 2440 1349 litigat,
2493 1279 2544 1334 id
2590 1291 2673 1335 est
2698 1288 2886 1334 contra
2930 1296 3051 1336 eum
3085 1283 3174 1352 qui
3205 1300 3268 1336 ex
3303 1294 3446 1337 utra-

1870 1387 1974 1441 que
2011 1383 2164 1441 parte
2198 1371 2442 1425 lsraelita
2479 1382 2585 1436 est,
2637 1373 2726 1442 qui
2766 1382 2823 1427 et
2868 1376 3163 1428 secundum
3215 1375 3444 1429 litteram

1870 1464 2112 1518 lsraelita
2167 1473 2269 1525 est,
2325 1475 2377 1517 et
2406 1467 2697 1519 secundmn
2728 1465 3001 1532 spiritum,
3053 1469 3176 1538 quia
3211 1468 3325 1537 ipse
3359 1484 3445 1522 se-

1870 1557 2106 1610 cundmn
2157 1556 2390 1610 litteram
2448 1559 2662 1626 quidem
2706 1556 2946 1613 lsraelita
2997 1569 3099 1622 est,
3148 1561 3443 1615 secundum

1871 1649 2118 1717 spiritum
2151 1664 2279 1701 vero
2327 1646 2638 1719 Aigyptius.
2701 1650 2840 1716 Quid
2891 1666 3021 1720 ergo
3071 1663 3148 1706 est
3201 1654 3447 1721 utrisque

1874 1741 2246 1813 litigantibus?
2281 1739 2600 1796 Necessario
2641 1742 2729 1797 ille
2755 1744 2842 1812 qui
2889 1744 3164 1798 carnalem
3200 1747 3448 1816 sequitur

1869 1847 2110 1897 sensum,
2149 1845 2404 1904 tanquam
2436 1835 2503 1888 de
2530 1832 2784 1905 [Egyptio
2815 1849 2985 1905 genus
3011 1837 3216 1892 ducens
3249 1854 3444 1892 nomen

1871 1920 2134 1993 nominat,
2183 1939 2239 1982 et
2275 1929 2570 1983 maledicit.
2609 1929 2866 1984 Nominat
2917 1933 3058 1986 enim
3094 1949 3289 1987 nomen
3327 1934 3443 1999 Dei,

1869 2029 1923 2073 et
1949 2036 2071 2074 cum
2111 2021 2393 2075 maledicto
2425 2022 2671 2076 nominat
2708 2041 2720 2077 :
2760 2032 2918 2092 negat
2949 2027 3093 2078 enim
3125 2041 3246 2078 eum
3280 2023 3442 2080 Crea—

1870 2121 2044 2167 torem
2081 2129 2204 2168 esse
2233 2114 2444 2180 mundi,
2481 2127 2640 2183 negat
2672 2131 2795 2170 esse
2825 2115 3041 2170 Patren:
3072 2116 3292 2172 Christi.
3339 2118 3446 2173 Nos

1870 2224 1998 2264 vero
2033 2209 2120 2276 qui
2151 2223 2217 2262 ex
2248 2217 2474 2278 utroque
2508 2224 2704 2280 genere
2733 2211 2986 2266 lsraelita:
3026 2228 3236 2278 smnus,
3279 2226 3332 2269 et
3363 2217 3448 2270 lit-

1872 2309 2044 2354 teram
2073 2311 2128 2354 et
2157 2300 2407 2368 spiritum
2441 2299 2492 2353 in
2519 2299 2814 2369 Scripturis
2848 2305 3049 2359 sanctis
3081 2305 3443 2372 defendimus,

1868 2403 1922 2447 et
1959 2393 2235 2463 litigamus
2271 2395 2556 2449 adversum
2593 2409 2712 2459 eos,
2747 2396 2836 2464 qui
2871 2410 2935 2450 ex
2973 2399 3145 2451 media
3179 2410 3330 2468 parte
3366 2400 3444 2456 ls—

1875 2486 2081 2541 raelita:
2110 2489 2385 2552 videntur,
2419 2498 2471 2543 et
2504 2489 2734 2544 dicimus
2773 2490 2897 2558 quia
2936 2505 3109 2559 neque
3147 2493 3445 2547 secundum

1872 2578 2102 2632 litteram
2133 2577 2381 2633 maledici
2418 2589 2655 2646 oportet,
2689 2595 2865 2650 neque
2895 2584 3193 2637 secundum
3226 2585 3449 2655 spirita-

1870 2671 1973 2726 lem
2025 2673 2435 2742 intelligentiam
2499 2673 2888 2743 blasphemari.
2961 2676 3254 2733 Maledicus
3302 2681 3445 2734 enim

1871 2779 1976 2818 non
2015 2765 2185 2818 solum
2239 2764 2290 2818 in
2324 2765 2512 2828 Deum,
2548 2767 2640 2820 sed
2673 2767 2835 2820 etiam
2887 2767 2938 2821 in
2969 2769 3273 2836 proximum
3311 2788 3446 2842 apo-

1870 2857 1990 2912 stoli
2022 2856 2170 2910 Pauli
2221 2859 2494 2912 sententia
2546 2873 2576 2912 a
2608 2875 2772 2929 regno
2816 2859 2909 2914 Dei
2942 2860 3268 2916 excluditur.
3321 2864 3452 2918 Vide

1871 2950 2017 3004 enim
2054 2950 2327 3018 quomodo
2361 2951 2492 3005 dicit
2545 2951 2833 3021 Apostolus
2860 2951 2902 2983 ’9
2932 2969 2945 3006 :
2983 2971 3000 3003 ‹
3028 2951 3201 3008 Nolite
3242 2970 3446 3020 errare,

1871 3058 2042 3112 neque
2075 3042 2377 3112 fornicarii,
2411 3059 2584 3114 neque
2615 3045 2866 3111 adulteri,
2902 3062 3074 3114 neque
3104 3047 3311 3113 molles,
3353 3065 3449 3104 ne-

1871 3149 1977 3204 que
2009 3135 2373 3190 masculorum
2406 3138 2801 3202 concubitores,
2857 3153 3034 3208 neque
3070 3138 3236 3206 fures,
3273 3155 3449 3210 neque

1873 3229 2020 3281 avari
2069 3227 2204 3300 (21),
2257 3245 2431 3298 neque
2482 3231 2731 3286 tnaledici
2786 3248 3011 3298 regnum
3067 3233 3159 3288 Dei
3207 3236 3449 3303 posside-

1873 3319 2026 3372 bunt.
2051 3339 2070 3370 ι
2118 3320 2309 3375 Videte
2343 3319 2485 3374 inter
2521 3337 2640 3389 quae
2674 3322 2925 3387 crimina,
2979 3324 3121 3379 inter
3153 3325 3446 3392 adulteros,

1875 3411 2014 3465 inter
2045 3411 2404 3466 masculorum
2446 3412 2846 3480 concubitores,
2878 3414 3021 3468 inter
3050 3431 3269 3482 avaros,
3312 3433 3448 3486 quos

1873 3503 2002 3557 alibi
2035 3504 2166 3558 dicit
2197 3502 2354 3558 idolis
2386 3504 2706 3567 servientes,
2734 3505 2898 3558 etiam
2930 3506 3218 3561 maledicos
3247 3509 3448 3576 posuit,

1872 3605 1928 3650 et
1957 3611 1988 3650 a
2025 3611 2190 3662 regno
2224 3595 2314 3650 Dei
2369 3597 2576 3663 pariter
2611 3611 2733 3648 cum
2769 3597 2875 3650 illis
2921 3599 3174 3653 exclusit.
3218 3601 3448 3655 Videant

1872 3703 2003 3758 ergo
2037 3689 2078 3741 si
2113 3688 2203 3757 qui
2236 3703 2298 3742 os
2342 3702 2498 3741 suum
2533 3689 2850 3759 quotidiana
2886 3706 3020 3759 pene
3059 3694 3451 3750 consuetudine

1876 3783 1976 3836 hoc
2006 3781 2137 3835 vitio
2189 3781 2521 3850 insuescunt,
2560 3784 2686 3851 quid
2739 3783 2818 3837 eis
2867 3783 3089 3852 periculi
3141 3785 3445 3842 immineat.

1873 3874 2132 3927 Putantes
2161 3874 2304 3927 enim
2336 3873 2453 3928 leve
2475 3882 2529 3929 et
2557 3875 2713 3930 facile
2743 3876 2844 3929 hoc
2868 3891 2991 3931 esse
3023 3888 3301 3946 peccaturo
3339 3894 3450 3934 non

1878 3964 2035 4019 facile
2064 3976 2283 4029 cavent,
2314 3965 2406 4020 sed
2432 3966 2782 4020 considerent
2829 3967 3147 4036 Apostolum
3177 3971 3449 4036 quomodo

1877 4057 2197 4111 maledicunt
2227 4073 2256 4110 a
2296 4071 2464 4126 regno
2499 4055 2590 4110 Dei
2634 4057 2892 4126 excludit,
2925 4070 2978 4113 et
3005 4059 3146 4114 Deus
3176 4075 3270 4129 per
3302 4059 3451 4131 Moy-

1874 4169 1968 4210 sen
1997 4154 2264 4223 quomodo
2296 4154 2617 4209 maledicum
2655 4154 2830 4222 puniri
2856 4153 3031 4221 jubet.
3094 4155 3244 4211 Unde
3274 4164 3327 4212 et
3348 4172 3450 4228 ego

1875 4246 2032 4301 valde
2054 4245 2354 4300 admiratus
2387 4260 2529 4311 sum,
2566 4247 2708 4314 quod
2741 4247 2792 4300 iu
2823 4245 2924 4302 hoc
2951 4246 3067 4301 loco
3093 4262 3249 4316 quem
3281 4248 3448 4303 hahe-

1876 4352 1996 4392 mus
2037 4337 2091 4392 in
2139 4327 2412 4401 manibus,
2450 4337 2730 4406 Scriptura
2769 4353 2874 4392 non
2903 4349 3089 4408 aperte
3127 4340 3449 4410 designavit,

1876 4431 2000 4499 quia
2030 4429 2131 4484 iste
2173 4430 2266 4500 qui
2307 4445 2372 4485 ex
2406 4428 2661 4500 Egyptio
2690 4445 2858 4499 genus
2908 4431 3079 4493 ducit,
3110 4433 3451 4486 maledixerit

1872 4523 2060 4588 Deum,
2083 4523 2176 4576 sed
2211 4530 2413 4576 tantum
2440 4523 2616 4590 posuit
2641 4522 2764 4589 quia
2785 4522 3449 4590 nominansmaledixerit,

1875 4629 1926 4673 et
1960 4617 2176 4686 reliquit
2210 4616 2263 4669 in
2292 4615 2470 4669 medio
2503 4615 2584 4668 vel
2615 4615 2683 4668 de
2721 4615 2850 4680 Deo,
2894 4614 2976 4669 vel
3005 4614 3072 4669 de
3106 4617 3320 4671 homine
3354 4633 3447 4670 su-

1875 4711 2221 4781 spicandum.
2294 4708 2446 4764 Unde
2497 4708 2626 4761 tnilti
2680 4710 2893 4764 videtur
2961 4709 3164 4763 idcirco
3214 4710 3452 4764 noluisse

1878 4811 2066 4872 aperte
2091 4801 2156 4856 de
2205 4800 2316 4855 Deo
2343 4799 2718 4868 pronuntiare,
2771 4815 2838 4854 ne
2867 4800 2932 4854 de
2965 4801 3276 4856 hominibus
3306 4802 3453 4855 vide-

1884 4902 2032 4947 retur
2061 4893 2274 4947 dedisse
2308 4891 2611 4956 licentiam,
2665 4901 2720 4946 et
2752 4891 2871 4946 ideo
2906 4891 2987 4944 vel
3035 4895 3099 4946 de
3130 4893 3240 4946 Deo
3273 4892 3353 4944 vel
3385 4894 3452 4945 de

1883 4985 2101 5039 homine
2128 4985 2366 5044 siluisse,
2403 4992 2462 5035 ut
2496 4983 2562 5038 de
2587 4992 2821 5054 utroque
2847 4993 3148 5038 caveretur.

1953 5077 2005 5130 5.
2048 5076 2242 5131 Verum
2271 5074 2526 5144 quoniam
2553 5076 2876 5128 sententiam
2906 5075 3144 5142 Apostoli
3179 5074 3451 5144 proposui-

1885 5183 2029 5231 mus,
2065 5169 2156 5237 qui
2188 5168 2321 5222 dicit
2350 5167 2637 5221 maledicos
2671 5181 2699 5220 a
2733 5182 2898 5235 regno
2941 5167 3032 5220 Dei
3068 5166 3450 5231 excludendos,

1884 5263 2090 5333 aliquid
2124 5264 2370 5332 exposcit
2417 5263 2516 5316 iste
2572 5277 2751 5315 sermo
2787 5260 2963 5314 solatii
3001 5276 3068 5314 ne
3111 5261 3330 5314 omnino
3361 5261 3448 5311 dc.-

1883 5357 2244 5426 sperationetu
2295 5356 2570 5408 videamur
2600 5353 2839 5408 indicere
2887 5354 2974 5416 iis,
3011 5353 3101 5422 qui
3137 5351 3448 5421 quotidiana

1871 5467 2009 5520 pene
2035 5448 2388 5504 maledicendi
2413 5447 2804 5505 consuetudine
2827 5449 3130 5515 rapiuntur,
3157 5455 3211 5499 et
3236 5444 3318 5497 ori
3354 5458 3448 5498 suo

1789 5615 1832 5648 ³⁸
1857 5615 1872 5668 l
1896 5615 2021 5670 Cor.
2051 5630 2123 5680 vt,
2153 5613 2207 5681 9,
2240 5613 2326 5672 10.

236 5764 356 5839 βυ
387 5763 455 5818 ln
497 5762 684 5817 Codice
713 5762 992 5834 Sangerm.
1019 5762 1190 5826 deest,
1229 5781 1244 5811 ι
1274 5776 1448 5832 neque
1477 5759 1642 5826 fures,
1677 5774 1849 5830 neque
1877 5760 2045 5812 avari.
2072 5776 2089 5810 ι

524 5856 790 5917 ΡΑτιιοι.
836 5857 954 5918 (in.
1003 5856 1146 5916 ΧΗ.
