3914 6538
437 286 546 341 555

1901 274 2222 332 ORIGENIS

3486 300 3497 311 ‘
3586 285 3675 342 55'»

436 402 695 459 adhibere
746 400 1047 457 custodiam
1082 398 1162 453 vel
1191 397 1389 452 ostium
1439 398 1737 469 negligant.
1777 394 2016 450 Promis-
2048 398 2091 454 A
2122 392 2310 448 xissct.
2354 392 2499 447 Exiit
2524 393 2669 448 enim
2697 408 2724 447 a
2759 394 3016 462 veritate,
3054 395 3189 451 exiit
3226 412 3256 451 a
3293 397 3491 453 timore
3520 398 3628 466 Dei,
3652 416 3677 454 ι

436 494 609 550 sionis
654 493 845 548 futurae
881 506 983 545 non
1021 504 1164 544 unus
1194 498 1277 543 est
1328 488 1542 552 modus,
1578 501 1753 556 neque
1784 485 2015 555 simplex

436 584 646 656 species
679 601 697 650 ;
728 582 820 637 sed
855 581 996 635 sicut
1030 578 1213 634 docuit
1262 578 1372 649 ipse
1398 578 1661 634 Dominus
1686 578 1738 633 in
1769 577 2015 647 Evange-

435 678 509 734 lio
533 677 599 743 ⁸⁸,
647 691 770 729 eum
822 676 1008 729 beatos
1056 672 1188 728 dicit
1221 687 1487 743 pauperes
1515 672 1733 741 Spiritu,
1779 680 1832 726 et
1871 671 2017 742 ipso-

433 784 555 823 rum
589 766 722 821 dicit
757 780 878 821 esse
932 779 1155 835 regnum
1205 764 1491 818 coslorum.
1549 762 1614 817 Et
1662 763 1789 817 item
1826 764 2015 819 beatos

432 858 565 914 dicit
619 860 801 925 mites,
862 873 960 913 nec
1014 866 1195 913 tamen
1249 859 1329 913 cis
1383 856 1642 912 etelorttm
1686 872 1873 928 regna,
1918 858 2013 912 sed

434 960 593 1006 terrae
628 952 999 1006 ltmreditatem
1049 950 1339 1021 promittit.
1399 950 1537 1003 Dicit
1570 951 1757 1005 beatos
1787 962 1841 1006 et
1871 952 2017 1021 paci-

434 1043 586 1107 ﬁcos,
616 1043 710 1097 sed
743 1056 810 1097 ne
844 1041 975 1111 ipsis
1001 1040 1220 1111 quidem
1269 1041 1532 1094 caalorum
1587 1056 1811 1110 regnum
1846 1042 2013 1106 dedit,

431 1134 573 1189 Iilios
601 1143 781 1189 tamen
812 1149 904 1189 eos
937 1133 1030 1188 Dei
1059 1147 1180 1188 esse
1216 1132 1550 1203 pronuntiat.
1589 1131 1654 1185 Et
1686 1149 1804 1185 cum
1837 1134 2017 1188 diver-

428 1228 505 1281 sis
536 1226 751 1281 diversa
786 1227 1153 1296 repromittat,
1211 1241 1398 1281 omnes
1447 1230 1635 1280 beatos
1665 1226 1793 1281 dicit
1826 1226 1914 1296 qui
1947 1227 2012 1282 ad

431 1318 698 1387 promissa
748 1320 1123 1389 pervenerint,
1180 1334 1285 1372 non
1343 1326 1521 1372 tamen
1558 1318 1810 1372 omnibus
1845 1318 2010 1372 cmlo-

432 1425 551 1464 rum
585 1424 751 1478 regna
798 1408 1053 1478 promisit
1084 1408 1218 1480 (22).
1264 1407 1453 1463 Potest
1488 1422 1621 1479 ergo
1656 1409 1796 1475 ﬁeri,
1828 1418 1883 1463 ut
1909 1410 2010 1463 ali-

427 1500 551 1567 quis
582 1500 635 1554 in
663 1500 882 1555 cmteris
914 1499 1051 1555 forte
1077 1500 1335 1571 operibus
1365 1508 1419 1554 et
1452 1501 1665 1555 actibus
1691 1501 2012 1557 emendatus

426 1594 497 1648 sit
532 1604 587 1649 et
609 1593 904 1664 perfectus,
932 1594 1269 1664 subripiatur
1295 1596 1342 1649 ei
1376 1604 1553 1649 tamen
1577 1595 1871 1665 aliquando
1899 1597 2011 1653 oris

425 1687 580 1753 vitio,
636 1686 899 1757 lapsuque
932 1686 1200 1742 sermonis
1239 1704 1251 1741 :
1292 1687 1419 1742 huic
1462 1688 1677 1742 etiamsi
1707 1691 2004 1744 secundum

2121 485 2248 552 ﬁde,
2286 502 2313 539 a
2352 486 2646 554 cltaritate,
2687 487 2831 542 sicut
2856 488 3105 559 superius
3135 490 3391 554 diximus,
3430 496 3681 560 quomodo

2117 594 2217 648 per
2246 580 2364 633 haec
2396 579 2519 647 quis
2540 588 2697 633 exeat
2730 581 2795 633 de
2818 580 3012 634 castris
3047 578 3325 647 Ecclesize,
3354 583 3567 637 etiamsi
3604 599 3685 654 per

2116 671 2355 742 episcopi
2394 686 2583 726 vocem
2615 670 2838 726 minime
2863 670 3171 741 abiiciatur.
3212 672 3683 732 Sieuteeontrario

2118 764 2385 821 interdum
2417 764 2497 831 lit,
2525 772 2584 817 ut
2615 762 2810 832 aliquis
2842 777 2946 817 non
2984 777 3130 820 recto
3154 766 3361 835 judicio
3384 782 3572 821 eorum
3607 768 3683 836 qui

2115 840 2359 927 praesunt
2412 855 2670 911 Ecclesim
2724 855 3053 924 depellatur,
3101 868 3157 912 et
3210 858 3357 915 foras
3422 862 3679 916 mittatur.

2119 952 2224 1006 Sed
2275 952 2390 1021 ipse
2437 963 2542 1003 non
2585 957 2711 1002 ante
2762 949 2914 1013 exiit,
2956 949 3064 1005 hoc
3097 960 3202 1016 est,
3260 952 3303 1006 si
3337 967 3445 1006 non
3476 952 3552 1007 ita
3593 952 3687 1024 egit

2118 1054 2175 1097 ttt
2212 1051 2511 1097 mereretur
2540 1040 2713 1103 exire,
2764 1040 2899 1094 nihil
2949 1039 3164 1095 laeditur
3210 1042 3263 1096 itt
3298 1057 3382 1105 eo,
3416 1044 3562 1111 quod
3594 1059 3685 1097 non

2120 1142 2267 1187 recto
2292 1131 2500 1199 judicio
2535 1129 2602 1184 ab
2623 1128 2944 1187 hominibus
2978 1132 3193 1186 videtur
3220 1134 3496 1202 expulsus.
3533 1134 3599 1187 Et
3625 1136 3685 1187 ita

2120 1224 2178 1276 ﬁt
2226 1231 2281 1275 ut
2313 1220 2583 1275 interdum
2634 1218 2725 1272 ille
2764 1220 2854 1288 qui
2911 1220 3057 1275 foras
3092 1223 3345 1288 mittitur,
3397 1226 3546 1279 intus
3585 1227 3683 1279 sit:

2114 1326 2170 1371 et
2199 1315 2288 1370 ille
2313 1313 2557 1383 foris,qui
2587 1316 2732 1369 intus
2756 1313 2982 1368 retineri
3011 1314 3244 1369 videtur.
3280 1315 3373 1370 Vis
3400 1317 3496 1370 tibi
3523 1327 3688 1371 osten-

2115 1409 2237 1463 dam
2282 1418 2336 1462 et
2373 1408 2562 1475 alium,
2604 1408 2696 1478 qtti
2744 1422 2774 1461 a
2812 1405 2959 1461 nullo
2982 1406 3187 1475 ejectus
3230 1408 3435 1463 exiisse
3461 1409 3686 1462 dicitur?

2116 1497 2387 1567 Scriptum
2420 1508 2503 1554 est
2538 1500 2604 1553 de
2632 1498 2766 1553 Cain
2792 1496 2859 1562 “,
2901 1501 3025 1567 quia
3079 1517 3097 1549 t
3124 1498 3257 1553 exiit
3290 1514 3320 1553 a
3353 1499 3497 1553 facie
3528 1499 3679 1554 Dein

2114 1589 2229 1655 Quo
2265 1590 2397 1645 exiit
2441 1605 2470 1643 a
2522 1588 2657 1644 facie
2688 1589 2821 1643 Dei?
2876 1587 2976 1644 Ubi
3028 1591 3176 1644 enim
3214 1606 3320 1645 non
3373 1601 3496 1645 erat
3526 1592 3684 1647 facies

2114 1682 2253 1736 Dei?
2286 1682 2393 1737 Sed
2422 1680 2621 1736 exiisse
2653 1680 2873 1746 dicitur,
2920 1695 3018 1751 pro
3053 1696 3117 1735 eo
3145 1683 3288 1751 quod
3325 1682 3501 1751 legem
3538 1693 3687 1736 natu-

424 1777 667 1846 Apostoli
717 1776 1045 1831 sententiam
1084 1785 1352 1845 negantur
1380 1790 1544 1846 regna
1582 1776 1865 1842 coelornm,
1900 1794 2003 1831 non
2039 1764 2081 1823 Β
2114 1790 2186 1829 rte
2234 1788 2483 1845 egressus
2532 1782 2638 1839 est,
2688 1782 2739 1827 et
2782 1774 3029 1844 ignaram
3062 1774 3201 1828 tanti
3237 1774 3462 1830 sceleris
3490 1786 3682 1830 terrain

427 1880 605 1924 tamen
633 1869 861 1924 alterius
908 1868 1262 1924 beatitudinis
1299 1868 1638 1924 abscinditur
1690 1868 1858 1925 locus.
1904 1870 2006 1925 Ve-

423 1971 728 2017 rumtamen
780 1976 846 2017 eo
890 1962 1066 2032 magis
1115 1962 1158 2015 si
1210 1961 1333 2030 quis
1384 1962 1435 2014 in
1473 1962 1686 2016 caeteris
1734 1962 2005 2031 perfectus

421 2064 530 2121 est,
559 2055 845 2110 elaborare
879 2056 1041 2110 etiam
1078 2054 1129 2109 in
1161 2054 1265 2109 hoc
1315 2053 1495 2121 debet,
1528 2070 1595 2109 ne
1628 2055 1676 2110 ei
1706 2056 2004 2124 subrepens

421 2161 601 2212 pravae
631 2146 1042 2200 consuetudinis
1092 2145 1285 2199 vitium
1325 2146 1589 2200 caelorum
1638 2161 1829 2215 regna,
1862 2148 2003 2217 quod

419 2246 502 2289 est
551 2235 791 2289 omnium
825 2233 1222 2290 beatitudinum
1272 2236 1513 2299 culmen,
1558 2235 1776 2305 eripiat,
1813 2253 2003 2307 quam:

418 2326 500 2382 vis
536 2327 793 2384 Dominus
823 2328 1022 2383 dixerit
1044 2328 1089 2359 “
1130 2349 1142 2384 :
1184 2347 1202 2380 t
1232 2329 1288 2383 In
1319 2328 1479 2384 domo
1507 2327 1686 2384 Patris
1710 2330 1815 2385 mei
1849 2346 2002 2385 man-

416 2421 599 2475 siones
628 2421 810 2475 multa:
836 2431 983 2475 sunt.
1016 2439 1035 2473 ι
1076 2412 1370 2476 Possumus
1401 2420 1577 2475 adhuc
1612 2421 1810 2476 addere
1834 2423 1997 2477 etiam

420 2512 575 2580 illud,
626 2512 770 2580 quod
803 2523 993 2566 natura
1020 2498 1234 2582 peccati
1264 2511 1456 2567 similis
1485 2523 1568 2569 est
1608 2514 1848 2568 materiae
1879 2530 1999 2585 qua:

419 2605 528 2675 igni
557 2604 919 2670 consumitur,
951 2619 1112 2672 quam
1140 2604 1399 2658 aediﬁcari
1440 2603 1633 2661 Paulus
1661 2608 1934 2676 apostolus
1966 2624 1996 2663 τι

415 2698 796 2765 peccatoribus
828 2697 979 2763 dicit,
1034 2698 1122 2767 qui
1152 2712 1311 2766 supra
1359 2696 1766 2755 fundamentum
1796 2692 1995 2756 Christi

415 2788 692 2843 rdiﬁcant
724 2788 890 2856 ligna,
928 2788 1135 2855 fenum,
1189 2788 1441 2857 stipulam
1468 2790 1535 2844 “.
1592 2789 1647 2844 In
1683 2807 1793 2862 quo
1825 2794 1996 2847 maui-

418 2882 558 2938 t‘este
597 2883 898 2938 ostenditur
948 2896 1070 2937 esse
1117 2884 1361 2951 quzedam
1392 2892 1613 2952 peccata
1643 2885 1714 2938 ita
1747 2884 1907 2953 levia,
1938 2895 1996 2941 ut

414 2973 627 3045 stipula:
650 2983 1049 3043 comparentur,
1086 2975 1171 3028 cui
1204 2974 1389 3043 utique
1416 2976 1555 3045 ignis
1576 2975 1756 3032 illatus
1777 2978 1862 3032 diu
1888 2993 1992 3033 non

414 3076 591 3137 potest
621 3068 922 3122 immorari.
965 3066 1078 3121 Alia
1108 3080 1239 3121 vero
1283 3066 1409 3122 feno
1444 3084 1567 3123 esse
1600 3069 1993 3141 similia,quae
2019 3108 2061 3167 ο

412 3162 528 3229 ipsa
558 3175 665 3215 non
695 3158 985 3214 dilliculter
1014 3158 1155 3230 ignis
1190 3160 1466 3226 absumat,
1498 3175 1684 3215 verum
1714 3162 1991 3233 aliquanto

416 3254 625 3310 tardius
652 3269 814 3324 quam
844 3254 897 3309 in
922 3253 1133 3323 stipulis
1163 3254 1523 3321 immoretur.,
1541 3256 1661 3311 Alia
1689 3272 1821 3313 vero
1843 3273 1989 3326 esse,

410 3361 531 3416 qua:
564 3345 724 3416 lignis
754 3344 1124 3414 conterantur,
1158 3347 1208 3400 in
1240 3349 1435 3418 quibus
1458 3363 1557 3417 pro
1584 3349 1849 3420 qualitate
1879 3352 1989 3407 cri-

412 3436 616 3489 minum
645 3436 913 3490 diutinum
945 3445 997 3491 et
1030 3439 1236 3508 grande
1261 3439 1518 3508 pabulum
1552 3441 1690 3511 ignis
1724 3442 1987 3498 inveniat.

408 3528 485 3582 Ita
553 3522 684 3597 ergo
729 3529 1151 3598 unumquodque
1216 3540 1499 3598 peccatum
1553 3547 1652 3601 pro
1700 3533 1985 3603 qualitate,

406 3622 571 3694 260
602 3622 685 3678 vel
719 3623 1028 3693 quantitate
1074 3626 1179 3692 sui,
1212 3640 1495 3696 ptenarum
1522 3627 1671 3696 justa
1704 3628 1986 3697 persolvit.

414 3714 790 3772 Verumtamen
820 3718 950 3787 quid
985 3733 1121 3788 opus
1151 3729 1235 3773 est
1268 3720 1535 3786 tidelibus,
1571 3730 1626 3776 et
1662 3721 1746 3777 his
1773 3723 1863 3791 qui
1890 3738 1986 3778 co-

409 3817 710 3876 gnoverunt
757 3807 948 3873 Deunt,
1003 3810 1069 3863 de
1103 3824 1388 3878 pcenarum
1439 3812 1791 3881 qualitatibus
1840 3815 1987 3882 cogi-

410 3900 569 3954 tare?
628 3900 770 3967 Quid
808 3917 944 3971 opus
973 3911 1055 3958 est
1105 3903 1275 3974 ligna,
1303 3905 1432 3973 quid
1482 3905 1690 3971 fenum,
1739 3908 1867 3975 quid
1902 3909 1985 3963 vel

410 3995 582 4061 ipsam
635 3993 887 4062 stipulam
940 3994 1298 4051 fundamento
1328 3997 1531 4053 Christi
1583 4002 1984 4069 superponere?

406 4086 517 4140 Cur
546 4101 653 4141 non
682 4085 855 4153 magis
885 4100 1103 4150 aurum,
1134 4088 1217 4142 vel
1247 4098 1554 4159 argentum,
1599 4089 1685 4143 vel
1715 4092 1982 4161 pretiosos

406 4177 637 4248 lapides,
682 4178 922 4247 pretioso
968 4179 1384 4247 snperponimus
1453 4179 1823 4245 fundamento,
1886 4182 1976 4236 ubi

407 4285 529 4324 cum
564 4269 707 4340 ignis
735 4270 1052 4334 accesserit,
1083 4269 1215 4322 nihil
1248 4270 1488 4325 inveniat
1518 4272 1660 4339 quod
1692 4272 1981 4326 absumat?

405 4365 537 4418 Nam
571 4364 615 4418 si
648 4364 941 4419 accesserit
991 4364 1057 4416 ad
1108 4363 1382 4432 stipulam,
1432 4379 1499 4417 ex
1524 4364 1718 4432 stipula
1767 4365 1979 4422 favillas

2111 1867 2354 1923 fraterno
2406 1870 2673 1940 sanguine
2728 1870 2939 1939 primus
2972 1867 3183 1924 infecit.
3247 1868 3387 1922 Sunt
3427 1878 3687 1924 tamenet

2109 1960 2199 2028 qui
2230 1959 2369 2013 bene
2393 1970 2614 2027 exeunt,
2648 1969 2702 2015 et
2746 1961 2890 2015 beati
2924 1969 3053 2015 sunt
3087 1960 3179 2031 qui
3228 1972 3455 2015 exeunt.
3497 1961 3686 2016 Osten-

2107 2050 2231 2102 dam
2284 2049 2446 2103 etiam
2486 2049 2587 2103 hoc
2639 2051 2704 2104 de
2739 2048 3054 2120 Scripturis.
3097 2050 3151 2104 In
3185 2050 3372 2104 Exodo
3426 2053 3684 2121 scriptum

2106 2148 2188 2192 est
2211 2136 2257 2169 "
2296 2154 2310 2190 :
2350 2156 2369 2189 ι
2394 2137 2613 2202 Omnes,
2642 2138 2839 2206 inquit,
2881 2141 2970 2208 qui
3005 2142 3323 2211 quaerebant
3354 2157 3556 2196 nomen
3587 2143 3682 2197 Do-

2107 2230 2259 2295 mini,
2296 2230 2547 2284 exierunt
2576 2229 2720 2285 foras
2771 2231 2836 2287 ad
2867 2232 3084 2303 Moysen
3111 2241 3261 2287 extra
3294 2243 3500 2289 castra.
3534 2242 3563 2285 ι·
3596 2233 3681 2289 Isti

2104 2321 2244 2376 bene
2272 2322 2523 2376 exierunt
2562 2332 2715 2375 extra
2748 2331 2953 2387 castra,
2991 2324 3081 2392 qtti
3133 2325 3513 2394 sequebantur
3541 2325 3683 2397 Moy-

2105 2430 2223 2480 sen,
2257 2414 2309 2470 id
2338 2428 2442 2480 eSl,
2474 2415 2644 2485 legem
2668 2417 2784 2472 Dei.
2829 2408 2901 2470 Et'
2925 2417 2991 2471 de
3017 2416 3140 2472 aliis
3167 2418 3369 2473 dicitur
3392 2419 3440 2450 “
3466 2437 3480 2472 :
3520 2438 3539 2471 ι
3563 2419 3680 2473 Exi-

2107 2519 2182 2574 te,
2215 2510 2447 2579 populus
2478 2525 2651 2574 meus,
2681 2510 2749 2563 de
2779 2512 2954 2565 medio
2994 2526 3205 2576 eorum,
3254 2521 3309 2565 et
3340 2512 3677 2567 immundum

2102 2602 2269 2655 nolite
2301 2602 2638 2671 contingere.
2668 2621 2687 2654 ι
2719 2601 2865 2657 Exiit
2891 2617 3044 2673 ergo,
3086 2604 3277 2672 inquit,
3316 2604 3461 2660 [ilius
3494 2606 3676 2659 mulie-

2102 2701 2176 2754 ris
2210 2698 2550 2763 Israclititlis,
2582 2708 2634 2753 et
2667 2700 2752 2752 hic
2781 2707 2901 2753 erat
2950 2700 3093 2754 tilius
3126 2698 3390 2771 Egyptii,
3438 2701 3585 2756 inter
3617 2703 3673 2755 ti-

2098 2794 2202 2848 lios
2231 2792 2419 2857 Israel,
2452 2801 2507 2847 et
2558 2791 2910 2862 litigaverunt
2944 2792 2996 2845 itt
3048 2793 3261 2859 castris,
3316 2793 3408 2847 ille
3440 2794 3536 2863 qni
3563 2804 3673 2848 erat

2099 2884 2212 2957 (25)
2248 2900 2312 2939 ex
2345 2884 2645 2939 lsraelitide
2696 2883 2922 2937 muliere
2956 2893 3010 2937 et
3047 2883 3207 2938 homo
3239 2884 3511 2939 Israelita.
3553 2885 3672 2940 Vide

2095 2988 2295 3049 quanta
2351 2976 2561 3032 cautela
2592 2977 2891 3046 Scriptura:
2943 2977 3161 3043 divinae,
3211 2978 3254 3033 si
3283 2988 3467 3033 tamen
3500 2981 3669 3034 inten-

2097 3074 2214 3136 das,
2243 3071 2289 3127 si
2312 3071 2599 3139 diligenter
2626 3069 2885 3138 inspicias
2913 3087 2928 3123 :
2962 3071 3108 3124 illum
3146 3072 3238 3141 qui
3275 3073 3339 3126 de
3369 3072 3667 3128 lsraelitide

2096 3175 2271 3221 matre
2323 3172 2377 3220 et.
2421 3165 2488 3219 de
2549 3163 2805 3236 Egyptio
2849 3172 3003 3234 patre
3053 3173 3212 3219 natus
3242 3175 3349 3228 est,
3396 3182 3505 3221 non
3542 3168 3667 3220 dixit

2096 3258 2375 3313 hominem
2411 3273 2426 3323 ;
2462 3255 2611 3310 illum
2646 3270 2777 3310 vero
2810 3256 2901 3324 qui
2930 3270 2994 3309 ex
3028 3264 3255 3325 utroque
3278 3271 3480 3327 genere
3503 3255 3669 3311 Israe-

2092 3349 2189 3404 lita
2219 3359 2338 3403 erat
2372 3347 2653 3408 hominem
2686 3347 3005 3401 nominavit.
3050 3345 3306 3401 Putamus
3334 3349 3454 3403 haec
3486 3349 3667 3404 fortui-

2092 3451 2145 3497 tu
2183 3441 2422 3510 scripta?
2462 3439 2720 3494 Putamns
2750 3454 2878 3493 casu
2914 3438 3211 3509 adjectum,
3243 3448 3303 3493 ttt
3333 3440 3424 3494 ille
3454 3458 3560 3494 non
3588 3442 3670 3494 di-

2090 3543 2307 3590 ceretur
2337 3533 2523 3597 homo,
2572 3538 2626 3587 et
2657 3531 2746 3586 hic
2779 3530 3090 3585 diceretur?
3127 3529 3243 3585 Non
3272 3542 3399 3585 sunt
3427 3533 3530 3586 ista
3558 3532 3639 3585 l'or

2091 3626 2246 3691 tuita,
2307 3625 2445 3679 ratio
2498 3634 2604 3680 est.
2646 3622 2789 3678 Nihil
2816 3623 2961 3676 enim
3013 3623 3065 3676 in
3107 3624 3289 3678 verbis
3318 3624 3416 3678 Dei
3467 3626 3664 3694 absque

2089 3718 2357 3790 profunda
2387 3718 2598 3772 ratione
2626 3715 2993 3785 conscriptum
3038 3725 3142 3769 est.
3186 3716 3278 3770 Ille
3308 3732 3545 3786 namque
3575 3719 3658 3787 qui

2088 3828 2154 3867 ex
2192 3819 2346 3883 parte
2383 3809 2694 3881 Egyptius,
2747 3823 2811 3863 ex
2857 3817 3012 3879 parte
3060 3807 3307 3863 Israelita
3338 3819 3485 3875 erat,
3532 3825 3661 3864 non-

2089 3906 2215 3959 dum
2252 3904 2563 3958 merebatur
2588 3901 2774 3971 Lhomo
2828 3900 3123 3956 nominari.
3165 3897 3271 3953 Iste
3303 3914 3433 3953 vero
3467 3902 3558 3971 qui
3595 3914 3656 3954 ex

2088 3996 2300 4068 integro
2324 3993 2574 4048 Israelita
2601 4002 2741 4055 erat,
2771 3990 2871 4045 hoc
2899 4001 3003 4056 est,
3051 3990 3141 4060 qui
3175 4000 3357 4045 tuente
3386 3991 3551 4045 Deum
3582 3992 3656 4044 vi-

2086 4091 2266 4155 debat,
2323 4089 2427 4145 iste
2476 4090 2639 4143 homo
2688 4085 3013 4155 appellatur,
3062 4086 3149 4139 ille
3195 4088 3358 4140 homo
3410 4086 3652 4149 interior,

2085 4183 2176 4252 qui
2213 4185 2280 4237 ad
2326 4181 2614 4252 imaginem
2666 4179 2763 4235 Dei
2811 4177 2987 4233 factus
3019 4188 3125 4244 est,
3172 4187 3227 4233 et
3255 4188 3437 4247 potest
3477 4180 3652 4234 videre

2220 4290 2277 4327 II.

2220 4290 2277 4327 II.

2086 4275 2218 4421 De:
2247 4365 2374 4420 Post
2408 4367 2523 4420 haec
2548 4363 2659 4433 jam
2692 4379 2809 4434 quae
2836 4363 2891 4417 in
2924 4359 3314 4432 posterioribus
3348 4359 3653 4416 referuntur

405 4454 591 4507 reddet
610 4460 663 4505 et
693 4452 924 4507 cineres.
969 4449 1024 4505 Si
1056 4464 1184 4503 vero
1216 4452 1509 4504 accesserit
1540 4453 1604 4505 ad
1634 4467 1847 4520 aurum,
1878 4467 1974 4506 au-
2006 4471 2053 4525 ι)
2084 4476 2190 4515 non
2224 4460 2428 4529 absque
2461 4459 2695 4528 quadam
2727 4456 3028 4525 quaestione
3077 4463 3223 4518 sunt,
3259 4452 3326 4508 de
3371 4468 3477 4522 qua
3505 4452 3649 4505 multi

403 4560 524 4599 rum
574 4545 761 4614 purius
808 4544 1013 4598 reddet.
1057 4541 1185 4597 lltec
1233 4543 1390 4597 nobis
1436 4545 1577 4597 dicta
1608 4544 1717 4598 sint
1746 4560 1841 4614 pro
1868 4545 1973 4609 his,

402 4637 495 4707 qui
522 4637 797 4706 negligant
815 4637 926 4691 oris
954 4636 1199 4690 maledici
1225 4638 1670 4691 consuetudinem
1693 4651 1974 4693 resecare:

401 4729 491 4797 qui
522 4728 737 4783 etiamsi
769 4744 874 4781 non
926 4743 991 4781 ex
1024 4728 1187 4783 corde
1227 4728 1573 4792 maledicam,
1621 4729 1836 4784 etiamsi
1865 4745 1972 4783 non

403 4828 530 4875 voto
561 4828 616 4875 et
666 4819 849 4872 animo
899 4819 1082 4888 iniquo
1134 4819 1413 4889 proferant
1456 4820 1762 4885 maledicta,
1796 4831 1971 4877 tamen

401 4911 798 4968 immunditiam
832 4910 1094 4967 labiorum
1142 4914 1437 4969 secundum
1466 4913 1616 4968 Isaite
1652 4916 1875 4971 verbum
1901 4915 1969 4983 “,

398 5013 452 5058 et
480 5004 891 5072 inquinamenta
923 5004 1035 5058 oris
1085 5005 1391 5059 incurrunt.
1430 5003 1538 5058 Iste
1574 5014 1751 5060 tamen
1781 5007 1871 5076 qui
1908 5007 1975 5061 li-

398 5108 486 5157 cet
515 5108 688 5154 matre
723 5098 1047 5162 Israelitide,
1094 5098 1350 5170 Egyptio
1388 5109 1566 5155 tamen
1597 5111 1750 5169 patre
1779 5116 1973 5170 proge-

397 5194 545 5247 nitus
578 5199 683 5256 est,
717 5191 851 5244 exiit
896 5198 952 5245 et
983 5191 1268 5245 nominans
1317 5205 1515 5245 nomen
1553 5191 1852 5246 maledixit.
1896 5191 1972 5247 De

398 5296 505 5351 quo
535 5296 634 5353 ego
679 5290 811 5351 puto
857 5280 998 5350 quod
1053 5280 1158 5335 nisi
1187 5280 1430 5342 cxiisset.
1460 5296 1557 5335 nec
1584 5281 1851 5353 litigasset
1874 5283 1973 5335 ad-

396 5388 616 5429 versum
654 5387 842 5428 verum
892 5371 1215 5437 Israelitam,
1274 5386 1373 5427 nec
1409 5372 1693 5429 nominans
1744 5373 1972 5429 maledi-

463 5538 511 5571 “
534 5536 721 5592 Matth.
746 5553 797 5601 v,
821 5536 873 5592 5.
985 5538 1026 5569 “
1052 5537 1210 5593 Joan.
1236 5553 1346 5603 xtv,
1371 5538 1427 5592 2.

392 5606 441 5641 “
460 5606 566 5663 Isa.
593 5623 688 5676 ιιι,
712 5608 797 5661 II.
869 5608 914 5641 "
940 5607 1116 5664 Levit.
1143 5623 1293 5675 xxtv,
1322 5608 1408 5663 15.

466 5723 579 5867 ἓξὲξ

469 5794 559 5869 (25

1541 5538 1586 5571 ⁸³
1613 5537 1780 5595 lCor.
1806 5555 1890 5607 ttt,
1921 5540 2009 5594 12.

603 5725 781 5781 Codex
812 5727 1119 5797 Sangerm.,
1158 5746 1176 5779 ι
1202 5726 1487 5783 concessit.
1525 5745 1545 5779 ι

638 5794 794 5849 Erat.
896 5798 1057 5849 Deest
1089 5799 1142 5849 in
1171 5798 1300 5849 libb.
1328 5794 1488 5849 ante'a
1511 5815 1541 5849 e

690 5808 794 5855 rat.

2083 4562 2410 4625 quaerentes,
2461 4568 2564 4606 non
2615 4550 2782 4605 multa
2816 4549 3089 4618 explicare
3120 4555 3438 4615 potuerunt.
3478 4543 3579 4599 Sed
3608 4544 3651 4597 si

2080 4644 2277 4700 vestris
2312 4658 2398 4698 me
2436 4641 2781 4698 orationibus
2808 4638 3090 4709 juveritis,
3132 4636 3468 4690 tentabimus
3494 4635 3648 4689 etiam

2080 4751 2181 4791 nos
2228 4736 2281 4789 in
2339 4733 2573 4788 medium
2626 4731 2891 4799 proferre,
2946 4745 3066 4799 qua:
3114 4728 3376 4783 Dominus
3424 4727 3645 4782 dederit.

2083 4822 2323 4890 tllomo,
2371 4821 2634 4891 inquit",
2683 4822 2727 4875 si
2759 4820 3101 4874 maledixerit
3126 4819 3319 4882 Deum,
3370 4829 3644 4887 peccatum

2078 4916 2330 4985 accipiet.
2372 4914 2473 4981 Qui
2516 4922 2697 4967 autem
2723 4913 2964 4966 nominat
2986 4926 3181 4965 nomen
3216 4910 3452 4975 Domini,
3485 4921 3650 4965 morte

2077 5006 2361 5059 moriatur.
2391 5022 2411 5057 ι
2477 5002 2615 5070 Quid
2650 5010 2732 5055 est
2768 5001 2904 5055 hoc?
2960 5000 3061 5066 Qui
3108 4999 3453 5055 maledixerit
3487 5002 3647 5056 Deum

2075 5112 2182 5151 non
2214 5096 2380 5150 habet
2408 5110 2622 5165 plenam
2653 5094 2864 5154 mortis,
2900 5091 2991 5145 sed
3023 5092 3111 5159 qui
3157 5092 3519 5145 nominaverit
3554 5106 3650 5143 no-

2076 5203 2198 5244 men
2232 5186 2488 5242 Domini?
2539 5185 2730 5240 Nonne
2758 5184 2925 5239 multo
2954 5184 3174 5251 gravius
3212 5192 3296 5236 est
3326 5182 3645 5237 maledicere

2076 5280 2264 5345 Deum,
2297 5296 2457 5348 quam
2510 5260 2811 5339 nominare,
2846 5275 3096 5344 quamvis
3139 5274 3191 5328 in
3244 5289 3457 5327 vattum-
3478 5272 3646 5327 nomi-

2073 5386 2233 5427 nasse
2263 5370 2517 5427 dicatur?
2560 5370 2628 5424 Et
2676 5369 2945 5439 quomodo
2989 5367 3079 5438 qui
3129 5366 3422 5433 maledicit,
3457 5377 3642 5435 pecca-

2123 5535 2169 5567 "
2192 5534 2297 5589 Isa.
2322 5546 2399 5599 v1,
2423 5529 2475 5584 5.
2590 5530 2637 5562 ⁸⁸
2656 5529 2793 5586 Gen.
2820 5545 2893 5599 tv,
2922 5528 3008 5583 I6.
3095 5526 3141 5558 ⁵³
3166 5526 3337 5583 Exod.
3368 5543 3529 5582 xxxnt
3576 5524 3625 5581 7.

896 5782 1057 5857 ιῖόθέι
1089 5782 1142 5855 in
1170 5798 1300 5873 libb.
1328 5782 1488 5855 aute'a
1511 5797 1693 5868 editis,
1726 5797 1821 5853 sed
1846 5793 2125 5865 suppletur
2151 5803 2182 5846 e
2218 5782 2627 5856 manuscriptts.
