3914 6512
233 352 339 411 557

1366 350 1431 403 IN
1474 347 1845 404 LEVITICUM
1886 347 2171 405 HOMILIA
2209 348 2325 405 XV.

3385 350 3488 408 53$

233 486 346 530 tum
395 473 619 544 suscipit
669 482 909 539 tantum;
948 473 1037 543 qui
1092 465 1268 528 autem
1319 473 1585 539 nominat,
1637 481 1810 526 morte
1839 474 1880 531 Α
1915 471 2024 523 vita
2065 470 2198 525 nihil
2235 470 2516 541 patiuntur
2548 469 2784 535 adversi,
2819 471 2911 527 sed
2944 481 3133 528 cuncta
3184 472 3264 529 eis
3330 489 3488 543 pros~

233 567 532 623 multatur?
586 566 709 621 llmc
742 580 875 637 ergo
918 576 1063 633 sunt,
1110 582 1228 635 quae
1261 566 1312 621 in
1347 566 1449 620 hoc
1481 566 1598 621 loco
1630 566 1807 621 solent

234 659 589 725 quzestionem
653 673 891 724 movere,
955 673 1075 728 qua:
1137 658 1515 728 ignorantibus
1586 674 1805 714 sensum

236 750 674 820 Scripturarum,
732 751 1189 820 inconscquentcr
1248 752 1389 806 dicta
1442 752 1693 806 videnlur
1757 761 1811 805 et

236 840 550 910 incongrue.
592 839 791 895 Putant
823 841 966 895 enim
1001 842 1142 911 quod
1193 841 1281 896 ille
1330 841 1421 910 qui
1473 857 1667 897 nomen
1716 843 1805 896 Dei

240 934 534 997 maledicit,
583 934 765 987 statim
821 934 996 1004 puniri
1032 933 1257 998 debeat;
1294 933 1381 988 ille
1429 950 1557 988 vero
1588 935 1678 1003 qui
1711 950 1806 989 no-

242 1026 551 1092 minaverit,
602 1026 830 1081 sufﬁciat
874 1026 1148 1095 accepisse
1193 1037 1493 1097 peccatum.
1557 1028 1665 1082 Sed
1713 1043 1809 1082 nos

238 1119 684 1187 consequentiam
735 1121 1002 1173 sermonis
1048 1120 1140 1173 tali
1178 1121 1410 1190 quodam
1443 1135 1603 1175 sensu
1641 1129 1809 1175 tente-

234 1226 354 1263 mus
380 1211 613 1279 aperire.
655 1211 828 1281 Majus
863 1227 983 1266 esse
1028 1220 1305 1281 peccatum
1355 1213 1406 1266 in
1442 1229 1549 1282 quo
1582 1213 1807 1268 maledi-

235 1301 377 1355 citur
402 1302 564 1369 Deus,
616 1320 777 1374 quam
827 1305 879 1359 in
917 1321 1022 1373 quo
1058 1306 1392 1371 nominatur,
1426 1307 1673 1362 dubitare
1702 1324 1805 1362 non

238 1407 543 1460 possumus.
605 1396 794 1453 Restat
824 1406 883 1451 ut
932 1398 1281 1452 ostendamus
1331 1399 1498 1452 multo
1535 1413 1655 1455 esse
1684 1416 1810 1469 gra-

237 1484 358 1539 vius
401 1486 648 1554 accipere
701 1498 1002 1557 peccatum,
1056 1498 1106 1543 et
1144 1489 1345 1544 habere
1389 1505 1594 1552 secum,
1646 1506 1809 1560 quam

236 1589 411 1634 morte
457 1580 693 1635 multari.
756 1580 897 1634 Mors
954 1596 1072 1649 qua:
1118 1596 1292 1651 pinnae
1361 1598 1525 1637 causa
1581 1581 1813 1637 infertur

232 1691 334 1745 pro
366 1682 608 1743 peccato,
641 1675 891 1743 purgatio
911 1683 993 1727 est
1016 1675 1226 1743 peccati
1261 1673 1430 1742 ipsius
1460 1690 1557 1744 pro
1594 1688 1704 1744 quo
1725 1675 1812 1742 ju-

234 1770 396 1823 bctur
431 1766 643 1822 inferri.
685 1767 996 1821 Absolvitur
1030 1782 1160 1835 ergo
1218 1776 1497 1835 peccatum
1547 1782 1643 1835 per
1693 1782 1809 1835 pte-

233 1876 360 1913 nam
412 1859 623 1920 mortis,
680 1871 781 1911 nec
831 1864 1080 1925 superest
1132 1855 1358 1925 aliquid,
1410 1857 1552 1926 quod
1582 1872 1678 1925 pro
1703 1856 1807 1911 hoc

231 1953 462 2006 crimine
506 1950 694 2020 judicii
728 1950 842 2003 dies
875 1958 929 2003 et
957 1962 1115 2016 poena
1157 1950 1342 2004 aeterni
1375 1950 1512 2018 ignis
1541 1950 1804 2004 inveniat.

234 2044 336 2099 Ubi
367 2059 493 2099 vero
527 2044 646 2112 quis
676 2043 872 2113 accipit
899 2053 1201 2112 peccatum,
1238 2042 1399 2097 habet
1429 2043 1558 2096 illud
1598 2058 1804 2111 secum,

194 2126 199 2131 ’
231 2154 298 2194 ac
330 2148 612 2208 permanet
664 2154 784 2193 cum
816 2138 953 2208 ipso,
994 2153 1095 2191 nec
1123 2136 1303 2206 aliquo
1355 2138 1619 2207 supplicio
1646 2152 1804 2207 pruna

227 2247 354 2303 quae
382 2232 605 2287 diluitur
634 2231 848 2294 transit,
880 2245 1002 2284 cum
1050 2230 1165 2301 ipso
1192 2243 1277 2284 est
1304 2230 1466 2283 etiam
1514 2238 1634 2300 post
1664 2244 1808 2284 mor-

230 2335 342 2379 tem
375 2344 387 2379 :
419 2334 473 2379 et
501 2324 625 2393 quia
675 2324 989 2392 temporalia
1036 2323 1126 2379 hic
1156 2338 1262 2378 non
1294 2322 1573 2391 persolvit,
1608 2323 1680 2377 ibi
1712 2338 1807 2378 ex-

228 2417 420 2487 pendit
452 2426 651 2472 :eterna
686 2416 968 2487 supplicia.
1009 2415 1170 2472 Vides
1198 2431 1327 2486 ergo
1357 2427 1558 2486 quanto
1587 2416 1807 2486 gravius

224 2511 305 2564 sit
340 2511 587 2580 accipere
631 2522 937 2579 peccatum,
976 2526 1137 2579 quam
1173 2520 1345 2564 morte
1394 2510 1666 2565 mulctari.
1707 2510 1809 2567 Hic

225 2604 377 2657 enim
416 2618 561 2657 mors
586 2618 688 2673 pro
713 2602 945 2655 vindicta
979 2602 1156 2669 datur,
1185 2612 1240 2656 et
1266 2602 1407 2671 apud
1432 2603 1636 2669 justum
1657 2602 1805 2672 judi-

222 2709 352 2748 cem
385 2692 667 2747 Dominum
701 2710 805 2747 non
836 2693 1143 2747 vindicatur
1182 2695 1350 2763 bisiu
1387 2695 1639 2765 idipsum,
1666 2697 1808 2751 sicut

222 2786 494 2855 pmpheta
518 2784 653 2839 dixit
674 2782 743 2836 ⁵³.
788 2783 886 2837 Ubi
912 2795 1089 2839 autem
1116 2800 1221 2840 non
1247 2787 1519 2842 estsoluta
1544 2789 1805 2863 vindicta,

225 2890 512 2947 peccatum
553 2888 738 2933 manet
780 2879 885 2933 illis
926 2880 1144 2936 aeternis
1194 2882 1407 2953 ignibus
1458 2885 1809 2954 exstinguen—

221 2973 383 3026 dum.
435 2972 585 3037 Quod
624 2981 800 3025 autem
825 2972 935 3043 (24)
967 2973 1080 3027 hate
1118 2974 1187 3027 ita
1214 2990 1271 3029 se
1296 2976 1547 3039 habeant,
1585 2992 1806 3046 possum

217 3067 327 3121 tibi
359 3076 523 3122 testes
546 3083 611 3122 ex
633 3068 831 3123 divinis
857 3068 1222 3125 voluminibus
1252 3070 1509 3139 adhibere
1534 3072 1726 3128 Ruben
1754 3082 1807 3130 et

212 3166 424 3223 Judam
446 3168 779 3238 patriarchas
799 3168 1083 3239 loquentes
1104 3169 1171 3223 ad
1207 3178 1413 3239 patrem
1438 3185 1593 3225 suum
1615 3171 1802 3239 Jacoh,
1832 3175 1876 3233 C

213 3281 353 3321 cum
377 3267 577 3321 vellent
596 3282 873 3322 assumere
894 3283 1076 3322 secum
1101 3268 1401 3337 Beniamin,
1428 3278 1482 3323 et
1516 3270 1715 3326 ducere
1737 3272 1803 3327 ad

212 3360 386 3430 261
447 3359 775 3431 Egyptum,
822 3370 1045 3431 propter
1083 3362 1430 3431 sponsionem
1471 3378 1632 3431 quam
1679 3379 1804 3418 eum

217 3449 438 3518 Juscph
465 3450 633 3505 fratre
668 3452 1000 3521 pepigerant.
1034 3451 1107 3506 lbi
1144 3468 1275 3522 ergo
1333 3453 1521 3509 Ruben
1557 3456 1628 3509 ita
1676 3456 1809 3512 dicit

220 3543 296 3593 ad
331 3550 540 3609 patrem
570 3541 615 3573 δ’
656 3564 667 3596 :
699 3560 718 3593 σ
754 3542 958 3596 Amhos
992 3542 1132 3598 ﬁlios
1171 3560 1319 3599 meos
1346 3548 1552 3608 occide,
1588 3546 1690 3601 nisi
1723 3564 1807 3602 re-

219 3635 443 3689 duxero
479 3634 542 3687 ad
576 3643 627 3687 te
663 3634 963 3701 Benjamin.
1005 3655 1025 3688 ι
1058 3634 1225 3692 ludas
1251 3652 1379 3691 vero
1407 3638 1482 3692 ait
1511 3640 1558 3672 ⁸ο
1591 3656 1604 3693 :
1643 3640 1807 3696 «Pce-

214 3734 392 3779 cator
414 3740 507 3779 ero
539 3726 590 3779 in
628 3736 679 3781 te
735 3726 840 3781 nisi
893 3729 1162 3783 reduxere
1216 3745 1339 3784 eum
1397 3730 1513 3785 tibi.
1560 3752 1580 3784 ι
1641 3732 1808 3789 Jacoh

218 3834 369 3888 ergo
397 3828 551 3888 pater
575 3819 819 3888 ipsorum
851 3820 1030 3876 sciens
1066 3822 1234 3876 multo
1271 3837 1391 3878 esse
1419 3826 1637 3893 gravius
1663 3826 1806 3895 quod

218 3911 563 3979 promiserat
596 3911 786 3980 Judas,
818 3913 908 3983 qui
963 3915 1197 3977 dixerat,
1241 3932 1260 3966 ι
1294 3914 1557 3972 Peccator
1604 3933 1699 3972 cro
1752 3918 1808 3972 in

217 4014 306 4068 te,
351 4023 372 4057 ι
412 4005 479 4058 ah
505 4021 569 4061 eo
590 4008 680 4074 qui
707 4006 937 4074 dixerat,
977 4025 995 4058 ‹
1035 4007 1233 4064 Occide
1261 4010 1397 4065 ﬁlios
1422 4026 1604 4095 .meos,
1637 4030 1657 4065 ι
1700 4012 1809 4066 llu-

219 4096 341 4152 ben
375 4096 590 4165 quidem
623 4112 729 4152 non
760 4098 991 4153 credidit
1023 4099 1193 4155 ﬁlium
1226 4110 1480 4171 tanquam
1512 4102 1602 4172 qui
1643 4104 1810 4157 levio-

216 4208 350 4247 rem
383 4190 604 4259 elegerit
629 4191 1032 4262 poenamJndaa
1066 4209 1193 4249 vero
1217 4195 1457 4265 tradidit,
1492 4194 1669 4251 sciens
1693 4212 1811 4266 gra-

211 4287 359 4340 vius
388 4301 508 4341 esse
546 4288 686 4356 quod
714 4285 974 4355 elegerat.
1030 4286 1146 4343 lloc
1207 4304 1338 4358 ergo
1394 4289 1556 4346 modo
1610 4305 1809 4345 conve-

213 4378 457 4431 nienter
482 4378 689 4445 aptavit
726 4377 1002 4446 Scriptura
1056 4377 1235 4432 divina
1281 4378 1329 4433 ei
1382 4379 1473 4447 qui
1531 4380 1811 4434 maledixit

214 4469 430 4533 Deum,
468 4477 527 4521 ut
565 4477 849 4537 peccatum
882 4478 1101 4534 sumat;
1138 4469 1187 4523 ei
1220 4483 1349 4523 vero
1387 4469 1477 4537 qui
1514 4468 1682 4524 levius
1712 4471 1808 4523 de-

211 4560 418 4629 liquit,
442 4560 581 4626 quod
610 4570 787 4615 morte
823 4562 1108 4615 moriatur.
1132 4561 1225 4616 Vis
1262 4572 1439 4616 autem
1467 4570 1520 4615 et
1541 4564 1605 4617 de
1637 4562 1807 4616 Evan-

210 4652 396 4721 geliis
423 4666 649 4706 noscere
678 4654 824 4721 quod
856 4653 945 4722 qui
980 4655 1245 4722 receperit
1293 4654 1343 4708 in
1396 4654 1502 4709 hac
1525 4655 1632 4708 vita
1666 4656 1802 4709 mala

207 4759 357 4807 sua,
390 4742 461 4796 ibi
483 4742 592 4811 jam
628 4759 731 4798 non
764 4745 1024 4815 recipiat;
1050 4747 1142 4815 qui
1175 4756 1355 4800 autem
1396 4746 1483 4802 hic
1514 4763 1620 4803 non
1652 4762 1807 4803 race-

205 4838 398 4904 perit,
434 4836 504 4890 ibi
540 4847 832 4891 serventur
868 4837 918 4891 ei
964 4836 1191 4892 omnia?
1250 4836 1419 4893 Docet
1475 4854 1570 4893 nos
1623 4853 1812 4893 exem-

204 4931 385 4999 plum
413 4927 604 4983 Lazari
638 4931 912 5000 pauperis,
937 4942 991 4985 et
1020 4929 1165 4985 illius
1190 4930 1396 4997 divitis,
1426 4931 1493 4986 ad
1527 4946 1685 5001 quem
1728 4932 1810 4985 die

204 5025 381 5079 citur
416 5023 471 5076 in
504 5022 729 5078 infernis
752 5038 779 5076 a
812 5024 1124 5092 patriarcha
1159 5023 1431 5078 Abraham
1467 5026 1509 5057 ³¹
1543 5043 1557 5079 :
1619 5043 1637 5076 ι
1697 5024 1806 5081 Me-

201 5124 441 5177 mento,
476 5112 572 5176 ﬁli,
602 5113 858 5181 quoniam
902 5122 957 5165 tu
984 5114 1237 5183 recepisti
1271 5126 1407 5169 ooua
1440 5115 1491 5168 in
1548 5116 1653 5170 vita
1697 5127 1807 5180 tua,

200 5214 271 5259 et
317 5201 565 5257 Lazarus
593 5202 841 5257 similiter
865 5201 1031 5256 mala.
1064 5201 1215 5262 Nunc
1264 5212 1444 5258 autem
1484 5214 1537 5258 tu
1589 5206 1806 5276 quidem

203 5293 520 5358 cruciaris,
550 5293 641 5347 hic
666 5308 793 5347 vero
832 5293 1145 5363 requiescit.
1194 5310 1213 5345 ι
1271 5292 1335 5346 Et
1362 5292 1539 5347 solent
1566 5292 1811 5349 homines

201 5388 547 5455 ignorantes
583 5383 787 5452 judicia
830 5384 947 5446 Dei,
986 5399 1104 5452 qua:
1155 5392 1283 5438 sunt
1332 5384 1567 5455 abyssus
1616 5384 1807 5448 multa,

198 5476 497 5545 conqueri
528 5477 815 5530 adversum
838 5476 1047 5548 _Deum,
1076 5486 1130 5530 et
1150 5477 1336 5532 dicere
1373 5494 1385 5530 :
1418 5476 1528 5531 Cur
1563 5478 1808 5532 homines

196 5569 429 5637 iniqui,
460 5579 514 5623 et
538 5568 718 5637 injusti
754 5580 1017 5640 raptores,
1069 5571 1244 5640 impii,
1285 5570 1527 5635 scelesti,
1588 5571 1639 5625 in
1710 5574 1809 5627 huc

292 5706 354 5740 ⁸⁸
374 5707 603 5779 Nahum,
628 5726 666 5778 ι,
690 5712 741 5779 8,
768 5712 821 5767 9.
918 5712 962 5745 ⁸³
992 5712 1127 5768 Gen.
1162 5729 1293 5783 xw,
1323 5714 1413 5771 37.

1505 5716 1549 5747 ⁸⁰
1579 5714 1712 5772 Gen.
1744 5730 1904 5784 xutt,
1928 5715 1982 5769 9.

1914 564 2061 633 peris
2093 562 2436 619 successibus
2464 565 2682 629 cedunt,
2710 565 2967 631 honores,
3017 566 3238 632 dividar,
3294 578 3487 639 poten-

1913 657 2008 720 tia,
2033 656 2243 711 sanitas
2267 671 2483 727 quoque
2508 658 2588 712 eis
2639 658 2753 727 ipsa
2809 668 2864 713 et
2921 661 3163 729 corporis
3222 644 3483 719 habitudo

1912 746 2297 803 famulantur?
2330 748 2567 804 Econtra
2594 749 2997 818 innocentibus,
3027 767 3091 808 ac
3123 754 3250 823 piis,
3297 762 3351 810 et
3387 771 3483 810 co-

1912 840 2146 896 lentibus
2198 842 2366 896 Deum
2427 841 2849 896 innumerabiles
2906 858 3161 900 :crumna:
3221 861 3483 917 superve-

1910 935 2090 1001 niunt,
2114 933 2306 1001 ahjecti
2332 942 2385 989 et
2412 933 2681 999 humiles,
2714 936 3009 1005 contempti
3068 946 3123 992 et
3182 940 3281 994 sub
3332 940 3484 995 cola-

1910 1026 2035 1096 phis
2064 1027 2361 1095 potentium
2396 1028 2606 1095 vivunt,
2641 1044 3026 1099 nonnunquam
3079 1031 3241 1085 etiam
3287 1033 3486 1087 saevius

1912 1117 1991 1171 eis
2018 1117 2191 1171 morbi
2224 1133 2439 1187 quoque
2466 1119 2637 1187 ipsius
2671 1122 2922 1189 corporis
2965 1122 3343 1180 dominantur.
3378 1122 3486 1178 Sed

1914 1210 2048 1274 haec,
2076 1217 2136 1264 ut
2183 1210 2312 1275 dixi,
2368 1222 2771 1281 conqueruntur
2816 1214 3129 1284 ignorantes
3158 1215 3248 1284 qui
3279 1216 3352 1270 sit
3395 1229 3486 1269 or-

1912 1302 1981 1353 do
2016 1301 2067 1354 in
2102 1301 2302 1356 divinis
2334 1300 2577 1371 judiciis.
2633 1302 2849 1370 Quanto
2909 1305 3052 1359 enim
3114 1307 3333 1375 gra\i,us
3390 1322 3485 1362 eos

1912 1392 2094 1461 puniri
2135 1392 2341 1459 volunt,
2376 1394 2443 1448 de
2463 1408 2693 1463 quorum
2728 1397 2967 1465 polentia
3004 1405 3059 1451 et
3106 1396 3484 1466 itttht.'alil)US

1915 1484 2300 1555 ingemiscunt,
2327 1493 2479 1542 tanto
2509 1489 2877 1543 necessarium
2914 1498 2997 1544 est
3034 1488 3236 1544 diﬁ‘erri
3270 1504 3482 1559 (uanas,

1913 1592 2033 1647 quae
2059 1578 2103 1633 si
2138 1594 2242 1633 non
2271 1577 2644 1647 dill‘errentur,
2669 1580 2994 1649 temporales
3026 1582 3209 1652 utique
3230 1591 3285 1637 et
3311 1582 3482 1639 levio-

1914 1684 2002 1725 res
2026 1674 2381 1740 essent,'quia
2415 1671 2575 1726 ﬁnem
2609 1686 2733 1726 cum
2760 1682 2933 1728 morte
2962 1675 3305 1742 reciperent;
3338 1691 3483 1729 nunc

1914 1773 2042 1815 vero
2099 1760 2222 1829 quia
2274 1760 2639 1827 differuntur,
2686 1773 2895 1817 certum
2956 1774 3038 1818 est
3086 1768 3229 1835 quod
3268 1776 3487 1822 azternae

1912 1859 2071 1905 erunt
2101 1863 2303 1906 etcum
2328 1852 2543 1907 sazculis
2569 1854 2951 1909 extendentur.
2981 1855 3213 1910 Ecoutra
3245 1857 3409 1928 igitur
3436 1860 3483 1913 si

1911 1942 2077 1996 velint
2116 1942 2281 2012 justis
2343 1954 2397 1999 ct
2452 1946 2835 2002 innocentibus
2878 1946 2931 2001 in
2980 1951 3232 2017 praesenti
3286 1952 3486 2007 saeculo

1910 2036 2049 2090 bona
2076 2036 2248 2100 reddi,
2286 2047 2471 2092 essent
2501 2038 2670 2093 etiam
2705 2040 2817 2107 ipsa
2864 2041 3003 2096 bona
3063 2044 3377 2112 temporalia
3432 2056 3487 2099 et

1909 2126 2072 2182 eeleri
2105 2128 2338 2182 termino
2364 2129 2759 2185 concludenda.
2795 2128 3016 2197 Quanto
3078 2143 3256 2186 autem
3311 2136 3486 2204 magis

1910 2218 2239 2274 dilferuntur
2272 2220 2324 2273 in
2352 2219 2614 2288 futurum,
2650 2231 2798 2277 tanto
2827 2223 2999 2293 magis
3024 2234 3178 2279 erunt
3221 2236 3482 2296 perpetua

1911 2321 1967 2367 et
1990 2312 2238 2366 nescient
2272 2310 2458 2367 ﬁnem.
2486 2312 2598 2367 Hoc
2626 2321 2710 2369 est
2745 2316 2897 2383 ergo,
2929 2317 3071 2384 quod
3114 2333 3212 2373 nos
3236 2318 3484 2389 Scriptu-

1912 2424 1984 2463 rze
2019 2407 2179 2476 hujus
2211 2408 2362 2463 locus
2420 2410 2608 2478 paucis
2653 2412 3000 2466 sermonibus
3061 2415 3486 2483 comprehensus

1908 2494 2147 2559 edocuit,
2192 2504 2249 2549 ut
2279 2496 2518 2550 sciamus
2556 2497 2725 2552 multo
2776 2512 2899 2553 esse
2951 2503 3171 2571 gravius
3232 2505 3483 2573 accipere

1910 2597 2213 2658 peccatum,
2250 2596 2302 2642 et
2328 2588 2553 2653 habere,
2589 2602 2654 2645 ac
2679 2603 2861 2644 secum
2894 2593 2959 2645 ad
3004 2592 3211 2649 inferna
3244 2596 3481 2663 deferre,

1910 2694 2070 2749 quam
2103 2679 2155 2733 in
2196 2680 2447 2749 praesenti
2478 2695 2693 2749 poenam
2732 2683 2861 2738 dare
2889 2686 3188 2740 commissi.
3238 2687 3305 2743 Et
3360 2689 3479 2745 ideo

1911 2773 2028 2827 haec
2049 2772 2232 2827 sciens
2258 2772 2517 2841 expedire
2569 2773 2817 2828 ﬁdelibus
2861 2776 3136 2843 apostolus
3172 2778 3369 2837 Paulus
3397 2783 3476 2837 di-

1910 2864 1985 2917 cit
2006 2863 2073 2917 de
2106 2876 2174 2917 eo
2197 2862 2288 2932 qui
2320 2872 2641 2931 peccaverat
2670 2879 2683 2917 :
2716 2883 2735 2916 ι
2768 2862 2938 2931 Quem
2972 2869 3190 2936 tradidi,
3224 2870 3482 2941 inquit".

1916 2948 2133 3003 Satana
2199 2950 2250 3003 in
2317 2949 2593 3005 interitqu
2670 2956 2877 3018 carnis,
2936 2975 2957 3008 ι
3008 2957 3110 3013 hoc
3163 2969 3248 3014 est
3308 2973 3484 3019 morte

1912 3039 2197 3095 multasse.
2268 3038 2369 3107 Qui
2416 3049 2596 3095 autem
2657 3041 2729 3097 sit
2792 3042 3003 3100 fructus
3056 3050 3248 3105 mortis
3298 3053 3479 3123 hujus,

1911 3134 2152 3191 ostendit
2184 3136 2237 3190 in
2273 3136 2647 3205 sequentibus,
2673 3138 2861 3194 dicens
2889 3155 2903 3191 :
2930 3159 2948 3192 ι
2989 3140 3055 3197 Ut
3110 3146 3331 3213 spiritus
3370 3149 3481 3202 εει-

1911 3245 2009 3285 vus
2041 3229 2133 3283 ﬁat
2162 3227 2213 3282 in
2247 3228 2332 3282 die
2371 3228 2579 3282 Domini
2626 3230 2797 3285 nostri
2830 3229 2961 3287 Jesu
2994 3234 3217 3291 Christi.
3258 3257 3276 3289 ι
3323 3237 3483 3295 Vides

1909 3339 2037 3393 ergo
2069 3321 2338 3391 quomodo
2370 3330 2555 3390 aperte
2603 3322 2895 3393 Apostolus
2947 3328 3234 3384 utilitatem
3292 3336 3485 3388 mortis

1910 3412 2068 3481 hujus
2097 3410 2366 3481 exposuit.
2402 3410 2554 3477 Quod
2591 3413 2734 3465 enim
2763 3413 2917 3476 dicit,
2952 3414 3171 3473 Tradidi
3206 3420 3256 3474 in
3292 3422 3483 3479 interi-

1913 3514 2024 3558 tum
2056 3503 2259 3569 carnis,
2290 3501 2393 3557 hoc
2422 3511 2528 3567 est,
2566 3503 2620 3556 in
2656 3501 3002 3560 aﬂlictiouem
3042 3512 3308 3579 corporis,
3361 3528 3484 3583 (tua:

1910 3595 2045 3650 solet
2066 3609 2095 3647 a
2132 3592 2516 3662 pcenitentibus
2541 3594 2797 3661 expendi,
2821 3608 3055 3663 eumque
3100 3600 3285 3656 carnis
3304 3600 3476 3659 inter-

1905 3686 2044 3748 itum
2116 3685 2437 3749 nominavit,
2470 3685 2559 3753 qui
2592 3694 2769 3740 tamen
2802 3686 2985 3740 carnis
3011 3686 3285 3755 interitus,
3317 3690 3481 3746 vitam

1910 3779 2119 3850 spiritui
2147 3779 2409 3833 conferat.
2438 3776 2591 3832 Unde
2615 3788 2673 3832 et
2696 3793 2840 3833 nunc
2868 3779 2912 3833 si
2932 3780 3053 3849 quis
3078 3779 3218 3836 forte
3234 3793 3481 3839 nostrum

1912 3872 2227 3926 recordatur
2273 3871 2324 3925 in
2350 3872 2665 3941 ~semetipso
2697 3871 2929 3941 alicujus
2965 3874 3172 3942 peccati
3205 3877 3487 3931 conscien-

1912 3965 2063 4027 tiam,
2091 3963 2135 4017 si
2171 3962 2296 4033 quis
2322 3976 2383 4017 se
2406 3963 2703 4017 obnoxium
2738 3964 2885 4018 novit
2915 3979 3040 4019 esse
3070 3965 3265 4021 delicto
3291 4008 3306 4031 ,
3353 3983 3482 4023 coo-

1912 4057 2082 4127 l'ugiat
2118 4057 2185 4112 ad
2244 4056 2623 4127 paenitentiam
2652 4095 2669 4121 ,
2719 4065 2774 4112 et
2812 4069 3171 4127 spontaneum
3224 4062 3487 4132 suscipiat

1910 4150 2418 4215 carnisinteritum,
2468 4158 2528 4204 ut
2579 4158 2915 4221 expurgatus
2958 4153 3010 4206 in
3061 4156 3317 4222 praesenti
3370 4157 3481 4210 vita

1911 4244 2138 4312 spiritus
2176 4252 2381 4305 noster,
2419 4242 2654 4297 nnmdus
2704 4252 2762 4298 et
2791 4258 2958 4312 purus
2987 4256 3178 4315 pergat
3212 4248 3278 4301 ad
3326 4246 3484 4303 Chri-

1910 4346 2053 4391 stum
2084 4337 2369 4390 Dominum
2402 4345 2669 4400 nostrum,
2703 4336 2790 4390 cui
2815 4346 2897 4393 est
2922 4337 3094 4409 gloria
3121 4340 3479 4411 etimperium

1912 4429 1964 4482 in
1996 4428 2189 4483 smcula
2214 4427 2553 4484 saeculorum.
2582 4429 2776 4483 Amen.

2478 4607 2757 4664 IIOMILIA
2796 4607 2907 4665 XV.

1984 4743 2056 4799 De
2100 4744 2487 4798 venditionibus
2532 4745 2807 4799 domorum
2849 4756 2899 4801 et
2942 4748 3408 4819 redemptiouibus.

1986 4839 2035 4891 i.
2068 4838 2204 4893 Tres
2230 4839 2475 4893 diversas
2512 4839 2659 4907 leges
2707 4840 2775 4894 de
2825 4841 3111 4897 domorum
3157 4847 3488 4901 venditioni-

1912 4932 2013 4985 bus
2034 4939 2089 4986 et
2124 4930 2583 5000 redemptionibus
2608 4946 2703 5001 per
2725 4933 2942 5005 Moysen
2978 4936 3026 4988 iu
3057 4935 3298 4994 Levitico
3328 4940 3485 4994 datas

1917 5021 2189 5084 videmus,
2225 5036 2455 5089 quarum
2512 5022 2905 5079 continentiam
2961 5028 3135 5095 primo
3186 5032 3483 5084 secundum

1916 5114 2197 5169 historiam
2228 5122 2651 5183 pertractemus,
2682 5124 2744 5169 ut
2773 5126 2897 5184 post
2922 5116 3022 5171 hoc
3044 5120 3205 5173 etiam
3230 5121 3296 5173 ad
3319 5122 3484 5190 spiri-

1918 5206 2080 5259 talem
2110 5221 2329 5261 sensum
2361 5206 2633 5277 possimus
2673 5209 2988 5264 ascendere.
3026 5210 3313 5266 Domorum
3337 5228 3484 5282 qum-

1917 5296 2037 5350 dam
2073 5308 2198 5352 sunt
2235 5300 2287 5353 in
2346 5299 2573 5354 urbibus
2607 5300 2868 5365 muralis,
2915 5302 3158 5369 quaedam
3216 5303 3268 5356 in
3324 5306 3483 5370 vicis,

1917 5388 1999 5442 vel
2027 5388 2173 5456 agris
2204 5403 2308 5442 non
2339 5389 2666 5444 habentibus
2696 5406 2904 5446 muros.
2931 5393 3019 5445 Ait
3039 5408 3190 5462 ergo,
3234 5404 3293 5447 ut
3338 5396 3381 5448 si
3429 5396 3483 5449 in

1914 5478 2134 5533 civitate
2166 5490 2376 5533 murata
2418 5480 2721 5534 vendiderit
2741 5485 2863 5550 quis
2888 5484 3126 5551 domum,
3154 5498 3250 5554 per
3278 5501 3479 5541 annum

1918 5571 2190 5643 integrum
2224 5572 2420 5627 habeat
2471 5572 2683 5642 c0piam
2731 5574 3052 5638 redimendi,
3109 5589 3226 5645 post
3282 5594 3483 5636 annum

2074 5716 2117 5748 ⁸⁸
2155 5714 2289 5770 Luc.
2314 5730 2425 5780 xvr,
2452 5712 2543 5769 25.
2620 5714 2665 5745 ⁸³
2704 5712 2865 5767 lCor.
2894 5727 2945 5775 ν,
2971 5712 3023 5767 5.

288 5830 420 5902 (⁸24)
450 5832 542 5888 Sic
578 5836 747 5892 codex
782 5835 1265 5906 Sangcrmancnsis
1294 5855 1306 5902 ;
1342 5838 1459 5893 libri
1495 5853 1621 5894 vero
1650 5838 1829 5904 editi,¢
1854 5839 2199 5909 exigendum.
2243 5836 2376 5903 Quia
2421 5844 2621 5901 autem,
2651 5851 2667 5883 ν
2704 5842 2809 5888 etc.
