3914 6564
385 328 495 384 ’559

1833 325 2148 382 ORIGENIS

3459 303 3622 386 ¹5ῧὺ

391 464 520 505 vero
562 455 805 518 potestas
837 443 1189 515 recuperandi
1225 443 1369 498 nulla
1403 443 1739 501 conceditur.
1788 462 1806 496 ι
1842 444 1959 500 Erit
1989 449 2031 506 Α
2061 447 2320 516 scriptum
2356 455 2439 501 est
2467 446 2593 517 quia
2619 445 2967 503 :edilieaverit
2998 448 3100 504 sibi
3134 449 3375 514 domum,
3409 449 3496 517 qui
3529 466 3622 504 non

390 544 560 608 enim,
589 543 765 611 inquit
788 539 854 605 ",
881 540 1071 594 domus
1098 537 1268 606 ipsius
1315 538 1577 608 emptoris
1629 546 1779 592 certa
1814 547 1958 608 ’pos-

397 640 587 702 sessio,
617 636 660 690 si
688 635 824 688 intra
849 647 1048 686 annum
1079 631 1316 686 liberare
1342 645 1459 686 eam
1524 646 1629 686 non
1694 632 1954 700 potuerit,

393 732 485 801 qui
514 728 788 784 distraxit.
830 745 851 778 ι
889 725 1134 780 Secunda
1165 724 1244 780 lex
1275 733 1375 788 est,
1419 733 1478 778 ut
1514 724 1559 779 si
1599 725 1790 780 domus
1839 741 1959 794 quae

391 824 648 877 distracta
675 817 845 880 est,in
877 816 997 871 vico
1034 815 1199 869 fuerit
1228 816 1318 882 qui
1363 830 1572 868 murum
1606 829 1711 869 non
1770 815 1956 880 habet,

391 915 475 969 cui
506 925 684 967 tamen
727 912 851 965 vico
886 925 1020 981 ager
1075 909 1338 979 adjaceat,
1383 907 1544 962 liceat
1595 909 1862 963 venditori
1905 917 1960 963 et

390 1017 510 1078 post
540 1020 763 1068 annum,
793 1013 846 1058 et
879 1002 1309 1072 quandocunque
1343 1001 1576 1070 potuerit
1597 1042 1610 1064 ,
1674 1001 1958 1057 restituere

390 1099 645 1166 pretium,
674 1106 729 1152 et
754 1110 1077 1164 recuperare
1111 1108 1274 1163 Quam
1325 1093 1652 1147 distraxerat
1715 1094 1955 1148 domum.

387 1191 568 1246 Tertia
595 1190 679 1244 lex
707 1199 809 1254 est,
839 1199 898 1242 ut
927 1188 970 1242 si
1005 1188 1143 1241 forte
1170 1186 1361 1240 domus
1383 1186 1449 1241 sit
1476 1185 1693 1252 Levitze,
1728 1187 1812 1240 vel
1865 1202 1956 1240 sa-

383 1283 644 1346 cerdotis,
677 1280 982 1348 ubicunque
1011 1277 1172 1332 fuerit
1206 1275 1330 1330 talis
1363 1275 1574 1341 domus,
1608 1277 1721 1331 sive
1749 1277 1799 1330 in
1825 1277 1960 1331 civi-

387 1385 495 1428 tate
529 1382 764 1436 murata,
800 1371 917 1425 sive
950 1370 1002 1424 iu
1027 1369 1146 1424 vico
1175 1368 1262 1420 cui
1298 1382 1485 1422 murus
1511 1385 1616 1422 non
1649 1379 1752 1431 est,
1802 1368 1959 1424 liceat

383 1481 596 1535 semper
617 1474 668 1519 et
703 1464 756 1518 in
804 1462 950 1519 omni
981 1471 1240 1531 tempore,
1291 1472 1346 1514 ut
1377 1464 1807 1532 quandocumque
1863 1477 1958 1531 po-

387 1560 550 1614 tuerit
580 1557 762 1613 Levita
790 1557 876 1612 vel
906 1556 1160 1611 sacerdos
1188 1556 1422 1609 redimat
1471 1557 1691 1609 domum
1756 1571 1907 1610 suam
1938 1573 1951 1610 :

385 1667 490 1706 nec
511 1665 746 1720 unquam
788 1649 871 1703 vel
919 1645 1316 1703 sacerdotalem
1359 1644 1442 1699 vel
1483 1645 1782 1703 Leviticam
1837 1663 1957 1715 pos-

384 1744 684 1800 sessionem
704 1740 1017 1796 confirmari
1051 1740 1102 1794 in
1131 1738 1296 1792 alium
1329 1740 1418 1808 qui
1456 1755 1558 1792 non
1590 1739 1662 1793 sit
1702 1739 1954 1808 ejusdem

381 1837 612 1899 ordinis,
639 1836 817 1890 divina
838 1833 958 1901 jura
981 1832 1318 1902 permittunt.
1347 1831 1464 1885 Ista:
1485 1840 1610 1885 sunt
1631 1845 1760 1897 ergo
1783 1830 1952 1898 leges,

383 1930 580 2000 quibus
609 1928 861 1984 utebatur
891 1924 1118 1995 populus
1142 1922 1232 1978 ille
1261 1923 1427 1992 prior,
1463 1923 1629 1977 etiam
1655 1922 1950 1976 secundum

383 2023 484 2076 hoc
513 2022 686 2090 ipsum
711 2018 851 2088 quod
884 2031 979 2087 per
1009 2015 1292 2082 historiam
1330 2013 1666 2083 designatur,
1708 2013 1954 2082 religiose

380 2117 517 2170 satis
543 2124 597 2170 et
624 2115 713 2184 pie
756 2110 1190 2167 sacerdotalibus
1230 2108 1314 2164 vel
1366 2107 1622 2162 Leviticis
1667 2107 1953 2162 ordinibus

379 2209 742 2263 consulentes.

445 2302 501 2358 ἓ.
533 2299 640 2355 Sed
669 2297 832 2353 citius
867 2297 981 2351 haec
1013 2296 1315 2351 referamus
1343 2293 1408 2348 ad
1457 2309 1575 2362 nos,
1611 2294 1810 2364 quibus
1865 2293 1950 2347 lex

377 2391 605 2456 Christi,
641 2389 686 2444 si
747 2403 867 2443 eam
923 2401 1258 2456 sequamur,
1308 2400 1407 2440 nec
1470 2385 1844 2454 possessiones
1896 2385 1949 2440 in

380 2496 546 2550 terra,
583 2496 682 2538 nec
740 2481 793 2535 in
834 2478 1061 2533 urbibus
1091 2478 1281 2532 domos
1314 2478 1513 2531 habere
1570 2477 1857 2546 permittit.
1889 2476 1954 2530 Et

378 2577 508 2650 quid
539 2577 660 2631 dico
688 2573 925 2629 domos?
957 2572 1068 2626 Nec
1098 2573 1282 2642 plures
1324 2572 1556 2636 tunicas,
1586 2585 1683 2625 nec
1725 2570 1948 2624 multaut

378 2669 634 2726 concedit
687 2667 969 2737 possidere
1002 2665 1285 2735 pecuniam
1325 2682 1338 2718 :
1395 2681 1412 2714 ι
1456 2661 1732 2716 llabeutes
1780 2662 1947 2730 enim,

381 2764 555 2834 inquit
584 2762 652 2824 ⁸³,
693 2762 889 2815 victum
913 2769 968 2812 et
997 2757 1272 2823 vestitum,
1309 2755 1396 2811 his
1427 2756 1667 2810 contenti
1705 2757 1895 2811 simus.
1925 2772 1946 2807 ι

379 2854 664 2922 Quomodo
689 2867 818 2922 ergo
854 2866 954 2906 nos
981 2850 1135 2905 datas
1162 2850 1225 2904 de
1248 2850 1520 2914 domibus,
1551 2849 1666 2904 sive
1699 2849 1838 2903 intra
1880 2847 1954 2902 ci-

378 2950 598 3004 vitatem
632 2954 897 3002 muratam
935 2944 1150 3014 positis,
1185 2943 1299 2998 sive
1321 2943 1375 2997 in
1409 2943 1545 2999 vicis
1584 2943 1783 3011 quibus
1810 2941 1950 2996 muri

375 3056 486 3099 non
515 3039 676 3112 262
702 3046 849 3103 sunt,
882 3037 1295 3091 observabimus
1329 3035 1513 3106 leges?
1567 3036 1872 3090 invenimus
1897 3035 1949 3088 in

377 3132 501 3186 aliis
527 3131 824 3199 Scriptura:
855 3127 1012 3192 locis,
1059 3126 1200 3196 quod
1233 3141 1413 3181 sermo
1472 3127 1687 3180 divinus
1748 3128 1952 3197 majore
1978 3153 2020 3212 ρ

376 3226 608 3296 quodam
641 3233 989 3278 sacramento
1025 3220 1269 3277 nominet
1290 3221 1534 3284 domum,
1559 3229 1616 3274 ut
1649 3235 1771 3276 cum
1817 3221 1950 3276 dicit

377 3317 443 3372 de
475 3314 666 3377 Jacob,
695 3324 749 3369 et
772 3313 924 3383 quasi
973 3327 1072 3380 pro
1117 3311 1275 3366 laude
1307 3309 1424 3380 ejus
1485 3312 1684 3380 ponit:
1746 3329 1764 3364 ι
1820 3311 1950 3367 Erat

375 3409 542 3474 enim,
569 3406 826 3477 inquit",
858 3404 1025 3461 Jacob
1054 3405 1217 3460 homo
1263 3404 1490 3474 simplex
1550 3404 1802 3460 habitans
1852 3406 1950 3460 do-

377 3517 546 3557 mum.
584 3519 604 3555 ι
644 3492 712 3554 Et
739 3499 933 3554 iterum
997 3499 1217 3554 invenio
1273 3496 1342 3552 de
1401 3497 1791 3552 obstetricibus
1841 3496 1950 3552 He-

376 3599 642 3652 brzeorum
669 3595 931 3664 scriptum
969 3611 982 3648 :
1032 3612 1051 3646 ι
1097 3595 1161 3648 Et
1196 3592 1341 3662 quia,
1376 3591 1642 3662 inquit“,
1686 3593 1948 3648 timebant

377 3686 544 3742 Deum
574 3685 926 3750 ebuetrices,
963 3684 1210 3738 fecerunt
1233 3683 1355 3738 sibi'
1383 3685 1595 3739 domos.
1638 3701 1656 3736 ι
1689 3683 1950 3738 Videmus

374 3794 504 3848 ergo
532 3778 673 3848 quod
705 3777 1086 3832 obstetricibus
1113 3776 1330 3844 quidem
1360 3774 1733 3831 faciendarum
1765 3776 1951 3831 domo-

377 3889 495 3926 rum
541 3885 706 3925 causa
740 3869 906 3924 fuerit
937 3869 1095 3923 timor
1126 3869 1254 3932 Dei;
1279 3867 1448 3922 Jacob
1471 3882 1602 3923 vero
1628 3868 1951 3939 simplicitas

371 3975 430 4017 et
479 3960 787 4016 innocentia
818 3973 1037 4014 causam
1067 3957 1296 4022 dederit,
1324 3969 1383 4013 ut
1408 3959 1678 4015 habitaret
1705 3961 1948 4015 domum.

375 4054 616 4124 Denique
642 4052 808 4117 Esau,
838 4052 964 4121 quia
1002 4053 1177 4106 malus
1210 4049 1333 4116 fuit,
1380 4066 1486 4105 non
1546 4061 1632 4108 est
1683 4052 1949 4123 scriptum

371 4151 441 4204 de
471 4162 538 4203 eo
572 4146 698 4216 quia
732 4144 1060 4200 habitaverit
1088 4145 1331 4210 domum,
1363 4160 1462 4200 nec
1512 4145 1578 4201 de
1605 4146 1713 4200 alio
1770 4147 1951 4216 aliquo

443 4301 490 4332 ⁸³
515 4299 688 4353 Levit.
722 4313 848 4360 xxv,
871 4297 960 4351 50.
1037 4293 1129 4347 ⁸³1
1162 4295 1306 4352 Tim.
1333 4311 1404 4360 vt,
1431 4297 1482 4351 8.

371 4371 418 4404 "
443 4371 461 4426 l
499 4372 631 4427 Cor.
661 4385 742 4435 ιιι,
771 4368 823 4423 9.
873 4366 919 4398 ⁶⁰
949 4366 1137 4420 Matth.
1167 4381 1219 4430 ν,
1252 4369 1306 4419 4.

443 4483 556 4555 (25)
593 4483 749 4537 Libb.
783 4481 936 4546 editi,
963 4479 1131 4534 «hanc
1152 4478 1529 4536 crudelissimo
1587 4483 1937 4547 feneratori,»

372 4560 467 4611 sed
501 4570 630 4607 mss.
663 4563 721 4606 ut
754 4555 804 4606 in
839 4561 1028 4605 nostro
1068 4560 1241 4604 textu.

444 4624 558 4695 (26)
589 4621 648 4676 Si
680 4639 771 4675 nos
795 4621 1168 4695 aliqua__culpa_
1207 4620 1744 4695 mortalisinvenerit
1768 4661 1782 4686 ,
1827 4632 1935 4695 etc.

374 4691 641 4749 Antonius
669 4694 934 4745 Arnaldus
968 4691 1103 4744 libro
1130 4691 1336 4744 Gallice
1364 4693 1569 4760 scripto
1600 4693 1686 4744 cui
1734 4693 1940 4756 titulus,

372 4768 448 4820 De
473 4765 729 4833 frequenti
751 4765 1136 4825 communione,
1167 4777 1288 4833 cap.
1317 4761 1372 4822 4,
1404 4763 1706 4833 scribarum
1753 4764 1940 4816 vitium

371 4832 601 4890 ascribit
632 4835 756 4887 huic
787 4833 1024 4895 lectioni,
1055 4842 1110 4885 et
1167 4832 1304 4894 loco,
1337 4849 1355 4882 ‹
1389 4832 1550 4900 culpa
1613 4833 1878 4896 mortalis,
1918 4850 1936 4883 ι

373 4905 658 4974 ιθεθ¹¹ί¹¹¹¹¹¹
689 4918 857 4974 esse!
896 4903 1050 4972 cuIlla
1074 4901 1316 4974 l'lQl‘illiS,
1347 4921 1364 4953 ι
1400 4901 1732 4974 contendit;
1769 4903 1941 4956 ΙοΕτ..

375 4971 486 5040 τοῖ’,
515 4974 711 5042 inquit,
742 4972 897 5025 facile
951 4971 1161 5026 admitti
1203 4974 1378 5041 potuit
1410 4977 1570 5025 unius
1637 4972 1941 5039 adjectione

373 5047 591 5100 littera“.
626 5044 682 5097 2°
704 5043 936 5096 Evideus
962 5051 1065 5106 est,
1097 5058 1216 5095 cum
1275 5043 1558 5096 manifeste
1595 5056 1776 5095 secum
1838 5059 1939 5110 pu-

371 5116 680 5188 gnenthzec
721 5131 798 5188 ε]
829 5111 985 5182 culpa
1023 5116 1417 5188 mortalisque:
1463 5130 1570 5168 non
1620 5114 1940 5188 incrimine

373 5183 588 5242 inortali
617 5184 918 5244 consistat;
952 5201 971 5234 ι
1007 5196 1106 5236 nec
1156 5183 1296 5249 apud
1353 5193 1564 5237 veteres
1625 5183 1791 5235 ullum
1841 5199 1941 5236 un-

370 5273 532 5327 quam
571 5255 875 5326 reperiatur
905 5254 1137 5320 positum
1172 5253 1636 5327 discrimenuiuter
1670 5271 1688 5304 ς
1725 5253 1937 5322 culpam

374 5323 650 5381 mortalem
681 5344 700 5377 ι
739 5334 792 5377 et
825 5340 844 5375 ι
883 5326 1088 5377 crimen
1120 5324 1368 5377 mortale.
1409 5342 1430 5375 ι
1460 5323 1694 5378 Econtra
1716 5333 1938 5391 apertus

370 5408 453 5452 est
479 5405 692 5460 sensus,
729 5398 772 5450 si
801 5393 1035 5464 legatur,
1073 5410 1101 5464 «ί
1129 5393 1283 5461 culpa
1319 5398 1540 5449 moralis
1565 5410 1685 5464 quae
1725 5411 1832 5448 non
1882 5395 1935 5448 in

370 5469 598 5522 crimine
641 5463 882 5522 mortali.
912 5483 932 5516 ι
968 5466 1026 5518 5ο
1065 5463 1256 5518 Verbis
1302 5463 1653 5534 sequentibus
1701 5466 1939 5534 explicat

372 5537 486 5607 ipse
520 5539 778 5608 Origenes
809 5537 936 5608 quid
962 5536 1128 5604 culpa:
1153 5535 1388 5608 moralis
1411 5536 1629 5608 nomine
1651 5536 1934 5608 intelligat,

373 5605 492 5676 aiuie
524 5605 716 5676 nempe
753 5625 770 5658 ι
806 5605 891 5662 vel
924 5608 978 5661 in
1007 5607 1274 5661 sermonis
1307 5605 1391 5660 vel
1446 5607 1500 5660 in
1551 5621 1759 5660 morum
1805 5607 1936 5659 vitio

374 5678 661 5732 consistat.
699 5698 716 5731 ι
754 5678 810 5731 4ο
833 5677 1031 5748 (Zulpas
1073 5691 1210 5744 quas
1247 5677 1571 5731 criminibus
1594 5677 1934 5748 mortalibus

373 5750 615 5815 opponit,
646 5749 906 5815 veniales,
935 5747 1036 5802 non
1079 5748 1338 5802 mortales
1377 5748 1542 5802 fuisse
1591 5747 1714 5800 inde
1765 5754 1930 5816 patet,

376 5819 517 5886 quod
539 5817 590 5871 in
615 5819 716 5874 line
743 5819 1018 5891 hujusloci
1050 5828 1310 5877 vocentur
1353 5835 1372 5870 ι
1411 5817 1716 5875 communia
1741 5833 1931 5888 pecca-

1587 4298 1631 4329 ⁸⁵
1662 4295 1798 4352 Gen.
1830 4314 1956 4364 xxv,
1979 4297 2072 4356 27.

2062 541 2312 595 habuerit
2348 540 2595 596 timorem
2635 542 2755 597 Dei.
2799 542 2928 608 Qua:
2982 553 3064 598 est
3095 559 3225 612 ergo
3267 545 3368 598 ism
3417 543 3622 607 domus,

2060 639 2112 684 et
2141 631 2298 700 quale
2328 631 2612 686 aedificium
2645 641 2751 699 est,
2777 633 2973 688 Paulus
3002 633 3483 704 exponitaperlius
3513 650 3624 689 cum

2060 723 2304 778 dicit":
2374 741 2392 775 ι
2433 725 2660 780 Domum
2720 726 2983 781 habemus
3036 743 3144 780 non
3194 743 3353 781 manu
3415 726 3625 792 factam,

2061 825 2320 870 aeternam
2350 816 2402 869 in
2427 815 2600 872 caelis.
2647 835 2666 869 ι
2706 817 2828 872 Haec
2876 834 3009 888 ergo
3058 831 3143 874 est
3201 820 3416 881 domus,
3473 835 3623 888 quam

2060 905 2329 960 mdilicare
2355 921 2514 962 nemo
2556 917 2731 976 potest
2775 909 2876 962 nisi
2913 912 3102 964 timeat
3145 910 3336 965 Deum.
3395 911 3520 965 lla-c
3555 921 3628 966 est

2061 1000 2252 1054 domus
2276 1014 2434 1068 quam
2464 1013 2766 1067 exstruere,
2802 1003 2883 1056 vel
2919 1003 3171 1060 habitare
3221 1020 3382 1059 nemo
3431 1014 3625 1074 potest,

2062 1088 2162 1142 nisi
2191 1088 2242 1143 in
2271 1090 2622 1160 simplicitate
2653 1095 2851 1148 mentis
2906 1104 2962 1148 et
2999 1095 3231 1163 puritate
3260 1095 3464 1150 cordis.
3530 1094 3624 1148 Sed

2061 1182 2311 1248 quoniam
2345 1182 2595 1238 accidere
2623 1184 2786 1246 solet,
2813 1195 2871 1238 ut
2902 1185 3067 1239 etiam
3094 1187 3185 1255 qui
3216 1187 3354 1240 bene
3393 1186 3625 1242 eedilica-

2060 1272 2216 1337 verit,
2239 1281 2293 1327 et
2316 1274 2532 1329 domum
2568 1274 2671 1330 sibi
2699 1275 2977 1331 cwlestem
3011 1276 3148 1332 bene
3181 1280 3389 1348 agendo
3415 1288 3472 1335 et
3499 1281 3628 1334 bene

2059 1364 2310 1431 vivendo,
2347 1381 2410 1420 ac
2443 1377 2592 1423 recte
2620 1369 2894 1424 credendo
2940 1372 3330 1437 construxerit,
3392 1373 3630 1426 incurrat

2059 1454 2287 1525 alicujus
2322 1458 2530 1526 peccati
2583 1459 2850 1526 debitum,
2909 1470 2962 1515 et
2997 1461 3136 1516 hanc
3171 1478 3198 1514 a
3254 1463 3630 1519 crudelissimo

2060 1547 2372 1604 reiteratore
2435 1551 2547 1621 (~25)
2602 1558 2914 1608 venundare
2981 1567 3240 1625 cogatur,
3300 1571 3364 1610 ac
3421 1557 3629 1611 labores

2061 1656 2187 1696 suos
2222 1642 2604 1700 transfundere
2661 1646 2712 1698 in
2767 1647 2954 1711 alium,
3012 1646 3182 1717 pietas
3231 1656 3287 1703 et
3344 1647 3629 1703 clementia

2062 1734 2386 1804 legislatoris
2422 1738 2716 1802 succurrit,
2751 1749 2808 1792 ut
2863 1737 3004 1792 intra
3036 1750 3244 1793 certum
3288 1747 3506 1808 tempus
3554 1754 3632 1792 re-

1992 1793 2032 1846 B
2059 1826 2186 1879 dimi
2219 1827 2407 1896 possit.
2450 1844 2466 1878 ι
2495 1825 2552 1881 Si
2586 1838 2762 1882 tamen
2822 1828 3111 1894 invenerit,
3137 1829 3308 1900 inquit
3337 1831 3413 1895 ⁸⁸,
3446 1845 3632 1884 manus

2061 1926 2148 1970 tua
2182 1920 2411 1986 pretium
2453 1921 2595 1990 quod
2631 1922 2913 1977 restituas.
2946 1940 2965 1973 ι
2999 1922 3170 1987 Quale
3208 1923 3491 1992 pretium?
3521 1922 3632 1978 P02-

2058 2009 2302 2063 nitentize
2334 2009 2452 2063 sine
2477 2009 2640 2064 dubio
2683 2011 2938 2082 lacryuiis
2973 2025 3386 2084 cetigregatuni,
3434 2024 3492 2069 el
3526 2031 3634 2066 ma-

2055 2099 2236 2163 nibus,
2298 2100 2350 2154 id
2384 2110 2460 2156 est
2517 2101 2706 2156 labore
2733 2103 2860 2157 boni
2905 2105 3085 2173 operis
3121 2105 3417 2159 inventum.
3452 2107 3633 2160 Annus

2053 2199 2232 2245 autem
2267 2192 2369 2247 iste
2399 2192 2623 2264 intelligi
2660 2204 2835 2263 potest
2860 2211 3020 2265 quem
3047 2196 3189 2250 venit
3217 2212 3416 2251 vocare
3449 2197 3626 2253 Domi-

2056 2301 2160 2339 nus
2181 2302 2384 2339 anmtm
2424 2296 2728 2356 acceptum,
2788 2302 2894 2356 quo
2935 2288 3176 2343 dimittat
3220 2289 3538 2345 confractus
3580 2293 3627 2344 in

2056 2378 2462 2443 remissionem,
2491 2387 2544 2432 et
2571 2380 2798 2434 salutem
2827 2379 3034 2450 delicta
3094 2395 3188 2435 sua
3241 2382 3632 2438 confitentibus

2053 2473 2311 2540 praebeat.
2342 2467 2496 2536 Quod
2518 2479 2698 2525 autem
2731 2471 2862 2524 dicit
2896 2472 3115 2525 domum
3156 2474 3205 2526 in
3249 2475 3476 2529 civitate
3521 2492 3630 2528 tnu-

2058 2570 2217 2616 rata:
2257 2571 2422 2626 recte,
2451 2571 2506 2615 ut
2541 2577 2640 2631 ego
2677 2562 2937 2628 arbitror,
2968 2564 3160 2620 domus
3209 2582 3330 2634 quae
3379 2567 3434 2620 in
3494 2567 3628 2622 ccelo

2055 2669 2175 2707 esse
2229 2654 2447 2720 dicitur,
2481 2655 2532 2708 in
2582 2655 2800 2709 civitate
2847 2667 3060 2710 murata
3105 2673 3226 2714 esse
3287 2660 3627 2734 intelligitur.

2053 2741 2239 2800 Murus
2273 2754 2357 2799 est
2380 2746 2522 2799 enim
2548 2745 2857 2815 hujusmodi
2892 2745 3142 2802 domibus
3177 2751 3353 2820 ipsum
3383 2755 3508 2807 caeli
3545 2753 3628 2806 [iro

2056 2844 2411 2890 mamentum.
2440 2836 2545 2890 Sed
2591 2837 2752 2892 talem
2789 2839 3005 2893 domum
3040 2843 3148 2896 rari
3188 2845 3393 2916 quique
3433 2846 3627 2902 habere

2055 2937 2299 2998 possunt,
2327 2928 2406 2983 illi
2443 2929 2692 2986 fortassis
2717 2933 2806 3001 qui
2849 2948 3013 3002 super
3055 2943 3254 2990 terram
3286 2938 3628 2994 ambulantes

2054 3022 2523 3077 conVersationem
2552 3023 2752 3078 habent
2778 3025 2829 3079 in
2858 3026 3031 3089 caelis,
3065 3038 3120 3082 et
3155 3028 3219 3083 de
3263 3030 3470 3098 quibus
3507 3034 3627 3088 dicit

2054 3112 2344 3182 Apostolus
2381 3111 2464 3164 "z
2503 3129 2521 3163 ι
2559 3112 2649 3166 Dei
2675 3115 2960 3170 mdiliratio
2987 3117 3137 3173 estis.
3172 3137 3189 3170 ι
3222 3118 3418 3176 Czeteri
3452 3133 3626 3176 autem

2056 3202 2146 3276 qui
2186 3203 2239 3258 in
2272 3202 2407 3258 vicis
2434 3201 2632 3258 habent
2659 3204 2874 3270 domos,
2908 3207 3103 3277 quibus
3151 3225 3260 3263 non
3291 3222 3378 3264 est
3418 3229 3626 3279 murus,

2051 3307 2134 3352 est
2167 3307 2345 3353 tamen
2381 3299 2459 3354 eis
2494 3298 2907 3370 adjacensager
2949 3298 3233 3363 fecundus,
3269 3299 3346 3354 illi
3387 3301 3629 3357 fortassis

2048 3396 2138 3466 qui
2169 3397 2269 3451 sibi
2299 3397 2662 3451 habitaculum
2709 3406 3015 3468 praeparant
3043 3397 3097 3452 in
3129 3407 3270 3452 terra
3302 3399 3625 3468 viventium,

2049 3502 2104 3549 et
2133 3494 2188 3548 in
2217 3495 2303 3548 illa
2333 3505 2474 3550 terra
2503 3512 2663 3566 quam
2699 3497 2999 3552 mansuetis
3028 3496 3290 3554 Dominus
3335 3503 3620 3570 promittit,

2048 3591 2237 3648 dicens
2261 3593 2306 3625 ⁸⁰
2335 3611 2347 3647 :
2388 3615 2406 3646 ι
2441 3594 2590 3649 Beati
2633 3595 2824 3658 mites,
2869 3597 3126 3666 quoniam
3175 3599 3276 3668 ipsi
3308 3600 3625 3655 inmeditate

2046 3685 2402 3757 possidebunt
2453 3697 2670 3742 terram.
2719 3707 2737 3737 ι
2783 3687 2918 3743 Istas
2956 3706 3085 3762 ergo
3133 3691 3358 3755 domos,
3403 3694 3446 3746 si
3493 3695 3624 3747 forte

2055 3781 2240 3848 alicui,
2275 3781 2420 3837 sicut
2475 3797 2641 3853 supra
2698 3783 3070 3853 exposuimus,
3122 3781 3308 3852 lapsus
3350 3784 3628 3844 acciderit,

2053 3886 2266 3943 semper
2287 3884 2369 3929 est
2397 3875 2753 3943 recuperandi
2786 3873 3036 3942 facultas,
3067 3885 3124 3930 ut
3150 3874 3297 3929 verbi
3345 3876 3524 3946 gratia
3553 3877 3628 3930 di-

2054 3981 2265 4032 camus,
2299 3968 2342 4021 si
2374 3981 2472 4022 nos
2501 3967 2681 4036 aliqua
2715 3967 2868 4037 culpa
2901 3968 3150 4023 mortalis
3191 3967 3466 4023 invenerit
3497 3970 3623 4040 (-26).

2055 4071 2176 4126 qua:
2227 4073 2334 4112 non
2385 4059 2438 4112 in
2479 4060 2708 4113 crimine
2755 4058 2996 4125 mortali,
3029 4075 3131 4114 non
3184 4059 3238 4113 iu
3296 4060 3626 4130 blasphemia

2057 4148 2203 4215 fidei,
2234 4164 2354 4218 qua:
2404 4166 2560 4204 muro
2589 4149 2944 4206 ecclesiastici
2979 4159 3034 4204 et
3085 4151 3369 4220 apostolici
3406 4153 3625 4223 dogma.

2151 4298 2197 4331 ⁸⁸
2221 4299 2394 4354 Exod.
2429 4299 2574 4364 1,21.
2647 4297 2691 4330 ⁸⁷
2715 4298 2752 4352 ll
2776 4300 2965 4365 Conv,
2985 4299 3036 4356 1.
3111 4298 3158 4330 ³⁸
3183 4297 3362 4354 Levit.
3386 4316 3516 4367 xxv,
3535 4301 3620 4356 28.

2048 4490 2097 4535 ta
2122 4497 2242 4551 quas
2277 4483 2590 4552 frequenter
2612 4483 2965 4550 incurrimus,
2992 4497 3207 4552 semper
3238 4484 3613 4552 pmnitentiam

1975 4543 2018 4597 Β
2051 4543 2340 4622 recipiunt,
2373 4543 2429 4607 et
2457 4555 2574 4608 sine
2629 4543 3028 4610 intermissione
3085 4543 3452 4610 redimuntur.
3485 4575 3506 4608 ι
3557 4559 3621 4610 At

2051 4638 2178 4677 vero
2201 4625 2321 4694 quis
2361 4624 2625 4677 tantillum
2653 4624 2706 4678 in
2745 4626 2976 4678 lectione
3014 4623 3234 4676 Patrum
3266 4636 3518 4680 versatus
3570 4632 3618 4678 in

2045 4694 2286 4747 animum
2323 4695 2425 4748 sibi
2473 4695 2690 4748 inducat
2751 4695 2913 4750 tertio
2963 4695 3217 4748 Ecclesia:
3263 4695 3466 4750 smeulo
3516 4707 3618 4749 tam

2044 4763 2260 4833 facilem
2297 4765 2465 4818 fuisse
2481 4764 2837 4833 peccatorum
2870 4765 3150 4819 lethalium
3195 4764 3621 4822 remissionem!

2043 4831 2101 4886 5ο
2130 4834 2345 4888 Addere
2369 4831 2580 4903 poterat
2608 4835 2904 4898 Arnaldus,
2949 4838 3002 4888 in
3031 4834 3272 4888 editione
3296 4834 3618 4898 Basileensi,

2043 4915 2098 4956 et
2124 4905 2175 4956 iu
2201 4904 2373 4958 altera
2403 4904 2602 4959 Griuaii
2636 4907 2811 4959 locum
2852 4920 2974 4958 esse
3003 4906 3186 4958 datum
3221 4905 3346 4958 huic
3378 4905 3616 4967 lectioni,

2057 4990 2074 5023 ι
2111 4975 2155 5028 si
2182 4989 2280 5028 nos
2301 4975 2481 5042 aliqua
2526 4976 2682 5042 culpa
2712 4976 2932 5029 moralis
2960 4974 3248 5035 invenerit,
3287 4992 3309 5026 ι
3342 4985 3453 5030 etc.
3521 4976 3619 5030 νε-

2043 5059 2158 5097 rum
2200 5044 2326 5098 licet
2361 5046 2492 5098 mihi
2530 5047 2756 5099 multum
2786 5046 3026 5098 arrideat
3048 5044 3343 5098 Arualdina
3404 5062 3621 5100 correc-

2043 5115 2139 5179 tio,
2173 5116 2462 5182 quominus
2523 5126 2704 5169 tamen
2734 5131 2855 5169 eam
2916 5131 3134 5184 sequar,
3198 5114 3367 5169 multa
3439 5120 3621 5170 deter

2044 5195 2165 5254 rent
2194 5201 2207 5237 :
2245 5186 2297 5238 1ο
2319 5185 2476 5239 Nulla
2507 5188 3000 5254 manuscriptorum
3046 5187 3374 5240 auctoritate
3401 5187 3616 5240 nititur.

2041 5253 2100 5306 2ο
2132 5255 2191 5326 Si
2220 5255 2379 5310 lectio
2405 5272 2526 5326 qua:
2553 5253 2802 5310 Arualdo’
2827 5257 3152 5325 displicebat
3189 5256 3492 5324 rejicienda
3539 5260 3618 5309 to-

2043 5336 2146 5387 ret,
2183 5325 2456 5380 lubentius
2514 5326 2879 5392 amplecterer
2905 5328 3130 5379 alteram
3162 5342 3325 5396 quam
3375 5339 3618 5395 quatuor

2039 5410 2176 5462 ψιοε
2191 5398 2460 5460 consului,
2489 5397 2846 5466 tnanuscripti
2883 5397 3119 5461 codices,
3143 5412 3281 5450 unus
3300 5396 3616 5460 Beccensis,

2039 5467 2182 5520 alter
2226 5467 2642 5533 Gemeticensis,
2703 5471 2897 5524 tertius
2955 5468 3331 5531 lladotuensis,
3382 5476 3614 5536 quartus

2039 5536 2528 5604 Saugermaneusis
2556 5550 2638 5593 sat
2669 5554 2877 5604 recens,
2912 5539 3168 5592 exhibent
3219 5537 3305 5592 his
3356 5538 3544 5591 verbis
3595 5553 3612 5590 :

2043 5621 2062 5654 ι
2095 5607 2150 5660 Si
2189 5608 2368 5676 aliqua
2402 5611 2554 5677 culpa
2591 5611 2884 5672 invenitur,
2929 5626 3031 5663 non
3077 5609 3128 5661 in
3176 5607 3413 5662 crimine
3466 5623 3612 5662 mor-

2041 5677 2154 5730 tali.
2190 5695 2208 5728 ι
2240 5679 2310 5731 lbi
2342 5694 2441 5733 nec
2479 5680 2717 5743 irroratis,
2746 5696 2846 5733 nec
2885 5679 3126 5732 mortalis
3182 5677 3342 5746 culpa
3371 5678 3609 5745 opponi-

2035 5753 2124 5818 tur
2148 5749 2354 5800 crimini
2399 5750 2629 5802 mortali.
2663 5751 2734 5803 At
2780 5749 3111 5818 suspicionis
3159 5758 3343 5802 notam
3390 5763 3500 5816 prae
3543 5761 3604 5800 se

2035 5817 2139 5872 fert
2168 5819 2433 5888 ejusmodi
2467 5821 2627 5874 lectio
2683 5836 2712 5875 e
2751 5817 2986 5889 quatuor
3042 5819 3165 5874 licet
3214 5820 3602 5887 manuscriptis
