3914 6502
406 436 506 492 561

1538 435 1605 489 ΙΝ
1644 432 2017 490 LEVITICUM
2060 430 2344 487 llOllllJA
2378 431 2517 487 XVI.

3548 432 3655 493 562

410 562 478 614 tis
507 561 683 615 cincta
712 570 815 624 est,
846 561 943 617 sed
977 561 1057 617 vel
1102 562 1153 616 in
1184 558 1453 616 sermonis
1487 559 1622 630 (27),
1658 561 1739 613 vel
1775 561 1824 614 in
1862 575 1979 614 tno-
2010 567 2057 623 Α
2086 572 2264 611 rerum
2299 556 2602 609 futurarum
2628 555 2693 618 ⁸³,
2716 570 2819 609 non
2851 555 3046 624 quibus
3072 562 3427 626 arguerentur
3450 554 3649 611 delicta

407 670 527 707 rum
555 656 687 708 vitio
713 657 1024 711 consistat:
1082 656 1183 710 hoc
1234 664 1317 710 est
1371 656 1677 709 vendidisse
1734 654 1973 717 domum,

405 760 526 812 qua:
558 746 611 799 in
647 762 779 816 agro
813 757 917 811 est,
954 748 1037 800 vel
1066 748 1117 800 in
1147 747 1267 802 vico
1316 748 1401 801 cui
1470 762 1658 801 murus
1717 762 1823 799 non
1871 753 1974 799 est.

405 832 533 887 llaec
593 849 723 905 ergo
761 837 1001 890 venditio
1040 843 1093 890 et
1145 835 1519 903 hujuscemodi
1557 835 1712 904 culpa
1764 850 1978 905 semper

411 928 656 993 reparari
689 937 886 995 potest,
920 944 1017 983 nec
1042 927 1334 998 aliquando
1376 929 1472 983 tibi
1519 927 1862 983 interdicitur
1911 928 1977 981 de

402 1021 713 1075 commissis
742 1021 1049 1092 hujusmodi
1087 1021 1480 1086 paenitudinem
1517 1035 1701 1090 agere.
1753 1023 1804 1075 ln
1846 1036 1973 1090 gra-

403 1109 650 1165 vioribus
686 1110 833 1165 enim
867 1110 1189 1166 criminibus
1215 1109 1381 1166 semel
1430 1120 1637 1165 tantum
1707 1111 1976 1182 paeniten-

403 1200 491 1254 tiae
527 1200 641 1270 (28)
691 1202 1015 1257 conceditur
1060 1202 1261 1268 locus;
1309 1203 1409 1258 ista
1456 1218 1584 1258 vero
1644 1205 1968 1268 communia,

398 1288 521 1361 quae
550 1292 861 1361 frequenter
916 1293 1287 1360 incurrimus,
1332 1307 1546 1363 semper
1598 1295 1999 1364 poenitentianr

400 1384 690 1452 recipiunt,
722 1394 776 1438 et
822 1385 939 1440 sine
969 1384 1366 1439 intermissione
1399 1385 1759 1441 redimuntur.

467 1476 521 1530 5.
547 1475 730 1542 «ρειοά
745 1476 789 1531 si
808 1476 1160 1532 sacerdotalis
1175 1475 1356 1540 fuerit,
1386 1476 1641 1547 inquit“,
1662 1480 1759 1533 ista
1780 1479 1971 1534 dooms

398 1570 482 1623 vel
505 1569 764 1634 Levitica,
803 1571 1111 1639 ubicunque
1139 1570 1327 1638 fuerit,
1362 1574 1479 1629 sive
1515 1574 1567 1627 in
1589 1573 1831 1637 civitate,
1857 1574 1972 1628 sive

398 1664 451 1717 in
485 1680 634 1735 agro,
668 1680 881 1735 semper
907 1666 1072 1722 habet
1106 1670 1587 1740 redemptionem.»
1616 1670 1669 1725 ln
1713 1673 1815 1727 hoc
1851 1672 1971 1729 loco

396 1758 792 1813 sacerdotalem
849 1774 1064 1813 sensum
1093 1770 1145 1815 et
1198 1761 1492 1817 Leviticam
1554 1764 1967 1833 intelligentiam

392 1869 597 1923 quaero.
631 1853 746 1910 Non
781 1855 924 1910 enim
964 1854 1189 1912 inferior
1214 1872 1333 1914 esse
1356 1858 1515 1913 debet
1545 1860 1966 1915 auditorhorum

2080 656 2412 711 sanctorum,
2463 645 2554 701 sed
2584 646 2780 715 quibus
2818 648 3192 703 ostenderetur
3234 656 3547 717 peccatores
3594 655 3651 701 et

2079 741 2270 809 impios
2285 741 2336 793 in
2363 750 2569 810 partem
2589 749 2897 799 sanctorum
2918 742 3341 812 societatemque
3355 743 3645 797 conscisci.

2076 828 2359 900 Nunquam
2402 846 2530 899 ergo
2579 830 2931 887 sacerdotalis
2958 833 3226 902 possessio
3278 847 3306 884 a
3361 834 3647 887 sacerdote

2075 932 2378 988 separatur,
2408 920 2620 975 etiamsi
2653 922 2718 975 ad
2757 932 2963 993 tempus
3006 923 3167 978 fuerit
3194 922 3396 988 ablata,
3431 923 3643 979 etiamsi

2074 1011 2240 1068 fuerit
2278 996 2561 1080 distracta,
2590 1028 2804 1083 semper
2830 1014 3132 1079 redimitur,
3166 1030 3378 1085 semper
3426 1030 3645 1084 repara-

2077 1112 2179 1166 tur,
2202 1103 2344 1157 vclut
2366 1105 2411 1158 si
2444 1106 2679 1159 diceret:
2709 1123 2725 1155 ε
2753 1105 3024 1173 Charitas,
3055 1125 3072 1157 ι
3116 1121 3237 1176 quae
3268 1106 3505 1177 perfecta
3538 1116 3645 1173 est,

2079 1214 2097 1247 ι
2134 1197 2314 1250 omnia
2351 1197 2573 1267 patitur,
2618 1197 2797 1251 omnia
2828 1207 3009 1267 sperat
3042 1197 3176 1268 (51),
3214 1198 3393 1252 omnia
3423 1200 3644 1263 tolerat,

2074 1286 2309 1343 charitas
2356 1303 2626 1357 nunquam
2659 1288 2805 1343 cadit
2843 1288 2907 1341 ⁶³.
2949 1308 2968 1340 ι
3012 1288 3102 1342 Sic
3139 1303 3268 1357 ergo
3294 1297 3347 1342 et
3375 1290 3644 1357 possessio

2074 1394 2137 1434 ac
2166 1380 2356 1434 domus
2389 1390 2704 1435 sanctorum
2734 1396 3008 1449 nunquam
3043 1381 3212 1448 cadit,
3250 1396 3526 1450 nunquam
3556 1396 3646 1434 au-

2072 1473 2265 1538 fertur,
2294 1489 2563 1543 nunquam
2588 1474 2655 1529 ab
2676 1490 2861 1530 eorum
2889 1476 3009 1545 jure
3032 1484 3333 1544 separatur.
3362 1474 3645 1542 Quomodo
3684 1538 3685 1541 η

2072 1565 2311 1635 separari
2349 1580 2377 1618 a
2401 1566 2775 1621 sacerdotibus
2806 1576 2981 1637 potest
3010 1567 3202 1621 domus
3231 1582 3348 1636 quae
3374 1567 3639 1623 aedificata

2070 1666 2154 1711 est
2194 1672 2358 1726 supra
2409 1658 2813 1713 fundamentum
2861 1660 3234 1728 apostolorum
3268 1668 3320 1713 et
3348 1661 3642 1729 propheta-

2070 1764 2215 1814 rum,
2243 1750 2293 1804 in
2307 1765 2411 1820 qua
2432 1752 2548 1821 ipse
2572 1760 2653 1807 est
2678 1752 2951 1823 angnlaris
2976 1752 3109 1821 lapis
3125 1750 3280 1806 Iesus
3298 1750 3544 1807 Christus
3564 1752 3645 1805 “ll

2071 1840 2224 1907 Quod
2252 1853 2429 1896 autem
2475 1845 2643 1912 possit
2674 1843 2964 1913 aliquando
3006 1844 3200 1899 domus
3233 1844 3338 1899 ista
3388 1844 3638 1909 distrahi,

394 1947 530 2019 (29),
561 1948 606 2001 si
630 1948 743 2002 fieri
782 1957 957 2016 potest
992 1989 1005 2013 ,
1061 1949 1151 2006 illo
1184 1951 1299 2019 ipso
1332 1953 1424 2022 qui
1474 1953 1588 2008 haec
1637 1954 1858 2023 scripsit
1908 1965 1960 2010 et

2072 1932 2171 1986 hoc
2200 1942 2300 1999 est,
2332 1932 2634 2001 hujusmodi
2664 1934 2954 1989 aedificatio
2985 1934 3224 1990 incidere
3251 1935 3301 1987 in
3331 1944 3638 2004 peccatum,

393 2040 601 2094 sanxit.
626 2038 762 2107 Quid
796 2048 879 2093 est
907 2041 1044 2111 fergo
1080 2044 1223 2110 quod
1259 2027 1606 2100 sacerdoset
1652 2046 1837 2101 Levita
1870 2048 1965 2103 do-

395 2146 515 2185 mus
552 2146 663 2185 sua:
690 2145 924 2200 semper,
964 2140 1020 2186 et
1068 2135 1376 2204 ubicunque
1426 2134 1609 2201 fuerit,
1660 2138 1821 2194 habet
1879 2155 1966 2195 re-

394 2220 812 2290 demptionem?
894 2219 1205 2276 Secundum
1276 2224 1575 2292 spiritalem
1661 2227 1965 2299 intelligen-

393 2309 523 2364 tiam
578 2313 834 2367 saeerdos
889 2327 1041 2367 mens
1095 2312 1204 2368 Deo
1262 2328 1584 2372 consecrata
1638 2319 1858 2385 dicitur,
1909 2331 1962 2377 et

387 2402 562 2474 263,
602 2402 727 2457 Levi
783 2403 1082 2472 appellatur
1120 2405 1165 2459 is
1197 2406 1287 2477 qui
1351 2409 1717 2466 indesinenter
1756 2413 1965 2469 assistit

391 2494 503 2548 Deo
539 2503 593 2548 et
625 2493 885 2549 voluntati
928 2496 1044 2565 ejus
1076 2497 1369 2555 ministrat.
1414 2499 1684 2557 Perfectio
1731 2518 1860 2575 ergo
1908 2506 1961 2561 in

389 2584 666 2639 intellectu
718 2595 772 2639 et
819 2602 1007 2655 opere,
1047 2589 1099 2643 in
1132 2590 1235 2645 fide
1263 2600 1317 2647 et
1351 2592 1562 2648 actibus
1606 2597 1862 2652 sacerdos
1910 2608 1964 2653 et

389 2676 572 2733 Levita
608 2677 960 2747 accipiendos
996 2690 1099 2735 est.
1138 2679 1271 2736 Huic
1304 2682 1484 2752 itaque
1514 2684 1767 2752 perfectae
1791 2689 1960 2743 menti

385 2770 430 2825 si
455 2768 718 2823 acciderit
748 2768 1039 2838 aliquando
1070 2770 1311 2837 domum,
1337 2788 1495 2841 quam
1526 2773 1684 2829 habet
1709 2790 1817 2831 non
1848 2793 1963 2831 ma-

386 2875 457 2913 nu
493 2858 690 2914 factam
725 2870 984 2914 attentam
1020 2861 1070 2915 in
1123 2862 1299 2927 cmlis,
1336 2864 1568 2920 vendere
1601 2875 1655 2919 et
1683 2867 1733 2919 in
1770 2883 1962 2925 manus

383 2952 609 3006 alterius
646 2953 773 3006 dare
803 2968 818 3008 :
867 2953 1005 3007 sicut
1056 2956 1281 3023 contigit
1315 2954 1607 3024 aliquando
1640 2974 1835 3029 magno
1862 2976 1960 3030 pa-

385 3043 640 3097 triarchze
681 3043 873 3110 David,
905 3060 1026 3097 cum
1060 3044 1126 3098 de
1154 3053 1294 3099 tecto
1336 3060 1431 3099 suo
1472 3044 1615 3101 Uria:
1648 3046 1849 3103 Cetbzei
1876 3064 1961 3103 asv

381 3134 535 3203 pexit
558 3150 781 3190 uxorem
818 3153 831 3188 :
872 3131 1056 3191 statim
1088 3150 1205 3190 eam
1245 3138 1478 3203 redimit,
1513 3142 1694 3195 statim
1722 3153 1957 3209 reparat,

374 3228 567 3282 statim
608 3229 751 3283 enim
788 3229 922 3284 dixit
955 3231 1039 3285 “z
1075 3249 1093 3283 ‹
1124 3229 1377 3287 Peccavi.
1409 3252 1428 3284 ι
1470 3233 1579 3289 Imo
1607 3250 1735 3291 vero
1758 3237 1957 3307 aliquid

373 3320 562 3375 adhuc
598 3320 886 3377 sublimius
935 3323 987 3376 in
1023 3324 1124 3377 hoc
1156 3338 1315 3377 sensu
1348 3322 1457 3395 (50)
1488 3326 1741 3382 debemus
1790 3330 1958 3398 inspi-

370 3428 532 3477 cere,
563 3414 838 3482 quomodo
865 3413 1057 3468 domus
1093 3415 1435 3469 sacerdotum
1462 3425 1514 3470 ct
1540 3415 1872 3483 Levitarum,
1904 3419 1955 3473 id

365 3513 487 3568 εει,
516 3503 883 3573 perfectarum
907 3504 1195 3567 mentium,
1228 3520 1443 3574 semper
1458 3506 1650 3560 delicta
1686 3508 1958 3561 rediman-

370 3605 491 3658 tur,
540 3609 867 3664 semperque
920 3604 1235 3665 purgentur.
1288 3596 1344 3650 Si
1387 3597 1604 3667 quando
1638 3597 1954 3669 Scripturas

367 3687 595 3743 divinas
621 3687 874 3758 legimus,
905 3697 957 3743 et
986 3696 1297 3742 sanctorum
1331 3687 1552 3743 Patrum
1584 3691 1634 3743 in
1664 3690 1731 3744 iis
1748 3691 1953 3747 delicta

366 3778 561 3848 aliqua
592 3794 937 3834 recensemus
970 3797 983 3833 :
1014 3780 1059 3833 si
1083 3780 1376 3833 secundum
1401 3780 1627 3848 apostoli
1654 3780 1802 3835 Pauli
1828 3797 1951 3837 sen-

368 3868 606 3923 tentiam
629 3867 858 3923 dicimus
881 3868 947 3931 “,
981 3867 1105 3936 quia
1141 3885 1158 3918 ι
1197 3867 1309 3921 haec
1334 3867 1512 3921 omnia
1548 3867 1598 3920 in
1628 3866 1796 3937 figura
1823 3884 1955 3924 con-

366 3958 662 4028 tingebant
694 3958 819 4026 illis,
861 3960 1062 4028 scripta
1088 3968 1217 4019 sunt
1249 3968 1431 4013 autem
1460 3970 1680 4028 prapter
1707 3974 1954 4013 commo-

362 4051 639 4106 nitionem
665 4061 934 4117 nostram;
963 4070 981 4102 ι
1016 4052 1119 4106 hoc
1138 4050 1296 4106 modo
1322 4065 1541 4121 semper
1561 4051 1752 4106 domus
1769 4064 1955 4104 eorum

362 4139 688 4208 redimitur,
718 4142 843 4210 quia
891 4156 1105 4209 semper
1146 4156 1243 4210 pro
1272 4141 1445 4211 culpis
1480 4156 1668 4195 eorum
1702 4140 1955 4210 purgatio

359 4240 427 4286 et
470 4231 771 4287 satisfactio
801 4248 830 4286 a
863 4233 1175 4287 doctoribus
1204 4233 1511 4297 adhibetur,
1541 4233 1954 4287 ostendentibus

360 4340 443 4382 ex
474 4324 675 4382 divinis
709 4327 1009 4396 Scripturis
1035 4326 1236 4383 formas
1266 4326 1433 4381 fuisse
1462 4328 1575 4381 hate
1607 4337 1657 4382 et
1690 4327 1952 4396 imagines

442 4441 492 4476 ⁸³
532 4438 709 4493 Levit.
745 4452 874 4500 xxv,
904 4437 993 4491 52.
1072 4440 1114 4470 ⁸⁸
1140 4438 1175 4491 ΙΙ
1208 4438 1342 4503 Reg.
1380 4454 1475 4504 xu,
1511 4438 1594 4492 l3.

362 4529 431 4579 ll,
464 4509 559 4565 20.
637 4508 724 4564 "1
754 4508 881 4564 Cor.
916 4508 1347 4575 "1,10,11,12.

1697 4438 1742 4469 ³³
1789 4437 1958 4493 lCor.
1990 4453 2042 4503 x,
2074 4439 2161 4493 ll.

2068 2026 2190 2080 audi
2225 2028 2497 2096 apostolus
2544 2027 2743 2082 Paulus
2793 2029 3061 2093 quomodo
3105 2028 3170 2083 de
3224 2027 3424 2082 talibus
3463 2028 3641 2082 dicit:

2073 2135 2091 2169 ι
2134 2116 2203 2173 Ut
2249 2119 2465 2187 sapiens
2504 2119 2833 2173 architectus
2870 2118 3298 2183 fundamentum,
3340 2118 3515 2188 inquit
3567 2118 3639 2185 ⁸⁷,

2066 2209 2239 2279 posui,
2267 2211 2404 2265 alius
2420 2209 2835 2281 snpenedificat,
2864 2213 3234 2281 unusquisque
3258 2219 3438 2265 autem
3458 2209 3642 2263 videat

2066 2302 2334 2370 quomodo
2378 2303 2791 2371 supertedilicet.
2840 2302 3267 2373 Fundamentum
3305 2303 3453 2358 enim
3495 2302 3643 2356 aliud

2067 2409 2223 2449 nemo
2238 2403 2413 2461 potest
2431 2409 2628 2464 ponere
2658 2405 2854 2465 praeter
2879 2396 2928 2448 id
2952 2378 3092 2465 quad
3116 2396 3347 2464 positum
3365 2405 3473 2461 est,
3497 2394 3641 2464 quod

2064 2491 2147 2538 est
2182 2482 2431 2537 Christus
2460 2481 2638 2537 Jesus.
2682 2482 2739 2537 Si
2762 2484 2883 2553 quis
2913 2492 3090 2538 autem
3118 2500 3281 2554 supra
3314 2483 3637 2539 fundamen-

2066 2582 2176 2626 tum
2210 2572 2313 2628 hoc
2331 2574 2565 2629 aediﬁcat
2595 2590 2808 2641 aurum,
2847 2587 3156 2645 argentum,
3189 2575 3394 2644 lapides
3427 2575 3635 2645 pretio-

2065 2682 2174 2730 sos,
2208 2666 2372 2737 ligna,
2397 2665 2601 2735 fenum,
2628 2668 2900 2738 stipulam.
2934 2688 2953 2721 ι
2988 2668 3147 2724 Vides
3173 2683 3303 2741 ergo
3323 2670 3448 2739 quia
3477 2677 3637 2738 potes

2066 2774 2225 2828 supra
2258 2759 2664 2816 fundamentum
2690 2762 2888 2817 Christi
2920 2764 3192 2820 aediﬁcare
3233 2762 3400 2833 ligna,
3425 2761 3635 2828 fenum,

2065 2854 2338 2924 stipulam,
2365 2855 2466 2910 hoc
2488 2866 2591 2918 est,
2609 2871 2773 2925 opera
2804 2856 3041 2925 peccati:
3073 2871 3191 2926 quae
3216 2854 3444 2910 aadificat
3464 2855 3627 2925 (51³),

2064 2944 2182 2999 sine
2231 2944 2394 3001 dubio
2423 2946 2662 3001 vendidit
2693 2947 2910 3002 domum
2954 2961 3105 3001 suam
3136 2946 3365 3016 emptori
3402 2946 3641 3015 pessimo

2065 3036 2299 3102 diabolo,
2324 3054 2353 3091 a
2386 3054 2493 3108 quo
2529 3039 2898 3109 unusquisque
2916 3040 3255 3111 peccantium
3289 3040 3492 3110 peccati
3513 3053 3637 3108 pre-

2064 3131 2196 3185 tium
2244 3130 2358 3201 (52)
2399 3132 2749 3199 consequitur
2784 3131 3207 3187 satisfactionem
3247 3131 3497 3185 desiderii
3529 3132 3635 3187 sui.

2064 3220 2176 3276 lloc
2208 3222 2252 3276 si
2284 3220 2422 3277 forte
2451 3220 2748 3289 incurrerit
2771 3223 2987 3292 aliquis,
3019 3224 3162 3293 quod
3194 3224 3366 3279 absit!
3401 3223 3511 3278 cito
3551 3239 3638 3280 re-

2061 3314 2251 3380 dimat,
2276 3315 2384 3370 cito
2413 3324 2645 3385 reparet,
2670 3317 2795 3370 dum
2829 3326 3035 3385 tempus
3060 3326 3140 3371 est
3164 3318 3470 3387 reparandi,
3506 3318 3633 3373 dum

2063 3407 2395 3476 paenitentia:
2430 3406 2576 3463 locus
2597 3418 2699 3474 est,
2745 3409 3096 3478 deprecantes
3124 3410 3177 3463 in
3212 3425 3520 3474 commune,
3570 3425 3637 3465 ne

2060 3510 2273 3554 aeternae
2289 3498 2479 3555 domus
2503 3500 2835 3555 habitatione
2866 3500 3205 3567 frandemur,
3240 3502 3333 3557 sed
3361 3502 3505 3572 digni
3540 3502 3638 3555 ha-

2062 3593 2287 3647 beamur
2319 3592 2482 3662 recipi
2511 3594 2563 3647 in
2610 3603 2809 3648 interna
2842 3593 3209 3658 tabernacula,
3238 3609 3334 3663 per
3358 3594 3633 3649 Christum

2061 3683 2346 3739 Dominum
2391 3692 2654 3746 nostrum,
2686 3685 2772 3740 cui
2814 3694 2896 3739 est
2915 3685 3086 3755 gloria
3119 3696 3174 3740 et
3195 3686 3486 3755 imperium
3518 3686 3634 3756 (55)

2063 3775 2117 3830 in
2147 3776 2341 3832 saecula
2374 3777 2719 3832 saeculorum.
2756 3777 2948 3831 Amen.

2620 3865 2903 3921 HOMILIA
2932 3865 3072 3922 XVI.

2422 3956 2496 4010 De
2552 3958 2997 4012 benedictionibus
3040 3955 3283 4011 Levitici.

2136 4049 2188 4104 l.
2240 4048 2297 4101 In
2350 4049 2611 4116 agonibus
2657 4048 3029 4118 corporalibus
3073 4049 3274 4118 gradus
3303 4048 3525 4117 quidam
3581 4057 3637 4103 et

2062 4139 2383 4197 differentia:
2415 4141 2751 4211 singulorum
2795 4157 3136 4212 quorumque
3163 4142 3444 4197 observari
3485 4142 3632 4198 ordi-

2061 4250 2189 4288 num
2217 4234 2415 4299 solent,
2450 4244 2507 4288 ut
2534 4251 2631 4305 pro
2665 4234 2929 4304 qualitate
2983 4235 3365 4301 certaminum,
3409 4236 3632 4305 prrentio
3712 4280 3715 4283 .

2059 4328 2831 4396 remunereturunusquisque
2861 4329 3121 4384 victoriae.
3161 4328 3324 4383 Verbi
3360 4327 3555 4398 gratia,
3583 4327 3633 4382 si

2244 4440 2288 4470 “
2314 4437 2478 4493 Hebr.
2505 4455 2559 4503 x,
2602 4440 2648 4492 l.
2728 4439 2771 4471 ⁸³
2804 4439 2817 4491 Ι
2852 4440 2976 4494 Cor.
3006 4455 3127 4507 xttt,
3154 4441 3206 4503 7,
3228 4443 3279 4494 8.
3360 4440 3404 4472 “
3426 4439 3626 4511 Ephes.

356 4619 987 4691 ronsignatapnamhin
1021 4620 1194 4691 locum
1229 4618 1427 4691 veteris
1473 4618 1628 4687 cujus
1678 4618 1951 4691 scriptura
1987 4627 2028 4680 1)
2060 4628 2145 4691 est
2171 4617 2434 4691 ejusmodi
2466 4616 2783 4691 particulam
2837 4616 3100 4691 adjectum
3126 4619 3319 4691 luisse
3382 4637 3409 4675 a
3471 4623 3636 4679 Scoto

355 4688 668 4755 erasa'est,
709 4688 1019 4743 obtruditur
1059 4690 1110 4743 in
1145 4688 1333 4742 codice
1365 4691 1677 4756 tnox‘citalo
1713 4688 1951 4758 Sanger-

357 4760 643 4817 manensi.
673 4761 730 4815 5ο
759 4759 945 4814 Lectio
988 4776 999 4811 :
1043 4778 1060 4811 ι
1110 4758 1165 4811 Si
1199 4773 1298 4812 nos
1335 4759 1512 4826 aliqua
1550 4759 1707 4825 culpa
1744 4771 1952 4813 morta-

357 4836 434 4887 lis
476 4832 907 4899 invenerit,qn:e
942 4829 1132 4884 nonin
1184 4829 1419 4899 crimine
1450 4830 1691 4889 mortali,
1734 4849 1760 4899 ί»
1821 4840 1951 4893 etc.,

357 4912 735 4971 prmtcrqnam
778 4897 920 4967 quod
949 4904 1148 4954 citatur
1182 4897 1375 4971 iisdem
1409 4900 1595 4971 verbis
1628 4916 1655 4950 a
1700 4898 1955 4971 Magistro

356 4969 775 5027 sententiarum
797 4971 889 5024 lib.
922 4986 998 5034 tv,
1020 4970 1261 5023 distinet.
1306 4969 1391 5030 14,
1422 4969 1694 5038 reperitur
1734 4970 1955 5038 insuper

356 5044 419 5096 in
465 5042 722 5095 munibus
755 5040 1150 5095 vetustioribus
1194 5040 1602 5109 manuscriptis,
1642 5041 1791 5092 verbi
1828 5057 1955 5110 gra-

359 5115 445 5167 tia
482 5111 940 5180 Sangermanensi
972 5111 1063 5179 qui
1099 5125 1162 5163 ex
1197 5111 1520 5165 charactere
1562 5110 1761 5163 unciali
1798 5120 1955 5166 sexto

355 5184 456 5237 vel
490 5184 722 5251 septimo
751 5181 1008 5235 Ecclesiae
1039 5180 1240 5235 saeculo
1272 5180 1510 5248 scriptus
1539 5182 1783 5246 videtur,
1816 5191 1871 5234 et
1901 5182 1952 5235 in

354 5255 549 5307 altero
582 5251 919 5314 Fossatensi,
958 5266 1103 5305 nunc
1135 5251 1598 5320 Sangermanensi
1649 5252 1737 5320 qui
1786 5253 1951 5306 etiam

351 5333 587 5379 aetatem
627 5322 733 5377 800
758 5338 1025 5376 annorum
1063 5320 1261 5390 arguit.

440 5394 557 5464 (27)
582 5391 788 5464 Omnes
823 5408 982 5464 mss.,
1014 5411 1032 5442 ι
1064 5392 1394 5445 sermonis.»
1430 5390 1583 5445 Libb.
1613 5392 1769 5456 editi,
1806 5407 1955 5447 «ser-

354 5462 645 5519 monibus.
692 5482 713 5516 ι
770 5462 912 5517 Infra
969 5478 1124 5525 mss.,
1186 5481 1205 5515 ‹
1271 5464 1663 5531 ptenitudinem
1713 5479 1894 5533 agere.
1929 5483 1948 5515 ι

353 5536 532 5590 Lihh.
563 5535 715 5599 editi,
751 5552 770 5585 ι
808 5534 1201 5603 ρωιιίιυιιίιιυιη
1230 5549 1439 5604 gerere.
1487 5552 1504 5584 ι

446 5605 560 5674 (‘28)
596 5604 771 5659 Semel
798 5616 1001 5657 tantum
1053 5603 1371 5670 paenitentiw
1400 5644 1414 5665 ,
1454 5616 1560 5656 etc.
1606 5603 1760 5658 Lihb.
1823 5605 1950 5659 editi

355 5677 599 5735 habent.
630 5692 648 5726 ι
688 5675 854 5729 semel
889 5683 1096 5727 tantum
1132 5674 1212 5727 vel
1258 5688 1380 5727 raro
1412 5675 1798 5743 patuitentiam
1843 5685 1948 5729 etc.

353 5746 481 5799 Sed
510 5747 651 5799 istud
708 5763 726 5795 ‹
762 5747 844 5799 vel
892 5760 1017 5800 raro
1058 5764 1075 5794 ι
1125 5745 1279 5799 abest
1343 5746 1408 5799 ab
1454 5745 1708 5799 omnibus
1756 5762 1951 5799 manu-

354 5815 597 5884 scriptis
626 5816 908 5871 codicibus
940 5832 1039 5869 nec
1077 5816 1390 5884 agnoscitur
1431 5830 1460 5867 a
1503 5814 1763 5882 Magistro
1820 5831 1951 5870 sen-

358 5883 667 5942 tentiarum
704 5886 799 5940 lib.
832 5902 905 5955 tv,
939 5883 1135 5941 dile.
1171 5883 1321 5941 Unde
1377 5885 1652 5941 nonnullis
1708 5889 1951 5957 suspicio

2058 4688 2149 4761 qui
2181 4688 2379 4761 veteris
2396 4687 2647 4761 Ecclesigc
2670 4688 2924 4761 ignorans
2947 4690 3284 4758 disciplinam
3318 4709 3423 4761 qua
3455 4692 3629 4749 letha-

2059 4759 2511 4831 iilltllACI‘illlln‘llltl
2544 4758 2648 4810 reis
2679 4757 2849 4831 semel
2888 4757 3096 4831 tantum
3131 4757 3451 4831 pmnitehtia
3506 4781 3633 4819 con-

2057 4828 2373 4891 cedebatur,
2403 4826 2654 4897 Origenis
2679 4827 2852 4882 locum
2883 4829 2949 4881 ad
2984 4826 3325 4887 Communem
3351 4832 3435 4886 sui
3496 4843 3633 4889 tem-

2058 4901 2205 4966 poris
2231 4899 2683 4973 scholasticorum
2716 4899 3024 4973 opinionem
3063 4904 3248 4970 paucis
3285 4904 3515 4973 adjectis
3548 4922 3617 4960 re

2058 4985 2251 5043 vocare
2284 4969 2530 5043 tentavit.
2556 4968 2729 5043 Porro
2749 4971 2845 5043 qui
2861 4969 2990 5043 olim
3018 4968 3135 5041 post
3155 4984 3329 5027 actam
3353 4968 3636 5043 'pteniten-

2060 5041 2271 5114 tiam‘in
2305 5042 2492 5114 eadem
2542 5049 2635 5114 aut
2687 5040 2881 5114 similia
2942 5041 3263 5114 labebantur
3300 5040 3523 5114 flagitia,
3564 5049 3631 5101 ab

2057 5111 2202 5163 omni
2234 5111 2498 5183 deinceps
2532 5112 2653 5183 sive
2692 5111 2905 5183 publica
2945 5113 3057 5167 sive
3099 5116 3309 5181 privata
3371 5111 3634 5183 patuiteno

2060 5183 2130 5232 tia
2184 5180 2425 5249 repulsos
2476 5180 2645 5234 fuisse
2705 5181 2919 5235 abunde
2959 5180 3338 5239 demunstrant
3372 5180 3630 5240 'Morinus

2058 5250 2151 5303 lib.
2187 5267 2236 5312 v,
2270 5265 2391 5319 cap.
2416 5250 2506 5317 27,
2541 5262 2588 5304 et
2615 5251 2871 5305 Petavius
2901 5256 2951 5306 in
3017 5256 3130 5310 suis
3179 5256 3629 5312 Adnotationibus

2058 5320 2126 5373 ad
2168 5319 2546 5387 Epiphaniam,
2583 5321 2770 5376 haeres.
2822 5339 2933 5377 th.

2129 5390 2240 5462 (29)
2267 5394 2449 5444 Codex
2481 5394 2797 5461 Sangerm.,
2834 5414 2851 5445 ι
2895 5405 3084 5449 auctor
3109 5412 3324 5460 aurum,
3364 5418 3380 5449 ι
3419 5408 3527 5451 etc.

2127 5463 2237 5529 (50)
2272 5462 2463 5517 Sensit.
2501 5463 2665 5537 Deest
2701 5465 2754 5518 in
2785 5464 2917 5520 libb.
2956 5476 3115 5521 antea
3155 5469 3337 5529 editis,
3370 5472 3463 5521 sed
3503 5485 3629 5537 sup.

2056 5532 2237 5604 pietur
2265 5550 2294 5587 e
2318 5535 2722 5604 manuscriptis.

2126 5602 2873 5680 (@l)_l\l_ss.,t_omniasperat.
2900 5606 3079 5680 )Liilb.
3104 5606 3436 5673 ed.,tomnia
3455 5624 3572 5680 sup.
3603 5632 3621 5663 ι

2129 5672 2265 5741 (31⁷⁸)
2285 5672 2417 5731 Fort
2437 5676 2595 5746 leg,.«
2622 5672 2719 5741 Qui
2756 5677 2869 5731 hmc
2896 5679 3186 5731 :edilicat.)

2129 5746 2244 5817 (52)
2280 5746 2428 5817 MSS”
2450 5765 2467 5797 ι
2494 5747 2744 5817 pretium.
2789 5766 2805 5797 ›
2840 5748 2991 5800 Libb.
3024 5748 3176 5811 editi,
3208 5767 3227 5799 ι
3260 5751 3559 5817 prmminm.
3602 5770 3619 5801 ι

2127 5805 2239 5885 (55)
2274 5805 2341 5867 Et
2366 5805 2682 5891 imperium:
2700 5816 2859 5870 Deest
2898 5819 2949 5869 in
2987 5818 3140 5872 libris
3165 5805 3354 5887 Vediiis,
3382 5826 3477 5877 sed
3505 5838 3625 5891 sup-

2055 5888 2230 5957 pletur
2255 5902 2283 5942 c
2308 5902 2409 5944 ms.
2435 5887 2625 5944 codice
2654 5888 3133 5957 Sangermanensi.
