3914 6510
353 362 458 419 563

1799 375 2120 432 ORlGENlS

3502 384 3600 440 εει

356 479 500 534 inter
535 495 734 550 pueros
755 483 877 554 quis
914 485 1109 542 habeat
1148 502 1401 560 agonem,
1428 493 1475 548 si
1514 493 1654 549 inter
1675 495 1924 565 juvenes.
1955 500 2002 558 Λ
2033 510 2138 550 non
2185 503 2384 562 tamen,
2415 508 2468 553 ut
2499 498 2821 568 quibusdam
2851 499 3086 566 videtur,
3135 499 3207 555 ita
3243 501 3296 555 in
3322 499 3444 556 illos
3462 503 3602 558 solos

355 572 401 626 si
434 573 576 628 inter
620 575 787 641 viros,
819 593 939 646 qua:
963 594 1061 649 per
1104 583 1348 653 singulos
1373 586 1592 642 ordines
1618 587 1926 643 observatio

356 663 540 719 haberi
587 667 803 732 debeat,
835 670 966 739 quid
1013 672 1128 728 lieri
1157 674 1336 744 liceat,
1367 678 1565 748 quidve
1591 695 1699 735 non
1741 679 1925 747 liceat,

354 765 408 808 et
438 772 557 825 quae
579 762 900 818 certaminis
934 765 1114 834 regula
1153 769 1442 836 custodiri,
1465 772 1596 842 quid
1618 772 1779 827 etiam
1805 781 1929 843 post

356 846 469 900 haec
493 855 951 911 remunerationis
989 870 1261 914 mereatur
1284 861 1460 932 palma
1487 863 1772 931 vincentis,
1797 864 1927 936 ipsis

353 937 707 996 nihilominus
768 947 1012 1014 agonicis
1061 948 1270 1021 legibus
1323 963 1538 1009 cautum
1582 965 1686 1012 est.
1743 955 1818 1010 lta
1872 967 1926 1013 et

355 1042 497 1084 nunc
510 1033 852 1116 omnipotens
885 1037 1026 1094 Deus
1052 1041 1405 1100 observanda:
1434 1045 1570 1116 legis
1593 1062 1703 1103 sua:
1739 1048 1791 1103 in
1825 1049 1928 1106 hoc

353 1098 552 1175 mundo
570 1139 798 1194 agonem
834 1132 1153 1189 mortalibus
1176 1151 1403 1204 ponens,
1429 1098 1779 1211 posteaquam
1816 1152 1926 1197 tra-

351 1210 503 1306 didit
518 1216 858 1276 observanda
879 1224 1297 1295 quamplurima,
1333 1239 1386 1285 et
1419 1231 1547 1300 quid
1586 1210 1702 1289 fieri
1727 1235 1926 1306 quidve

351 1317 458 1358 non
477 1304 591 1361 ﬁeri
609 1309 826 1376 debeat,
855 1317 1108 1387 ascripsit
1141 1322 1563 1386 ;convenienter
1580 1326 1646 1380 ad
1678 1304 1924 1383 ultimum

345 1392 464 1490 jam
500 1396 728 1457 Levitici
775 1403 996 1474 librum,
1031 1411 1081 1464 in
1113 1427 1220 1480 quo
1250 1414 1317 1470 de
1352 1415 1580 1488 singulis
1622 1420 1926 1490 quibusque

349 1485 824 1551 observationibus
864 1500 1218 1556 constitutum
1243 1514 1346 1570 est,
1380 1485 1512 1576 quid
1561 1485 1802 1566 muneris
1837 1485 1927 1566 re-

351 1587 531 1670 portet
552 1581 644 1650 qui
671 1583 995 1656 impleverit,
1036 1602 1093 1646 et
1122 1594 1252 1662 quid
1272 1611 1443 1664 poena:
1473 1599 1667 1654 subeat
1698 1601 1787 1670 qui
1819 1617 1923 1657 non

349 1668 748 1763 observaverit,
773 1681 1038 1735 enuntiat.
1072 1681 1179 1737 Sed
1224 1687 1270 1740 si
1303 1686 1388 1741 lex
1432 1668 1730 1745 secundum
1778 1696 1924 1763 quod

348 1757 516 1853 Judaei
541 1763 747 1832 volunt,
779 1778 833 1825 et
869 1771 922 1826 hi
960 1775 1052 1843 qui
1078 1789 1266 1832 eorum
1302 1792 1465 1834 sensu
1498 1757 1813 1853 Scriptores
1841 1785 1924 1840 in-

2028 587 2360 658 diriguntur,
2402 599 2462 644 ut
2493 590 2632 646 alius
2662 607 2726 646 ex
2758 592 2842 647 his
2881 591 3213 662 participare
3248 607 3354 646 non
3395 595 3599 662 possit:

2030 681 2234 738 idcirco
2269 697 2362 737 eas
2399 683 2673 752 Spiritales
2716 683 3007 754 Apostolus
3043 683 3362 745 nominavit,
3398 693 3454 738 ut
3487 685 3603 754 qui-

2027 788 2240 843 cunque
2291 773 2430 830 ellici
2484 775 2722 843 potuerit
2753 777 2804 830 in
2851 776 3056 832 virtute
3085 785 3140 830 et
3183 776 3397 846 spiritu,
3455 778 3600 830 verbi

2025 864 2224 934 gratia,
2266 864 2416 932 Sem,
2449 865 2532 919 vel
2561 864 2775 934 Japbet,
2818 861 2900 921 vel
2935 865 3158 937 Ioseph,
3187 876 3280 921 aut
3306 865 3480 930 Isaac,
3514 877 3601 920 aut

2023 956 2212 1024 Jacob,
2260 955 2417 1013 sicut
2450 967 2504 1012 et
2530 957 2766 1014 Joannes
2813 957 2915 1013 fuit
2964 961 3015 1014 in
3069 959 3262 1029 spiritu
3316 968 3372 1013 et
3407 958 3603 1012 virtute

2025 1050 2174 1116 Elite,
2203 1051 2372 1121 possit
2391 1051 2558 1104 etiam
2593 1051 2711 1121 ipse
2740 1052 3134 1106 benedictionis
3160 1051 3304 1105 illius
3332 1050 3603 1119 particeps

2035 1142 2172 1207 ﬁeri,
2203 1145 2357 1212 cujus
2394 1143 2647 1197 virtutem
2678 1151 2732 1199 et
2767 1143 3016 1214 Spiritum
3051 1143 3298 1213 gesserit.

2095 1233 2151 1288 2.
2179 1235 2284 1292 Sed
2310 1233 2593 1290 videamus
2631 1249 2777 1290 nunc
2803 1235 2854 1288 in
2885 1233 3132 1288 Levitico
3161 1235 3600 1290 benedictionum

2023 1327 2169 1396 quod
2188 1327 2259 1382 sit
2281 1326 2584 1381 exordium.
2613 1342 2632 1378 ι
2661 1324 2742 1390 Si,
2773 1325 2949 1396 inquit
2971 1325 3039 1392 ",
3068 1326 3122 1380 in
3155 1328 3442 1396 praeceptis
3469 1327 3602 1380 meis

2025 1417 2459 1481 ambulaveritis,
2489 1425 2544 1472 et
2572 1416 2825 1471 mandata
2861 1431 2977 1471 mea
3022 1418 3398 1488 custodieritis
3435 1427 3491 1472 et
3524 1418 3600 1472 le-

2025 1511 2210 1566 ceritis
2241 1526 2326 1569 ea.
2356 1531 2375 1564 ι
2415 1510 2542 1566 Tria
2566 1518 2690 1565 sunt
2720 1524 2841 1578 qua:
2866 1507 3000 1563 dicit
3029 1527 3044 1564 :
3073 1510 3125 1563 in
3162 1510 3454 1580 praeceptis
3489 1525 3602 1563 am-

2023 1601 2338 1664 bulandum,
2378 1603 2629 1656 mandata
2661 1601 3040 1665 custodienda,
3084 1609 3140 1655 et
3189 1600 3440 1655 facienda
3484 1616 3601 1670 qua:

2024 1693 2275 1748 mandata
2318 1702 2463 1748 sunt.
2507 1692 2662 1749 Unde
2686 1693 2900 1747 videtur
2925 1691 3058 1746 mihi
3097 1701 3431 1761 praceptum
3459 1706 3600 1757 esse,

2024 1786 2172 1840 verbi
2198 1786 2394 1855 gratia,
2426 1799 2550 1840 cum
2575 1784 2797 1854 jubetur
2826 1792 2885 1839 ut
2915 1785 3007 1841 ille
3031 1785 3122 1855 qui
3155 1785 3463 1840 Sabhatum
3493 1801 3597 1838 non

351 1850 669 1948 {ﬁngendas
701 1870 914 1929 putant,
955 1881 1062 1921 non
1113 1874 1198 1925 est
1228 1871 1507 1942 spiritalis,
1537 1847 1637 1930 sed
1663 1879 1918 1948 carnalis,
1953 1847 1995 1902 Β
2025 1847 2288 1942 servavit,
2316 1847 2390 1934 ab
2410 1877 2556 1932 omni
2576 1847 2856 1948 synagoga
2894 1847 3162 1948 lapidetur
3189 1892 3207 1930 :
3237 1885 3335 1932 aut
3364 1877 3458 1946 qui
3491 1892 3604 1930 ma.

347 1944 567 2002 dubium
603 1965 708 2007 non
740 1964 824 2010 est
855 1957 983 2025 quin
1017 1959 1302 2018 observata
1339 1966 1656 2036 carnaliter,
1699 1944 1923 2026 benedi;

347 2038 554 2096 etiones
586 2057 802 2116 quoque
843 2050 1093 2107 carnales
1120 2053 1544 2114 observantibus
1584 2061 1810 2117 tribuat.
1862 2063 1920 2120 Si

344 2141 586 2224 vero,jut
612 2133 781 2192 Paulo
815 2139 1035 2196 videtur
1069 2145 1334 2214 apostolo,
1374 2147 1462 2203 lex
1493 2151 1755 2221 spiritalis
1813 2165 1920 2224 est,

344 2221 463 2315 sine
482 2222 646 2280 dubio
679 2236 733 2282 et
766 2231 1088 2300 spiritaliter
1114 2235 1453 2294 observanda
1479 2252 1584 2307 est,
1615 2254 1671 2299 et
1699 2221 1920 2315 spirita;

343 2310 412 2367 lis
441 2327 509 2369 ex
533 2329 597 2372 ea
621 2316 1058 2380 benedictionurn
1096 2333 1366 2398 speranda
1395 2310 1779 2393 remuneratio.
1808 2337 1916 2392 To-

346 2403 452 2499 tius
505 2422 742 2499 namque
792 2419 1205 2486 consequentia:
1255 2431 1362 2488 est,
1409 2424 1709 2494 Spiritalem
1744 2429 1916 2499 legem

343 2494 753 2556 benedictiones
785 2504 917 2562 dare
950 2510 1244 2582 spiritales,
1294 2525 1349 2572 et
1377 2515 1614 2586 ejusdem
1644 2494 1919 2578 nihilomi-

343 2603 446 2644 ntts
497 2597 900 2664 consequentia:
931 2610 1035 2668 est,
1081 2605 1248 2660 etiam
1287 2608 1575 2666 maledicta
1617 2621 1671 2667 et
1713 2616 1916 2671 conde-

345 2681 646 2770 innationes
673 2685 804 2756 legis
821 2689 1085 2759 spiritalis
1111 2711 1218 2750 non
1237 2711 1361 2753 esse
1382 2715 1699 2770 corporeas.
1725 2703 1830 2759 Sed
1860 2715 1918 2761 ut

342 2767 707 2830 indubitatum
747 2779 818 2834 sit
843 2783 982 2850 quod
1010 2784 1264 2852 dicimus,
1295 2788 1466 2858 ipsius
1482 2767 1647 2846 ‘Pauli
1684 2797 1915 2865 apostoli

341 2873 477 2956 voce
507 2872 746 2956 utamur,
777 2886 880 2940 qua
910 2874 977 2929 ad
1007 2875 1268 2945 Ephesios
1290 2881 1535 2938 scribens
1570 2885 1635 2940 de
1664 2887 1916 2956 spiritua-

342 2949 483 3006 libus
513 2952 976 3018 benedictionibus
999 2964 1101 3021 hoc
1121 2969 1277 3025 modo
1301 2973 1648 3040 pronuntiat:
1740 2976 1912 3033 Bene-

340 3040 742 3118 dictus,-inquit
767 3051 832 3118 ⁸⁸,
873 3054 1015 3112 Deus
1051 3066 1106 3112 et
1142 3058 1307 3116 Pater
1329 3063 1543 3120 Domini
1593 3069 1762 3124 nostri
1786 3067 1910 3125 Jesu

2023 1971 2213 2026 ledixit
2251 1970 2535 2032 Dominum
2575 1981 2632 2024 ut
2655 1970 2925 2041 lapidibus
2963 1971 3288 2041 perimatur,
3327 1980 3382 2025 et
3411 1970 3460 2025 si
3496 1985 3597 2039 qua

2016 2060 2278 2130 jubentur
2328 2060 2662 2131 hujusmodi.
2718 2059 2971 2115 Mandata
3015 2075 3148 2116 vero
3192 2075 3338 2124 esse,
3401 2062 3600 2130 quibus

2017 2151 2257 2221 jubetur,
2308 2152 2458 2206 verbi
2511 2166 2700 2218 causa,
2742 2151 2983 2207 decimas
3019 2149 3204 2208 oll‘erri
3233 2151 3464 2216 Levitis,
3517 2151 3599 2205 vel

2025 2243 2176 2296 terin
2205 2258 2348 2298 anno
2377 2257 2642 2313 apparere
2672 2243 2924 2310 Domino,
2956 2244 3042 2300 vel
3071 2260 3177 2299 non
3206 2260 3481 2315 apparere
3505 2260 3599 2298 va-

2020 2347 2179 2388 cuum
2235 2333 2287 2387 in
2344 2343 2638 2404 conspectu
2697 2333 2932 2388 Domini.
2992 2333 3280 2390 Custodire
3333 2344 3423 2390 est
3469 2348 3599 2404 ergo

2022 2427 2360 2492 mandatum,
2389 2426 2695 2496 intelligere
2724 2427 2809 2480 vel
2839 2427 3123 2482 advertere
3155 2443 3274 2498 qua:
3304 2429 3595 2497 jubentur.

2019 2515 2220 2572 Facere
2247 2527 2423 2572 autem
2448 2519 2785 2586 mandatum,
2812 2527 2894 2574 est
2923 2519 3149 2589 implere
3173 2519 3593 2590 qumjubentur.

2020 2606 2111 2662 Sic
2159 2622 2290 2677 ergo
2318 2608 2726 2680 intelligendum
2769 2620 2901 2679 puto
2941 2612 3084 2681 quod
3127 2613 3313 2666 dixit:
3361 2630 3380 2663 ι
3431 2610 3493 2666 Si
3543 2612 3594 2665 in

2017 2700 2299 2770 praeceptis
2337 2701 2473 2756 meis
2513 2701 2946 2767 ambulaveritis,
2978 2714 3033 2758 et
3061 2703 3316 2759 mandata
3354 2719 3475 2759 mea
3503 2720 3594 2758 cu-

2018 2793 2337 2859 stodieritis,
2371 2805 2425 2848 et
2460 2792 2707 2850 feceritis
2740 2810 2826 2849 ea.
2865 2815 2885 2848 ι
2923 2795 3026 2851 Sed
3058 2798 3342 2851 videamus
3375 2811 3500 2867 quze
3526 2795 3592 2851 sit

2017 2885 2193 2955 prima
2225 2885 2531 2941 benedictio
2571 2886 2637 2941 iis
2663 2888 2752 2956 qui
2785 2903 2848 2942 ea
2886 2905 3008 2959 qua:
3041 2890 3371 2944 mandantur
3400 2889 3591 2960 imple-

2017 2977 2214 3032 verint.
2237 2996 2254 3028 ι
2287 2977 2456 3046 Dabo,
2493 2979 2667 3050 inquit
2691 2980 2759 3044 το,
2789 2980 3026 3049 pluviam
3059 2981 3213 3035 vobis
3246 2981 3300 3034 in
3342 2992 3588 3050 tempore

2017 3082 2136 3122 suo.
2173 3087 2191 3120 ι
2235 3065 2401 3138 Igitur
2431 3069 2604 3138 primo
2632 3069 2698 3122 ad
2729 3067 2942 3123 Iudaeos
2967 3069 3252 3139 dicamus,
3293 3081 3352 3125 et
3377 3086 3476 3125 eos
3501 3071 3586 3138 qui

341 3131 564 3238 (ibt-isti,
589 3142 984 3238 qui‘benedixit
1014 3165 1111 3206 nos
1143 3151 1194 3205 in
1226 3155 1375 3210 omni
1399 3156 1777 3216 benedictione
1802 3163 1914 3232 spis
1939 3180 1982 3238 ρ
2015 3131 2334 3229 simpliciter
2379 3131 2464 3213 vel
2498 3160 2856 3231 corporaliter
2909 3131 3024 3216 lucc
3071 3131 3431 3232 intelligenda
3476 3131 3590 3231 opi-

342 3226 486 3324 ritali
523 3228 574 3284 in
603 3233 917 3293 coelestibus
956 3239 1009 3294 in
1047 3240 1290 3301 Christo.
1341 3265 1358 3300 ι
1394 3248 1662 3315 Quoniam
1693 3226 1909 3324 quidem

339 3318 546 3416 sciebat
566 3327 856 3416 nonnullos
883 3329 1126 3402 legentes
1152 3337 1218 3392 de
1243 3318 1728 3401 benedictionibus
1753 3361 1912 3416 posse

340 3407 396 3461 in
426 3409 480 3464 id
511 3413 743 3483 prolabi,
766 3427 826 3472 ut
849 3433 941 3474 eas
959 3425 1545 3497 corporalesjputarent
1567 3441 1620 3485 et
1643 3407 1907 3500 terrenas,

339 3501 510 3558 voluit
536 3505 617 3561 eis
641 3508 948 3567 evidentius
982 3516 1198 3586 aperire
1230 3533 1350 3588 quae
1375 3521 1445 3576 sit
1479 3523 1784 3581 divinarum
1816 3527 1908 3583 be-

339 3595 705 3654 nedict'ionunt
738 3614 953 3674 natura,
982 3609 1064 3663 vel
1092 3609 1179 3664 ubi
1217 3615 1528 3681 quaerenda,
1553 3625 1609 3671 et
1636 3617 1756 3673 ideo
1787 3620 1863 3676 ait
1894 3641 1906 3676 :

341 3683 491 3780 (Qui
523 3689 796 3748 benedixit
824 3709 922 3751 nos
945 3696 999 3752 in
1040 3700 1186 3752 omni
1211 3699 1590 3761 benedictione
1613 3706 1777 3780 264
1800 3710 1910 3777 spi-

336 3774 481 3831 ritall
515 3780 566 3834 in
607 3783 922 3842 caelestibus
956 3789 1010 3843 in
1039 3788 1280 3846 Christo.
1313 3811 1332 3845 ›
1375 3793 1482 3849 Sed
1517 3805 1574 3852 et
1603 3774 1710 3853 tToE
1743 3774 1908 3868 ἲιιὶοςι

335 3869 564 3938 addidit,
608 3893 627 3926 ι
668 3876 721 3930 in
753 3881 902 3934 omni
937 3882 1314 3940 benedictione
1343 3887 1598 3958 spiritali,
1631 3909 1651 3944 ι
1694 3880 1803 3948 non
1826 3903 1909 3948 est

334 3960 591 4050 otiosum,
625 3966 718 4021 sed
749 3971 1062 4037 apostolica:
1091 3976 1451 4034 vehementia:
1495 3981 1734 4050 plenum.
1769 3982 1904 4040 Nam

333 4049 458 4119 quia
491 4053 700 4110 sciebat
728 4059 892 4114 multa
933 4075 1057 4118 esse
1087 4064 1380 4136 implenda,
1416 4049 1537 4138 qua:
1579 4074 1907 4132 ntandantur

333 4141 386 4194 in
413 4141 550 4213 lege,
575 4155 629 4199 et
657 4147 711 4200 iu
746 4164 1068 4223 unoquoque
1101 4158 1354 4213 mandato
1377 4162 1625 4230 proprios
1641 4166 1906 4223 exsistere

331 4248 553 4334 agones,
586 4237 642 4293 in
691 4241 892 4312 quibus
937 4260 1035 4314 per
1069 4248 1282 4317 singula
1320 4251 1754 4312 benedictionem
1810 4262 1902 4329 qui

329 4337 574 4380 vinceret
608 4342 927 4399 mereretur,
960 4335 1080 4390 ideo
1109 4337 1244 4393 dixit
1273 4354 1284 4388 :
1319 4365 1336 4391 ι
1371 4339 1470 4408 Qui
1508 4343 1903 4405 benedixitnos

2015 3260 2255 3306 nantur:
2305 3252 2351 3306 si
2382 3250 2562 3321 pluvia
2609 3253 2722 3307 hzec
2774 3263 3032 3322 tanquam
3074 3255 3450 3308 remuneratio
3496 3270 3589 3324 pro

2013 3341 2288 3397 laboribus
2327 3341 2488 3396 datur
2525 3341 2592 3397 iis
2625 3341 2716 3412 qui
2765 3342 3021 3397 mandata
3077 3342 3417 3408 custodiunt,
3452 3358 3585 3412 quo.

2014 3437 2172 3491 modo
2203 3445 2257 3492 et
2302 3436 2370 3492 iis
2402 3435 2497 3506 qui
2531 3440 2782 3491 mandata
2825 3452 2934 3492 non
2967 3445 3210 3502 servant,
3260 3451 3371 3490 una
3427 3446 3588 3506 atque

2010 3527 2197 3582 eadem
2228 3528 2390 3582 datur
2423 3527 2604 3598 pluvia
2650 3528 2982 3598 temporibus
3022 3528 3154 3592 suis,
3193 3537 3249 3582 et
3298 3529 3585 3582 universus

2013 3616 2244 3671 mundus
2277 3618 2655 3673 communibus
2708 3603 2878 3672 utitur
2926 3618 3120 3687 pluviis
3165 3633 3195 3671 a
3247 3617 3359 3673 Deo
3411 3618 3584 3673 datis?

2010 3709 2155 3764 Pluit
2183 3710 2326 3766 enim
2358 3725 2522 3780 super
2542 3710 2788 3780 justoset
2817 3708 3049 3779 iniustos
3073 3711 3141 3765 ".
3175 3711 3330 3778 Quod
3356 3711 3403 3765 si
3423 3710 3583 3779 justis

2009 3813 2063 3858 et
2093 3803 2308 3874 injustis
2334 3805 2495 3859 datur
2523 3804 2727 3875 pluvia,
2760 3819 2864 3859 non
2889 3803 2997 3858 erit
3023 3804 3224 3859 eximia
3261 3819 3579 3859 remunerab

2013 3894 2084 3949 tio
2125 3897 2190 3950 iis
2243 3896 2334 3965 qui
2374 3897 2625 3950 mandata
2677 3899 3038 3953 servaverint.
3092 3897 3226 3952 Vide
3273 3913 3408 3968 ergo
3458 3897 3576 3966 quia

2007 3988 2218 4042 etiarnsi
2263 3987 2431 4043 Judaei
2473 4005 2577 4042 non
2610 3991 2963 4059 acquiescant
2989 3981 3170 4045 verbis
3206 3989 3337 4044 Jesu
3366 3989 3577 4045 Domini

2007 4081 2197 4146 nostri,
2242 4090 2292 4134 tu
2327 4089 2503 4135 tamen
2528 4081 2618 4150 qui
2648 4081 2865 4136 nomine
2892 4082 3009 4152 ejus
3038 4083 3305 4143 censeris.
3339 4092 3396 4137 et
3426 4083 3576 4138 Chri-

2007 4173 2216 4227 stianus
2265 4171 2576 4241 appellaris,
2612 4173 2782 4226 debes
2819 4173 2868 4229 ei
2899 4175 3124 4229 credere
3178 4174 3406 4238 dicenti,
3457 4175 3572 4243 quia

2006 4261 2161 4318 Pater
2187 4278 2315 4318 suus
2347 4264 2592 4319 caelestis
2618 4278 2963 4321 communem
3003 4267 3144 4322 hanc
3171 4267 3413 4338 pluviam
3447 4267 3572 4335 ρΙυὶι

2004 4356 2359 4426 superjustos
2387 4365 2440 4411 et
2472 4355 2699 4426 injustos
2727 4374 2744 4413 :
2782 4367 2838 4414 et
2863 4375 2992 4413 non
3021 4360 3184 4416 debes
3214 4369 3430 4429 putare,
3454 4360 3570 4430 quia

327 4415 572 4524 i"‘°"'_"i‘
621 4422 999 4482 ικὲιῖθιίίίιιῖοιιθ
1024 4429 1303 4524 spiritali:
1337 4451 1358 4484 ι
1410 4442 1467 4488 ιιι
1491 4445 1544 4490 ει
1575 4437 1760 4507 plures
1808 4458 1900 4498 eas
1933 4518 1965 4524 _
1999 4415 2160 4518 justis
2183 4415 2438 4505 eximiam
2497 4450 2834 4520 separaverit
2873 4452 3178 4522 portionem
3214 4415 3358 4507 banc
3417 4415 3569 4524 qdant

325 4513 643 4616 Ῠξίθηάθτθι
677 4529 820 4616 θεεξ,
868 4527 924 4616 et
955 4520 1252 4590 spiritales.
1279 4523 1466 4582 Potest
1507 4539 1688 4585 autem
1717 4533 1769 4588 in
1797 4535 1898 4591 hoc
1932 4518 1976 4573 Ῐ)
1999 4513 2347 4598 communem
2389 4513 2578 4614 posuit.-
2607 4546 2769 4600 etiam
2808 4513 2930 4600 cuin
2971 4545 3212 4616 injustis.
3253 4513 3569 4613 Quatrmnus

323 4612 576 4695 ser-moue
599 4620 706 4674 quo
740 4609 816 4662 ait
850 4628 872 4661 ι
909 4611 961 4665 in
990 4615 1136 4668 omni
1171 4615 1546 4677 benedictione
1579 4624 1838 4695 spiritali,
1870 4647 1889 4680 ι

320 4698 376 4743 ει
409 4690 536 4790 illud
575 4695 838 4770 intelligi,
869 4711 949 4770 ut,
991 4707 1140 4763 verbi
1184 4711 1377 4779 gratia,
1400 4712 1585 4783 justus
1609 4690 1898 4790 quiqtte'et

322 4783 601 4847 perlectus
652 4791 1266 4860 capiatbeuedictiones
1310 4801 1560 4872 Levitici,
1595 4783 1663 4862 de
1698 4783 1898 4878 quibus

320 4889 466 4930 nunc
490 4893 670 4935 sermo
695 4894 778 4938 est
807 4903 819 4938 :
853 4889 1029 4957 capiat
1070 4903 1126 4947 et
1161 4909 1256 4949 eas
1275 4911 1397 4966 qua:
1431 4897 1484 4951 in
1526 4897 1666 4952 libro
1695 4899 1893 4958 Nume-

319 4981 502 5022 rorum
528 4973 746 5042 scripta:
769 4989 917 5042 sunt,
958 4982 1053 5035 sed
1078 4994 1133 5038 et
1163 4984 1280 5041 illas
1304 5003 1424 5057 qua:
1457 4991 1508 5044 in
1541 4991 1680 5047 libro
1716 4993 1891 5050 Gene-

314 5059 391 5115 sis
413 5063 768 5120 continentur
795 5069 1194 5132 benedictiones
1212 5076 1324 5134 Noe
1353 5081 1419 5134 ad
1439 5081 1561 5136 Sem
1591 5093 1646 5138 et
1672 5083 1888 5154 Japhet,

312 5161 368 5206 ct
391 5153 800 5215 benedictiones
829 5157 981 5218 Isaac
1009 5167 1074 5220 ad
1105 5166 1292 5235 Jacoh,
1341 5181 1396 5226 et
1422 5171 1548 5228 item
1579 5153 1752 5234 Jacob
1795 5179 1890 5234 be-

312 5246 652 5304 nedictiones
671 5252 738 5306 ad
763 5250 984 5324 Josepb,
1017 5265 1072 5312 et
1098 5259 1352 5329 Ephrem,
1389 5273 1444 5317 et
1474 5264 1798 5336 Manassem,
1832 5280 1888 5326 et

311 5347 434 5406 post
450 5339 564 5396 hate
585 5343 651 5396 ad
677 5344 963 5402 duodecim
986 5351 1351 5418 patriarchas.
1373 5357 1507 5424 Quia
1535 5375 1664 5432 ergo
1701 5364 1882 5419 multa:

308 5432 855 5495 suntbenedictiones
884 5443 1071 5510 positae
1100 5444 1154 5499 in
1188 5448 1385 5506 divinis
1416 5451 1736 5524 Scripturis,
1759 5473 1882 5527 quae

310 5528 558 5585 videntur
583 5533 799 5601 quidem
830 5538 898 5592 ad
921 5554 1360 5614 unumquemque
1391 5556 1725 5616 sanctorum,
1755 5567 1878 5606 ver-

309 5617 360 5671 bi
412 5623 607 5687 gratia,
655 5625 723 5678 ad
761 5627 910 5692 Sent,
947 5628 1028 5683 vel
1066 5629 1282 5702 Japltet,
1312 5644 1406 5689 aut
1456 5633 1653 5708 Joseplt
1696 5640 1876 5714 dirigi,

2003 4649 2132 4705 ergo
2159 4637 2210 4690 in
2252 4635 2553 4706 Scripturis
2577 4653 2696 4707 quae
2723 4639 2791 4692 sit
2830 4638 3038 4705 pluvia,
3072 4653 3192 4707 qute
3222 4639 3431 4693 sanctis
3457 4649 3569 4692 tan-

2003 4727 2281 4783 tummodo
2307 4728 2489 4794 datur,
2532 4738 2587 4783 et
2639 4729 2704 4784 de
2755 4745 2858 4798 qua
2908 4731 3197 4784 mandatur
3229 4731 3462 4785 nubibus
3508 4745 3568 4782 ne

2005 4821 2189 4888 pluaut
2234 4820 2470 4891 pluviam
2508 4824 2666 4877 istaut
2701 4838 2864 4892 super
2910 4823 3158 4893 injustos.
3191 4823 3324 4892 Quae
3349 4839 3482 4894 ergo
3503 4826 3567 4878 sit

2001 4914 2100 4966 ista
2135 4913 2334 4982 pluvia,
2377 4915 2492 4984 ipse
2527 4930 2624 4970 nos
2671 4915 2880 4986 Moyses
2906 4916 3096 4972 horqu
3141 4918 3425 4988 legislator
3447 4920 3566 4973 edo-

1998 5015 2137 5059 ceat.
2175 5005 2291 5074 Ipse
2320 5006 2463 5060 enim
2497 5007 2628 5062 dicit
2678 5009 2731 5061 in
2759 5008 3182 5064 Deuteronomio
3203 5010 3250 5040 "
3277 5025 3291 5061 :
3335 5029 3353 5063 ι
3384 5013 3563 5064 Atten-

1997 5096 2082 5160 de,
2113 5098 2334 5165 ctelum,
2362 5108 2416 5151 et
2447 5097 2655 5166 loquar,
2699 5109 2754 5154 et
2783 5101 2968 5154 audiat
3001 5109 3148 5154 terra
3180 5100 3347 5156 verba
3375 5117 3444 5156 ex
3475 5116 3563 5155 ore

1996 5201 2135 5253 rueo,
2171 5197 2516 5256 exspectetur
2560 5190 2701 5244 sicut
2747 5191 2924 5258 pluvia
2969 5191 3243 5259 eloquium
3290 5209 3496 5248 meum.
3537 5213 3557 5245 ι

1994 5278 2244 5349 Nunquid
2281 5295 2400 5335 mea
2447 5282 2608 5336 verba
2649 5293 2778 5336 sunt
2816 5283 2959 5338 ista?
2992 5282 3242 5352 Nunquid
3277 5285 3559 5340 rhetoricis

1993 5374 2323 5442 argumentis
2353 5388 2573 5427 sensum
2609 5375 2806 5428 divina:
2853 5375 2986 5444 legis
3014 5376 3289 5432 violenter
3335 5377 3558 5433 inﬂecti-

1990 5463 2148 5518 tnus?
2176 5462 2366 5519 Nonne
2391 5463 2600 5535 Moyses
2627 5473 2709 5520 est
2740 5467 2828 5534 qui
2860 5466 2991 5521 dicit
3016 5467 3254 5536 pluviam
3285 5469 3557 5539 essequod

1987 5555 2260 5622 loquitur?
2290 5575 2308 5607 t
2343 5555 2724 5625 Exspectetur,
2756 5558 2932 5627 inquit
2961 5559 3028 5625 ⁷³,
3066 5559 3212 5614 sicut
3242 5561 3429 5627 pluvia
3451 5563 3556 5616 eloa

1987 5647 2175 5716 quium
2215 5663 2420 5717 mcum,
2459 5659 2510 5704 et
2552 5648 2883 5705 descendant
2913 5651 3057 5706 sicut
3086 5667 3173 5707 ros
3213 5655 3378 5708 verba
3418 5668 3554 5718 mea,

379 5801 427 5837 “
445 5803 641 5873 Ephes.
680 5825 716 5878 ι,
754 5813 808 5866 5.
891 5817 932 5848 ’9
981 5816 1152 5874 Levit.
1184 5836 1327 5889 uti,
1366 5822 1419 5876 5.
1497 5823 1543 5857 ’⁸
1576 5825 1705 5883 ibid.
1741 5828 1792 5883 4.
1871 5831 1910 5861 ⁷¹

2014 5831 2132 5885 tttb.
2187 5848 2235 5899 v,
2279 5832 2368 5888 45.
2449 5834 2492 5866 τ’
2526 5833 2680 5890 Deut.
2731 5849 2903 5901 χχχιι,
2939 5835 3046 5903 ιβ.
3124 5837 3170 5868 ⁷⁸
3199 5838 3335 5894 ibid.
