3914 6506
371 420 481 476 565

1510 412 1577 468 IN
1614 405 1989 466 stmcen
2025 370 2310 465 HOMILIA
2350 404 2487 461 xvr.

3519 408 3625 462 566

373 542 518 595 sicut
557 538 731 593 imber
763 553 930 608 super
958 551 1206 607 gramen,
1248 544 1304 589 et
1352 535 1499 591 sicut
1538 536 1629 590 nix
1666 547 1829 602 super
1864 530 1947 586 fe-
1979 533 2023 589 A
2052 526 2104 581 in
2135 535 2417 597 tempore:
2453 526 2596 581 sicut
2620 530 2673 579 et
2703 521 2863 578 tritici
2894 538 3203 581 mensuram
3236 539 3426 582 servus
3453 526 3626 583 ﬁdelis

375 649 526 686 num.
560 650 578 684 ι
602 631 823 685 Intende
850 630 1158 699 diligenter,
1179 628 1413 693 auditor,
1442 642 1513 682 ne
1532 634 1688 697 putes
1717 640 1815 679 nos
1840 624 1947 678 vim

374 724 559 779 facere
592 722 889 793 Scriptura:
933 722 1151 785 divinae,
1192 735 1315 774 cum
1343 720 1603 776 docentes
1644 718 1947 773 Ecclesiam

375 817 610 871 dicimus
636 816 717 870 vel
737 814 1013 883 aquas,vel
1033 814 1252 882 imbres,
1273 814 1359 869 vel
1391 812 1495 868 alia
1517 829 1638 883 quae
1661 810 1950 880 corporali-

374 919 461 963 ter
476 909 582 963 dici
603 910 875 972 videntur,
896 908 1221 978 spiritaliter
1238 907 1544 963 sentienda.
1564 907 1699 961 Audi
1728 906 1950 976 Moysen

373 1002 650 1070 quomodo
667 1000 891 1055 verbum
921 1000 1053 1071 legis
1076 1016 1219 1056 nunc
1244 1000 1482 1072 pluviam
1518 999 1779 1064 nominat,
1807 1012 1951 1053 nunc

377 1109 558 1148 rorem
593 1102 773 1158 vocat,
795 1108 937 1147 nunc
962 1093 1214 1159 imbrem,
1247 1107 1390 1149 nunc
1407 1093 1569 1149 etiam
1595 1093 1769 1147 nivem
1795 1091 1948 1147 dicit.

378 1185 446 1239 Et
473 1186 615 1240 sicut
645 1186 855 1255 Moyses
889 1186 1040 1240 varia
1077 1196 1132 1241 et
1180 1186 1393 1242 diversa
1445 1185 1790 1257 proloquitur
1829 1194 1950 1238 tau-

374 1292 537 1347 quam
573 1293 637 1334 ex
674 1279 849 1349 gratia
910 1278 1259 1333 multiformis
1309 1278 1407 1333 Dei
1452 1278 1732 1348 sapientia:
1776 1277 1955 1347 prolo-

378 1384 578 1437 quens,
623 1371 697 1425 ita
724 1379 773 1424 et
810 1370 979 1426 lsaias
1019 1384 1141 1425 cum
1175 1371 1375 1426 dicit"
1409 1389 1423 1426 :
1469 1389 1489 1423 ι
1535 1371 1696 1439 Audi,
1729 1369 1950 1435 emtum,

374 1473 429 1517 et
462 1463 679 1533 percipe
710 1463 947 1528 auribus,
976 1473 1139 1531 terra,
1168 1464 1421 1536 quoniam
1452 1464 1713 1521 Dominus
1746 1466 1954 1522 locutus

375 1565 483 1610 est.
528 1574 547 1608 ι
594 1555 698 1610 Sed
739 1567 791 1612 et
834 1559 1208 1628 unusquisque
1235 1559 1621 1628 prophetarum
1666 1573 1792 1613 cum
1827 1572 1955 1628 ape-

379 1651 552 1703 merit
598 1663 681 1716 os,
718 1649 920 1705 imbres
952 1651 1170 1706 deducit
1200 1664 1364 1721 super
1399 1650 1591 1706 faciem
1639 1659 1818 1713 terrae,
1852 1650 1956 1706 hoc

372 1749 461 1792 est
509 1742 732 1795 auribus
774 1753 829 1797 et
861 1743 1117 1797 cordibus
1146 1743 1480 1799 auditorum.
1513 1742 1627 1799 Hoc
1669 1744 1850 1799 sciens
1898 1753 1954 1800 et

374 1832 651 1899 apostolus
685 1831 880 1888 Paulus
914 1834 1129 1889 dicebat
1151 1835 1197 1866 ⁷³
1228 1852 1242 1889 :
1286 1853 1305 1886 ι
1335 1834 1502 1890 Terra
1537 1837 1683 1891 enim
1721 1837 1945 1891 venien-

2049 630 2104 675 et
2131 622 2366 690 prudens
2399 620 2450 674 in
2483 619 2775 690 Evangelio
2819 620 3097 676 conservis
3137 621 3264 676 dare
3306 619 3528 688 jubetur
3572 622 3625 676 in

2052 721 2311 780 tempore.
2341 710 2447 766 Sed
2475 719 2529 767 et
2562 710 2666 767 alio
2690 711 2847 766 modo
2882 725 3167 780 possumus
3195 710 3493 781 intelligere
3524 712 3629 767 hoc

2050 804 2194 873 quod
2228 802 2516 857 mandatur
2546 801 2720 857 imber
2757 803 2965 858 dandus
2992 803 3045 857 in
3076 811 3339 872 tempore.
3372 802 3514 859 Puer
3547 812 3631 858 est

2051 893 2264 963 aliquis,
2286 902 2338 948 et
2369 892 2624 961 parvulus
2652 892 2705 947 in
2729 890 2860 957 ﬁde;
2886 893 3093 962 indiget
3122 893 3320 962 pluvia,
3344 894 3438 949 sed
3469 893 3632 949 lactis

2051 988 2252 1061 pluvia.
2285 987 2377 1043 Sic
2421 988 2565 1043 enim
2613 986 2743 1042 dicit
2796 986 2906 1051 ille,
2939 985 3027 1056 qui
3079 986 3281 1042 sciebat
3321 986 3529 1056 pluvias
3575 985 3630 1040 in

2054 1088 2299 1151 tempore
2341 1079 2692 1151 dispensare:
2728 1098 2748 1132 ι
2778 1078 2886 1134 Lac
2916 1078 3070 1135 vobis
3105 1089 3288 1149 potum
3337 1080 3483 1145 dedi,
3518 1094 3623 1134 non

2052 1187 2271 1240 escam,
2319 1173 2557 1229 nondum
2607 1173 2752 1227 enim
2795 1172 3142 1242 poteratis".
3182 1190 3201 1224 ι
3238 1171 3473 1227 Profecit
3504 1182 3628 1241 post

2052 1265 2168 1321 haec
2208 1266 2261 1320 in
2301 1264 2423 1331 ﬁde,
2456 1264 2626 1318 crevit
2661 1272 2818 1319 actate
2861 1272 2917 1317 et
2968 1264 3252 1334 sapientia.
3297 1264 3468 1335 Aptus
3511 1265 3629 1321 sine

2054 1356 2215 1411 dubio
2256 1355 2431 1409 factus
2472 1362 2578 1418 est,
2617 1351 2707 1423 qui
2754 1350 3064 1407 solidiurem
3113 1350 3378 1421 percipiat
3422 1352 3626 1406 cibum.

2053 1445 2362 1501 inﬁrmatur
2384 1443 2598 1514 aliquis,
2626 1454 2680 1499 et
2709 1459 2813 1500 non
2860 1457 2959 1512 pro
2990 1453 3255 1514 tempore,
3290 1441 3383 1496 sed
3418 1456 3513 1511 pro
3545 1442 3631 1495 in-

2055 1540 2313 1596 ﬁrmitate
2338 1554 2535 1609 capere
2556 1553 2662 1593 non
2690 1548 2870 1608 potest
2891 1551 3011 1606 qua:
3040 1538 3257 1591 robusta
3285 1546 3410 1590 sunt
3434 1553 3446 1586 :
3480 1534 3628 1589 verbi

2055 1647 2356 1699 causa,non
2402 1640 2577 1698 potest
2619 1630 2773 1702 plene
2825 1630 2892 1685 de
2925 1628 3173 1684 castitate
3201 1640 3395 1698 capere
3420 1641 3629 1681 sermo-

2058 1742 2212 1794 nem;
2236 1733 2451 1795 oportet
2483 1724 2718 1796 compati
2759 1731 2813 1778 et
2846 1721 3021 1787 metiri
3064 1722 3365 1777 doctrinam
3409 1737 3507 1792 pro
3546 1721 3631 1775 vi-

2057 1824 2194 1877 rium
2226 1821 2511 1891 qualitate,
2547 1830 2601 1875 et
2629 1818 2848 1875 concedi
2897 1817 3091 1871 talibus
3139 1814 3375 1885 nuptias.
3409 1812 3520 1869 l‘loc
3548 1823 3634 1868 est

377 1934 486 1977 tem
537 1925 733 1995 saepius
778 1942 943 1998 super
992 1942 1051 1983 se
1102 1928 1294 1984 bibens
1351 1929 1605 1996 imbrem,
1654 1939 1710 1984 et
1753 1931 1952 2001 genui-
1987 1897 2029 1952 Β
2058 1914 2294 1970 oleribus
2323 1928 2548 1984 pascere
2586 1912 2884 1977 inﬁrmum,
2920 1919 2974 1964 et
3010 1908 3079 1962 ad
3118 1907 3424 1975 huiusmodi
3480 1921 3632 1960 men-

374 2030 516 2069 nans
540 2015 651 2089 (54)
682 2019 903 2073 herbam
946 2030 1309 2091 opportunam
1340 2021 1407 2075 iis
1438 2036 1466 2075 a
1499 2020 1697 2091 quibus
1727 2021 1949 2089 colitur,

373 2108 577 2178 accipit
611 2110 1015 2167 benedictiones
1044 2127 1074 2167 a
1110 2112 1258 2181 Deo;
1292 2129 1414 2185 quae
1451 2123 1629 2168 autem
1667 2115 1967 2185 protulerit

370 2202 563 2271 spinas
591 2212 646 2257 et
672 2203 918 2273 tribulos,
950 2205 1178 2276 reproba
1210 2216 1315 2272 est,
1341 2214 1398 2261 et
1439 2206 1727 2262 maledicto
1760 2208 1952 2278 proxi—

372 2310 485 2359 ma,
510 2294 662 2363 cujus
685 2295 806 2351 ﬁnis
838 2298 904 2350 ad
931 2296 1299 2352 exustiouem.
1331 2316 1350 2349 ι
1385 2296 1637 2367 Nunquid
1667 2298 1781 2352 haec
1806 2298 1954 2368 Apo-

369 2386 627 2441 stolusde
653 2398 794 2442 terra
826 2390 926 2443 hac
959 2388 1133 2444 dixit?
1163 2388 1270 2445 Sed
1299 2404 1399 2444 nec
1435 2390 1634 2460 accipit
1667 2398 1808 2445 terra
1837 2391 1954 2446 haec

369 2479 781 2536 benedictiones
803 2496 831 2534 a
862 2482 994 2546 Deo,
1020 2497 1140 2536 cum
1166 2482 1370 2538 imbres
1390 2481 1607 2548 biberit,
1637 2491 1691 2536 et
1717 2482 1950 2537 fructum

371 2574 712 2641 produxerit.
739 2573 845 2629 Sed
865 2590 1038 2644 neque
1068 2577 1112 2629 si
1130 2574 1315 2645 spinas
1331 2589 1394 2630 ac
1427 2574 1653 2631 tribulos
1679 2586 1801 2647 post
1831 2575 1952 2645 plu-

369 2667 520 2720 viam
566 2666 877 2735 protulerit,
909 2676 1271 2737 consequetur
1294 2667 1730 2724 maledictionem
1762 2684 1792 2722 a
1822 2669 1951 2725 Deo.

370 2757 699 2812 Sed~nostra
744 2766 914 2823 terra,
954 2758 1006 2811 id
1045 2767 1150 2825 est,
1186 2766 1433 2812 nostrum
1460 2772 1577 2822 cor,
1615 2757 1660 2811 si
1693 2759 1956 2830 suscipiat

369 2848 690 2919 frequenter
706 2848 1008 2903 venientem
1025 2864 1184 2919 super
1199 2864 1256 2903 se
1270 2850 1505 2918 pluviam
1525 2850 1785 2907 doctrinae
1800 2853 1952 2922 legis,

363 2953 425 2995 et
457 2940 701 2994 attulerit
724 2939 961 2994 fructum
992 2954 1237 3008 opermu,
1263 2942 1463 3011 accipit
1498 2941 1903 2998 benedictiones
1924 2959 1955 2999 a

367 3036 508 3089 Deo.
532 3031 589 3087 Si
604 3047 734 3086 vero
748 3046 856 3087 non
878 3047 1015 3101 opus
1030 3033 1295 3103 spiritale,
1313 3034 1407 3088 sed
1428 3036 1611 3105 spinas
1627 3046 1679 3091 et
1704 3034 1953 3107 tribulos,

362 3129 425 3181 id
451 3136 536 3180 est
579 3124 974 3180 sollicitudines
1014 3126 1203 3181 saeculi
1246 3126 1464 3193 habeat,
1494 3137 1590 3183 aut
1629 3129 1955 3198 voluptates.

358 3229 426 3274 et
469 3218 780 3271 divitiarum
813 3217 1162 3288 cupiditates,
1210 3222 1439 3286 reproba
1464 3230 1543 3275 est
1573 3229 1627 3276 et
1668 3220 1957 3278 maledicto

360 3312 536 3386 265
567 3308 831 3381 proxima,
864 3309 1018 3379 cujus
1051 3310 1175 3366 ﬁnis
1205 3312 1309 3367 erit
1342 3313 1408 3367 ad
1433 3313 1790 3368 exustionem.
1818 3312 1953 3386 Pro-

363 3419 559 3476 pterea
616 3407 986 3477 unusquisque
1034 3404 1339 3459 auditorum
1395 3419 1516 3458 cum
1582 3405 1833 3458 convenit
1888 3403 1955 3458 ad

361 3500 722 3564 audiendum,
744 3496 971 3567 suscipit
994 3495 1221 3550 imbrem
1251 3492 1397 3548 verbi
1431 3492 1561 3547 Dei:
1595 3503 1648 3548 et
1670 3494 1716 3550 si
1741 3494 1956 3563 quidem

363 3594 611 3649 fructum
657 3588 1114 3659 attulerit’operis
1154 3588 1278 3642 boni
1305 3626 1320 3653 ,
1362 3587 1791 3643 benedictionem
1829 3602 1958 3643 con-

360 3697 656 3756 sequetur.
703 3684 761 3740 Si
801 3697 927 3738 vero
972 3689 1284 3750 susceptum
1333 3679 1555 3735 verbum
1597 3681 1691 3735 Dei
1721 3689 1960 3736 contem-

363 3778 571 3849 pserit,
593 3786 647 3831 et
676 3776 990 3846 frequenter
1030 3773 1211 3827 audita
1256 3771 1575 3843 neglexerit,
1603 3786 1666 3827 ac
1693 3771 1961 3828 sollicitu-

363 3873 491 3928 dini
539 3887 597 3927 se
643 3886 824 3926 rerum
868 3866 1228 3932 saecularium,
1270 3865 1588 3934 libidinique
1648 3866 1958 3935 subjecerit,

365 3977 635 4035 tanquam
666 3963 755 4031 qui
786 3960 957 4031 spinis
986 3956 1330 4013 suﬁocaverit
1363 3957 1606 4022 verbum,
1634 3958 1965 4013 maledictio-

362 4074 501 4113 nem
537 4072 636 4126 pro
658 4054 1034 4111 benedictione
1066 4050 1360 4121 conquirit,
1386 4058 1440 4105 et
1468 4064 1567 4120 pro
1614 4050 1961 4107 beatitudinis

364 4156 486 4208 line
534 4148 669 4222 (35),
718 4149 880 4203 ﬁnem
927 4144 1230 4202 eirustionis
1257 4144 1518 4200 inveniet.
1557 4161 1576 4195 ι
1614 4144 1761 4199 Dabo
1808 4159 1959 4216 ergo,

363 4245 557 4314 inquit
585 4244 655 4309 ⁷³,
679 4241 832 4297 vobis
884 4239 1118 4311 pluviam
1172 4238 1226 4292 in
1284 4246 1544 4307 tempore.
1588 4255 1608 4289 ι
1645 4236 1963 4293 Necessario

362 4338 588 4393 addidit
630 4344 685 4390 et
713 4354 731 4387 ‹
769 4335 821 4390 in
879 4341 1142 4403 tempore.
1184 4350 1202 4383 ι
1235 4330 1389 4386 Sicut
1442 4330 1586 4385 enim
1638 4330 1815 4385 imber
1863 4331 1963 4385 is'te

366 4446 635 4487 terrenus
682 4430 724 4485 si
774 4429 1080 4497 importune
1126 4423 1325 4489 veniat,
1365 4423 1417 4478 id
1457 4432 1558 4489 est,
1596 4440 1719 4479 cum
1770 4425 1963 4478 messis

360 4523 670 4595 colligitur,
711 4537 835 4578 cum
873 4521 1144 4575 frumenta
1191 4526 1438 4573 teruntur
1479 4515 1531 4569 in
1576 4515 1738 4581 areis,
1772 4515 1963 4570 obesse

1984 3249 2030 3312 C

2052 2022 2208 2062 suras
2233 2016 2421 2073 aptare
2462 2004 2609 2060 velut
2642 2012 2857 2059 tenuem
2895 2009 2948 2056 et
2997 2000 3107 2055 rori
3137 1998 3366 2054 similem
3397 1997 3631 2069 pluviam

2052 2098 2223 2155 verbi.
2255 2097 2349 2153 Est
2370 2106 2551 2152 autem
2600 2096 2705 2151 alia
2757 2104 2925 2160 terra,
2959 2108 3080 2164 quae
3130 2100 3307 2162 potest
3356 2091 3634 2161 suscipere

2052 2188 2262 2243 validos
2299 2187 2521 2252 imbres,
2562 2184 2706 2241 ferre
2747 2184 2907 2239 etiam
2943 2181 3167 2236 ﬁumina
3200 2181 3350 2236 verbi
3396 2180 3513 2245 Dei,
3548 2196 3634 2234 ra-

2054 2281 2206 2346 pidos
2251 2290 2468 2350 portare
2515 2278 2627 2350 (56)
2656 2285 2944 2332 torrentes.
2997 2272 3075 2329 De
3127 2274 3194 2329 iis
3238 2275 3380 2329 enim
3434 2272 3633 2328 talibus

2052 2373 2321 2444 Propheta
2360 2373 2494 2429 dicit
2534 2372 2589 2427 in
2626 2369 2858 2427 Psalmis
2878 2369 2965 2423 ηε
3001 2387 3019 2420 ι
3047 2366 3113 2421 Ει
3146 2376 3439 2424 torrentem
3480 2366 3635 2422 volu-

2053 2467 2221 2539 ptatis
2255 2476 2360 2521 tua:
2379 2475 2565 2536 potum
2592 2465 2748 2521 dabis
2782 2464 2908 2519 illis.
2938 2482 2956 2515 ι

2123 2560 2177 2615 5.
2209 2578 2228 2612 ι
2269 2558 2413 2613 Dabo
2434 2573 2554 2630 ego,
2583 2557 2759 2627 inquit
2778 2556 3016 2624 ",vobis
3046 2554 3281 2625 pluviam
3310 2553 3363 2608 in
3393 2561 3636 2622 tempore

2055 2667 2176 2719 suo,
2203 2661 2259 2707 et
2289 2652 2440 2706 dabit
2482 2659 2624 2706 terra
2667 2648 2978 2704 nativitates
3002 2663 3149 2704 suas.
3180 2665 3199 2698 ι
3236 2643 3364 2701 Post
3404 2644 3635 2711 primam

2054 2747 2484 2803 benedictionem
2508 2744 2722 2816 pluviae,
2753 2744 2856 2798 ista
2886 2742 3125 2798 secunda
3166 2748 3250 2798 est
3291 2753 3399 2810 qua
3439 2737 3640 2793 dicitur

2059 2847 2494 2909 terra,suscepta
2522 2837 2722 2909 pluvia,
2750 2837 2879 2891 dare
2905 2835 3217 2889 nativitates
3253 2846 3400 2887 suas.
3430 2830 3640 2884 lnveni-
3687 2824 3699 2839 '

2057 2949 2176 2990 mus
2201 2932 2327 3003 quia
2349 2940 2402 2987 et
2430 2930 2581 2986 Isaac
2605 2930 2932 2985 benedicens
2952 2927 3123 2984 Jacob
3145 2923 3406 2982 dixerit”
3436 2940 3451 2978 :
3482 2942 3502 2975 ι
3540 2922 3642 2978 Det

2058 3025 2154 3081 tibi
2186 3024 2443 3080 Dominus
2476 3037 2506 3077 a
2539 3037 2661 3078 rore
2688 3021 2830 3087 cmli,
2860 3031 2916 3077 et
2952 3021 3020 3075 ab
3053 3020 3302 3075 ubertate
3339 3026 3501 3072 terrae
3527 3014 3642 3086 ple-

2057 3116 2358 3173 nitudinem
2388 3112 2645 3169 frumenti
2677 3121 2731 3167 et
2764 3113 2894 3167 vini.
2926 3131 2945 3164 ι
2973 3111 3212 3167 Putasne
3248 3108 3356 3164 tale
3396 3108 3640 3162 frumen-

2062 3220 2174 3266 tum
2232 3209 2286 3264 in
2338 3207 2717 3264 benedictione
2755 3205 2916 3261 dabat
2964 3205 3113 3260 Isaac
3159 3201 3270 3257 ﬁlio
3311 3215 3410 3257 suo
3449 3198 3634 3267 Jacob,

2059 3299 2220 3372 quale
2245 3297 2446 3354 habent
2472 3307 2525 3352 et
2558 3304 2875 3367 peccatores
2900 3294 3170 3359 homines,
3204 3301 3260 3348 et
3285 3291 3429 3362 quali
3468 3291 3642 3345 abun-

2059 3394 2222 3451 dabat
2283 3391 2449 3448 etiam
2496 3389 2694 3459 impius
2752 3387 3003 3443 Pharao?
3052 3386 3301 3442 llreccine
3341 3390 3462 3438 erat
3508 3381 3641 3436 tanti

2059 3484 2384 3557 patriarchae
2440 3480 2788 3537 benedictio?
2837 3478 2926 3535 Vis
2984 3478 3078 3533 tibi
3126 3478 3305 3532 adhuc
3358 3474 3646 3532 ostendam

2060 3577 2332 3650 quomodo
2360 3584 2414 3632 et
2454 3574 2547 3629 alii
2582 3572 2758 3643 iniqui
2806 3572 3035 3628 habeant
3087 3569 3483 3625 multitudinem
3534 3568 3646 3621 fru-

2062 3671 2268 3728 menti?
2292 3669 2503 3724 Intuere
2533 3667 2679 3722 illum
2714 3667 2764 3722 in
2787 3664 3096 3735 Evangelio,
3117 3663 3273 3734 cujus
3292 3676 3421 3733 ager
3447 3661 3647 3716 multos

2062 3764 2240 3821 attulit
2278 3764 2507 3830 fructus,
2527 3762 2617 3832 qui
2648 3748 2786 3816 dixit
2804 3758 2883 3811 ⁸¹ε
2914 3777 2933 3810 ι
2962 3756 3247 3811 Destruam
3282 3754 3478 3810 horrea
3502 3765 3645 3815 mea,

2062 3867 2118 3913 et
2148 3858 2352 3928 majora
2394 3850 2752 3918 recedilicabo,
2786 3860 2841 3907 et
2870 3850 3048 3906 dicam
3082 3847 3283 3903 anima:
3312 3859 3444 3900 mea
3470 3862 3485 3899 :
3516 3844 3649 3897 Ani-

2065 3968 2175 4015 ma,
2207 3951 2374 4006 habes
2420 3950 2588 4003 multa
2620 3948 2761 4003 bona
2813 3943 3050 4015 reposita
3092 3942 3147 3996 in
3193 3954 3364 3994 annos
3405 3936 3645 4001 multos;

2064 4046 2346 4109 manduca,
2368 4042 2495 4098 bibe
2514 4083 2529 4110 ,
2555 4049 2605 4096 et
2633 4040 2833 4094 laetare.
2857 4056 2877 4089 ι
2901 4035 3053 4091 Talia
3083 4048 3210 4103 ergo
3234 4030 3506 4088 credimus
3528 4043 3650 4084 esse

2064 4139 2225 4203 bona,
2252 4152 2374 4208 qua:
2399 4134 2595 4191 divinis
2627 4129 3095 4188 benedictionibus
3116 4124 3320 4182 sanctis
3346 4122 3652 4193 quibusque

2065 4239 2120 4287 et
2145 4229 2392 4285 ﬁdelibus
2432 4223 2822 4283 tradebantur?
2866 4220 3016 4275 Alios
3066 4231 3194 4288 ergo
3238 4224 3396 4271 terrae
3440 4214 3649 4267 fructus

2066 4322 2291 4393 aSpicio,
2319 4331 2373 4376 et
2397 4320 2556 4373 aliter
2579 4314 2976 4373 multitudinem
3003 4308 3302 4364 nativitatis
3325 4307 3563 4361 intueor.
3593 4303 3653 4360 Si

2065 4415 2210 4470 enim
2255 4424 2397 4469 terra
2431 4426 2552 4466 mea
2589 4408 2783 4464 afferat
2812 4408 3071 4471 fructum,
3098 4402 3143 4458 si
3182 4401 3494 4457 nativitates
3521 4413 3652 4453 suas

2066 4522 2131 4560 ex
2168 4496 2375 4561 D’omini
2412 4500 2790 4557 benedictione
2831 4497 3114 4567 producat,
3152 4487 3416 4562 intelliget
3458 4506 3654 4547 sensus

363 4581 554 4686 magis
588 4581 746 4685 quam
796 4611 1055 4682 prodesse
1093 4608 1394 4672 videbitur;
1446 4605 1521 4659 ita
1573 4616 1629 4659 et
1681 4605 1718 4658 ii
1769 4606 1963 4674 quibus
1997 4595 2041 4651 D
2072 4610 2240 4660 meus,
2271 4604 2325 4649 et
2374 4593 2650 4662 explicare
2696 4587 2893 4658 poterit
2939 4597 3057 4654 qua:
3099 4581 3383 4653 qualisque
3426 4583 3499 4637 sit
3543 4582 3651 4636 ista

361 4709 558 4779 pluvia
612 4706 764 4761 verbi
816 4706 908 4759 Dei
963 4700 1319 4758 ministranda
1367 4698 1742 4762 committitur,
1778 4698 1964 4752 obser-

361 4817 509 4857 vare
534 4800 730 4855 debent
758 4800 860 4853 hoc
890 4797 1034 4868 quod
1063 4794 1195 4848 dicit
1217 4793 1519 4860 Scriptura,
1551 4798 1609 4843 ut
1639 4789 1692 4843 in
1722 4799 1963 4858 tempore

361 4893 681 4964 praebeant,
710 4893 762 4947 id
790 4900 894 4955 est,
926 4905 992 4943 nc
1019 4887 1299 4958 crapulato
1332 4896 1386 4940 et
1413 4885 1563 4941 ebrio
1599 4884 1821 4938 verbum
1866 4882 1959 4937 Dei

362 4990 653 5057 ingerant,
683 4999 783 5039 nec
815 4992 1079 5051 occupato
1126 4981 1181 5034 in
1225 4978 1347 5033 aliis
1381 4977 1581 5040 animo,
1611 4989 1732 5029 cum
1782 4982 1961 5028 atten-

366 5096 468 5137 tus
497 5096 619 5135 esse
644 5095 750 5135 non
780 5087 957 5149 potest
983 5091 997 5129 :
1025 5076 1105 5131 vel
1135 5089 1258 5130 cum
1303 5070 1531 5140 alicujus
1564 5070 1677 5124 vitii
1710 5071 1965 5139 languore

364 5175 711 5231 constrictus
750 5180 853 5235 est,
886 5179 938 5226 et
972 5184 1076 5223 non
1116 5167 1344 5232 doctori,
1370 5165 1463 5220 sed
1514 5162 1702 5217 morbo
1744 5161 1965 5231 proprio

366 5268 608 5325 interior
634 5274 920 5337 praestatur
941 5263 1178 5318 auditus.
1211 5259 1512 5314 Prudenter
1535 5271 1664 5327 ergo
1687 5256 1960 5325 conjiciat,

367 5362 473 5416 ubi
507 5370 684 5430 potest
726 5374 921 5413 vacare
973 5371 1145 5423 incus,
1194 5354 1280 5408 ubi
1324 5352 1557 5417 sobrius,
1588 5350 1675 5404 ubi
1714 5349 1965 5421 vigilans,

368 5454 473 5509 ubi
522 5455 762 5508 intentus
808 5450 1024 5505 auditor
1062 5459 1164 5515 est,
1202 5459 1256 5503 et
1303 5447 1372 5502 ibi
1417 5446 1653 5519 pluviam
1696 5444 1969 5501 ministret

474 5594 521 5627 ⁷⁵
551 5594 652 5649 lsa.
690 5610 727 5657 ι,
761 5594 815 5646 2.
891 5592 937 5624 ⁷⁵
964 5590 1125 5645 Hebr.
1153 5606 1224 5655 vi,
1262 5590 1314 5647 7.

368 5666 425 5697 ⁸ο
461 5664 599 5722 Gen.
646 5681 778 5731 xvn,
806 5664 898 5720 ‘28.
973 5662 1017 5693 ⁸⁸
1050 5663 1181 5716 Luc.
1217 5679 1313 5727 an,
1346 5660 1433 5716 18.
1507 5662 1551 5693 ⁸⁸
1578 5662 1768 5716 Matth.
1797 5678 1914 5717 xm.

461 5778 575 5847 (5.5)
601 5778 778 5833 Codex
808 5776 1122 5848 Sangerm.,
1149 5794 1178 5848 ι
1215 5790 1499 5848 generans.
1529 5795 1546 5827 ι

464 5845 575 5920 (55)
606 5849 762 5903 Libb.
813 5845 965 5907 editi.
1005 5865 1022 5897 ι
1056 5858 1111 5900 et
1146 5845 1539 5920 benedictionis
1584 5847 1762 5920 ﬁnem.
1805 5864 1823 5897 ι
1855 5846 1968 5920 Co-

377 5917 497 5980 (ιιι
549 5917 857 5990 Snngerui.,
894 5936 912 5970 ι
950 5929 1003 5973 et
1050 5934 1145 5988 pro
1194 5917 1545 5973 beatitudinis
1602 5918 1725 5973 line.
1777 5936 1795 5969 ι
1838 5918 1968 5985 Alii,

1412 5591 1457 5623 ⁷⁸
1487 5590 1659 5647 Levit.
1686 5607 1833 5657 xxvr,
1858 5591 1910 5645 4.
1986 5591 2032 5627 ⁷⁷
2066 5588 2109 5644 ιι
2138 5586 2266 5642 Cor.
2294 5597 2388 5647 ιιι,

2072 4698 2236 4753 terra,
2266 4701 2383 4756 qua:
2418 4692 2638 4751 accepta
2671 4677 2881 4734 caelesti
2910 4676 3085 4745 pluvia
3128 4676 3439 4729 nativitates
3476 4674 3652 4745 prole-

2070 4792 2156 4836 rat
2189 4775 2591 4833 rationabilium
2624 4772 2859 4840 frugum.
2890 4768 3280 4825 Testimonium
3313 4767 3381 4823 de
3415 4768 3652 4838 Evange-

2070 4875 2157 4929 liis
2184 4887 2337 4927 sume
2357 4870 2425 4933 ⁸³,
2455 4867 2725 4937 quomodo
2762 4864 2894 4919 exiit
2933 4864 3025 4934 qui
3078 4863 3319 4917 seminat
3357 4853 3652 4928 seminare,

2071 4979 2127 5023 et
2172 4964 2316 5020 aliud
2351 4962 2570 5033 quidem
2619 4958 2816 5015 cecidit
2862 4970 3019 5012 secus
3066 4956 3237 5022 viam,
3279 4957 3428 5011 aliud
3473 4964 3655 5010 autem

2072 5072 2237 5129 super
2268 5067 2497 5125 petram,
2531 5053 2675 5107 aliud
2720 5065 2884 5120 super
2920 5051 3127 5120 spinas,
3163 5050 3309 5106 aliud
3346 5058 3528 5105 autem
3564 5063 3657 5102 su-

2074 5166 2169 5219 per
2202 5159 2402 5203 terram
2430 5148 2645 5201 bonam.
2679 5144 2734 5198 Si
2762 5157 2891 5213 ergo
2921 5160 2983 5200 ea
3015 5160 3139 5216 qua:
3170 5144 3467 5200 ceciderint
3495 5156 3656 5212 super

2077 5255 2276 5298 terram
2316 5240 2514 5296 bonam
2547 5239 2824 5294 attulerint
2872 5237 3128 5304 fructum,
3155 5237 3302 5293 dedit
3353 5245 3495 5292 terra
3538 5234 3655 5288 fru-

2076 5350 2220 5395 ctum
2271 5353 2451 5401 suum,
2484 5345 2539 5390 et
2582 5336 2897 5389 nativitates
2945 5349 3073 5389 suas
3105 5331 3380 5404 produxit,
3414 5327 3653 5383 centesi-

2076 5451 2246 5501 mum,
2280 5444 2335 5490 et
2370 5431 2790 5501 sexagesimum,
2819 5437 2873 5484 et
2910 5428 3265 5483 tricesimum.

2414 5581 2448 5619 εὶ

2419 5617 2468 5634 de

2546 5578 2593 5610 ’⁸
2624 5575 2763 5632 Psal.
2794 5591 2979 5639 xxxvr,
3008 5575 3060 5627 8.
3136 5570 3181 5602 ⁷⁸
3206 5570 3377 5626 Levrt.
3420 5582 3567 5635 xxvi,
3596 5564 3654 5623 4.

2084 5792 2103 5825 ι
2138 5780 2191 5826 et
2218 5785 2317 5839 pro
2347 5764 2700 5839 beatitudinis
2737 5759 3191 5839 remuneratione.
3233 5774 3251 5807 ι

2149 5830 2260 5914 (56)
2292 5839 2445 5894 Libb.
2478 5836 2631 5901 editi,
2664 5853 2682 5885 ι
2720 5843 2926 5905 potare.
2962 5850 2979 5883 ι
3008 5830 3105 5887 Ms.
3135 5830 3444 5897 Sangerni.,
3474 5842 3493 5877 ι
3530 5840 3685 5896 por~'

2080 5924 2215 5969 tare.
2259 5930 2277 5962 ι
