3914 6510
372 361 481 421 567

1826 351 2147 410 ORtGENlS
3531 336 3621 389 563

441 482 496 536 4.
534 500 552 533 ι
589 479 696 534 Sed
739 489 794 534 et
843 477 1010 548 ligna,
1049 474 1224 546 inquit
1269 475 1336 539 ⁸³,
1383 463 1695 545 camporum
1745 472 1950 527 dabunt
1983 482 2027 535 Α
2062 475 2130 528 tis
2185 474 2491 542 suscepisse
2541 469 2842 525 vocabula:
2878 487 2894 518 σ
2935 467 3099 538 Ligna
3138 478 3270 536 ergo
3320 458 3496 529 campi
3543 460 3622 509 da.

368 570 604 628 fructnm
646 584 821 623 suum.
869 585 890 618 ι
923 566 1195 622 Habemus
1232 568 1370 620 intra
1407 567 1768 633 nosmetipsos
1797 575 1850 618 et
1887 563 1948 617 li-

370 677 473 732 gna
505 673 839 729 camporum,
870 672 990 726 quae
1019 672 1173 711 suum
1206 637 1439 711 fructum
1471 658 1790 727 producunt.
1821 654 1949 721 Quae

368 763 493 810 sunt
524 752 624 806 ista
661 751 806 822 ligna
833 765 1170 821 camporum,
1211 765 1332 821 qua:
1373 749 1607 803 fructum
1639 765 1793 802 suum
1827 767 1949 822 pro-

370 846 607 902 ducunt?
635 844 766 912 Qua:
793 855 919 900 sunt
953 846 1056 899 ista
1085 843 1227 915 ligna
1260 845 1616 914 camporum?
1654 845 1808 901 Dicet
1844 846 1950 899 for-

367 935 529 989 tassis
583 933 844 988 auditor:
899 933 1037 1000 Quid
1089 934 1279 987 iterum
1327 934 1411 988 hic
1461 935 1785 1006 eurisilogus
1836 937 1948 1006 (57)

366 1026 512 1096 agit?
548 1026 686 1093 Quid
737 1026 1097 1094 undecunque
1141 1025 1303 1080 verba
1347 1027 1639 1096 conquirit,
1671 1038 1725 1082 ut
1766 1029 1950 1098 cXpla-

367 1121 646 1174 nationem
680 1119 928 1174 lectionis
962 1119 1220 1190 effugiat?
1247 1121 1515 1188 quomodo
1538 1121 1676 1174 intra
1708 1137 1803 1176 nos
1829 1137 1950 1176 esse

366 1212 512 1282 ligna
539 1213 754 1268 docebit
784 1223 838 1268 et
876 1212 1137 1267 arbores?
1177 1213 1232 1268 Si
1269 1227 1372 1266 non
1418 1223 1620 1267 temere
1653 1214 1948 1280 oblrcctcs,

360 1307 475 1376 jam
529 1321 675 1362 nunc
719 1304 927 1369 audies,
973 1306 1099 1374 quia
1147 1325 1167 1357 ι
1219 1319 1324 1359 non
1380 1314 1559 1374 potest
1603 1307 1765 1361 arbor
1813 1308 1948 1361 bona

367 1399 542 1453 malos
585 1397 796 1453 fructus
845 1397 1059 1462 facere,
1111 1414 1282 1468 neque
1336 1402 1500 1455 arbor
1556 1400 1693 1454 mala
1745 1401 1949 1454 fructus

365 1490 542 1545 bonos
575 1488 758 1544 facere
786 1488 851 1540 “.
896 1507 914 1540 ι
951 1487 1220 1543 llabemus
1244 1505 1372 1558 ergo
1415 1491 1637 1543 arbores
1680 1489 1819 1542 intra
1853 1503 1950 1542 nos

365 1583 484 1637 sive
515 1582 707 1642 bonas,
735 1580 848 1635 sive
879 1581 1084 1645 malas;
1122 1589 1175 1634 et
1210 1595 1329 1649 qua:
1364 1581 1516 1634 bona:
1562 1589 1707 1643 sunt,
1746 1579 1950 1634 fructus

367 1673 540 1728 malos
583 1671 776 1727 afferre
823 1688 927 1727 non
977 1681 1217 1740 possunt.
1252 1673 1391 1726 sicut
1437 1687 1556 1742 quze
1596 1672 1749 1726 mala:
1797 1681 1945 1736 sunt,

367 1769 576 1824 fructus
629 1780 734 1818 non
786 1762 1016 1820 alferent
1057 1765 1247 1819 bonos.
1298 1764 1389 1819 Vis
1441 1763 1532 1819 tibi
1588 1775 1644 1818 et
1691 1765 1946 1818 arborum

366 1861 609 1931 ipsarum
635 1875 754 1930 qua:
787 1861 926 1914 intra
964 1874 1062 1913 nos
1095 1866 1219 1912 sunt
1244 1855 1504 1911 vocabula
1546 1867 1601 1911 et
1631 1857 1949 1926 appellatio-

367 1968 464 2007 nes
493 1951 816 2021 expediam?
845 1950 960 2005 Non
991 1960 1071 2004 est
1102 1948 1256 2016 licus,
1291 1962 1466 2018 neque
1503 1947 1698 2012 malus,
1731 1965 1828 2003 nec
1871 1949 1951 2002 vi-

369 2045 458 2111 tis,
489 2046 581 2100 sed
615 2060 718 2098 una
765 2042 928 2096 arbor
968 2041 1182 2110 justitia
1213 2049 1462 2103 vocatur,
1495 2042 1596 2094 alia
1643 2042 1946 2110 prudentia,

365 2135 470 2191 alia
518 2136 800 2203 fortitudo,
846 2135 948 2189 alia
1004 2131 1358 2202 temperantia
1412 2135 1737 2190 nominatur.
1793 2135 1856 2188 Et
1903 2138 1946 2189 si

363 2231 468 2294 vis,
497 2229 756 2299 majorem
804 2229 986 2283 adhuc
1029 2227 1284 2283 arborum
1338 2226 1735 2281 multitudinem
1782 2229 1946 2292 disce,

363 2323 561 2392 quibus
613 2320 862 2376 fortassis
915 2321 1130 2391 dignius
1174 2323 1453 2391 putabitur
1507 2325 1753 2378 consitus
1785 2322 1948 2376 etiam

363 2409 651 2478 paradisus
681 2407 798 2464 Dei.
845 2409 938 2464 Est
983 2411 1128 2465 enim
1164 2411 1236 2467 ibi
1278 2414 1441 2468 arbor
1489 2414 1729 2484 pietatis,
1768 2422 1848 2468 est
1897 2423 1950 2468 et

362 2502 467 2556 alia
498 2501 664 2556 arbor
693 2501 995 2571 sapientiae,
1028 2513 1110 2559 est
1146 2515 1200 2560 et
1245 2505 1350 2560 alia
1401 2505 1719 2576 disciplinm,
1764 2517 1849 2560 est
1897 2515 1951 2560 et

363 2595 469 2648 alia
514 2597 757 2652 scientiae
802 2597 929 2653 boni
972 2610 1028 2654 et
1077 2599 1224 2653 mali.
1261 2597 1436 2668 Super
1481 2600 1663 2654 omnia
1692 2614 1820 2654 vero
1865 2607 1949 2654 cst

364 2689 526 2745 arbor
553 2689 696 2746 vita).
722 2689 838 2745 Non
873 2692 964 2746 tibi
1015 2694 1186 2764 magis
1216 2693 1430 2749 videtur
1463 2694 1606 2762 quod
1642 2695 1803 2751 Pater
1836 2708 1950 2748 ca:—

363 2779 516 2836 lestis
543 2783 779 2854 agricola
821 2783 1128 2854 bujusmodi
1160 2786 1383 2842 arbores
1427 2788 1478 2840 in
1522 2787 1700 2842 anima
1733 2799 1820 2842 tua
1851 2802 1950 2841 ex-

362 2877 522 2940 colat,
553 2883 608 2930 et
654 2875 819 2947 266
841 2875 1145 2946 bujusmodi
1197 2877 1462 2948 plantaria
1516 2879 1570 2932 in
1627 2889 1715 2933 tua
1768 2889 1950 2934 mente

365 2967 676 3022 constituat.
720 2967 812 3025 Sic
863 2983 994 3038 ergo
1037 2969 1169 3024 dicit
1213 2969 1500 3024 Salvator:
1550 2988 1568 3021 ι
1610 2967 1723 3024 Non
1772 2979 1950 3040 potest

363 3058 525 3112 arbor
567 3058 703 3112 mala
741 3060 909 3114 bonos
961 3059 1170 3117 fructus
1207 3060 1406 3126 facere,
1439 3077 1613 3132 neque
1647 3063 1786 3117 bona
1830 3063 1946 3117 fru-

2053 568 2184 622 bunt
2217 565 2452 620 fructum
2503 561 2658 619 suum
2690 565 2755 616 ⁸⁵.
2790 582 2808 614 ι
2869 561 2980 616 lloc
3007 559 3170 618 credo
3194 559 3261 610 de
3282 570 3342 608 se
3372 552 3622 607 sentiebat

2052 669 2104 714 et
2152 660 2340 713 beatus
2383 654 2548 710 David
2582 672 2703 710 cum
2733 654 3003 710 dicebat”
3033 670 3047 706 :
3074 671 3093 704 ι
3133 651 3242 720 Ego
3280 657 3465 702 autem
3497 646 3624 697 sicut

2051 751 2191 807 oliva
2231 751 2506 806 fructifera
2538 751 2590 804 in
2625 751 2782 804 domo
2816 750 2935 805 Dei.
2989 767 3007 801 ι
3064 746 3142 800 Ex
3191 759 3299 814 qtto
3345 736 3624 794 manifeste

2051 844 2287 899 ostendit
2315 845 2515 916 lignum
2543 844 2701 898 olivae
2739 841 2947 912 justum
2978 851 3033 895 et
3071 847 3323 894 sanctum
3361 832 3624 887 hominem

2053 939 2180 993 dici.

2123 1031 2175 1086 5.
2189 1057 2201 1078 ι
2218 1031 2282 1086 Et
2299 1029 2722 1101 comprehendet
2736 1027 2886 1082 vobis
2905 1023 3172 1080 trituratio
3191 1020 3518 1075 vindemiam
3532 1017 3619 1071 ".o

2053 1127 2108 1180 Si
2147 1127 2469 1181 seminatum
2507 1133 2590 1176 est
2627 1123 2677 1177 in
2717 1119 2896 1174 anima
2930 1132 3115 1173 semen
3160 1116 3383 1179 bonum,
3415 1122 3469 1166 et
3516 1126 3627 1165 sus-

2053 1228 2205 1289 cepta
2245 1235 2273 1272 a
2310 1219 2416 1273 Deo
2451 1218 2630 1287 pluvia
2663 1216 2858 1278 crevit,
2891 1225 2941 1268 et
2989 1211 3138 1266 venit
3165 1208 3232 1264 ad
3281 1208 3514 1276 spicam,
3539 1221 3604 1259 ne

2053 1311 2292 1366 cessario
2318 1318 2685 1378 consequetur
2712 1317 2770 1362 et
2805 1304 3034 1359 messis:
3068 1312 3121 1358 et
3163 1301 3207 1356 si
3251 1299 3478 1362 messis,
3505 1313 3629 1350 con-

2053 1413 2310 1473 sequetur
2335 1403 2496 1458 etiam
2536 1400 2831 1461 trituratio,
2862 1398 2914 1451 in
2943 1412 3052 1466 qua
3095 1393 3367 1448 frumenta
3405 1405 3627 1460 purgen-

2054 1506 2161 1550 tur.
2193 1496 2402 1551 Etenim
2447 1495 2626 1548 anima
2665 1509 2785 1563 qua:
2823 1491 3114 1563 germinat,
3149 1504 3218 1543 ex
3249 1487 3416 1540 verbo
3459 1484 3550 1538 Dei
3577 1493 3630 1537 et

2053 1589 2260 1643 caelesti
2292 1588 2469 1658 pluvia
2507 1589 2678 1659 rigata
2718 1598 2941 1657 germen
2972 1581 3220 1650 producit
3264 1578 3330 1631 ad
3377 1590 3627 1640 messeni,

2055 1695 2276 1734 necesse
2321 1691 2404 1734 est
2447 1688 2504 1732 ut
2534 1679 2644 1747 ipsa
2691 1675 2882 1730 messis
2924 1689 3085 1743 quam
3131 1671 3341 1742 profert
3378 1677 3632 1736 purgetur

2056 1770 2107 1822 in
2141 1784 2286 1837 area,
2318 1769 2370 1823 id
2401 1780 2504 1834 est,
2536 1778 2595 1822 ut
2639 1781 2830 1822 sensus
2878 1781 3016 1836 quos
3049 1764 3300 1830 genuerit
3355 1761 3538 1813 anima
3582 1759 3629 1809 in

2054 1863 2290 1916 medium
2327 1861 2592 1930 proferat,
2625 1871 2678 1914 et
2720 1859 2835 1914 sive
2885 1873 3008 1912 cum
3042 1856 3252 1910 caeteris
3295 1852 3632 1912 doctoribus,

2053 1955 2168 2008 sive
2193 1957 2352 2010 etiam
2389 1969 2510 2008 cum
2538 1953 2667 2023 ipsis
2695 1967 2815 2022 quae
2845 1952 3016 2005 sentit
3043 1948 3240 2004 divinis
3268 1945 3633 2000 voluminibus

2054 2046 2339 2100 conferat:
2377 2056 2434 2100 ut
2461 2046 2505 2100 si
2540 2046 2669 2114 quid
2707 2045 2758 2098 in
2802 2045 2883 2098 eis
2919 2043 3076 2098 inane
3107 2053 3163 2096 et
3205 2038 3560 2107 superﬂuum,
3591 2036 3633 2088 si

2053 2138 2180 2206 quid
2231 2140 2398 2206 palea:
2439 2137 2616 2194 simile
2667 2135 2829 2189 fuerit
2875 2144 2968 2188 aut
3014 2132 3230 2196 aristis,
3273 2129 3440 2184 flante
3487 2129 3540 2181 iu
3581 2142 3635 2179 sc

2053 2228 2244 2298 spiritu
2301 2230 2644 2287 discretionis
2671 2229 2930 2294 excutiat,
2962 2237 3018 2280 ct
3063 2240 3254 2295 purum
3300 2224 3632 2276 frumentum

2051 2337 2158 2390 quo
2206 2321 2320 2376 solo
2367 2330 2531 2390 queat
2587 2321 2797 2373 nutrire
2852 2332 3166 2381 conservos,
3212 2325 3266 2369 ct
3320 2330 3631 2368 mensuram

2054 2415 2218 2469 tritici
2265 2413 2319 2468 in
2367 2422 2611 2484 tempore
2661 2414 2980 2482 dispensare
3041 2409 3292 2464 retineat.
3329 2424 3348 2459 ι
3384 2405 3452 2460 Et
3506 2421 3634 2458 con-

2051 2517 2331 2578 sequetur,
2365 2506 2560 2577 inquit,
2609 2504 2883 2560 trituratio
2929 2503 3277 2556 vindemiam.
3314 2519 3335 2553 ο
3370 2498 3510 2566 Quia
3544 2513 3633 2565 pa-

2052 2598 2158 2665 nis,
2201 2607 2258 2653 ut
2311 2598 2596 2667 Scriptura
2637 2597 2768 2651 dicit
2813 2596 2883 2660 θ’,
2923 2593 3193 2648 cunfortat
3229 2609 3324 2646 cor
3376 2590 3631 2652 hominis,

2051 2703 2104 2748 et
2152 2693 2338 2747 vinum
2384 2691 2644 2754 laetificat,
2677 2703 3015 2759 quascunque
3060 2688 3126 2741 de
3172 2684 3533 2746 continentia,
3571 2681 3634 2733 de

2049 2787 2414 2843 obscrvantiis
2447 2795 2501 2843 et
2527 2784 2774 2841 custodia
2797 2785 3172 2838 mandatorum
3218 2780 3313 2834 Dei
3350 2781 3629 2838 dicuntur,

2050 2882 2166 2937 luce
2194 2891 2420 2953 possunt
2454 2875 3012 2943 videri'frumentum,
3040 2893 3103 2931 ex
3141 2890 3248 2944 quo
3277 2874 3437 2943 panis
3462 2871 3631 2926 edici.

2054 2984 2159 3040 tur,
2182 2984 2236 3028 et
2270 2973 2574 3028 auditorum
2611 2972 2774 3026 corda
2818 2971 3110 3026 cunfortat.
3146 2971 3215 3024 Ea
3251 2985 3380 3022 vero
3410 2983 3530 3036 qua:
3567 2966 3632 3020 ad

2049 3066 2330 3122 scientiam
2389 3066 2696 3134 pertinent,
2755 3073 2808 3118 et
2874 3061 3206 3117 occultorum
3250 3059 3634 3128 explanatione

361 3160 484 3206 etus
515 3151 688 3207 malos
718 3151 918 3208 facere.
955 3172 974 3206 ι
1011 3152 1123 3208 lloc
1161 3165 1245 3210 est
1273 3156 1412 3225 quod
1440 3155 1622 3210 docet:
1644 3155 1822 3210 Arbor
1847 3172 1950 3226 pu-
1978 3182 2018 3240 ρ
2053 3165 2261 3210 mentes
2293 3153 2572 3210 kntiﬁcant
2599 3151 2955 3215 audientium,
2985 3153 3111 3206 vino
3144 3165 3207 3205 ac
3235 3150 3524 3203 vindemiae
3554 3149 3634 3199 vi-

362 3244 562 3300 dicitize
590 3245 729 3300 bona
762 3256 870 3310 est,
906 3260 1012 3300 non
1045 3254 1224 3314 potest
1254 3246 1451 3300 afferre
1481 3245 1691 3300 fructus
1715 3245 1948 3315 impudi-

364 3338 526 3394 citize.
577 3339 754 3393 Arbor
789 3337 1018 3408 iustitia:
1064 3339 1201 3393 bona
1248 3349 1350 3405 est,
1402 3350 1456 3392 et
1495 3337 1690 3393 aﬂ‘crre
1737 3337 1948 3394 fructus

368 3428 649 3499 injustitiae
684 3446 789 3484 non
835 3442 1030 3501 potest.
1076 3432 1166 3487 Sic
1214 3441 1267 3487 et
1312 3431 1620 3488 econtrario
1661 3432 1705 3486 si
1750 3432 1948 3486 habeas

366 3521 521 3576 malae
549 3523 762 3578 arboris
799 3525 1035 3579 radicem
1073 3523 1126 3577 in
1161 3535 1251 3578 tua
1283 3535 1464 3579 mente
1492 3524 1811 3594 plantatam,
1846 3523 1944 3577 bo-

363 3627 463 3668 nos
494 3615 717 3670 reddere
741 3630 844 3670 non
877 3625 1053 3685 patest
1079 3615 1302 3671 fructus.
1340 3614 1396 3670 Si
1420 3615 1564 3670 enim
1596 3614 1665 3669 sit
1690 3615 1741 3668 in
1779 3624 1826 3668 te
1855 3629 1944 3665 ra-

365 3703 456 3758 dix
487 3706 725 3773 malitiae,
771 3706 983 3764 fructus
1022 3724 1126 3762 non
1157 3709 1310 3764 dabit
1347 3708 1539 3764 bonos.
1577 3706 1633 3762 Si
1684 3707 1754 3760 sit
1804 3706 1944 3759 intra

362 3815 458 3856 cor
492 3809 639 3856 tuum
687 3799 929 3855 stultitia:
975 3801 1152 3871 planta
1181 3840 1197 3864 ,
1243 3816 1524 3870 nunquam
1571 3799 1810 3872 proferet
1859 3814 1948 3852 sa-

363 3892 582 3960 pientia:
628 3893 837 3948 florem.
890 3891 945 3948 Si
999 3894 1294 3963 injustitiaz,
1329 3895 1375 3949 si
1429 3895 1735 3966 iniquitatis
1783 3897 1948 3952 arbor

363 3985 455 4050 sit,
486 3999 767 4053 nunquam
793 3984 1104 4053 huiusmodi
1133 3986 1273 4055 ligna
1307 3989 1540 4056 gaudere
1566 3989 1724 4042 bonis
1754 3987 1947 4043 fructi-

363 4079 466 4131 bus
499 4092 743 4147 possunt.
778 4078 834 4132 Si
862 4093 991 4147 ergo
1031 4092 1308 4134 servemus
1339 4080 1589 4134 mandata
1624 4081 1736 4146 Dei,
1765 4096 1946 4136 susce-

361 4178 451 4237 pta
481 4167 656 4237 pluvia
685 4167 832 4221 verbi
865 4169 985 4230 Dei.
1013 4168 1077 4221 de
1103 4185 1205 4237 qua
1233 4170 1480 4237 superius
1501 4171 1754 4234 diximus,
1781 4173 1942 4225 etiam

362 4261 588 4317 arbores
643 4276 763 4331 qua:
809 4262 861 4314 in
905 4262 1112 4330 campis
1155 4263 1351 4317 anima:
1407 4274 1604 4318 nostra:
1659 4273 1712 4318 et
1765 4268 1943 4320 cordis

365 4355 535 4410 nostri
569 4353 850 4410 latitudine
881 4355 1138 4423 plautata:
1160 4366 1305 4422 sunt,
1341 4355 1516 4410 laetum
1549 4365 1603 4410 ct
1643 4357 1796 4412 boum
1820 4374 1942 4411 sua-

361 4446 548 4502 vitatis
577 4446 802 4502 ati'erent
835 4445 1093 4503 fructum.
1130 4446 1222 4502 Vis
1253 4458 1433 4502 autem
1467 4447 1560 4502 tibi
1599 4447 1665 4502 de
1697 4447 1939 4518 Scriptu-

2051 3249 2318 3304 debuntur
2363 3249 2616 3317 aptanda.
2659 3245 2819 3300 Cordi
2869 3245 3073 3299 etenim
3127 3243 3311 3296 laetitia
3356 3241 3632 3303 tribuitur,

2050 3355 2170 3392 cum
2204 3354 2264 3392 ea
2300 3354 2420 3408 quae
2470 3336 2682 3391 occulta
2733 3345 2787 3390 et
2828 3337 3058 3390 ubscura
3102 3346 3228 3390 sunt
3268 3334 3630 3402 explicantur.

2055 3451 2073 3481 ο
2111 3431 2175 3485 Ει
2213 3431 2514 3493 vindemia,
2565 3431 2759 3500 inquit,
2809 3430 3236 3500 comprehendet
3275 3431 3567 3484 sationem.
3609 3450 3627 3478 ι

2055 3523 2118 3576 Ut
2153 3523 2197 3576 si
2249 3523 2539 3577 dicamus:
2576 3521 2758 3577 Primo
2809 3521 3092 3577 seminavit
3138 3537 3257 3592 qua:
3307 3522 3438 3591 legis
3484 3532 3632 3585 sunt,

2049 3625 2103 3668 et
2135 3624 2481 3684 posteaquam
2531 3615 2855 3669 seminatum
2892 3625 2994 3680 cst,
3029 3615 3182 3670 oravi
3239 3625 3294 3667 ut
3339 3616 3488 3667 daret
3528 3614 3623 3666 Do-

2049 3707 2225 3760 minus
2255 3706 2487 3775 pluviam
2518 3707 2569 3762 in
2609 3717 2870 3778 tempore,
2904 3718 2956 3762 et
2982 3709 3118 3762 facta
3143 3719 3225 3764 est
3260 3709 3475 3762 messis.
3508 3707 3634 3761 Post

2049 3799 2164 3853 haec
2194 3814 2298 3852 non
2330 3815 2519 3854 maneo
2547 3801 2774 3866 otiosus,
2809 3801 2901 3855 sed
2937 3801 3132 3856 iterum
3167 3801 3398 3863 semine,
3426 3802 3633 3868 accipio

2050 3890 2387 3958 Scripturam
2436 3892 2838 3960 propheticam,
2888 3901 2942 3947 et
2988 3908 3053 3946 ex
3096 3907 3158 3948 ea
3202 3893 3412 3946 scmino
3460 3902 3632 3946 terras

2049 3994 2107 4039 et
2147 3985 2353 4039 novalia
2392 3987 2726 4041 auditorum.
2762 3985 2890 4040 Post
2935 3985 3050 4042 haec
3094 3986 3302 4040 semino
3330 3995 3383 4038 ct
3425 3985 3527 4036 alia
3564 3988 3631 4038 de

2047 4078 2378 4147 evangelicis
2411 4080 2773 4134 sermonibus.
2811 4078 3031 4133 Diversa
3055 4088 3325 4146 suntquae
3357 4078 3629 4131 seminan-

2046 4181 2156 4236 tur,
2194 4188 2289 4241 per
2325 4182 2496 4227 totum
2530 4189 2732 4226 annum
2762 4187 3050 4242 possumus
3089 4172 3386 4223 seminare.
3427 4168 3625 4222 Possu-

2046 4282 2165 4320 mns
2213 4267 2355 4320 enim
2403 4275 2459 4321 et
2505 4267 2570 4320 de
2612 4265 2925 4335 apostolicis
2967 4265 3160 4318 litteris
3199 4263 3368 4316 multa
3417 4265 3622 4316 semina

2042 4359 2246 4426 jacere.
2286 4358 2512 4428 Semper
2557 4369 2640 4413 est
2689 4359 2828 4428 quod
2879 4358 3196 4420 'seminctur,
3231 4357 3283 4409 in
3331 4357 3479 4410 omni
3519 4359 3626 4408 vita

2047 4461 2231 4505 nostra
2270 4451 2365 4505 otii
2421 4451 2624 4505 nullum
2675 4461 2886 4519 tempus
2934 4458 3060 4504 est:
3098 4448 3334 4517 quandiu
3389 4447 3621 4515 respira-

363 4538 443 4594 ris
482 4541 764 4594 ostendam
811 4541 1036 4596 arbores
1064 4539 1145 4594 vel
1179 4541 1321 4612 ligna
1354 4540 1611 4610 appellari
1639 4543 1736 4596 has
1761 4543 1944 4614 singn-
1977 4529 2020 4582 Π
2053 4560 2194 4610 mus,
2223 4544 2570 4598 semiucmns.
2610 4543 2843 4596 Tantum
2876 4553 2979 4607 cst,
3023 4552 3080 4595 ut
3126 4541 3177 4595 in
3223 4541 3418 4610 spiritu
3459 4541 3620 4593 semi-

362 4630 444 4685 las
474 4645 718 4700 quasque
745 4632 992 4697 virtutes,
1022 4648 1156 4702 quas
1193 4635 1443 4703 superius
1477 4633 1943 4688 memoravimus?

360 4721 607 4776 Adltibeo
644 4730 836 4777 testem
886 4724 1343 4794 sapientissimum
1387 4725 1730 4780 Salomonem
1759 4727 1945 4782 dicen-

365 4823 472 4865 tem
523 4813 589 4867 de
640 4813 954 4882 sapientia:
995 4834 1012 4866 ι
1049 4816 1274 4886 Lignum
1324 4818 1448 4872 vita:
1493 4827 1596 4882 est,
1647 4819 1821 4888 inquit
1869 4821 1935 4884 ⁸⁵,

361 4904 614 4976 omnibus
643 4907 736 4976 qui
764 4907 1160 4976 amplectuntur
1195 4924 1336 4963 eam.
1374 4927 1390 4962 )
1426 4909 1484 4964 Si
1511 4925 1641 4981 ergo
1675 4912 1938 4980 sapientia

361 4995 566 5066 lignum
616 4998 744 5053 vita:
789 5011 892 5063 est,
949 5002 1067 5054 sine
1115 5000 1276 5054 dubio
1329 5011 1382 5055 et
1424 5002 1568 5056 aliud
1612 5003 1812 5073 lignum
1857 5013 1940 5058 est

364 5089 686 5158 prudentiae,
707 5099 760 5144 et
785 5089 928 5143 aliud
953 5091 1212 5155 scientize,
1237 5102 1289 5146 et
1311 5094 1456 5146 aliud
1480 5093 1726 5162 justitiac.
1756 5093 1939 5163 Neque

361 5182 505 5234 enim
561 5191 957 5249 consequenter
989 5182 1186 5236 dicitur
1226 5199 1292 5237 ex
1347 5186 1600 5239 omnibus
1651 5187 1939 5241 virtutibus

361 5271 529 5328 solam
560 5275 879 5343 sapientiam
912 5275 1198 5339 meruisse,
1236 5292 1354 5345 quae
1398 5277 1601 5346 lignum
1633 5281 1752 5334 vita:
1789 5281 1938 5335 dica-

365 5374 472 5430 tur,
496 5375 723 5422 caeteras
753 5376 934 5422 autem
964 5368 1190 5423 virtutes
1231 5383 1568 5438 nequaquam
1601 5371 1792 5426 similis
1821 5389 1934 5428 sor-

427 5501 472 5552 "?
501 5501 676 5557 Levii.
700 5519 850 5564 xm.
883 5503 935 5557 4.
979 5498 982 5501 ’
1042 5505 1088 5537 ⁸⁵
1123 5504 1311 5560 Matth.
1349 5523 1446 5570 vtt,
1480 5507 1565 5562 18.

363 5587 515 5639 xxvi,
560 5575 616 5634 5.
690 5577 735 5608 "
777 5575 920 5630 Psal.
971 5575 1185 5642 etv,15.

435 5685 545 5760 (57)
575 5685 728 5742 Libh.
759 5687 911 5751 editi,
957 5707 975 5738 ι
1021 5689 1348 5760 verbilogus.
1382 5710 1398 5742 ι
1438 5691 1541 5746 Sed
1593 5708 1702 5746 mss
1732 5735 1746 5758 ,
1781 5711 1799 5744 ι
1837 5709 1933 5748 eu-

365 5757 647 5836 risilugtts,_
670 5777 688 5808 ι
721 5763 862 5836 quod
892 5775 1106 5836 inerunt
1155 5757 1255 5836 est?
1284 5761 1529 5817 Gtazcum
1579 5763 1935 5836 εὐρεετιλόγοςι

373 5844 393 5876 ι
433 5826 602 5880 solcrs
637 5828 691 5882 in
727 5829 1062 5887 inveniendis
1101 5833 1298 5887 verbis.
1337 5851 1356 5884 θ

1261 5577 1305 5609 ⁹⁰
1331 5576 1504 5634 Levit.
1534 5581 1740 5642 xxvt,5.

1645 5509 1690 5541 ⁸⁸
1722 5509 1879 5564 Prov.
1936 5529 2016 5575 Ill,
2066 5515 2153 5568 18.

2051 4652 2262 4698 nemus,
2291 4647 2348 4689 ut
2377 4637 2441 4690 de
2476 4634 2665 4705 spiritu
2698 4645 2964 4689 metamus
3001 4635 3160 4687 vitam
3197 4643 3478 4687 mternam.
3509 4649 3527 4682 ε
3562 4630 3622 4684 Et

2052 4727 2448 4781 manducabitis
2475 4744 2666 4798 panem
2694 4739 2932 4780 vestrum
2963 4728 3014 4778 in
3047 4726 3332 4779 saturitate
3359 4725 3427 4776 θ’.
3466 4745 3484 4777 ι
3521 4723 3622 4776 Nec

2049 4821 2152 4873 hoc
2181 4836 2282 4888 ego
2311 4819 2611 4888 corporalis
2645 4834 2764 4873 esse
2809 4817 3203 4873 benedictionis
3245 4817 3358 4887 (58)
3397 4815 3619 4884 accipin,

2047 4914 2202 4983 quasi
2245 4915 2335 4984 qui
2371 4915 2638 4968 custodiat
2685 4912 2858 4982 legem
2896 4911 3010 4974 Dei,
3046 4926 3237 4980 panem
3277 4910 3438 4963 istum
3473 4926 3618 4962 com-

2049 5021 2266 5060 munem
2327 5007 2380 5060 in
2435 5006 2764 5060 abundantia
2819 5013 3204 5072 consequatur.
3259 5001 3402 5068 Quid
3451 4997 3622 5052 enim?

2047 5097 2236 5152 Nonne
2271 5099 2420 5167 impii
2452 5107 2506 5152 et
2539 5095 2752 5152 scelesti
2784 5110 2975 5164 panem
3007 5110 3110 5148 non
3153 5093 3326 5148 solum
3362 5094 3413 5145 in
3451 5094 3618 5144 abun-

2048 5193 2227 5246 dantia
2257 5232 2271 5256 ,
2321 5192 2414 5245 sed
2457 5201 2512 5244 et
2562 5192 2613 5244 in
2641 5189 2872 5260 .delieiis
2914 5187 3237 5241 comedunt?
3280 5185 3451 5255 Magis
3498 5199 3620 5252 ergo

2047 5287 2090 5340 si
2143 5285 2498 5355 respiciamus
2557 5285 2622 5337 ad
2673 5300 2794 5337 eum
2843 5283 2934 5352 qni
2991 5282 3191 5335 dixit"
3229 5301 3244 5336 :
3288 5299 3307 5331 ‹
3354 5281 3464 5349 Ego
3504 5295 3616 5330 sum

2045 5380 2200 5450 panis
2233 5379 2383 5432 vivus
2413 5377 2506 5447 qui
2554 5377 2621 5431 de
2652 5377 2792 5432 C(elo
2840 5376 3130 5439 descendi,
3171 5385 3225 5428 et
3258 5376 3349 5443 qni
3402 5375 3616 5427 mumin-

2229 5515 2274 5545 ⁸⁸
2311 5513 2484 5570 Levit.
2516 5530 2666 5582 xm,
2692 5515 2744 5570 4.
2822 5514 2865 5546 ⁸⁷
2900 5514 3042 5569 Psal.
3081 5529 3176 5577 ιιι,
3216 5512 3298 5568 l0.
3372 5512 3419 5544 ⁸⁸
3447 5507 3611 5566 Levit.

1843 5584 1883 5614 ⁹¹
1921 5581 2076 5640 Joan.
2110 5602 2182 5650 vt,
2215 5585 2304 5640 5i.

2105 5699 2230 5778 .(58)
2258 5698 2439 5754 Codex
2488 5701 2796 5772 Sangerm.,
2833 5719 2850 5751 ι
2889 5697 3201 5769 corporales
3249 5710 3369 5754 esse
3405 5696 3608 5755 benedi-

2045 5779 2270 5825 ctiones.
2316 5790 2334 5820 ι
