3914 6522
149 423 233 481 559

1219 409 1288 464 ΙΝ
1327 408 1700 465 LEVITICUM
1745 407 2029 465 HOMILIA
2061 407 2201 464 XVI.
3237 407 3302 460 57

149 537 322 598 caverit
344 525 480 588 hunc
509 544 700 599 panem
744 529 889 585 vivet
926 529 978 584 in
1007 538 1304 596 teternum;
1341 549 1360 583 ι
1393 540 1448 584 et
1479 532 1671 585 adver-
1701 533 1743 589 Α
1776 540 1880 584 tem
1907 571 1921 594 ,
1953 528 2225 584 custodiat
2257 527 2420 581 corda
2471 533 2648 578 vestra
2677 562 2692 588 ,
2721 532 2776 578 et
2817 536 3009 578 sensus
3053 531 3280 576 vestros.
3319 538 3339 572 ι

151 645 297 691 tamus
314 626 425 698 quia
447 624 535 694 qui
563 624 678 678 haec
705 623 939 688 dicebat,
967 624 1184 678 verbum
1210 633 1328 679 erat
1350 639 1456 694 quo
1477 625 1668 678 anima:

152 731 434 797 pascuntur:
468 717 818 787 intelligimus
850 718 916 772 de
945 733 1052 787 quo
1087 734 1228 788 pane
1260 720 1464 774 dictum
1514 720 1584 772 sit
1616 719 1666 772 in

151 811 565 876 bettedictionibus
613 826 643 866 a
693 811 826 876 Deo,
864 829 883 862 ι
925 811 988 864 Ει
1023 812 1426 867 manducabitis
1477 829 1666 883 panem

149 919 349 963 vestrum
374 905 422 958 in
455 903 765 958 saturitate.
801 923 821 956 ι
857 903 1064 958 Similia
1121 905 1186 960 iis
1211 907 1376 960 etiam
1415 905 1669 961 Salomon

150 1005 194 1058 in
219 997 491 1054 Proverbiis
513 997 825 1066 pronuntiat
849 999 914 1053 de
938 998 1088 1068 justo
1117 999 1308 1055 dicens
1325 1002 1371 1035 "
1398 1019 1411 1054 :
1443 1017 1462 1051 ι
1485 999 1674 1056 Justus

148 1092 438 1149 manducans
484 1090 712 1158 replebit
754 1092 992 1147 animam
1038 1107 1189 1148 suam
1217 1110 1232 1146 :
1265 1093 1460 1148 animae
1489 1103 1670 1148 autem

147 1186 396 1254 impiorum
426 1183 475 1236 in
501 1193 740 1252 egestate
763 1193 943 1240 erunt.
982 1205 1002 1239 ι
1038 1185 1148 1242 lloc
1181 1187 1225 1242 si
1255 1189 1555 1242 secundum
1589 1187 1674 1239 lit-

145 1289 290 1332 teram
337 1274 599 1342 accipias,
646 1275 772 1344 quia
822 1295 842 1329 ι
894 1275 1074 1345 justus
1128 1280 1458 1334 manducans
1503 1279 1674 1348 replet

142 1367 344 1424 animam
385 1381 560 1432 suam,
599 1368 798 1424 animae
832 1383 960 1424 vero
1005 1370 1293 1440 impiorum
1339 1372 1393 1426 in
1437 1381 1675 1443 egestate

138 1468 298 1523 erunt,
318 1477 336 1510 ι
358 1458 550 1515 falsum
583 1458 870 1515 videbitur.
902 1461 1072 1532 Magis
1089 1464 1233 1517 enim
1260 1465 1455 1518 animle
1480 1465 1672 1532 impio-

140 1567 240 1605 rum
266 1563 376 1603 cum
406 1549 666 1605 aviditate
693 1550 871 1606 cibum
900 1562 1145 1618 sumunt,
1175 1563 1230 1608 et
1255 1553 1528 1608 saturitati
1564 1562 1677 1608 stu-

137 1645 261 1697 dent.
295 1640 427 1696 διιειί
459 1651 639 1697 autem
693 1645 967 1698 interdum
1010 1655 1066 1699 et
1115 1647 1381 1702 esuriant.
1433 1647 1676 1714 Denique

137 1732 306 1786 Paulus
333 1730 509 1800 jusms
538 1743 678 1798 erat,
711 1743 764 1789 et
793 1737 1007 1790 dicebat
1039 1738 1087 1770 ³³
1114 1756 1127 1792 :
1159 1756 1177 1788 ι
1213 1738 1393 1807 Usque
1429 1740 1494 1793 ad
1537 1739 1676 1792 hanc

135 1825 297 1878 horam
326 1824 614 1888 esurimus,
640 1834 694 1879 et
725 1827 966 1893 sitimus,
989 1836 1043 1882 et
1080 1828 1207 1881 nudi
1242 1843 1452 1895 sanius,
1494 1837 1548 1883 et
1582 1844 1676 1882 cu-

1772 627 1898 680 llaec
1921 632 2003 679 est
2033 636 2162 693 ergo
2189 636 2313 690 pax,
2337 634 2502 690 quam
2535 617 2626 672 dat
2655 617 2798 672 Deus
2826 630 2990 686 super
3015 623 3216 672 terram
3246 629 3342 668 no-

1771 729 1958 774 stram.

1843 811 1898 869 6.
1927 829 1945 861 ‹
1972 811 2036 863 Et
2061 805 2360 870 dormietis,
2379 813 2433 859 et
2461 819 2564 858 non
2593 803 2696 858 erit
2720 802 2811 871 qui
2839 815 2933 856 vos
2957 797 3289 856 exterreat'.
3318 815 3337 850 ι

1774 903 1840 960 Ει
1872 902 2128 957 Salomon
2165 900 2218 954 in
2262 895 2572 952 Proverbiis
2613 894 2784 948 dixit:
2817 912 2835 944 ι
2864 893 2921 948 Si
2948 892 3089 948 enim
3117 890 3343 952 sederis.

1774 995 1894 1050 sine
1922 993 2116 1047 timore
2149 992 2259 1045 eris
2286 1005 2302 1056 ;
2333 1001 2389 1044 et
2417 989 2462 1042 si
2490 986 2810 1051 dormieris,
2836 983 3069 1040 libenter
3095 999 3341 1040 somnum

1773 1087 1958 1154 capies
1986 1093 2084 1151 ,et
2134 1098 2240 1138 non
2296 1080 2512 1136 timebis
2561 1087 2825 1134 terrorem
2871 1077 3344 1146 supervenientem

1778 1180 1876 1234 tibi
1901 1218 1917 1242 ,
1969 1192 2142 1247 neque
2189 1176 2426 1243 impetus
2463 1173 2750 1243 impiorum
2781 1170 3222 1239 supervenientes
3238 1167 3281 1222 ⁸.
3321 1187 3342 1220 ι

1778 1274 1901 1327 Haec
1932 1271 2022 1325 ille
2046 1269 2182 1323 dixit
2210 1271 2274 1323 de
2298 1269 2449 1338 justo
2475 1276 2528 1322 et
2553 1266 2800 1336 sapiente
2831 1265 2949 1320 viro
2976 1303 2991 1328 ,
3041 1272 3096 1317 et
3127 1263 3244 1317 haec
3291 1260 3344 1315 in

1775 1361 2154 1420 benedictione
2177 1361 2428 1414 dicuntur
2459 1377 2473 1413 :
2509 1377 2528 1410 ‹
2565 1356 2877 1420 Dormietis,
2907 1365 2961 1411 et
2992 1369 3094 1408 non
3123 1353 3228 1408 erit
3255 1357 3346 1421 qul

1775 1471 1873 1510 vos
1907 1462 2202 1510 exterreat.
2240 1471 2258 1504 ι
2301 1451 2356 1507 Si
2388 1451 2531 1506 enim
2567 1450 2747 1519 justus
2773 1448 2978 1503 elliciar
3003 1489 3019 1514 ,
3075 1460 3234 1500 neruo
3261 1459 3348 1498 me

1775 1556 2053 1602 exterrere
2095 1545 2295 1614 poterit
2333 1559 2348 1598 :
2396 1541 2528 1597 nihil
2576 1543 2739 1596 timeo
2781 1541 2967 1605 aliud,
3011 1539 3055 1592 si
3090 1539 3254 1593 Deum
3284 1536 3354 1589 ti-

1777 1656 1950 1694 meam
1982 1657 1995 1694 :
2030 1658 2048 1689 ‹
2086 1637 2274 1692 .lnsnls
2307 1637 2485 1703 enim,
2523 1635 2699 1703 inquit
2726 1634 2782 1698 ⁵,
2813 1632 3037 1688 conlidit
3071 1639 3130 1684 ut
3169 1630 3277 1693 leo,
3325 1644 3344 1678 ι

1777 1745 1830 1790 el
1856 1735 1978 1788 ideo
2007 1749 2111 1787 non
2149 1733 2302 1787 timet
2346 1731 2554 1784 leonem
2589 1728 2861 1784 diabolum
2885 1767 2898 1787 ,
2930 1739 3029 1780 nec
3055 1724 3348 1777 draconem

1780 1827 2060 1889 Satanam,
2097 1840 2195 1879 nec
2221 1823 2440 1892 angelos
2467 1823 2607 1891 ejus,
2631 1821 2725 1876 sed
2762 1819 2893 1873 dicit
2917 1817 3213 1871 secundum
3242 1811 3350 1864 Da-

134 1916 284 1984 laphis
307 1915 582 1970 caedimur.
617 1937 637 1969 ι
672 1917 737 1972 Et
775 1919 968 1973 iterum
1001 1920 1131 1973 dicit
1158 1919 1246 1973 οδε
1285 1937 1304 1970 σ
1339 1920 1394 1973 In
1446 1918 1590 1974 fame
1621 1932 1678 1976 et
1707 1895 1748 1950 Β
1781 1921 1867 1974 vid
1897 1919 1954 1972 ⁶;
1991 1936 2010 1969 ‹
2047 1915 2164 1970 Νοιι
2201 1915 2400 1970 timebo
2431 1928 2460 1967 a
2508 1912 2704 1966 timore
2749 1918 3022 1963 nocturno
3045 1943 3062 1969 ,
3095 1917 3125 1956 a
3170 1900 3355 1969 jaculo

132 2007 228 2071 siti,
267 2007 316 2060 in
347 2005 572 2075 jejuniis
613 2008 817 2065 multis.
863 2028 884 2062 ›
912 2011 980 2064 Ει.
1027 2013 1297 2080 quomodo
1345 2011 1480 2066 dicit
1525 2012 1676 2067 Salo-

132 2115 236 2154 mon
277 2097 340 2162 ”,
382 2101 510 2169 quia
561 2119 579 2152 ι
617 2101 796 2169 justus
849 2103 1181 2159 manducans
1230 2103 1392 2158 satiat
1441 2106 1674 2159 animam

130 2192 292 2246 suam?
325 2211 343 2244 ι
373 2191 478 2246 Sed
511 2192 559 2247 si
598 2194 854 2249 inluearis
879 2197 1150 2265 quomodo
1169 2197 1351 2268 justus
1381 2213 1594 2269 semper
1623 2209 1678 2255 et

129 2285 232 2338 sine
270 2284 669 2340 intermissione
708 2287 994 2342 tuanducet
1039 2289 1105 2342 de
1152 2304 1291 2358 pane
1328 2291 1474 2355 vivo,
1505 2302 1559 2346 et
1590 2309 1678 2346 re-

127 2377 255 2448 pleat
287 2379 520 2433 animam
576 2395 752 2444 suam,
799 2397 862 2436 ac
910 2383 1070 2437 saliet
1117 2398 1234 2439 eam
1282 2383 1405 2438 cibo
1445 2387 1676 2449 cuslesti,

125 2471 204 2540 qui
248 2480 328 2526 est
377 2470 617 2526 Verbum
670 2475 759 2529 Dei
819 2485 873 2529 et
920 2477 1183 2546 sapientia
1236 2480 1353 2550 ejus
1386 2521 1400 2544 ,
1435 2479 1678 2534 invenies

127 2563 370 2628 quomodo
391 2579 453 2618 ex
489 2565 868 2624 benedictione
908 2570 1000 2624 Dei
1051 2575 1337 2626 manducet
1369 2573 1548 2641 justus
1581 2589 1678 2642 pa-

127 2665 230 2704 nem
267 2668 418 2707 suum
456 2655 511 2708 itt
550 2657 818 2712 satietate.
861 2677 878 2709 ι
919 2661 985 2715 Et
1025 2662 1339 2718 habitabilis
1382 2666 1477 2717 ιιιιί
1519 2680 1683 2732 super

129 2754 301 2798 terram
343 2757 588 2802 vestram
615 2751 681 2804 ³⁸.
723 2770 740 2802 ι
781 2751 998 2823 Iniquus
1047 2771 1320 2826 nunquam
1379 2768 1525 2813 tutus
1575 2769 1678 2826 est,

123 2835 203 2888 sed
245 2850 455 2904 semper
498 2850 752 2896 movetur
800 2852 855 2895 et
908 2844 1158 2911 fluctuat,
1201 2857 1254 2901 et
1301 2848 1684 2903 circumfertur

123 2928 249 2980 onmi
294 2939 450 2984 vento
495 2933 761 2987 doctrina:
810 2934 864 2988 in
890 2933 1102 2999 fallacia
1151 2939 1426 2993 hominum
1481 2941 1547 2993 ad
1594 2941 1684 2995 de-

123 3021 400 3090 ceptionem
456 3025 688 3079 erroris.
740 3024 925 3081 Justus
981 3043 1150 3094 vero,
1219 3032 1308 3099 qui
1359 3031 1529 3100 legem
1588 3032 1682 3086 Dei

123 3113 353 3180 custodit,
392 3124 546 3171 tutus
593 3117 801 3172 habitat
838 3135 1002 3188 super
1047 3130 1244 3176 terram
1279 3139 1452 3178 suam.
1481 3124 1686 3180 Sensus

1779 2015 1994 2070 volante
2023 2026 2118 2080 per
2151 2010 2290 2063 diem
2310 2050 2325 2074 ,
2362 2022 2392 2061 a
2423 2004 2640 2077 negotio
2683 1999 3090 2073 perambulante
3125 1998 3175 2050 in
3205 2006 3354 2050 teneo

1779 2107 1914 2170 bris,
1943 2118 1972 2157 a
2013 2101 2188 2165 ruina,
2221 2108 2271 2154 et
2303 2097 2570 2152 daemonio
2601 2093 2924 2150 meridiano.
2960 2110 2980 2144 ι
3008 2089 3173 2145 Addit
3201 2095 3258 2142 et
3287 2086 3356 2141 il-

1780 2197 1872 2252 lud
1906 2197 1926 2228 "
1969 2213 1986 2250 :
2046 2213 2064 2246 ι
2115 2193 2372 2248 Dominus
2415 2186 2742 2244 illuminatio
2793 2201 2952 2249 mea,
3001 2193 3055 2238 et
3105 2180 3359 2236 Salvator

1783 2306 1934 2346 meus
1970 2285 2117 2361 (40),
2153 2300 2312 2355 quem
2362 2281 2610 2336 timebo?
2645 2278 2906 2334 Dominus
2942 2273 3197 2330 defensor
3234 2271 3358 2325 vitae

1782 2397 1937 2442 tueze,
1968 2395 1996 2434 a
2022 2394 2130 2448 quo
2171 2375 2496 2446 trepidabo?
2529 2392 2548 2424 ι
2598 2371 2664 2426 Ει.
2697 2370 2891 2424 iterum
2917 2368 2944 2400 ⁸
2982 2385 2996 2422 :
3031 2387 3049 2418 ι
3089 2365 3146 2420 Si
3179 2363 3360 2420 consi-

1784 2484 1932 2533 stant
1960 2474 2248 2528 adversum
2282 2485 2367 2523 me
2390 2478 2589 2532 castra,
2611 2479 2716 2518 non
2748 2461 2958 2518 timebit
2980 2475 3076 2514 cor
3098 2473 3297 2513 meum.
3335 2474 3355 2509 ι

1784 2567 1948 2622 Vides
1989 2560 2350 2619 constantiam
2397 2568 2450 2611 et
2493 2557 2744 2610 virtutem
2777 2552 2972 2606 anima:
3001 2549 3362 2606 custodientis

1785 2659 2038 2715 mandata
2070 2655 2188 2718 Dei,
2219 2663 2273 2707 ct
2315 2651 2566 2705 habentis
2602 2648 2853 2720 ﬁduciam
2904 2643 3175 2698 libertatis
3207 2642 3361 2711 inge~

1786 2770 1924 2810 uuae.
1950 2752 2077 2808 Post
2107 2750 2222 2804 base
2247 2790 2262 2812 ,
2295 2767 2312 2799 ι
2348 2744 2736 2800 Exterminabo
2762 2786 2776 2809 ,
2827 2739 3052 2811 inquit.
3085 2777 3100 2802 ,
3155 2735 3362 2790 bestias

1787 2846 1957 2902 malas
1987 2845 2051 2899 de
2080 2851 2222 2896 terra
2257 2847 2461 2894 vestra.
2492 2855 2511 2888 ι
2541 2834 2759 2898 Bestiae,
2793 2831 2989 2902 inquit,
3022 2829 3137 2883 istm
3164 2843 3361 2896 corpo-

1789 2939 1969 3002 rales,
1999 2951 2104 2990 non
2151 2943 2277 2988 sunt
2317 2930 2469 2984 mala:
2493 2970 2508 2995 ,
2543 2939 2721 2996 neque
2764 2925 2954 2987 bonae,
2997 2923 3088 2977 sed
3125 2919 3359 2973 medium

1787 3031 2062 3101 quiddam.
2102 3028 2241 3082 Sunt
2271 3026 2413 3079 enim
2442 3031 2588 3077 muta
2617 3017 2893 3073 animalia.
2919 3015 3024 3070 Sed
3055 3011 3156 3067 illa:
3177 3008 3363 3066 bestiae

1789 3124 1946 3179 malm
1980 3129 2105 3176 sunt.
2134 3118 2408 3189 spiritales
2429 3158 2443 3182 ,
2476 3129 2613 3184 quas
2640 3109 2934 3182 Apostolus
2962 3106 3094 3160 dicit
3121 3106 3164 3136 ¹⁰
3201 3120 3219 3154 t
3256 3103 3364 3170 spi-

121 3205 245 3259 enim
266 3206 379 3275 ejus
402 3208 601 3264 firmus
623 3210 954 3268 estdicetttis
975 3213 1042 3267 ad
1073 3214 1238 3267 Deum
1261 3216 1306 3248 ⁹⁷
1330 3233 1342 3269 :
1368 3235 1386 3267 t
1409 3217 1682 3271 Conlirma
1715 3235 1754 3290 ο
1793 3215 1975 3270 rilales
2006 3211 2278 3281 nequitias
2314 3210 2366 3264 in
2414 3207 2746 3262 caelestibus.
2786 3223 2806 3257 ι
2858 3201 2923 3256 Et
2975 3200 3061 3253 illa
3090 3209 3175 3254 est
3222 3197 3362 3250 mala

123 3315 214 3362 me,
247 3301 492 3369 Domine,
537 3304 593 3358 in
624 3305 804 3382 verbis
842 3307 970 3360 tuis.
998 3325 1017 3358 ι
1047 3307 1412 3362 Conlirmatus
1450 3324 1600 3378 ergo,
1635 3321 1688 3365 ct

119 3393 263 3464 267
285 3403 430 3450 tutus
462 3405 521 3450 et
551 3397 823 3451 radicatus
859 3397 1069 3452 habitat
1101 3413 1265 3468 super
1297 3407 1520 3464 terram,
1558 3401 1685 3454 futt-

118 3487 260 3540 datus
291 3488 341 3542 in
377 3489 484 3543 fide
511 3531 528 3556 ,
566 3489 692 3558 quia
744 3488 1037 3544 aedilicium
1076 3489 1192 3556 ejus
1245 3506 1350 3544 non
1396 3500 1478 3545 est
1525 3507 1690 3560 super

117 3594 315 3634 arenam
345 3582 617 3650 positum,
673 3597 850 3651 neque
897 3582 1051 3636 radix
1101 3581 1220 3648 ejus
1270 3598 1434 3652 super
1476 3595 1686 3654 petram

118 3683 226 3741 est;
258 3677 348 3730 sed
380 3676 588 3730 domus
612 3676 828 3745 quidem
857 3675 974 3746 ejus
1003 3675 1229 3732 fundata
1267 3692 1428 3746 super
1463 3687 1686 3746 terram,

117 3765 280 3837 planta
324 3784 462 3824 vero
509 3769 632 3838 ejus
682 3769 923 3824 radicata
972 3779 1055 3825 est
1103 3770 1154 3824 in
1205 3771 1475 3839 prolundo
1511 3784 1687 3835 terrae,

117 3859 207 3913 hoc
236 3870 339 3925 est,
375 3861 430 3915 in
469 3859 830 3916 interioribus
862 3861 1056 3916 anima:
1091 3861 1229 3930 ejus.
1265 3863 1432 3928 Recte
1461 3880 1592 3933 ergo
1624 3867 1689 3919 ad

113 3951 473 4020 hujuscemodi
522 3955 764 4008 animam
813 3955 1014 4008 dicitur
1077 3955 1128 4009 in
1174 3957 1687 4012 benedictionibus:

119 4064 134 4097 t
166 4047 225 4100 Et
250 4047 582 4103 habitabilis
625 4048 725 4102 tuti
755 4048 868 4117 (59)
902 4064 1067 4118 super
1099 4059 1301 4104 terram
1339 4062 1608 4116 vestram,
1638 4060 1689 4106 et

113 4140 240 4195 dabo
289 4154 486 4208 pacem
543 4153 709 4209 super
761 4149 963 4194 terram
993 4141 1059 4194 9⁸,
1109 4161 1126 4191 ι
1160 4141 1331 4208 Quam
1381 4158 1567 4210 pacem
1599 4144 1692 4196 dat

113 4232 242 4286 Deus
268 4232 291 4285 ἲ
321 4231 491 4286 Istam
529 4247 695 4301 quam
729 4231 890 4286 habet.
925 4235 1154 4286 mundus
1196 4232 1219 4284 ?
1250 4230 1420 4302 Negat
1450 4248 1507 4286 se
1533 4234 1690 4286 istam

114 4326 232 4380 dare
255 4323 541 4381 Christus.
580 4323 719 4378 Dicit
739 4324 882 4378 enim
908 4323 992 4376 ’9:
1031 4344 1048 4376 ι
1081 4323 1252 4378 Meam
1285 4341 1468 4394 pacem
1497 4325 1566 4379 do
1597 4341 1693 4376 vo-

113 4417 223 4484 bis,
263 4434 446 4472 meam
495 4433 693 4487 pacem
735 4418 984 4486 relinquo
1031 4417 1183 4470 vobis
1230 4432 1243 4480 ;
1291 4432 1396 4470 non
1430 4418 1571 4471 sicut
1608 4417 1694 4471 hic

116 4511 338 4565 mundus
375 4512 473 4566 dat
509 4523 704 4580 pacem
725 4549 741 4574 ,
779 4524 881 4578 ego
909 4511 978 4564 do
1004 4509 1182 4562 vobis.
1223 4529 1240 4561 ι
1273 4507 1445 4578 Negat
1475 4526 1604 4577 ergo
1635 4525 1693 4564 se

1791 3307 1985 3371 bestia,
2022 3307 2088 3359 de
2115 3320 2220 3372 qua
2256 3303 2386 3357 dicit
2422 3299 2704 3368 Scriptura
2731 3296 2812 3349 “z
2854 3312 2872 3345 ι
2913 3293 3150 3361 Serpens
3183 3298 3362 3343 autem

1789 3408 1909 3453 erat
1941 3395 2242 3463 sapientior,
2277 3391 2518 3446 ontnintn
2563 3387 2857 3442 bestiarum
2899 3398 3018 3453 quae
3051 3390 3176 3436 sunt
3205 3393 3368 3448 super

1792 3501 2012 3545 terram.
2056 3506 2075 3539 ι
2111 3487 2230 3554 Ipsa
2276 3499 2406 3551 ergo
2450 3489 2532 3537 est
2587 3481 2701 3534 haec
2749 3478 2886 3532 mala
2939 3475 3148 3538 bestia,
3203 3487 3366 3542 quam

1792 3578 2058 3649 promittit
2098 3577 2237 3630 Deus
2266 3572 2753 3628 exterminaturum
2797 3581 2856 3621 se
2887 3565 2954 3619 de
2981 3573 3123 3617 terra
3153 3569 3364 3625 nostra,

1791 3672 1833 3726 si
1867 3671 1982 3740 ejus
2010 3669 2260 3722 mandata
2295 3677 2596 3721 servemus.
2629 3661 2722 3716 Vis
2755 3660 2941 3713 videre
2982 3663 3037 3710 et
3079 3653 3237 3707 aliam
3270 3654 3366 3706 be-

1792 3763 1950 3817 stiam
1989 3759 2234 3814 malam?
2267 3777 2285 3811 (
2325 3754 2687 3811 Adversarius
2714 3763 2916 3817 vester,
2953 3751 3128 3819 inquit
3153 3749 3218 3812 “,
3253 3745 3371 3801 dia-

1795 3857 1948 3910 bolus
1973 3856 2115 3909 sicut
2142 3853 2224 3907 leo
2255 3851 2474 3922 rugiens
2493 3847 2686 3903 circuit
2721 3859 2967 3913 qttmrens
2997 3855 3156 3912 quem
3189 3849 3370 3893 trans-

1793 3955 1947 4002 vurel
1987 3945 2131 4020 (4|),
2185 3945 2273 3998 cui
2325 3940 2559 3996 resistite
2608 3939 2775 3993 fortes
2822 3938 2874 3990 in
2921 3936 3042 3990 fide.
3086 3954 3106 3986 ι
3141 3933 3293 4000 Quod
3325 3933 3370 3986 si

1794 4041 1970 4095 adhuc
2011 4040 2190 4109 plures
2230 4035 2434 4089 bestias
2465 4032 2545 4088 vis
2579 4032 2820 4095 discere,
2863 4028 3077 4082 docebit
3107 4035 3158 4080 te
3190 4024 3363 4079 Isaias

1795 4133 2076 4203 propheta,
2105 4131 2196 4200 qui
2223 4130 2322 4184 sub
2353 4127 2558 4184 visione
2589 4137 2755 4194 quam
2806 4119 3098 4175 attitulavil
3130 4119 3375 4187 quadru-

1797 4229 1988 4299 pedum
2022 4227 2074 4280 iu
2104 4227 2338 4288 deserto,
2372 4222 2498 4277 talia
2526 4219 2774 4289 quaedam
2811 4217 3138 4288 prophecito
3178 4212 3374 4283 spiritu

1797 4324 1863 4376 de
1895 4320 2082 4376 bestiis
2112 4318 2386 4387 loquitur:
2426 4334 2445 4367 ι
2489 4314 2543 4368 ln
2582 4311 2929 4367 tribulatione
2952 4349 2968 4374 ,
3004 4308 3172 4376 inquit
3208 4307 3285 4371 ”,
3318 4314 3376 4358 et

1798 4412 2048 4482 angustia
2084 4411 2186 4473 leo,
2224 4419 2280 4464 ct
2328 4408 2537 4462 catulus
2579 4405 2791 4470 lizonis;
2827 4404 2952 4458 inde
2995 4412 3050 4454 et
3081 4399 3192 4453 nati
3227 4397 3376 4465 aspi.»

1803 4507 1928 4558 dum
1965 4503 2293 4567 volantium,
2331 4501 2421 4568 qui
2463 4498 2754 4568 portabant
2797 4509 2958 4563 super
2984 4491 3166 4547 asinos
3201 4499 3256 4545 et
3286 4503 3376 4542 ca-

115 4617 292 4670 pacem
323 4603 526 4656 mttndi
567 4601 701 4656 dare
739 4601 1018 4671 discipulis
1053 4601 1184 4668 suis,
1220 4602 1344 4670 quia
1380 4611 1431 4656 et
1463 4601 1588 4654 alibi
1617 4601 1694 4654 di-
1733 4595 1772 4649 D
1806 4597 1971 4651 melos
2015 4595 2234 4650 divitias
2285 4608 2411 4647 suas
2458 4592 2523 4644 ad
2573 4600 2785 4660 gentem
2821 4601 2940 4656 quze
2992 4599 3098 4638 non
3128 4579 3382 4652 proderit;

113 4694 182 4748 cit
217 4695 235 4724 ¹
280 4708 296 4748 :
332 4712 350 4744 ι
387 4693 542 4760 Quid
590 4693 791 4762 putatis
823 4695 948 4760 quia
987 4708 1174 4762 pacem
1217 4693 1336 4746 veni
1385 4693 1598 4746 mittere
1643 4694 1694 4747 in

109 4797 302 4842 terram
339 4791 364 4842 ?
402 4803 520 4842 non
557 4787 680 4840 veni
719 4801 907 4855 pacem
943 4785 1159 4838 mittere
1183 4823 1199 4847 ,
1229 4784 1322 4838 sed
1367 4783 1627 4852 gladium.
1672 4803 1690 4834 ι

110 4875 199 4933 Vis
221 4893 354 4948 ergo
383 4879 584 4933 videre
605 4892 764 4946 quam
791 4891 978 4943 pacem
1011 4877 1101 4929 dat
1137 4875 1278 4928 Deus
1308 4889 1474 4942 super
1497 4883 1696 4929 terram

108 4982 344 5026 nostram
373 4971 400 5024 ?
435 4971 497 5025 Si
532 4981 680 5023 terra
708 4968 779 5022 sit
810 4969 969 5029 bona,
1011 4968 1096 5022 illa
1131 4982 1251 5037 quae
1281 4965 1440 5020 affert
1462 4967 1696 5020 fructum

107 5063 470 5116 centesimum
501 5103 517 5124 ,
574 5069 670 5116 aut
714 5061 1111 5131 sexagesimum
1141 5101 1156 5125 ,
1205 5071 1299 5113 aut
1339 5059 1696 5125 tricesimum,

104 5151 243 5205 illam
286 5168 490 5221 pacem
540 5151 806 5220 suscipiet
839 5167 868 5204 a
913 5151 1044 5216 Deo,
1087 5166 1248 5218 quam
1294 5149 1424 5204 dicit
1463 5149 1696 5218 Aposto-

105 5242 180 5297 lus
207 5245 227 5274 ³
263 5262 277 5297 :
311 5261 330 5294 ι
370 5243 496 5297 Pax
526 5252 709 5298 autem
740 5242 864 5308 Dei,
902 5260 1020 5312 qua:
1052 5251 1271 5312 superat
1308 5258 1526 5298 omnem
1551 5258 1702 5297 meu-

168 5412 211 5441 ⁹²
248 5410 416 5467 Prov.
445 5410 673 5474 “"35.
753 5411 800 5444 ⁸⁸
831 5410 846 5462 l
879 5410 1004 5476 Car,
1033 5426 1108 5476 tv,
1140 5412 1225 5465 ll.
1295 5411 1343 5442 ⁸⁵
1374 5409 1410 5462 ll
1438 5410 1564 5464 Cor.
1594 5425 1669 5474 ιιι,
1701 5409 1790 5472 27,
1864 5408 1911 5440 ³⁸
1943 5407 2223 5466 Druv.xnt,
2253 5403 2340 5458 25.
2411 5403 2458 5433 ’⁸
2491 5401 2660 5454 Levit.
2691 5413 2837 5460 xxvi,
2870 5396 2921 5448 5.
2982 5395 3026 5424 θ’
3058 5391 3201 5446 Psal.
3233 5404 3383 5448 επις,

173 5521 188 5533 .
241 5481 289 5511 ’³
320 5479 514 5533 Levil.
559 5497 702 5533 xxvr.
740 5480 792 5533 5.
825 5485 877 5533 li.
963 5482 1006 5512 ⁹⁹
1032 5481 1195 5533 .Ioan.-
1221 5482 1436 5533 xrv.27.
1514 5483 1529 5512 ⁸
1565 5483 1692 5533 Luc.
1716 5481 1880 5533 xn.5l
1908 5495 1922 5533 :
1955 5489 2006 5530 et
2031 5477 2220 5529 Matth.
2255 5490 2309 5533 χ.
2337 5474 2426 5528 54.
2503 5473 2523 5502 ²
2548 5470 2740 5533 Phil-p.
2776 5485 2850 5533 tv,
2881 5468 2933 5519 7.
3010 5465 3030 5496 ³
3058 5463 3382 5533 Levit.w,

1587 5497 1692 5534 .uc.
1716 5481 1880 5544 xn,5l
1908 5495 1922 5544 ;
1955 5489 2006 5530 et
2031 5477 2220 5529 Maltlt.
2255 5490 2309 5537 Χ,
2337 5475 2426 5528 54.

1546 5553 1566 5582 ⁸
1592 5551 1735 5604 Psal.
1757 5567 1870 5608 Ctx.

1258 5625 1298 5654 ιε
1335 5623 1349 5676 ι
1384 5623 1496 5676 Pcl.
1534 5638 1603 5688 v,
1635 5625 1715 5703 8.,

90 5478 188 5535 ‘23.
241 5481 289 5511 ’³
320 5479 514 5536 Levil.
559 5497 702 5536 xxt't.
740 5480 792 5540 5.
825 5485 877 5537 li.

101 5552 192 5614 t,6
267 5555 289 5582 ⁵
326 5551 508 5605 Prov.
549 5567 632 5613 ιιι,
663 5551 755 5618 2i,
783 5551 874 5608 ‘25.

103 5623 145 5654 ³⁵
186 5622 391 5689 Ephes.
443 5638 500 5676 vr
533 5663 551 5688 ,
606 5623 690 5676 l2.
762 5623 801 5653 “
830 5621 968 5676 Gen.
1007 5639 1086 5688 ιιι⁹
1127 5624 1178 5676 1.

167 5724 284 5792 (59)
321 5721 482 5775 Tuti.
528 5720 691 5773 Deest
729 5718 781 5772 in
814 5719 1041 5789 vulgatis
1065 5718 1411 5778 cditionihus.
1445 5717 1539 5772 sed
1571 5734 1696 5786 sup.

99 5793 273 5862 pietur
309 5810 341 5847 e
382 5807 530 5862 lttss.

166 5865 284 5936 (40)
320 5861 499 5920 Libb.
534 5858 696 5926 editi,
729 5877 750 5912 ι
783 5859 928 5916 salus
962 5875 1101 5916 mea.
1139 5880 1156 5915 ι
1191 5859 1352 5926 Mss.,
1394 5879 1411 5912 ι
1449 5858 1696 5915 Salvator

963 5482 1006 5512 ⁹⁹
1032 5481 1195 5535 .Ioan.-
1221 5482 1436 5546 Xtv,27.

951 5553 972 5582 ⁵
1003 5552 1164 5609 Prov.
1198 5568 1388 5614 xxvttt,
1423 5553 1472 5605 l.

1805 4691 1902 4745 eis.
1945 4709 1964 4741 ι
2003 4686 2253 4756 Nunquid
2293 4686 2401 4739 ullo
2447 4684 2604 4737 modo
2648 4681 2822 4735 videri
2876 4687 3104 4748 possunt
3147 4675 3263 4730 hmc
3309 4673 3387 4728 de

1806 4781 2181 4851 corporalibus
2205 4779 2395 4834 bestiis
2423 4777 2565 4832 dicta
2595 4777 2755 4829 etiam
2793 4775 2879 4835 iis,
2910 4773 2998 4842 qui
3034 4770 3188 4824 valde
3214 4766 3379 4822 amici

1807 4887 1934 4928 sunt
1962 4873 2198 4928 litterae?
2230 4871 2508 4939 Quomodo
2540 4869 2681 4922 enim
2719 4867 2831 4932 leo,
2862 4875 2915 4920 et
2946 4863 3156 4919 catulus
3186 4861 3381 4927 leonis,

1807 4969 1890 5023 vel
1916 4969 2125 5038 aspides
2140 4965 2384 5021 volantes
2412 4971 2638 5034 possunt
2660 4975 2824 5030 super
2851 4957 3090 5013 camelos
3111 4964 3167 5010 et
3194 4954 3385 5010 asinos

1807 5069 2021 5128 portare
2049 5057 2266 5112 divitias
2312 5070 2438 5109 snas
2460 5053 2483 5106 ?
2509 5052 2611 5107 Sed
2637 5051 2917 5106 evidenter
2949 5047 3251 5101 contrarias
3281 5058 3381 5114 po-t

1812 5161 2031 5207 testates
2081 5153 2382 5205 dannonum
2437 5147 2793 5218 pessimorum
2866 5143 3127 5212 propheta
3173 5138 3385 5208 Spiritu

1809 5256 2000 5300 sancto
2031 5244 2265 5314 repletus
2295 5250 2611 5305 enumerat,
2643 5254 2843 5307 eosque
2867 5235 3135 5290 collocare
3165 5232 3392 5287 divitias

2503 5473 2523 5502 ²
2548 5470 2740 5536 ΡΙιὶΙ-ρ.
2776 5485 2850 5533 ιν,
2881 5468 2956 5536 7η
3010 5465 3030 5496 ³
3058 5463 3230 5516 Levit.
3251 5476 3382 5536 post,

1977 5549 1996 5577 ⁷
2046 5547 2186 5602 Psal.
2214 5534 2359 5599 xxvtt
2384 5586 2400 5610 ,
2423 5546 2471 5599 l.
2544 5543 2564 5574 ⁸
2587 5534 2716 5596 ibid.
2747 5540 2799 5592 3.
2896 5538 2916 5569 ⁹
2941 5534 3112 5590 Levit.
3140 5547 3260 5584 nrt
3282 5570 3296 5594 ,
3327 5534 3383 5583 (5.

1775 5623 1816 5652 ’³
1847 5623 1946 5674 lsa.
1984 5635 2111 5684 xxx,
2141 5619 2194 5671 li.

1806 5731 2180 5858 ¹¹¹ῖέἰῗ’)ἰίι›ι›.
2229 5781 2359 5837 editi
2399 5817 2412 5844 ,
2452 5797 2471 5832 ι
2513 5779 2752 5834 devoret.
2785 5792 2804 5826 ι
2843 5771 2969 5826 Mss.
2997 5807 3014 5835 ,
3063 5785 3083 5821 ι
3127 5777 3374 5823 lransvu.

1803 5870 1906 5913 νει.
1943 5876 1960 5909 ι

3435 5441 3714 5501 2,014”.
