3914 6558
490 430 589 487 571

1936 413 2259 476 ORIGENIS

3636 394 3743 453 ὅτε

486 550 870 621 deeeptionum
901 562 1121 603 suarum
1153 559 1317 615 super
1343 544 1556 599 animas
1595 541 1821 598 stolidas
1852 554 2071 612 pcrver-
2096 548 2145 603 Α
2176 547 2434 591 numerus
2463 544 2531 587 au
2566 540 2855 621 utramque
2880 534 3088 621 partem
3121 520 3536 621 accipi-poles}.-
3564 512 3745 621 δὶ-ἱυο

489 657 707 713 sasque,
737 656 874 710 quas
906 640 1136 695 camelis
1171 651 1226 694 et
1251 637 1423 692 asinis
1455 651 1552 707 per
1583 637 1811 705 ﬁguram
1838 652 2057 707 compa-

491 742 611 798 rat,
645 732 965 803 designavit.
1000 732 1063 785 Et
1097 731 1162 785 iis
1200 730 1395 784 bestiis
1439 743 1505 782 ne
1539 730 1849 785 traderetur
1878 731 2062 783 anima

490 827 654 880 Deum
680 825 876 877 timens
900 824 1088 877 orabat
1108 824 1369 893 propheta
1392 822 1560 875 David
1579 822 1764 877 dicens
1786 822 1829 854 ¹⁸
1854 840 1867 875 :
1899 839 1916 873 ι
1941 819 2060 875 Νοιι

488 917 671 971 tradas
719 916 906 971 bestiis
935 916 1167 969 animam
1202 916 1548 970 confitentem
1585 915 1703 969 tibi.
1791 916 1857 971 Et
1882 925 2063 970 exter-

489 1014 729 1077 minabo,
752 1013 932 1081 inquit
958 1014 1021 1078 ³⁵,
1048 1012 1252 1067 bestias
1282 1013 1550 1081 malignas
1581 1015 1647 1065 de
1680 1020 1824 1065 terra
1857 1021 2059 1076 vestra,

485 1113 541 1158 et
575 1118 748 1173 pugna
784 1120 890 1157 non
922 1104 1171 1157 transibit
1213 1118 1311 1173 per
1346 1112 1549 1157 terram
1581 1112 1839 1157 vestram.
1874 1120 1893 1155 ι
1925 1102 2063 1156 Mul-

486 1209 554 1249 ιέΒ
584 1209 709 1249 sunt
748 1210 939 1265 pugna
971 1210 1091 1264 qua:
1127 1205 1413 1250 transeunt
1455 1210 1553 1266 per
1586 1205 1789 1251 terram
1819 1205 2059 1250 nostram

484 1288 529 1341 si
560 1286 731 1356 legem
760 1288 850 1341 Dei
878 1304 981 1342 non
1009 1289 1369 1353 custodimus,
1399 1303 1499 1343 nec
1527 1297 1788 1358 prazcepta
1813 1288 1929 1357 ejus
1949 1303 2064 1343 ser-

489 1393 697 1433 ramus.
739 1379 947 1434 Redeat
989 1380 1362 1450 unusquisque
1411 1380 1479 1435 ad
1522 1380 1757 1433 animam
1789 1394 1966 1444 suam,
2009 1387 2065 1434 et

485 1470 601 1540 ipse
649 1486 708 1526 se
756 1473 967 1526 interna
1020 1473 1396 1528 recordatione
1447 1471 1745 1536 discutiat,
1777 1480 1832 1526 et
1882 1472 2065 1527 videat

484 1566 756 1633 quomodo
794 1576 935 1621 terra
970 1576 1151 1621 nostra
1177 1604 1194 1631 ,
1230 1566 1282 1620 id
1316 1574 1441 1630 est,
1475 1581 1605 1620 caro
1643 1573 1824 1620 nostra
1852 1606 1868 1631 ,
1917 1580 2064 1620 nunc

485 1656 677 1723 spiritu
750 1656 1169 1722 fornicationis,
1234 1670 1383 1710 nunc
1443 1655 1539 1710 ira:
1591 1665 1646 1709 et
1712 1656 1912 1712 furoris
1968 1672 2064 1710 ur-

489 1759 682 1817 getur,
722 1764 865 1803 nunc
899 1749 1140 1803 avaritia:
1191 1747 1390 1816 jaculis
1423 1746 1701 1817 agitatur,
1744 1762 1888 1802 nunc
1943 1748 2064 1803 telis

487 1840 736 1910 pulsatur
790 1840 1046 1907 invidim,
1107 1856 1251 1895 nunc
1323 1841 1546 1911 spiculis
1604 1842 1849 1896 libidinis
1904 1850 2062 1898 lere-

2161 643 2266 698 que
2296 642 2393 681 nos
2428 624 2601 680 simus
2647 637 2715 676 ex
2745 619 2992 691 quinque
3039 612 3435 675 laudabilibus,
3481 608 3539 663 id
3573 616 3659 661 est
3685 622 3745 658 ex

2161 721 2402 790 quinque
2436 715 2773 786 sapientibus
2801 752 2817 777 ,
2849 720 3240 782 persequemur
3269 703 3599 772 insipientes
3623 712 3745 752 cea-

2164 823 2299 868 tum.
2333 810 2389 865 Si
2413 811 2557 864 enim
2587 807 2867 875 sapienter
2898 812 2952 859 et
2980 798 3337 871 probabiliter
3358 806 3672 867 pugnemus
3698 792 3743 842 in

2164 904 2334 961 verbo
2364 903 2483 965 Dei.
2509 901 2554 956 si
2581 899 2876 970 prudenter
2909 896 2974 951 de
3002 895 3116 963 lege
3141 890 3353 947 Domini
3386 888 3744 946 disseramus,

2166 996 2536 1053 convincimus
2562 976 2632 1048 ‘et
2675 991 2923 1060 fugamus
2977 985 3275 1041 infidelium
3316 978 3742 1037 multitudinem.

2168 1088 2320 1143 Sicut
2352 1088 2495 1141 enim
2529 1086 2767 1154 quinque
2794 1096 3069 1144 numerus,
3100 1090 3156 1135 et
3188 1077 3470 1146 sapientes
3524 1074 3746 1138 indicat,

2164 1191 2219 1236 et
2247 1181 2597 1251 insipientes;
2630 1179 2702 1233 ita
2730 1188 2785 1231 et
2827 1186 3089 1231 centenus
3134 1189 3421 1240 numerus,
3464 1180 3526 1226 et
3567 1169 3747 1223 fideles

2166 1273 2405 1337 indicat,
2443 1280 2494 1328 et
2527 1268 2790 1326 infideles.
2822 1268 2953 1322 Nam
2987 1278 3043 1323 et
3072 1266 3173 1322 sub
3198 1265 3531 1322 centenario
3584 1275 3747 1314 anuo-

2166 1378 2285 1416 rum
2315 1376 2541 1415 numero
2567 1360 2844 1415 Abraham
2882 1360 2990 1413 Deo
3021 1358 3353 1423 credidisse,
3393 1365 3451 1411 et
3482 1354 3749 1425 iustifica-

2166 1462 2257 1511 tus
2282 1469 2404 1509 esse
2436 1452 2784 1517 describitur,
2812 1461 2888 1518 et,
2913 1471 2932 1503 ι
2964 1460 3216 1520 peccator
3238 1451 3333 1520 qui
3360 1448 3609 1503 moritur
3630 1460 3748 1501 εει.-

2169 1555 2283 1602 tum
2315 1562 2581 1601 annormn
2631 1544 2953 1599 maledictus
3000 1544 3195 1599 erit“.
3236 1562 3254 1595 ι
3308 1542 3374 1597 Et
3410 1542 3504 1597 bic
3532 1546 3746 1596 centum

2165 1639 2407 1696 infideles
2435 1655 2464 1692 a
2491 1639 2734 1708 quinque
2765 1637 3100 1706 sapientibus
3151 1635 3469 1705 eilagantur
3494 1673 3511 1697 ,
3548 1642 3606 1686 et
3636 1647 3745 1685 rur-

2168 1747 2285 1786 sum
2318 1739 2533 1786 centum
2560 1729 2764 1795 fideles,
2796 1745 2899 1782 non
2931 1737 3039 1782 tam
3069 1743 3294 1782 numero
3325 1736 3559 1781 centum
3596 1738 3745 1792 quam

2169 1824 2502 1894 perfectione
2533 1822 2748 1894 signati,
2793 1821 2963 1876 multa
2997 1820 3166 1876 millia
3214 1818 3525 1874 infidelium
3580 1830 3748 1884 perse-

486 1934 712 1999 bratur,
757 1944 813 1988 et
855 1935 907 1989 in
952 1934 1368 2005 quibuscunque
1414 1936 1753 2004 concupiscit
1796 1951 1923 1990 caro
1964 1936 2060 1990 ad-

2170 1926 2421 1985 quentur.
2470 1916 2683 1987 Fugant
2728 1917 2873 1971 enim
2920 1914 3105 1968 fideles
3135 1912 3389 1968 doctores
3431 1913 3749 1965 innumeros

487 2042 708 2082 versum
745 2028 1028 2098 spiritum,
1056 2037 1109 2082 et
1139 2029 1365 2096 spiritus
1406 2031 1667 2087 adversus
1697 2044 1943 2094 carnem,
1976 2030 2062 2085 iu-

489 2121 656 2176 ternis
690 2121 889 2190 pra-liis
928 2136 1143 2190 semper
1190 2123 1447 2193 agitatur.
1496 2124 1635 2192 Quid
1676 2132 1858 2179 autem
1886 2124 2062 2177 dicam

485 2212 553 2266 de
580 2212 966 2281 cogitationum
1002 2214 1198 2282 pugnis
1224 2254 1240 2280 ,
1271 2230 1407 2283 quas
1457 2218 1607 2271 cordi
1643 2226 1828 2272 nostro
1860 2232 2063 2288 sugge-

485 2303 558 2356 rit
584 2302 832 2357 inimicus
854 2346 869 2370 ,
906 2314 963 2357 ut
993 2320 1091 2358 nos
1130 2314 1297 2360 exuat
1326 2321 1353 2360 a
1394 2306 1497 2360 fide
1525 2305 1762 2373 Christi,
1798 2315 1851 2363 et
1877 2307 1943 2362 ab
1970 2321 2066 2377 spe

482 2395 788 2451 vocationis
818 2397 1064 2451 nostrte?
1099 2396 1232 2452 Cum
1266 2399 1409 2454 enim
1447 2398 1765 2455 afflictiones
1812 2400 2067 2456 tentatio—

484 2500 637 2551 nmn,
675 2494 729 2539 et
777 2486 1050 2542 molestias
1085 2487 1196 2558 (42)
1247 2488 1432 2543 saeculi
1481 2490 1833 2546 suscitaverit
1881 2492 2063 2556 nobis,

485 2588 879 2645 consequenter
911 2579 1021 2644 jam
1060 2580 1303 2650 suggerit
1342 2582 1690 2651 cogitationi,
1732 2584 2062 2653 superﬂuum

483 2676 538 2721 et
572 2666 810 2735 ineptum
844 2681 965 2722 esse
1012 2669 1127 2723 hinc
1168 2669 1403 2724 tolerare
1441 2686 1539 2740 pro
1582 2671 1801 2726 Christo
1825 2712 1842 2738 ,
1892 2672 2064 2727 multo

485 2773 607 2813 esse
639 2757 827 2811 melius
855 2773 1107 2814 securam
1137 2769 1191 2815 et
1221 2762 1340 2816 sine
1382 2765 1861 2831 persecutionibus
1899 2766 2063 2820 vitam

484 2850 705 2904 ducere.
741 2847 864 2903 Haec
891 2852 1071 2907 sciens
1099 2861 1153 2907 et
1182 2854 1461 2923 apostolus
1497 2854 1694 2910 Paulus
1739 2856 1953 2910 dicebat
1977 2857 2059 2911 “:

492 2958 510 2993 ι
547 2942 907 3011 Cogitationes
934 2945 1316 3010 destruentes,
1364 2954 1419 3001 et
1455 2961 1670 3000 omnem
1720 2946 2061 3002 altitudinem

485 3035 829 3090 extollentem
870 3052 929 3091 se
958 3039 1244 3093 adversmn
1293 3038 1579 3093 scientiam
1628 3038 1853 3095 Christi.
1890 3058 1911 3094 ι
1961 3038 2065 3107 Qui

486 3142 620 3196 ergo
648 3128 829 3183 divina
866 3139 1132 3199 praecepta
1181 3131 1509 3199 servaverit,
1558 3141 1615 3185 et
1663 3132 1918 3187 mandata
1946 3134 2066 3203 ejus

487 3223 825 3288 custodierit,
863 3232 917 3277 et
960 3222 1156 3278 fecerit
1201 3237 1264 3276 ea
1292 3262 1308 3287 ,
1355 3224 1498 3277 hanc
1542 3237 1779 3292 pugnam
1805 3263 1821 3290 ,
1852 3233 1907 3278 et
1952 3224 2065 3281 haec

489 3315 629 3369 bella
659 3331 764 3370 non
796 3316 1016 3385 patitur,
1050 3316 1143 3370 sed
1172 3316 1314 3370 Deus
1343 3315 1521 3369 aufert
1542 3330 1607 3369 ea
1644 3315 1712 3369 de
1745 3326 1889 3369 terra
1920 3315 2058 3384 ejus,

488 3417 543 3463 ct
576 3424 681 3463 non
716 3408 848 3465 sinit
880 3424 941 3464 ea
974 3409 1207 3463 transire
1236 3424 1331 3479 per
1360 3409 1594 3460 aninmm
1615 3406 1770 3474 justi.
1804 3426 1821 3459 ι
1853 3407 1919 3463 Et
1948 3424 2067 3477 per-

490 3500 788 3569 scquemini
822 3501 1069 3556 inimicos
1102 3509 1313 3556 vestros
1342 3500 1404 3553 ‘7.
1429 3494 1605 3561 tQuos
1630 3497 1912 3565 inimicos,
1960 3500 2064 3555 nisi

491 3592 666 3659 ipsum
695 3592 970 3646 diabolum
1013 3602 1065 3646 et
1094 3592 1316 3663 angelos
1357 3590 1504 3659 ejus,
1537 3600 1593 3644 et
1635 3589 1864 3658 spiritus
1908 3592 2065 3645 mali-

488 3699 645 3749 gnos,
674 3693 727 3739 et
772 3684 1034 3738 daemonia
1067 3683 1389 3738 immunda?
1432 3684 1833 3754 Persequemur
1865 3699 1930 3739 ea
1960 3700 2065 3738 non

488 3776 661 3830 solum
697 3783 812 3829 uta
868 3777 1024 3831 nobis
1065 3775 1196 3846 ipsis
1224 3774 1546 3845 ell‘ugemus,
1595 3776 1689 3831 sed
1738 3785 1793 3831 et
1827 3777 1894 3832 ab
1945 3776 2067 3833 aliis

490 3884 629 3935 quos
658 3869 961 3933 incursant,
985 3869 1029 3923 si
1049 3869 1229 3923 divina
1252 3877 1519 3939 prmeepta
1551 3882 1853 3925 servemus.
1893 3889 1914 3922 ι
1944 3871 2067 3926 Per-

491 3961 813 4028 sequemini,
852 3960 1026 4028 inquit
1058 3961 1123 4025 ιδ,
1159 3956 1666 4031 ἱηίηιὶροςνθειιεοε,
1703 3972 1759 4015 et
1786 3961 1981 4016 cadent
2012 3964 2063 4015 in

491 4060 788 4118 conspectu
832 4061 1017 4105 vestro
1072 4060 1272 4106 morte.
1315 4071 1335 4105 ι
1393 4051 1450 4106 Si
1504 4064 1753 4107 conterat
1809 4052 2066 4107 Satanam

492 4142 658 4212 268
699 4144 799 4196 sub
844 4142 1073 4212 pedibus
1109 4144 1314 4198 nostris
1345 4144 1607 4199 velociter
1662 4145 1801 4198 Deus
1827 4184 1843 4208 ,
1872 4145 2069 4198 cadent

495 4232 699 4285 inimici
750 4232 801 4285 in
847 4242 1138 4302 conspectu
1192 4243 1379 4289 nostro
1418 4244 1611 4290 morte.
1650 4234 1815 4301 Cujus
1850 4236 2069 4290 morte?

496 4322 604 4394 Ego
632 4324 866 4379 arbitror
894 4325 1037 4393 quod
1072 4334 1257 4379 nostra
1305 4342 1318 4378 :
1371 4326 1416 4379 si
1469 4327 1613 4380 enim
1647 4342 1744 4380 nos
1773 4326 2071 4382 mortifica-

494 4432 613 4471 mus
640 4418 879 4471 membra
910 4427 1094 4471 nostra
1127 4431 1248 4486 quae
1275 4427 1399 4472 sum
1429 4431 1590 4487 super
1626 4424 1857 4481 terram,
1904 4418 2070 4473 forni-

493 4508 785 4575 cationem,
813 4509 1236 4572 immunditiam,
1266 4508 1310 4562 si
1342 4509 1481 4562 hanc
1516 4516 1745 4563 mortem
1776 4509 2071 4565 inferamus

2169 2011 2480 2076 daemones,
2534 2025 2600 2064 ne
2645 2010 2856 2063 animas
2898 2007 3233 2062 credentium
3282 2007 3517 2076 antiqua
3570 2003 3749 2059 fraude

2166 2101 2459 2171 decipiant.
2498 2119 2517 2152 ι
2559 2101 2622 2155 Et
2655 2103 2848 2155 cadent
2894 2098 3099 2153 inimici
3136 2099 3300 2153 vestri
3341 2099 3397 2152 in
3445 2104 3744 2165 conspectu

2166 2202 2348 2247 vestro
2374 2192 2552 2263 gladio
2576 2194 2640 2248 ”.
2678 2212 2696 2246 ι
2732 2192 2834 2259 Qui
2866 2192 2977 2246 sint
3012 2190 3218 2245 inimici
3258 2205 3429 2256 supra
3471 2189 3745 2253 diximus,

2167 2301 2275 2354 quo
2319 2293 2498 2341 autem
2547 2285 2725 2356 gladio
2772 2285 3030 2339 dicantur
3086 2282 3323 2345 cadere,
3378 2284 3744 2350 requiramus.

2168 2374 2460 2445 Apostolus
2501 2374 2701 2430 Paulus
2752 2389 2852 2429 nos
2897 2373 3058 2428 docet
3108 2373 3231 2442 quis
3274 2371 3345 2425 sit
3386 2370 3481 2426 hic
3518 2368 3745 2438 gladius,

2168 2483 2291 2523 cum
2316 2466 2449 2522 dicit
2471 2466 2516 2498 "
2541 2480 2554 2516 :
2590 2486 2608 2519 ι
2641 2466 2808 2522 Vivus
2826 2468 2967 2521 enim
2992 2475 3075 2521 est
3104 2480 3285 2520 sermo
3312 2462 3431 2529 Dei,
3453 2472 3510 2515 et
3540 2460 3744 2526 eﬂicax,

2166 2567 2221 2613 et
2252 2556 2643 2627 penetrabilior
2663 2557 2808 2611 onini
2838 2556 3018 2626 gladio
3045 2556 3298 2625 utrinque
3328 2565 3521 2619 acuto,
3549 2555 3747 2623 pertin-

2166 2665 2299 2721 gens
2331 2664 2545 2718 quoque
2578 2664 2751 2718 usque
2788 2649 2854 2701 ad
2882 2663 3195 2717 compagem
3224 2648 3424 2702 animae
3468 2663 3540 2701 ac
3592 2648 3745 2716 spiri-

2169 2752 2277 2806 tus,
2309 2742 2674 2796 membrorum
2701 2755 2917 2812 quoque
2944 2752 3000 2796 et
3033 2740 3419 2809 medullarum,
3445 2752 3505 2795 et
3533 2752 3619 2795 est
3644 2742 3747 2796 dis-

2166 2843 2345 2889 cretor
2375 2835 2797 2905 cogitationum,
2829 2844 2885 2889 et
2929 2835 3288 2889 intentionum
3321 2836 3535 2890 cordis.
3576 2854 3597 2887 »
3651 2834 3741 2889 Hie

2166 2935 2249 2981 est
2292 2925 2500 2996 gladius
2521 2966 2536 2991 ,
2589 2926 2749 2996 cujus
2774 2926 2891 2982 acie
2919 2925 3032 2998 (44)
3069 2927 3273 2981 cadunt
3300 2928 3510 2982 inimici
3548 2929 3739 2982 nostri.

2169 3020 2363 3075 Sermo
2396 3034 2630 3088 namque
2682 3020 2773 3074 Dei
2820 3030 2907 3074 est
2946 3021 3035 3089 qui
3094 3021 3389 3089 prosternit
3431 3036 3626 3074 omnes
3654 3022 3745 3073 iui-

2172 3108 2375 3172 micos,
2411 3117 2467 3161 et
2498 3106 2650 3177 ponit
2678 3122 2773 3161 eos
2813 3107 2916 3161 sub
2960 3107 3191 3177 pedibus
3233 3108 3381 3171 suis,
3418 3118 3477 3162 ut
3507 3109 3751 3162 subditus

2175 3207 2267 3263 fiat
2301 3209 2479 3263 omnis
2510 3208 2744 3264 mundus
2773 3210 2903 3262 Deo.
2939 3207 3032 3262 Vis
3071 3208 3250 3263 adhuc
3278 3219 3334 3263 et
3370 3210 3441 3263 de
3480 3210 3587 3263 alia
3624 3210 3748 3279 Epi-

2172 3306 2308 3362 stola
2356 3306 2504 3361 Pauli
2554 3308 2794 3371 discere,
2845 3308 2969 3377 quia
3016 3307 3224 3379 gladius
3270 3324 3454 3362 sermo
3509 3310 3603 3362 Dei
3647 3310 3748 3363 sit?

2172 3401 2315 3459 Audi
2355 3420 2479 3460 eum
2527 3421 2650 3460 cum
2692 3422 2841 3460 arma
2890 3418 3158 3477 praeparat
3205 3408 3468 3462 militibus
3518 3409 3745 3473 Christi,

2168 3502 2437 3569 quomodo
2464 3501 2706 3555 dicit":
2745 3518 2764 3552 ι
2799 3499 2865 3554 Ει
2893 3498 3099 3570 galeam
3149 3500 3343 3555 salutis
3387 3502 3649 3568 accipite.
3692 3512 3744 3552 et

2168 3591 2401 3662 gladium
2432 3593 2657 3662 spiritus
2694 3592 2838 3659 quod
2868 3600 2951 3645 est
2984 3591 3207 3646 verbum
3255 3592 3350 3647 Dei
3403 3608 3501 3663 per
3532 3608 3742 3645 onmem

2168 3684 2471 3736 orationem
2498 3721 2513 3747 ,
2546 3691 2602 3737 et
2632 3681 3072 3737 obsecrationem
3099 3721 3115 3745 ,
3156 3699 3177 3733 ι
3215 3680 3619 3735 evidentissime
3651 3696 3746 3749 per

2170 3773 2284 3828 iure
2318 3774 2679 3840 pronuntians
2705 3813 2720 3838 ,
2755 3772 2885 3843 quia
2929 3787 3025 3843 per
3050 3772 3279 3827 verbum
3326 3771 3420 3825 Dei
3448 3814 3465 3837 ,
3494 3772 3636 3840 quod
3666 3784 3744 3824 est

2169 3865 2384 3936 gladius
2427 3865 2683 3934 utrinque
2712 3874 2945 3928 acutus,
2995 3865 3189 3917 cadent
3232 3862 3439 3916 inimici
3490 3864 3659 3916 nostri
3695 3866 3743 3915 in

2169 3968 2461 4025 conspectu
2494 3968 2705 4012 nostro.
2739 3976 2758 4009 ι
2800 3955 2867 4009 Ει
2906 3955 3189 4023 respiciam
3224 3969 3387 4022 super
3424 3969 3541 4018 vos,
3571 3965 3626 4008 et
3654 3971 3747 4007 au-

2170 4049 2306 4117 gebo
2336 4063 2431 4104 vos
2459 4050 2526 4103 ²⁵.
2562 4068 2581 4102 ι
2624 4048 2845 4103 Plenum
2884 4047 3240 4101 beatitudinis
3272 4056 3356 4101 est
3396 4048 3500 4100 hoc
3548 4048 3742 4115 ipsum,

2171 4144 2214 4197 si
2268 4157 2429 4212 quem
2486 4142 2746 4211 respiciat
2806 4141 2966 4197 Deus.
3011 4140 3103 4195 Vis
3146 4140 3331 4194 videre
3394 4140 3439 4193 si
3492 4142 3745 4209 respiciat

2176 4235 2315 4294 Deus
2352 4233 2420 4287 ad
2459 4234 2732 4287 hominem
2757 4272 2771 4297 ,
2811 4242 3013 4302 quanta
3065 4232 3138 4285 sit
3176 4231 3322 4285 salus
3361 4230 3386 4284 ?
3426 4230 3616 4283 Petrus
3652 4231 3745 4283 ali-

2171 4326 2387 4395 quando
2427 4340 2562 4396 pene
2601 4327 2857 4393 perierat,
2882 4335 2936 4379 et
2975 4339 3039 4379 ex
3081 4323 3496 4379 consecratione
3536 4335 3745 4392 aposto-

2172 4415 2259 4470 lici
2302 4415 2512 4470 umneri
2552 4414 2766 4468 diabolo
2807 4428 2902 4484 per
2935 4430 2999 4470 os
3034 4416 3243 4471 ancilla:
3270 4415 3546 4485 pontificis
3581 4416 3747 4479 inspi-

2176 4517 2330 4562 rante
2368 4506 2543 4561 fuerat
2578 4515 2841 4576 ereptus:
2885 4507 2979 4561 sed
3020 4506 3108 4559 ubi
3156 4509 3393 4577 respexit
3422 4506 3488 4560 ad
3518 4520 3639 4559 eum
3662 4504 3745 4561 Je-

496 4599 752 4654 membris
780 4601 1024 4665 nostris,
1072 4601 1143 4655 illi
1175 4601 1370 4656 cadent
1410 4601 1463 4655 in
1514 4613 1807 4671 conspectu
1860 4612 2067 4657 nostro.
2105 4596 2149 4652 D
2174 4614 2265 4654 sus
2321 4608 2530 4653 tantum
2558 4639 2573 4663 ,
2615 4599 2704 4652 ubi
2745 4598 2811 4650 ad
2868 4613 2987 4653 eum
3031 4600 3224 4667 placidi
3266 4600 3447 4653 vultus
3484 4614 3587 4652 ora
3626 4614 3744 4651 con-

496 4690 775 4756 Quomodo
800 4692 994 4746 cadent
1032 4692 1084 4746 in
1112 4701 1399 4760 conspectu
1434 4702 1621 4747 nostro
1649 4695 1672 4747 ?
1719 4694 1777 4748 Si
1808 4702 1859 4747 lu
1885 4692 2070 4760 justus

497 4782 593 4845 sis,
611 4782 802 4836 cecidit
816 4782 1072 4850 injustitia
1089 4783 1138 4836 in
1152 4793 1439 4853 conspectu
1458 4795 1548 4839 tuo
1564 4803 1577 4852 ;
1596 4785 1641 4840 si
1661 4796 1863 4845 castus.
1878 4786 2071 4839 cecidit

499 4871 692 4939 libido;
723 4875 767 4927 si
804 4875 943 4943 pius,
968 4875 1129 4928 etiam
1172 4876 1285 4946 ipsa
1317 4877 1566 4944 impietas
1610 4877 1818 4931 corruit
1843 4886 1968 4930 ante
1997 4885 2068 4930 te.

567 4964 619 5017 7.
654 4983 672 5015 ι
715 4963 779 5017 Ει
830 4974 1223 5035 persequentur
1249 4982 1316 5021 ex
1342 4968 1497 5021 vobis
1546 4968 1785 5037 quinque
1830 4977 2069 5032 centum,

497 5066 553 5127 ct
579 5068 797 5109 centum
827 5070 892 5108 ex
928 5058 1080 5110 vobis
1126 5069 1521 5128 persequentur
1549 5059 1715 5113 multa
1750 5058 1918 5111 millia
1949 5059 2012 5111 ιθ.
2051 5077 2070 5109 ι

496 5145 595 5210 Qui
625 5155 751 5199 sunt
777 5145 863 5199 isti
897 5146 1139 5215 quinque
1166 5148 1254 5213 qui
1282 5158 1508 5216 possunt
1543 5150 1791 5217 persequi
1818 5147 2076 5202 centum?

497 5240 749 5308 Quinque
801 5254 1059 5293 numerus
1093 5239 1202 5309 (45)
1240 5252 1292 5294 et
1336 5242 1389 5295 in
1435 5243 1793 5298 laudabilibus
1833 5244 2071 5313 ponitur,

498 5340 552 5383 et
586 5329 637 5382 in
668 5329 1042 5399 culpabildms.
1076 5331 1323 5398 Quinque
1346 5343 1473 5384 sunt
1499 5334 1778 5401 sapientes
1808 5332 2066 5403 virgines,

497 5433 551 5477 et
580 5422 822 5491 quinque
866 5421 1273 5489 insipientes”.
1320 5420 1410 5476 Sic
1455 5438 1583 5493 ergo
1616 5434 1671 5478 et
1715 5426 2068 5480 centenarius

572 5516 615 5547 “
643 5513 784 5570 Psal.
819 5530 1006 5576 Lxxw,
1040 5515 1123 5569 l9.
1204 5518 1245 5549 ¹⁸
1275 5517 1443 5571 Levit.
1475 5534 1623 5581 χχιιι,
1654 5517 1708 5580 5,
1729 5518 1785 5574 6.

500 5588 547 5619 ¹⁰
578 5586 768 5638 Matth.
794 5600 920 5639 xxv.
953 5587 1008 5638 ‘2.

505 5672 629 5711 nrt
654 5698 669 5720 ,
692 5655 744 5710 9.
852 5654 900 5687 ⁸⁸
923 5655 1112 5713 Matth.
1145 5674 1294 5721 xxvi,
1334 5659 1423 5713 75.

579 5751 691 5819 (42)
730 5749 883 5805 Libb.
912 5752 1074 5820 editi,
1113 5770 1131 5804 ι
1166 5755 1561 5809 molestiarum.
1599 5767 1616 5804 ι
1661 5751 1811 5820 Mss,
1849 5769 1869 5804 ι
1906 5752 2079 5807 mole-

511 5834 874 5962 8“?:5).Libb.
908 5892 1036 5947 editi
1066 5893 1151 5949 hic
1179 5905 1231 5950 et
1259 5895 1419 5961 infra,
1452 5915 1468 5948 ι
1511 5896 1852 5967 quinqucnus
1885 5908 2075 5948 nume-

1862 5518 1903 5548 ¹⁶
1931 5516 1973 5571 ΙΙ
2005 5518 2131 5571 Cor.
2163 5536 2219 5583 x,
2252 5520 2307 5575 5.

1086 5587 1130 5616 ²¹
1178 5586 1275 5641 lsa.
1310 5602 1410 5642 va
1437 5629 1452 5651 ,
1508 5588 1598 5643 ΞΟ.
1674 5590 1719 5621 ³³
1750 5586 1922 5641 Levit.
1971 5604 2090 5643 xxvi
2119 5630 2134 5657 ,
2177 5595 2229 5647 8.

2177 4694 2375 4757 vertit,
2412 4695 2598 4748 statim
2643 4711 2893 4749 reversus
2935 4695 2990 4749 in
3032 4695 3421 4761 semetipsum,
3466 4703 3523 4745 et
3573 4693 3743 4761 prola-

2178 4801 2330 4856 psum
2366 4788 2431 4841 de
2472 4787 2767 4855 praecipitio
2807 4803 3069 4841 revocans
3123 4787 3342 4855 pedem,
3391 4802 3409 4835 ι
3451 4783 3633 4845 ﬂevit,
3673 4785 3747 4835 iu-

2177 4878 2293 4945 quit
2313 4877 2378 4944 ³⁸,
2419 4880 2757 4933 amarissime
2783 4920 2797 4945 ,
2848 4899 2867 4930 ι
2914 4891 3077 4950 atque
3125 4881 3195 4932 ita
3233 4885 3521 4945 respectus
3551 4891 3579 4928 a
3621 4876 3739 4935 Deo,

2182 4968 2356 5022 locum
2387 4984 2546 5022 suum
2593 4969 2773 5024 flendo
2811 4972 3047 5039 recepit,
3086 4984 3245 5035 quem
3291 4968 3543 5036 negando
3580 4967 3743 5036 perdi-

2173 5061 2346 5115 derat.
2378 5080 2396 5112 ι
2436 5061 2741 5129 Respiciam
2772 5077 2935 5132 ergo,
2974 5062 3180 5129 inquit,
3211 5074 3375 5127 super
3407 5074 3537 5124 vos,
3564 5070 3619 5111 et
3648 5072 3734 5111 auo

2176 5151 2313 5219 gebo
2349 5165 2463 5204 vos.
2505 5169 2525 5203 ι
2571 5149 2849 5219 Tanquam
2899 5153 2942 5205 si
2992 5152 3071 5205 sol
3125 5151 3382 5219 respiciat
3420 5160 3656 5219 segetem
3691 5157 3738 5199 et

2174 5242 2366 5296 aiierat
2404 5243 2655 5308 fructus,
2687 5258 2848 5312 quant
2902 5242 3092 5312 utique
3141 5243 3185 5297 si
3240 5258 3346 5297 non
3403 5242 3738 5310 respexisset,

2173 5336 2510 5390 infructuosa
2560 5336 2852 5390 mansisset
2893 5351 2907 5388 :
2962 5336 3034 5389 ita
3092 5336 3234 5390 Deus
3283 5344 3527 5404 segetem
3578 5333 3739 5387 cordis

2172 5428 2343 5480 nostri
2384 5428 2699 5496 respiciens,
2729 5436 2783 5481 et
2814 5427 2979 5481 radiis
3010 5444 3107 5483 nos
3132 5428 3281 5483 verbi
3312 5428 3397 5482 sui
3424 5427 3733 5487 illuminans,

2381 5522 2421 5552 ¹⁷
2453 5520 2624 5575 Levii.
2655 5520 2878 5587 xxvl,7.
2946 5520 3136 5574 “Ibid.
3218 5521 3261 5552 "
3286 5520 3461 5573 Levit.
3485 5534 3644 5587 xxv].
3681 5513 3732 5571 8ο

2306 5592 2351 5623 ’³
2389 5590 2522 5646 llcb.
2556 5606 2644 5657 tv,
2688 5586 2798 5645 12.7
2871 5590 2917 5621 ”
2951 5591 3146 5662 Epirus.
3191 5606 3267 5657 γι,
3299 5590 3384 5645 Π.
3484 5588 3531 5621 ’³
3578 5586 3733 5644 imit.

2191 5773 2303 5816 tus.
2340 5777 2357 5809 ι
2391 5757 2481 5812 sed
2513 5772 2642 5811 mss.
2672 5770 2884 5819 omnes,
2917 5773 2935 5807 ι
2969 5756 3207 5823 quinque
3238 5769 3517 5811 numerus.
3552 5773 3570 5805 ι

2260 5827 2369 5899 (-i-i)
2407 5829 2586 5883 Codex
2618 5827 2923 5897 Sangerm,
2965 5845 2984 5877 ι
3025 5842 3053 5879 a
3081 5826 3238 5890 facie,
3276 5843 3295 5877 ι
