3914 6534
146 413 236 468 573
1340 411 1650 467 SELECTA
1694 410 1757 465 lN
1798 409 2149 466 NUMEROS.

3263 398 3366 453 574

144 536 285 599 anget
319 543 411 583 nos
453 535 508 582 et
548 529 904 599 multiplicat,
947 542 1005 587 ut
1056 534 1192 589 ultra
1230 533 1341 603 jam
1385 550 1488 587 non
1527 533 1697 587 simus
1726 537 1771 592 Α
1801 530 1915 585 Non
1966 534 2067 584 nos
2114 524 2516 582 abominabitur
2549 522 2729 577 anima
2763 522 2855 577 Dei
2882 562 2898 587 ,
2932 521 2974 577 si
3018 521 3371 575 observemus

143 619 329 690 parvuli
350 661 364 680 ,
392 620 485 673 sed
515 620 694 690 magni
722 622 1043 689 elliciamur,
1076 626 1219 680 sicut
1264 640 1490 695 magnus
1519 625 1692 680 factus

142 723 214 766 est
252 712 387 765 lsaac
414 750 429 775 ,
470 723 523 765 et
564 728 790 781 magnus
837 713 1009 768 factus
1047 715 1298 787 Moyses,
1352 727 1407 771 et
1468 732 1693 786 magnus

140 805 371 859 Joannes.
419 821 438 855 ι
482 802 549 857 Et
573 813 807 859 statuam
864 815 1247 862 testamentum
1283 824 1458 863 meum
1498 808 1690 862 vobis-

140 914 246 952 cum
272 897 335 947 ".
372 914 391 948 ι
428 895 559 950 Vide
604 906 820 965 quantm
867 900 1249 967 promisslones
1285 902 1689 971 promittuntur,

141 991 179 1044 si
209 988 440 1042 mandata
474 1002 772 1044 servemus.
811 1009 830 1042 ι
862 990 1133 1058 Statuam,
1166 994 1363 1064 inquit,
1399 1002 1693 1048 testamen-

140 1090 239 1136 tum
270 1094 436 1133 meum
467 1079 745 1135 vobiscum
765 1119 783 1147 ,
829 1093 884 1135 et
939 1085 1334 1139 manducahitis
1380 1095 1562 1139 vetera
1586 1125 1602 1150 ,
1637 1092 1692 1137 et

140 1182 300 1226 vetera
329 1180 568 1225 veterum
590 1212 605 1236 ,
637 1181 691 1226 et
722 1172 952 1240 cjicietis
981 1187 1166 1231 vetera
1194 1192 1225 1231 a
1267 1185 1557 1246 conspectu
1596 1190 1693 1229 uo-

140 1276 329 1316 vorum.
364 1278 384 1313 ι
420 1260 701 1328 Quomodo
726 1263 972 1331 eiicimus
996 1278 1175 1322 vetera
1205 1283 1233 1322 a
1262 1280 1553 1336 conspectu
1591 1284 1690 1323 no-

138 1354 355 1409 vorum?
382 1356 568 1410 Vetera
605 1356 893 1413 habuimus
932 1358 1102 1430 legem
1146 1370 1201 1415 et
1239 1362 1551 1430 prophetas,
1596 1376 1693 1417 ve-

140 1458 240 1502 tera
265 1455 438 1500 autem
468 1457 710 1503 veterum
730 1491 745 1516 ,
775 1465 839 1504 ea
866 1465 986 1520 quae
1016 1461 1143 1508 ante
1173 1452 1344 1524 legem
1376 1454 1593 1508 fuerunt
1624 1455 1691 1510 ab

136 1538 294 1602 initio,
320 1553 439 1592 cum
477 1541 708 1595 mundus
738 1540 912 1596 factus
945 1551 1047 1598 est.
1086 1542 1359 1598 Venerunt
1400 1544 1693 1615 Evangelia

134 1645 277 1695 nova,
310 1640 573 1685 venerunt
600 1639 656 1686 et
692 1634 945 1701 apostoli.
975 1634 1017 1687 A
1053 1644 1344 1704 conspectu
1376 1635 1567 1690 horum
1592 1635 1691 1703 eji-

132 1724 287 1779 cimus
313 1732 520 1779 vetera.
545 1723 828 1791 Quomodo
856 1740 917 1780 ea
951 1726 1242 1797 cjicimus?
1270 1726 1465 1797 Legem
1500 1743 1694 1783 secun-

134 1816 240 1869 dum
280 1814 514 1870 litteram
548 1816 819 1885 ejicimus,
851 1827 911 1872 ut
948 1828 1252 1875 statuamus
1277 1815 1449 1890 legem
1491 1835 1691 1875 secun-

1792 637 1854 676 ea
1897 637 2019 692 quae
2064 621 2264 689 scripta
2299 626 2445 673 sunt.
2480 618 2860 671 Verumtamen
2889 615 3047 669 velim
3089 613 3369 682 requirere

1793 714 1922 784 quid
1959 724 2043 768 est
2086 714 2265 767 anima
2309 711 2425 768 Dei.
2471 709 2855 778 Nunquidnam
2900 707 3209 775 putabimus
3253 700 3367 776 (45)

1793 805 1920 874 quia
1959 805 2100 859 Deus
2132 803 2328 858 habeat
2357 800 2595 855 animam
2640 800 2785 853 sicut
2824 796 3026 853 homo?
3057 795 3366 850 Absurdum

1792 907 1876 953 est
1922 898 2027 951 hoc
2073 896 2279 949 sentire
2327 893 2394 946 de
2424 892 2553 946 Deo.
2585 891 2698 960 Ego
2741 901 2917 943 autem
2947 890 3124 941 audeo
3148 897 3203 942 et
3245 887 3370 944 dico

1793 991 1919 1059 quia
1969 990 2150 1044 anima
2196 987 2291 1042 Dei
2330 985 2586 1041 Christus
2634 991 2737 1037 est.
2772 979 2929 1034 Sicut
2956 982 3099 1033 enim
3130 978 3365 1034 Verbum

1796 1084 1888 1139 Dei
1918 1090 2001 1138 est
2028 1081 2294 1145 Christus,
2329 1086 2385 1134 et
2410 1075 2675 1145 sapientia
2707 1074 2825 1137 Dei,
2857 1083 2910 1128 et
2939 1073 3110 1126 virtus
3139 1073 3251 1138 Dei,
3292 1073 3366 1127 ita

1792 1189 1846 1232 et
1877 1176 2057 1230 anima
2089 1175 2181 1229 Dei
2214 1183 2318 1228 est.
2355 1172 2419 1225 Et
2446 1171 2545 1223 hoc
2578 1169 2734 1221 modo
2763 1169 2993 1232 dicitur,
3025 1167 3150 1235 quia
3199 1185 3219 1219 ι
3258 1181 3368 1223 non

1796 1285 1888 1324 vos
1919 1268 2323 1323 abominabitur
2350 1268 2528 1322 anima
2561 1281 2679 1320 mea
2702 1307 2718 1333 ,
2757 1284 2777 1318 ι
2828 1266 2882 1319 itl
2903 1274 2987 1322 est
3002 1265 3173 1323 Filius
3193 1278 3364 1327 meus,

1800 1360 1894 1414 sed
1932 1377 1950 1411 ι
1986 1358 2274 1414 ambulabo
2307 1360 2446 1415 inter
2492 1376 2588 1417 vos
2626 1362 2693 1417 ³ο.
2746 1380 2764 1413 ι
2813 1359 2931 1415 Νοη
2979 1358 3110 1412 mihi
3158 1358 3369 1411 videtur

1792 1453 1957 1524 269
1984 1453 2131 1523 quod
2154 1454 2255 1508 hoc
2280 1454 2565 1523 promittat
2596 1454 2759 1523 Deus,
2803 1454 2928 1524 quia
2973 1454 3026 1507 in
3077 1462 3220 1507 terra
3270 1449 3367 1507 Ju-

1793 1547 2031 1601 daeorum
2066 1546 2442 1602 ambulaturus
2471 1548 2543 1602 sit
2576 1567 2590 1604 :
2622 1548 2742 1613 sed,
2779 1548 2905 1617 quia
2934 1547 2980 1601 si
3008 1546 3129 1615 quis
3156 1558 3370 1600 merue-

1794 1639 1866 1693 rit
1890 1639 1963 1693 ita
1990 1638 2110 1707 puri
2143 1652 2264 1693 esse
2292 1638 2502 1703 cordis,
2538 1648 2598 1693 ut
2627 1640 2718 1693 Dei
2747 1654 2919 1708 capax
2963 1639 3072 1702 sit,
3116 1637 3168 1691 in
3215 1651 3284 1692 eo
3311 1651 3371 1691 so

1796 1730 1925 1785 dicit
1955 1728 2237 1784 ambulare
2271 1728 2431 1784 Deus.
2470 1749 2489 1782 ι
2523 1730 2589 1784 Et
2619 1746 2713 1786 vos
2747 1730 2902 1785 erilis
2941 1730 3071 1784 mihi
3115 1728 3369 1800 populus,

1793 1832 1845 1875 et
1872 1836 1971 1890 ego
2005 1820 2263 1876 Dominus
2292 1822 2433 1877 Dens
2463 1830 2663 1886 vester,
2694 1822 2785 1891 qui
2816 1823 2974 1877 eduxi
3006 1837 3098 1877 vos
3125 1822 3189 1875 de
3226 1830 3369 1875 terra

130 1907 242 1961 dum
265 1907 533 1976 spiritum.
558 1908 853 1965 Possumus
878 1920 933 1965 et
960 1910 1062 1965 hoc
1096 1912 1254 1965 modo
1277 1913 1479 1967 dicere:
1513 1913 1688 1968 Ante-
1722 1890 1766 1950 Β
1794 1912 2034 1984 Egypti,
2057 1930 2180 1969 cum
2209 1914 2408 1970 essetis
2431 1915 2599 1980 servi,
2624 1926 2677 1970 et
2698 1890 2928 1970 contrivi
2952 1920 3138 1986 jugum
3165 1914 3367 1971 vinculi

130 2013 271 2068 quam
297 1999 509 2054 veniret
541 2002 699 2056 homo
748 2001 814 2056 de
860 2003 999 2057 coelo
1024 2042 1040 2068 ,
1070 2012 1126 2057 et
1170 2013 1488 2057 nasceretur
1527 2005 1689 2056 homo

133 2091 379 2158 caelestis,
429 2108 645 2149 eramus
704 2109 895 2150 omnes
949 2097 1192 2159 terreni,
1234 2108 1285 2151 et
1337 2098 1691 2166 portabamus

132 2181 399 2252 imaginem
433 2185 631 2239 terreni
666 2201 681 2251 ;
713 2187 809 2242 sed
842 2187 931 2241 ubi
960 2188 1107 2241 venit
1158 2187 1317 2241 homo
1359 2204 1561 2249 novus,
1597 2188 1688 2258 qui

127 2276 407 2330 secundum
437 2278 601 2332 Deum
628 2288 845 2334 creatus
886 2288 1005 2343 est,
1038 2279 1289 2346 ejicimus
1322 2284 1358 2333 ‘a
1389 2290 1684 2349 conspectu

128 2367 229 2434 ejus
252 2380 434 2425 vetera
458 2411 473 2435 ,
501 2373 831 2442 deponentes
872 2381 1111 2428 veterem
1149 2374 1418 2429 hominem
1439 2414 1455 2439 ,
1506 2382 1561 2427 et
1604 2373 1691 2427 in-

131 2460 334 2515 duentes
359 2479 584 2529 novum,
617 2465 705 2535 qui
736 2464 1032 2520 secundum
1065 2465 1377 2520 interiorem
1410 2464 1687 2519 hominem

135 2563 406 2608 renovatur
434 2556 503 2609 de
527 2556 613 2610 die
642 2558 693 2610 in
721 2557 885 2612 diem.
914 2574 932 2607 ι
966 2556 1030 2609 Ει
1058 2573 1250 2627 ponam
1278 2556 1687 2612 tabernaculum

132 2659 289 2698 meum
321 2645 373 2699 in
403 2647 561 2701 vobis
585 2648 650 2702 ’⁸.
688 2667 708 2701 ι
748 2648 803 2703 Si
839 2650 953 2703 haec
978 2650 1243 2704 habemus
1268 2648 1320 2702 in
1359 2649 1537 2713 nobis,
1569 2662 1690 2715 quae

132 2748 273 2803 supra
296 2738 436 2794 diota
465 2750 612 2805 sunt,
631 2740 674 2795 si
701 2740 911 2807 abiecto
934 2752 1116 2796 vetere
1137 2742 1355 2795 homine
1375 2741 1686 2795 innovatum

1796 2007 1961 2057 vestri
1987 2004 2051 2057 ".
2093 2023 2113 2056 ι
2155 2002 2294 2060 Vere
2323 2004 2511 2059 eduxit
2555 2018 2653 2059 uos
2693 2005 2832 2059 Deus
2859 2006 2924 2060 de
2948 2006 3108 2060 domo
3130 2005 3365 2060 servitu-

1796 2097 1865 2151 tis
1901 2117 1914 2151 :
1950 2095 2093 2151 servi
2125 2099 2269 2151 enim
2313 2111 2530 2151 eramus
2559 2098 2799 2165 peccati,
2830 2099 2955 2168 quia
3014 2115 3032 2148 ‹
3075 2099 3250 2150 omnis
3275 2096 3368 2164 qui

1796 2197 2019 2259 peccat,
2054 2203 2246 2243 servus
2287 2199 2373 2244 est
2406 2187 2613 2258 peccati
2639 2189 2703 2242 ³³.
2746 2208 2764 2241 ι
2803 2190 2864 2243 Ει
2895 2188 3150 2244 contrivit
3183 2188 3371 2240 vincu-

1795 2281 1906 2335 lum
1932 2280 2045 2350 jugi
2067 2282 2256 2349 nostri,
2279 2281 2394 2354 jugi
2419 2285 2562 2353 quod
2588 2283 2923 2353 imposuerat
2947 2295 3106 2350 supra
3130 2279 3371 2334 cervices

1792 2379 2010 2425 nostras
2041 2370 2127 2425 ille
2150 2372 2240 2439 qui
2268 2387 2369 2426 nos
2398 2373 2450 2426 iu
2484 2372 2856 2443 captivitatem
2891 2371 3139 2432 duxerat,
3167 2378 3218 2422 et
3244 2381 3371 2437 pec-

1792 2474 2035 2518 catorum
2065 2464 2296 2519 vinculis
2342 2464 2645 2534 colligarat.
2681 2463 2954 2519 Contrivit
2981 2476 3110 2532 ergo
3156 2460 3368 2529 peccati

1792 2556 2104 2619 vinculum,
2153 2565 2208 2610 et
2247 2555 2435 2624 jugum
2484 2564 2684 2609 nostra:
2742 2553 3076 2624 captivitatis
3127 2550 3370 2605 excussit

1795 2647 2057 2703 Dominus
2087 2647 2443 2702 uostechsus
2465 2648 2736 2715 Christus,
2762 2655 2814 2701 et
2836 2662 2990 2701 suum
3018 2644 3175 2699 nobis
3206 2656 3372 2697 suave

1788 2739 1974 2809 jugum
2010 2739 2132 2794 tidei
2155 2740 2606 2805 etcharitatis,et
2631 2742 2743 2812 spei
2771 2782 2785 2805 ,
2819 2756 2883 2795 ac
2914 2738 3074 2793 totius
3104 2736 3370 2791 sanctita-

132 2839 203 2883 est
234 2844 322 2883 cor
364 2841 609 2885 nostrum
636 2872 649 2895 ,
682 2834 826 2887 venit
854 2834 923 2887 ad
964 2849 1059 2887 nos
1089 2832 1250 2895 Deus,
1287 2842 1342 2885 et
1377 2832 1584 2886 habitat
1631 2832 1684 2886 in
1717 2843 1725 2848 ‘
1796 2834 1863 2887 tis
1891 2834 2166 2903 imposuit.
2193 2834 2298 2906 Ipsi
2319 2834 2485 2905 gloria
2507 2835 2560 2889 in
2583 2844 2787 2890 aeterna
2809 2831 3003 2889 saacula
3028 2827 3368 2885 saeculorum.

133 2922 287 2985 nobis,
310 2924 397 2992 qui
426 2924 564 2979 dixit
587 2927 631 2958 "
659 2944 671 2980 :
708 2943 727 2977 ι
766 2926 829 2981 Et
855 2942 1049 2998 ponam
1078 2924 1479 2980 tabernaculum
1508 2940 1684 2980 meum
1793 2927 1984 2981 Amen.

135 3012 180 3065 in
205 3013 380 3078 vobis,
422 3023 483 3069 et
522 3032 628 3071 non
670 3017 1074 3073 abominabitur
1106 3032 1202 3072 vos
1251 3017 1431 3071 anima
1476 3033 1615 3071 mea.
1663 3034 1682 3068 ι

193 3128 233 3159 ’⁷
260 3126 426 3183 Levit.
459 3145 614 3197 xxv1,
639 3130 691 3186 9.
766 3131 810 3161 ³⁸
831 3129 1002 3186 Levit.
1028 3145 1177 3196 xxvi,
1208 3130 1296 3187 11.
1369 3132 1413 3163 ⁸⁸
1434 3129 1563 3184 ibid.
1643 3127 1688 3161 ⁸⁸

1796 3127 1845 3183 d.
1876 3128 1965 3183 12.

195 3241 293 3313 (55)
318 3242 502 3297 Codex
531 3242 836 3315 Sangerm.,
867 3261 886 3295 t
916 3243 1246 3312 putabimus.
1285 3262 1303 3295 ι
1340 3241 1495 3299 Libb.
1529 3241 1713 3307 editi,t
1745 3248 2019 3311 putamus.
2063 3259 2081 3292 ι

766 3131 810 3161 ²⁸
831 3129 1002 3186 Levit.
1028 3145 1177 3196 XXVI,
1208 3130 1296 3187 11.
1369 3132 1413 3163 ¹⁹
1434 3129 1563 3184 ibid.
1643 3127 1688 3161 ⁸⁸

1796 3127 1845 3183 d.
1876 3128 1965 3183 12.
2040 3127 2083 3160 ⁸¹
2110 3126 2285 3182 Levit.
2312 3142 2461 3193 xxvi,
2492 3127 2557 3181 l2
2575 3138 2628 3182 et
2654 3128 2735 3182 15.
2816 3126 3036 3183 "Joan.
3060 3138 3177 3192 vm,
3211 3120 3306 3178 3|.

275 3384 3323 3422 mw

134 3397 1094 3425 π

1102 3414 1406 3423 -

1416 3587 2091 3704 MONITUM
2755 3734 2758 3738 t

500 3829 646 3916 AD
717 3823 1295 3919 ORIGENIS
1368 3824 2054 3915 EXEGETICA
2133 3824 2261 3915 IN
2343 3822 2963 3917 NUMEROS.

186 4151 417 4227 Triginta
454 4152 700 4223 Origenis
741 4157 793 4209 in
828 4156 1088 4212 Numeros
1117 4156 1367 4212 Itomilias
1397 4169 1769 4214 commemorat
1794 4157 2144 4214 Cassiodorus
2175 4157 2418 4213 Institut.
2454 4158 2636 4227 cap.l.
2682 4155 2871 4211 Verum
2904 4169 3021 4209 octo
3062 4162 3266 4227 tantum
3304 4164 3357 4211 et

118 4224 281 4290 viginti
308 4226 471 4300 hodie
496 4236 793 4300 supersunt,
820 4245 1043 4293 quarum
1073 4230 1409 4300 interpretem
1435 4246 1546 4282 esse
1580 4230 1833 4300 Rufinum
1863 4231 2019 4299 liquet
2046 4246 2080 4300 re
2118 4230 2349 4299 sequenti
2388 4224 2527 4295 ejus'
2582 4227 2798 4300 prologo
2817 4268 2831 4291 ,
2865 4228 2980 4300 qui
3008 4227 3061 4279 in
3095 4226 3358 4300 plerisque

122 4296 488 4368 manust-rimis
506 4295 678 4368 fronti
704 4296 917 4368 illarum
942 4299 1194 4366 pra'ﬁxus
1215 4295 1317 4352 est.
1345 4299 1547 4352 Nullus
1578 4295 1700 4368 ergo
1731 4295 2009 4352 dubitandi
2036 4295 2314 4368 locusest,
2354 4300 2481 4368 quin
2515 4315 2630 4351 vere
2661 4295 2904 4366 Origenis
2936 4296 3066 4358 sint,
3110 4306 3157 4368 et
3180 4297 3357 4368 inanis

118 4364 174 4435 sit
207 4363 430 4420 Andreae
498 4365 660 4419 [liveti
712 4366 1022 4432 observatio,
1052 4363 1317 4421 auctorem
1355 4363 1698 4425 itomitiaru'm
1743 4371 1965 4423 istarum
2015 4367 2265 4422 Latinum
2304 4363 2414 4423 esse
2457 4385 2522 4422 ea:
2555 4385 2613 4421 eo
2644 4363 2929 4435 arguentis,
2970 4367 3110 4428 quod
3139 4365 3357 4417 homilia

122 4433 418 4508 duodecima
468 4437 795 4508 di/[erentia_
823 4447 1037 4508 notetur
1093 4440 1230 4490 inter
1261 4457 1278 4489 ι
1318 4441 1574 4495 excudere
1604 4459 1622 4491 ι
1661 4449 1710 4492 et
1761 4457 1780 4490 ι
1819 4439 2098 4503 excidere‘;
2126 4458 2144 4492 ι
2194 4454 2335 4508 qute,
2390 4446 2449 4492 ut
2488 4439 2616 4491 scite
2659 4433 2732 4489 ait
2774 4436 2999 4508 Huetius
3043 4435 3354 4508 Origeniau.

119 4502 307 4578 Ιὶῥληι,
340 4516 475 4578 sect.
503 4502 556 4569 3,
591 4522 735 4578 num.
852 4507 953 4560 soli
989 4506 1169 4578 lin/ini
1204 4510 1500 4575 interpretis
1541 4509 1915 4578 muniﬁcentire
1964 4502 2176 4578 accepta
2205 4502 2501 4574 'referenda
2542 4517 2684 4561 sunt.
2738 4507 2892 4571 Quod
2923 4507 2966 4578 si
2997 4506 3114 4578 quis
3142 4502 3355 4578 insuper

118 4572 314 4646 objiciet
339 4574 622 4643 Origenem
657 4576 873 4629 homilia
907 4578 962 4630 in
997 4572 1279 4631 Ieremiam
1324 4572 1633 4633 duodecima
1690 4572 1996 4646 promittere
2025 4572 2176 4632 se'de
2214 4572 2631 4632 sacerdotalibus
2681 4572 3124 4646 benedictionibus
3152 4590 3272 4646 qua:
3298 4575 3355 4627 in

122 4639 356 4718 Numeris
380 4639 743 4718 continentur,
780 4646 1106 4718 locuturum,
1131 4648 1265 4700 nihil
1288 4665 1407 4702 vero
1437 4651 1590 4703 hodie
1620 4639 1878 4718 ejusmodi
1910 4651 1964 4703 in
2010 4646 2299 4717 Ruﬁniuna
2349 4647 2653 4701 collectione
2695 4660 3017 4718 comparere,
3073 4639 3247 4718 facilis
3279 4653 3355 4697 est

117 4716 396 4790 responsio,
430 4730 613 4783 nempe
648 4715 737 4790 vel
767 4716 1023 4790 _I_iomilias_
1062 4718 1215 4790 istas,
1240 4714 1745 4790 proconsuetudine
1782 4736 1881 4773 sua
1925 4714 2227 4790 decurlasse
2259 4727 2309 4790 et
2338 4717 2680 4790 interpolasse
2713 4714 3001 4790 Ruﬁnum;
3034 4714 3108 4790 vel
3144 4714 3353 4790 aliquas

112 4785 213 4855 jmn
236 4785 398 4847 ipsius
434 4795 590 4855 αἰσία
625 4786 918 4850 excidisse;
946 4785 1042 4848 vel,
1078 4789 1216 4855 quod
1243 4785 1585 4841 verisimilius
1609 4800 1703 4851 est,
1746 4790 1808 4841 de
1835 4789 2251 4841 sacerdotalibus
2294 4786 2741 4838 benedictionibus
2786 4786 3354 4855 Adamantiumidisse-

116 4853 272 4971 (quisse
297 4854 650 4977 indulterutra
682 4872 707 4909 ε
734 4857 941 4910 duabus
971 4853 1203 4910 homiliis
1231 4859 1538 4928 deperditis,
1573 4875 1689 4928 qua:
1718 4875 1992 4912 numerum
2031 4857 2303 4927 explebant
2339 4857 2555 4925 triginta
2596 4855 2935 4910 ltomiliarum
2971 4872 3102 4925 quas
3138 4854 3352 4907 Cassio-

150 4937 264 4973 orus
297 4940 343 4976 vt
390 4937 451 4977 tt.

150 4937 264 4973 orus
297 4937 451 4977 vtatt.

183 4990 381 5067 νίψεν
404 4994 675 5056 homilias,
709 4995 909 5049 scholia
942 4997 1099 5067 etiam
1132 5013 1223 5050 seu
1263 5007 1509 5065 excerpta
1556 4999 1611 5050 in
1638 4997 1899 5052 Numeros
1926 4997 2091 5051 edidit
2123 4995 2397 5067 Origenes,
2442 4996 2531 5050 sed
2573 4996 2628 5049 in
2659 5012 2819 5049 unum
2850 4997 2925 5047 ita
2966 5010 3083 5047 cum
3109 4994 3353 5067 Altomia’iis

116 5065 351 5125 permista
382 5074 507 5137 sunt
545 5066 926 5137 ab_inlerprete
956 5066 1170 5134 Ruﬁno,
1210 5084 1332 5119 cum
1364 5064 1551 5121 Latine
1581 5078 1801 5137 utraque
1832 5077 2071 5132 verteret,
2098 5076 2152 5119 ut
2178 5064 2271 5134 pro
2312 5066 2492 5119 eodem
2532 5067 2710 5119 haberi
2760 5069 2979 5137 possint.
3029 5082 3047 5114 ι
3092 5064 3353 5131 Quincun-

114 5146 222 5198 que,
250 5135 457 5207 inquit,
490 5136 543 5187 in
572 5133 926 5189 Numerorum
959 5133 1117 5207 libro,
1142 5138 1247 5190 sive
1279 5138 1576 5191 homiletico
1602 5133 1758 5207 siglo,
1804 5140 1912 5191 sive
1945 5139 2108 5190 etiam
2149 5133 2213 5189 ea:
2252 5139 2333 5190 Itis
2363 5153 2479 5206 qua:
2501 5146 2743 5202 excerpta
2761 5133 3125 5203 appelluntur,
3154 5136 3349 5207 scripta

116 5204 416 5276 reperimus,
438 5204 569 5269 lucc,
599 5218 906 5274 perurgente
935 5218 1008 5272 te,
1034 5206 1292 5269 Romana,
1319 5218 1373 5261 ut
1421 5204 1707 5276 potuimus,
1730 5223 1852 5262 voce
1888 5223 1952 5261 ea:
1984 5208 2204 5260 diversis
2244 5208 2298 5259 in
2330 5204 2491 5259 unum
2521 5206 2737 5259 collecta
2769 5206 3103 5274 digessimus.
3147 5224 3165 5257 ι
3205 5204 3350 5255 Illud

117 5270 237 5346 forte
267 5274 319 5346 in
348 5290 511 5326 causa
536 5270 610 5328 est
638 5292 733 5328 cur
753 5270 806 5328 in
835 5270 1095 5344 eiusmodi
1124 5276 1357 5331 homiliis
1387 5270 1627 5346 quaedam
1677 5294 1741 5332 ea:
1791 5289 2017 5346 tempore
2052 5278 2424 5346 pronuntiata,
2467 5275 2724 5346 nonnulla,
2767 5270 2883 5329 vero
2912 5292 2976 5328 ea:
3014 5278 3121 5328 otio
3152 5277 3349 5341 scripta

115 5348 160 5416 e_t
183 5344 349 5416 fusius
374 5354 699 5410 pertractata
728 5348 1025 5416 videantur.
1070 5346 1209 5401 Hinc
1242 5344 1407 5400 etiam
1441 5349 1658 5411 accidit,
1698 5360 1752 5401 ut
1800 5344 2252 5413 neu-trius‘operis
2289 5359 2487 5416 tempus
2522 5356 2660 5399 certo
2700 5345 2819 5413 jam
2863 5348 3128 5416 assignari
3167 5355 3346 5416 queat.

115 5407 415 5487 ln‘prﬁologfo
455 5417 663 5481 quidem
703 5428 960 5487 tantorum
984 5415 1192 5487 Cantici
1222 5419 1571 5481 canticorum,
1608 5407 1738 5487 quos
1766 5419 1903 5470 inter
1938 5407 2138 5469 annum
2170 5418 2275 5472 238
2299 5428 2343 5470 et
2377 5407 2571 5468 annum
2608 5407 2737 5478 24d,
2775 5417 2870 5469 sub
2908 5407 3188 5468 Co'rdiuno'
3212 5414 3347 5487 scri-

115 5481 205 5557 psit
234 5479 507 5557 Origenes,
540 5487 664 5537 citat
692 5484 998 5557 ὲξηγητικά
1028 5505 1127 5540 sua
1159 5489 1212 5541 in
1236 5489 1494 5542 Numeros
1527 5479 1594 5543 εἰ
1620 5479 1922 5553 Ὡαοηιοιιο,
1955 5488 2142 5556 inquit,
2170 5488 2417 5556 di/ferant
2456 5503 2613 5555 operit
2646 5489 2710 5539 ab
2758 5487 2999 5555 operibus
3042 5482 3347 5557 operutttuitt
3426 5554 3427 5557 η

114 5549 466 5627 Numerorum
491 5555 622 5607 libro
653 5549 1021 5623 tractantibus,
1043 5568 1194 5625 prout
1225 5560 1514 5627 potuimus,
1553 5549 1751 5611 diclunt
1786 5567 1860 5610 est
1896 5549 1927 5610 ὰ
1952 5549 2122 5611 nobis.
2173 5577 2193 5610 ›
2227 5549 2301 5610 ’Μ
2333 5549 2497 5626 genus
2536 5549 2891 5609 distinctionis
2930 5549 3098 5609 exstat
3126 5552 3347 5627 humilia

118 5621 696 5698 4'1lnlnantuNumeros.
730 5628 820 5680 sed
846 5628 966 5698 quis
993 5621 1235 5698 asserere
1255 5640 1409 5697 queat
1458 5630 1632 5682 utrius
1664 5630 1833 5696 operis
1882 5642 2004 5696 pars
2028 5628 2095 5681 sit
2131 5628 2243 5682 lucc
2288 5621 2581 5698 πὲρικοπή,
2627 5627 2985 5698 Itomiliarum,
3021 5642 3087 5676 an
3117 5624 3347 5698 scholia-

120 5690 268 5769 sum?
296 5689 355 5744 Si
389 5693 746 5754 homiliarum.
775 5689 914 5769 falsa
941 5708 1015 5751 est
1055 5696 1237 5751 Huetii
1267 5689 1561 5764 sententia,
1610 5689 1728 5769 illas
1760 5689 1940 5751 omnes
1978 5713 2187 5769 esseea:
2217 5689 2398 5750 earum
2427 5689 2656 5769 numero
2696 5713 2826 5769 quas
2851 5696 3198 5769 Adamantius
3234 5700 3347 5769 post

118 5763 279 5836 artatis
301 5778 423 5836 suae
450 5780 643 5836 armum
674 5763 1055 5835 sexagesimum
1088 5783 1152 5820 ea:
1181 5778 1411 5834 tempore
1442 5763 1806 5836 pronuntiavit
1822 5784 1841 5832 ;
1875 5770 1919 5821 si
1949 5767 2289 5834 scholiorum,
2325 5766 2459 5820 nihil
2493 5763 2730 5834 equidem
2752 5767 2871 5834 jam
2906 5765 3118 5825 vetabit.
3141 5763 3351 5833 quanti-

120 5843 208 5881 nus
240 5831 475 5887 homiliw
499 5835 550 5889 in
578 5831 838 5891 Numeros
865 5838 1228 5905 pronuntiata:
1270 5831 1638 5894 existimentur
1675 5831 1951 5908 postquam
1989 5836 2238 5908 Origenes
2274 5831 2447 5893 letalis
2480 5831 2590 5891 suae
2618 5831 2812 5891 annum
2860 5831 3243 5905 sexagesimum
3265 5844 3350 5888 at-
