3914 6504
140 317 245 372 ΕΠ

1365 315 1674 371 SELECTA
1714 313 1781 368 IN
1813 313 2147 370 NUMEROS
3291 321 3396 378 578

213 434 326 489 Τοῦ
352 435 559 490 αὑτοῦ.
593 435 763 490 Τοῦτο
793 434 962 500 τύπος
993 437 1092 510 τῆς
1121 437 1395 510 ἀληθείας.
1419 461 1436 494 ι
1461 440 1586 493 Ἐὰν
1609 438 1718 509 γὰρ

1893 439 2169 510 Ejusdem.
2199 440 2311 497 lloc
2344 443 2647 513 symbolum
2674 450 2756 496 est
2778 443 3042 498 veritatis.
3079 441 3218 499 «Nisi
3249 447 3393 500 enim

139 526 212 595 μὴ
244 525 524 596 στραφῆτε
557 527 649 578 καὶ
682 526 912 597 γένησθε
954 528 1030 592 ὡς
1066 527 1134 581 τὰ
1163 527 1369 594 παιδία,
1400 529 1460 582 οὐ
1491 530 1565 600 μὴ
1601 531 1715 582 εἰσ-

134 617 328 687 έλθητε
364 619 444 680 είς
489 617 588 689 τὴν
629 617 923 688 βασιλείαν.
955 641 974 673 s

217 709 530 763 Ἁνέλεσθε
559 711 630 762 τὰ
663 709 875 778 :wpeia
907 711 981 764 τὰ
1007 709 1226 778 χαλκᾶ.
1265 713 1473 784 Ὠσπερ
1511 714 1539 765 6
1589 713 1720 783 χαλ-

134 803 266 867 κοῦς
296 804 422 874 ὄφις
451 807 675 874 σημεῖον
707 804 806 874 τῆς
828 805 1085 868 ἀπιστίας
1120 803 1320 866 αὐτῶν,
1352 805 1496 859 οὕτω
1531 809 1623 860 καὶ
1651 806 1720 860 τά

134 901 339 968 πυρεῖα
365 897 475 951 τῶν
509 898 638 969 περὶ
667 897 810 969 Κορὲ
848 898 940 951 καὶ
983 897 1157 952 Δαθάν
1187 900 1281 953 καὶ
1325 899 1582 971 ’Λϐειρὼν
1618 918 1718 953 πε-

137 992 342 1065 ρίθεμα
376 991 505 1046 ὄντα
534 993 611 1063 τῷ
641 993 1032 1064 θυσιαστηρίῳ.

203 1085 321 1138 Καὶ
356 1085 481 1150 τοῖς
514 1086 664 1152 υἱοῖς
690 1086 834 1141 Λευῒ
858 1085 984 1139 ἰδοὺ
1019 1084 1246 1139 δέδωκα
1270 1119 1272 1122 -
1293 1086 1415 1142 πᾶν
1447 1085 1718 1141 ἐπιδέκα-

131 1195 245 1231 τον
272 1179 347 1233 ἐν
388 1179 644 1247 Ἰσραήλ.
677 1180 916 1244 Εἰκότως
945 1180 1375 1252 ἀπονενέμηνται
1402 1183 1514 1244 τοῖς
1551 1179 1718 1252 ἱερεῦ-

134 1287 224 1324 σιν
261 1273 319 1324 αἱ
355 1270 638 1342 ἀπαρχαὶ,
676 1270 908 1339 ἐπείπερ
939 1272 999 1324 οὐ
1031 1271 1358 1344 κληρονομεῖ
1387 1274 1420 1342 ἡ
1458 1272 1590 1326 Λευῒ
1618 1289 1718 1341 φυ-

130 1361 245 1434 λὴ,
303 1361 426 1415 οὐδὲ
479 1363 678 1434 κλῆρον
739 1361 1002 1433 λαμϐάνει
1053 1364 1129 1428 ὡς
1182 1365 1237 1418 αἱ
1285 1364 1486 1418 λοιπαί.
1548 1364 1718 1418 Τοῦτο

131 1454 401 1526 πρόξενον
437 1455 534 1526 τῆς
588 1456 976 1526 ἀκτημοσύνης
1023 1460 1134 1520 τοῖς
1170 1456 1405 1529 ἱερεῦσιν
1446 1459 1474 1509 6
1516 1457 1717 1529 κλῆρος

128 1549 229 1600 τοῦ
259 1549 340 1619 τῷ
371 1548 738 1621 θυσιαστηρίῳ
771 1550 1222 1621 συμμερίζεσθαι.
1266 1551 1508 1616 Δεκάτας
1545 1553 1715 1607 ἐδίδου

127 1643 158 1695 6
193 1641 327 1706 λαὸς
356 1645 467 1705 τοῖς
492 1640 766 1706 Λευίταις,
799 1643 894 1697 καὶ
923 1646 970 1696 0i
1004 1647 1227 1698 Λευῖται
1255 1648 1365 1710 τοῖς
1399 1646 1652 1714 ἱερεῦσιν.
1737 1642 1741 1646 ’

203 1731 306 1798 Μὴ
339 1732 408 1784 ἐκ
434 1729 532 1798 τῆς
567 1731 787 1800 πέτρας
814 1733 1034 1801 ταύτης
1056 1734 1354 1804 ἐξάξομεν
1373 1735 1515 1804 ὑμῖν
1538 1735 1715 1804 ﬁdem;

141 1824 203 1874 ’0
241 1824 512 1895 Μωῦσῆς,·
535 1823 608 1896 μὴ
625 1823 851 1890 δοξάσας
883 1825 973 1878 τὸν
999 1825 1128 1878 Θεὸν
1162 1827 1255 1879 ἐπὶ
1281 1826 1374 1880 τοῦ
1395 1826 1550 1891 λαοῦ,
1579 1829 1718 1881 ἐκω-

128 1914 270 1985 λύθη
305 1916 595 1989 παρελθεῖν
647 1919 762 1987 μετ’
791 1917 976 1971 αὑτοῦ.
1017 1919 1133 1972 Ἰνα
1167 1917 1274 1991 γὰρ
1315 1919 1388 1990 μὴ
1417 1919 1475 1972 ὃν
1517 1920 1720 1990 ἐτίμων

130 2007 353 2073 ζῶντα,
407 2009 465 2061 ἐν
511 2008 645 2062 Θεοῦ
685 2009 1006 2080 θεραπείαις
1037 2013 1338 2083 τιμήσωσιν
1374 2011 1674 2067 ἀπελθόντα
1700 2053 1717 2081 ,

130 2101 322 2170 ἀφανῆ
354 2099 442 2154 τὸν
474 2100 636 2154 τόπον
664 2099 774 2174 [ῖσ.
811 2101 1005 2174 τάφον]
1047 2101 1363 2173 πεποίηκεν.

205 2278 343 2333 Νῦν
391 2278 650 2342 ἐκλείξει
692 2281 730 2348 ἠ
762 2280 1082 2352 συναγωγὴ
1111 2281 1262 2352 αὕτη
1305 2283 1533 2346 πάντας
1577 2283 1721 2350 τοὺς

136 2371 355 2435 κύκλῳ
380 2372 565 2441 ἡμῶν.
605 2371 775 2426 Τοῦτο
823 2375 1176 2446 παράδειγμα
1204 2375 1394 2429 ἔλαϐεν
1414 2393 1427 2406 ·
1474 2375 1663 2448 ὥσπερ
1694 2378 1722 2431 6

137 2464 349 2534 μόσχος
377 2454 438 2516 ἐν
472 2465 552 2536 τῷ
596 2465 821 2537 στόματι
860 2467 928 2519 τὰ
961 2467 1166 2538 χλωρὰ,
1203 2467 1345 2520 οὕτω
1373 2463 1478 2520 καὶ
1505 2470 1533 2521 6
1569 2469 1722 2536 ἅγιος

135 2556 271 2620 λαὸς
312 2559 422 2620 τοῖς
461 2555 664 2626 χείλεσι
702 2559 1127 2630 στρατευόμενος
1183 2564 1240 2614 ἐν
1291 2563 1403 2624 τοῖς
1460 2563 1721 2633 στόμασιν

139 2647 257 2716 ἔχει
285 2648 356 2701 τὰ
381 2647 519 2700 ὅπλα
543 2645 632 2700 διὰ
665 2646 772 2700 τῶν
802 2647 996 2718 εὐχῶν.
1035 2650 1144 2702 Καὶ
1173 2648 1333 2702 τοῦτο
1369 2648 1524 2714 εἰδὼς
1552 2651 1581 2703 6
1618 2651 1724 2703 Βα-

138 2739 250 2792 λὰκ
292 2740 354 2793 ὲν
383 2742 494 2802 τοῖς
531 2737 814 2810 προτέροις
848 2738 1106 2810 πολέμοις
1139 2740 1383 2812 ἐναργῶς
1415 2742 1719 2813 γινόμενον,

137 2830 394 2903 βούλεται
425 2832 520 2884 καὶ
565 2832 727 2896 αὐτὸς
769 2835 881 2895 τοῖς
937 2831 1024 2885 διὰ
1069 2832 1290 2903 χειλέων
1325 2833 1510 2897 ὅπλοις
1555 2851 1722 2905 στρα-

133 2924 398 2978 τεύεσθαι
417 2941 431 2954 ·
468 2924 562 2976 καὶ
593 2923 747 2977 καλεῖ
773 2924 863 2977 τὸν
893 2923 1120 2994 Βαλαὰμ
1147 2924 1237 2978 τὸν
1269 2923 1461 2994 ἔχοντα
1483 2925 1552 2978 τὰ
1582 2926 1722 2979 ὅπλα

135 3017 245 3088 τῆς
301 3015 551 3080 ἐναντίας
593 3015 874 3087 δυνάμεως
915 3016 974 3068 ἐν
1023 3019 1133 3079 τοῖς
1172 3015 1374 3086 χείλεσι
1415 3018 1514 3080 τάς
1562 3017 1720 3089 ἀράς.

1823 534 2070 588 conversi
2115 535 2329 588 fueritis
2376 544 2430 589 et
2476 535 2784 589 elﬁciamini
2818 537 2964 591 sicut
2994 537 3229 608 parvuli,
3284 554 3396 595 non

1822 628 2094 682 intrahitis
2136 629 2187 682 in
2223 643 2447 697 regnum
2489 628 2752 682 cozlorum
2782 629 2848 683 ³’.
2878 647 2896 682 s

1896 717 2084 772 Tollite
2118 719 2388 772 thuribula
2419 735 2564 771 a-uea
2612 719 2680 772 ⁸ο.
2708 719 3169 784 Quemadmodum
3217 736 3398 778 aeneus

1819 825 2043 880 serpens
2084 811 2298 880 signum
2331 820 2415 864 est
2445 811 2782 865 infidelitatis
2814 827 3001 866 eorum
3033 857 3046 875 ,
3087 814 3158 867 ita
3187 826 3241 867 et
3274 816 3398 869 thu-

1819 901 1988 956 ribula
2043 901 2201 968 Core,
2246 903 2456 958 Dathan
2489 913 2544 958 et
2575 903 2801 972 Abiron,
2833 920 2953 974 qua:
2979 904 3396 976 circumponuu-

1823 1005 1910 1049 tur
1939 995 2124 1049 altari.

1892 1084 1961 1139 Et
1993 1086 2121 1154 ﬁliis
2167 1085 2288 1141 Levi
2327 1103 2443 1140 ecce
2483 1087 2603 1141 dedi
2654 1103 2856 1141 omnem
2903 1089 3159 1143 decimam
3210 1089 3265 1144 in
3315 1089 3396 1144 Is-

1819 1179 1932 1232 rael
1966 1179 2036 1232 “.
2076 1177 2207 1234 Jure
2241 1180 2619 1234 sacerdotibus
2649 1180 2922 1234 attributa:
2959 1191 3085 1235 sunt
3119 1181 3395 1250 primitite,

1819 1271 2256 1340 quandoquidem
2310 1273 2484 1327 hzeres
2529 1289 2639 1325 nou
2685 1273 2744 1325 fit
2781 1273 2957 1327 tribus
3005 1271 3398 1344 Levi,'neque

1819 1372 2020 1416 sortem
2054 1363 2274 1430 accipit,
2312 1362 2454 1416 sicut
2487 1362 2729 1430 reliquae.
2763 1361 3147 1433 Paupertatem
3198 1380 3396 1434 procu-

1820 1455 1974 1509 rabat
2015 1455 2393 1510 sacerdotibus
2446 1471 2569 1512 sors
2603 1471 2708 1525 qua
2765 1455 2926 1509 altari
2969 1456 3168 1512 addicti
3215 1459 3430 1513 erant.'

1819 1550 2068 1606 Decimas
2102 1548 2268 1605 dabat
2318 1549 2550 1621 populus
2599 1548 2823 1616 Levitis,
2875 1547 3168 1628 et'Levitze
3212 1565 3398 1605 sacer-

1818 1643 2055 1699 dotibus.
2903 1645 2906 1648 ’

1894 1734 2148 1805 Nunquid
2185 1752 2250 1790 ex
2289 1744 2437 1804 petra
2461 1735 2559 1788 hac
2597 1735 2873 1788 educeimts
2903 1736 3046 1790 uobis
3086 1753 3277 1805 nquam
3308 1735 3400 1790 ιιι

1822 1827 1957 1882 Cum
1987 1827 2201 1896 Moyses
2226 1842 2330 1881 non
2367 1825 2731 1897 glorificasset
2766 1827 2932 1880 Deum
2965 1842 3146 1881 coram
3175 1829 3393 1897 populo,

1824 1935 1927 1972 non
1955 1919 2281 1987 permissum
2312 1926 2396 1972 est
2429 1927 2487 1972 ut
2526 1918 2663 1971 ultra
2693 1919 3113 1988 progrederetur
3142 1935 3264 1974 cum
3309 1937 3393 1976 eo.

1821 2007 1900 2063 Ne
1929 2008 2072 2062 enim
2104 2023 2266 2078 quem
2297 2008 2478 2061 vivqu
2514 2007 2768 2062 colebant
2799 2047 2814 2071 ,
2860 2005 3156 2061 honoribus
3200 2008 3398 2062 divinis

1824 2109 2100 2154 mortuum
2146 2097 2466 2161 adicerent,
2525 2096 2595 2150 ab
2640 2095 2815 2151 oculis
2861 2098 3108 2151 omnium
3163 2099 3398 2153 removit

1821 2191 2132 2261 sepulcrum
2158 2189 2296 2259 ejus.

1897 2281 2058 2336 Nunc
2087 2283 2316 2351 obtinget
2344 2297 2613 2352 synagoga
2639 2279 2752 2333 Ita’c
2779 2295 2957 2334 omnes
2981 2281 3068 2350 qui
3089 2281 3145 2333 in
3175 2281 3398 2334 circuitu

1824 2384 2003 2428 nostra
2030 2373 2098 2428 “.
2153 2371 2266 2428 lloc
2314 2372 2563 2441 exemplo
2603 2371 2830 2450 .utitur:
2867 2371 3010 2424 sicut
3063 2371 3263 2425 vitulus
3304 2386 3399 2426 ore

1824 2468 2051 2536 abliugit
2080 2465 2314 2519 virentia
2335 2503 2349 2528 ,
2380 2464 2460 2518 sic
2484 2472 2539 2517 et
2578 2470 2799 2516 sanctus
2840 2461 3070 2531 populus
3101 2461 3258 2524 labiis
3297 2476 3398 2530 pit-

1823 2575 2017 2629 gnaus,
2044 2559 2097 2612 in
2121 2572 2215 2611 ore
2243 2556 2408 2611 habet
2444 2570 2596 2609 arma
2633 2569 2730 2623 per
2760 2568 2969 2623 preces.
3001 2551 3057 2608 ld
3089 2568 3212 2608 cmn
3236 2553 3403 2608 sciret

1827 2652 1990 2704 Italae
2021 2651 2073 2704 in
2107 2648 2386 2719 prioribus
2419 2645 2578 2700 bellis
2611 2644 2902 2698 manifeste
2937 2645 3260 2714 contigisse,
3285 2643 3400 2698 vult

1825 2756 1880 2798 et
1915 2744 2028 2812 ipse
2059 2741 2324 2796 labiorqu
2373 2739 2542 2792 armis
2588 2745 2856 2806 pugnare,
2908 2748 2962 2790 et
2993 2745 3148 2790 vocat
3179 2734 3402 2789 Balaam

1825 2839 1915 2908 qui
1963 2837 2252 2892 contrarize
2294 2833 2514 2888 virtutis
2551 2848 2702 2886 arma
2728 2832 2892 2885 habet
2920 2831 2972 2884 in
2997 2829 3175 2894 labiis,
3210 2845 3402 2901 nempe

1828 2931 2258 2987 maledictiones.
2288 2925 2475 2982 Sancti
2513 2925 2658 2979 enim
2697 2923 2870 2993 angeli
2891 2923 3071 2993 justos
3101 2925 3166 2977 ad
3199 2923 3405 2979 saluta-

1829 3023 1908 3078 ria
1937 3032 1993 3078 et
2019 3022 2158 3077 bona
2189 3037 2352 3092 opera
2377 3061 2391 3082 ,
2442 3019 2571 3074 mali
2614 3027 2793 3073 autem
2833 3015 3108 3070 daemones
3147 3013 3402 3084 adjuvant

137 3111 208 3164 Οἱ
240 3111 352 3180 γὰρ
383 3111 525 3178 ἅγιοι
558 3109 774 3178 ἄγγελοι
805 3111 1210 3181 συμπράττουσι
1241 3113 1352 3174 τοῖς
1380 3110 1609 3176 δικαίοις
1643 3112 1721 3176 είς

1842 3115 2030 3184 impios
2064 3123 2379 3184 peccatores
2425 3111 2673 3167 homines
2704 3112 2770 3163 ad
2806 3107 2942 3162 mala
2973 3122 3134 3176 opera
3171 3121 3291 3178 qua:
3316 3122 3403 3161 sa-

138 3205 213 3257 τὰ
241 3205 506 3276 σωτήρια,
561 3205 654 3256 καὶ
685 3201 864 3271 ἀγαθὰ
916 3201 1072 3275 ἔργα,
1108 3203 1200 3256 καὶ
1247 3205 1296 3256 oi
1347 3205 1575 3277 πονηροὶ
1606 3205 1722 3260 δαί-

143 3315 309 3370 μονες
351 3301 464 3360 τοῖς
511 3296 761 3350 ἀσεϐέσιν
807 3296 1152 3367 ἁμαρτωλοῖς
1179 3295 1488 3368 ἀνθρώποις
1531 3299 1612 3362 είς
1657 3299 1726 3352 τὰ

142 3390 366 3463 πονηρά
421 3390 514 3443 καὶ
563 3389 801 3461 βλαϐερά
840 3389 943 3460 τῆς
971 3390 1244 3460 σωτηρίας
1283 3390 1392 3443 τῶν
1425 3390 1726 3463 ἀνθρώπων

140 3486 305 3558 ἔργα.
344 3486 406 3538 Οἱ
438 3484 536 3555 μὲν
563 3483 672 3555 γὰρ
700 3483 843 3552 ἆγιοι
878 3482 1259 3554 στρατεύονται
1301 3484 1478 3553 λόγοις
1515 3484 1689 3556 εὐχῶν
1709 3525 1724 3551 ,

139 3577 193 3628 οἱ
223 3576 282 3630 δὲ
317 3574 536 3636 ἀσεϐεῖς
561 3575 648 3628 καὶ
677 3573 988 3645 ἁμαρτωλοὶ
1014 3573 1192 3642 λόγοις
1234 3574 1491 3646 μαγειῶν.

226 3665 340 3720 Τοῦ
371 3664 577 3720 αὐτοῦ.
607 3665 715 3719 Καὶ
741 3668 773 3736 ή
818 3667 938 3720 κατ’
977 3664 1226 3737 αἴσθησιν
1254 3666 1362 3719 τῶν
1385 3665 1728 3738 πραγμάτων

141 3761 362 3832 ἱστορία
393 3759 634 3831 μεγάλης
665 3758 933 3828 ὠφελείας
981 3759 1355 3831 πεπλήρωται.
1413 3760 1507 3812 Ἐκ
1543 3759 1600 3812 δὲ
1629 3760 1729 3831 τῆς

142 3851 523 3923 προκειμένης
577 3849 817 3922 ἱστορίας
873 3849 1211 3922 μανθάνομεν
1258 3850 1456 3916 πολλὰ,
1511 3853 1605 3905 καὶ
1646 3853 1729 3906 ὅτι

139 3947 265 3999 ἔστι
323 3942 712 4015 στρατεύεσθαι
754 3942 971 4010 λόγοις,
1017 3941 1112 3995 καὶ
1164 3942 1373 4013 μεγάλα
1431 3944 1728 4014 πράγματα

139 4039 547 4112 οἰκονομεῖσθαι
567 4079 582 4104 ,
633 4039 728 4093 καὶ
763 4037 1154 4110 κατορθοῦσθαι
1185 4037 1274 4092 διὰ
1301 4039 1506 4108 λόγων·
1552 4041 1646 4094 καὶ
1680 4043 1728 4094 οἱ

146 4137 253 4207 μὲν
281 4137 430 4204 ἇγιοι
465 4132 846 4203 στρατεύονται
885 4131 1062 4202 λόγοις
1091 4131 1295 4203 εὐχῶνο
1327 4135 1375 4186 οἱ
1415 4133 1471 4186 δὲ
1513 4133 1731 4198 ἀσεϐεῖς

143 4232 335 4299 λόγοις
367 4227 628 4300 μαγειῶν.

226 4322 339 4379 Τοῦ
390 4317 597 4376 αὐτοῦ.
643 4319 708 4372 Ἦ
746 4317 965 4373 ἐναντία
1010 4316 1238 4389 δύναμις
1285 4317 1539 4371 οὐδέποτε
1587 4318 1732 4370 ποιεῖ

143 4419 312 4489 ἔργον
353 4415 537 4479 καλὸν,
572 4411 705 4468 ἀλλὰ
745 4412 921 4466 πάντα
943 4410 1190 4482 χείριστα
1209 4411 1439 4480 ἐνεργεῖ
1469 4409 1561 4463 καὶ
1594 4408 1730 4480 ὅπερ

143 4511 444 4584 ἐνεργήσει
483 4507 673 4571 κακὸν,
712 4506 774 4558 οὐ
810 4504 1028 4558 δύναται
1057 4501 1506 4571 ἀποκαταστῆσαι
1551 4501 1630 4564 εἰς

145 4604 389 4672 βέλτιον,
441 4601 502 4654 οὐ
551 4598 658 4671 γὰρ
705 4597 818 4668 ἔχει
859 4593 1012 4660 τάξιν
1065 4593 1159 4648 τοῦ
1199 4588 1526 4663 κρείττονος.
1560 4592 1641 4662 Τῇ
1673 4591 1732 4660 δὲ

145 4693 428 4766 κρείττονι
453 4691 674 4762 δυνάμει
726 4686 902 4741 πάντα
933 4684 1153 4739 δυνατά.
1201 4682 1260 4734 'U
1280 4681 1390 4752 γὰρ
1417 4681 1550 4740 Θεὸς
1576 4679 1732 4750 ἡμῶν

145 4787 345 4855 ἀλγεῖν
377 4785 541 4848 ποιεῖ,
572 4781 665 4835 καὶ
691 4779 852 4833 πάλιν
881 4776 1329 4847 ἀποκαθίστησιν,
1358 4772 1648 4844 ἐνεργῆσαι
1676 4771 1734 4824 δὲ

149 4880 326 4934 κακὸν
359 4878 462 4930 οὐκ
491 4875 600 4946 ἔχει
620 4892 632 4905 ·
679 4873 738 4926 06
759 4871 892 4944 .γὰρ
944 4869 1063 4924 καθ’
1097 4868 1210 4936 ἕξιν
1243 4867 1402 4939 μόνον
1423 4905 1436 4928 ,
1468 4863 1602 4918 ἀλλά
1639 4863 1734 4916 καὶ

151 4975 278 5028 κατ’
307 4969 497 5025 οὐσίαν
525 4966 727 5037 ἀγαθός
754 4967 920 5018 ἐστιν.

231 5063 348 5122 Τοῦ
375 5060 584 5117 αὑτοῦ.
630 5060 716 5113 Ἐν
759 5060 873 5120 τοῖς
917 5052 1273 5125 ἀνθρωπίνοις
1314 5051 1429 5104 ἐστί
1477 5065 1600 5102 τινα
1640 5049 1734 5101 καὶ

154 5158 392 5231 μαντεῖα
437 5149 817 5220 τετελεσμένα,
881 5147 974 5200 καὶ
1007 5144 1217 5207 θυσίαι,
1279 5141 1372 5196 καί
1420 5157 1542 5194 τινα
1583 5139 1734 5211 δῶρα

153 5249 584 5324 προσφερόμενα
612 5246 723 5307 τοῖς
750 5243 1026 5313 δαίμοσιν·
1056 5238 1194 5291 ὥστε
1221 5235 1309 5289 διὰ
1325 5235 1530 5288 τούτων
1562 5249 1732 5303 προσ-

152 5343 481 5419 φερομένων
541 5337 898 5414 μαντεύεσθαι
961 5336 1084 5397 τοὺς
1143 5330 1516 5403 βουλομένους.
1546 5329 1735 5419 “Mat-v-

153 5415 395 5493 τεῖαῗδέ
447 5435 596 5488 ἐστιν
649 5431 880 5485 ἕκαστον
934 5427 1187 5497 πρᾶγμα.
1239 5422 1312 5474 Οὐ
1375 5419 1486 5489 γὲρ
1534 5415 1738 5489 ἀληθὴς

577 5619 610 5671 ό
634 5617 846 5684 Κύριος
877 5611 1027 5680 πρὸς
1048 5607 1251 5662 αὐτόν.
1294 5602 1449 5659 Κατά
1485 5599 1738 5673 ἀλήθειαν

229 5751 275 5783 ³⁸
307 5748 499 5803 Matth.
534 5760 688 5812 mn,
727 5743 782 5797 5.
857 5740 902 5771 ⁵ο
934 5737 1097 5793 Num.
1129 5751 1239 5798 XVI,
1271 5732 1359 5788 57.

159 5835 307 5887 uti,
331 5820 385 5876 8.

1831 3207 1929 3261 luti
1985 3206 2270 3261 hominum
2341 3203 2601 3259 officiunt.
2667 3199 2858 3256 Sancti
2913 3199 3113 3268 quippe
3160 3206 3405 3268 pugnant

1833 3299 2012 3354 verbis
2037 3312 2281 3369 precum,
2307 3295 2455 3366 impii
2482 3307 2614 3349 vero
2640 3299 2694 3348 et
2722 3300 3038 3362 peccatores
3071 3289 3249 3344 verbis
3285 3303 3400 3342 ma-

1829 3403 1986 3456 giers.

1911 3652 2186 3724 Ejusdem.
2232 3650 2412 3705 Etiam
2461 3646 2756 3705 secundum
2818 3642 3116 3700 litteralem
3179 3655 3402 3697 sensum

1832 3748 1948 3803 htec
1983 3746 2215 3802 historia
2265 3757 2492 3813 magnas
2546 3740 2714 3796 habet
2767 3737 3052 3794 utilitates.
3097 3735 3228 3790 lude
3258 3735 3407 3790 cnim

1834 3841 2095 3897 discimus
2129 3836 2332 3900 multa;
2368 3833 2596 3905 pugnari
2633 3845 2793 3901 posse
2825 3830 3026 3896 verbis,
3067 3843 3290 3900 magnas
3314 3841 3408 3883 res

1831 3931 2034 4001 suscipi
2065 3938 2122 3985 et
2153 3930 2222 3983 ad
2260 3927 2474 3982 felicem
2516 3924 2721 3979 exitum
2757 3920 2980 3992 perduci
3029 3919 3234 3982 verbis,
3276 3918 3403 3973 item

1833 4033 2058 4079 sanctos
2084 4033 2328 4092 pugnare
2350 4016 2535 4074 verbis
2559 4029 2804 4087 precum,
2835 4011 3032 4081 impios
3066 4017 3252 4070 autem
3285 4023 3407 4065 ver-

1833 4117 1918 4172 bis
1948 4114 2193 4185 magicis.

1903 4293 2182 4365 Ejusdem.
2220 4289 2508 4346 Contraria
2534 4290 2707 4345 virtus
2731 4301 3007 4357 nunquam
3041 4301 3177 4358 opus
3204 4284 3406 4341 bonum

1834 4386 1986 4453 facit,
2044 4383 2136 4439 sed
2182 4383 2366 4437 omnia
2403 4383 2662 4452 pessima.
2715 4389 2769 4436 et
2816 4379 3182 4449 quodcunque
3219 4377 3411 4433 fecerit

1666 4470 1729 4553 τδ
1760 4499 1806 4558 ι)
1835 4479 2032 4534 malum
2057 4517 2073 4541 ,
2119 4476 2308 4544 nequit
2347 4476 2413 4529 ad
2468 4473 2662 4528 melius
2710 4483 3004 4534 revocare,
3049 4484 3226 4538 neque
3263 4470 3408 4524 enim

1836 4571 2077 4628 melioris
2103 4569 2350 4624 ordinem
2375 4567 2560 4620 habet.
2587 4565 2656 4619 At
2678 4559 3042 4633 praestantiori
3073 4559 3264 4615 virtuti
3293 4575 3415 4614 om-

1835 4665 1926 4718 nia
1967 4659 2246 4732 possibilia
2294 4669 2443 4713 sunt.
2478 4654 2611 4709 Nam
2646 4655 2786 4708 Deus
2826 4661 3012 4707 noster
3059 4650 3246 4706 dolere
3276 4650 3414 4706 facit

1835 4769 1889 4814 et
1933 4771 2126 4811 rursus
2171 4751 2442 4816 restituit;
2493 4749 2676 4803 facere
2716 4756 2899 4801 autem
2943 4743 3142 4798 malum
3180 4743 3408 4814 nequit;

1838 4863 2012 4920 neque
2043 4847 2187 4903 enim
2224 4843 2396 4900 solum
2443 4840 2630 4896 habitu
2657 4877 2672 4903 ,
2707 4839 2801 4893 sed
2853 4845 2908 4892 et
2953 4834 3254 4892 substantia
3295 4836 3412 4906 ipsa

1842 4943 2014 4998 bonus
2044 4949 2144 4995 est.

1911 5034 2074 5104 272
2109 5029 2384 5100 Ejusdem.
2415 5023 2470 5078 lu
2501 5022 2752 5079 humanis
2799 5019 3042 5089 quaedam
3075 5019 3239 5074 etiam
3273 5020 3414 5074 vati-

1841 5128 1984 5182 cinia
2018 5125 2256 5179 eduntur
2291 5129 2345 5173 et
2375 5117 2619 5187 quaedam
2674 5111 2945 5169 sacriﬁcia
2992 5111 3060 5166 ad
3105 5111 3247 5165 dona
3277 5108 3413 5164 οιτο-

1841 5227 2034 5274 ruutur
2063 5211 2366 5277 daernoniis,
2397 5209 2470 5263 ita
2502 5216 2560 5262 ut
2596 5207 2682 5261 his
2709 5204 3076 5260 oblationibus
3103 5203 3412 5257 valicinen~

1843 5321 1929 5366 tur
1959 5308 2048 5380 qui
2083 5303 2375 5361 voluerint.
2407 5300 2732 5356 Vaticinium
2759 5308 2844 5353 est
2872 5313 2960 5353 res
2987 5295 3268 5368 qualibet.
3298 5295 3410 5353 Ne-

1840 5419 1944 5471 que
1972 5399 2115 5455 enim
2144 5410 2273 5452 vera
2297 5402 2380 5450 est
2403 5391 2702 5463 prmdictio.

1925 5597 1989 5651 Et
2019 5597 2156 5652 venit
2192 5594 2447 5649 Dominus
2489 5595 2557 5644 ad
2601 5605 2718 5644 eum
2754 5587 2822 5640 “.
2859 5585 3167 5643 Secundum
3214 5587 3417 5643 verita-

1456 5729 1496 5762 “
1523 5728 1706 5796 Noun,

1842 5742 1892 5792 ιι,
1915 5725 2008 5780 ‘21.
2085 5725 2130 5757 “
2159 5721 2316 5778 Num.
2343 5736 2434 5790 xx,
2477 5718 2560 5774 l0.
2637 5716 2682 5748 ⁸³
2712 5713 2870 5772 Num.
2896 5725 3030 5775 χχιι,
3062 5707 3116 5763 4.
3194 5704 3238 5739 “
3257 5701 3415 5760 Num.
