3914 6540
519 314 626 371 εγω

1982 316 2304 375 ORIGENIS

3697 327 3795 381 5“)

523 454 630 496 tem
671 439 928 495 leaamo
958 439 1150 493 aderat
1185 435 1369 492 divina
1411 437 1586 494 virtus
1612 454 1775 508 quam
1813 451 1917 494 non
1947 440 2094 495 invo-

2210 441 2324 496 θεία
2360 441 2590 514 δύναμις
2630 440 2962 513 παρεγένετο
3008 439 3144 512 πρὸς
3187 440 3423 510 Βαλαὰμ
3453 439 3516 494 οὗ
3543 441 3793 511 κληθεῖσα

520 545 694 592 caret.
741 536 945 588 Aderat
981 543 1163 586 autem
1205 541 1264 586 ut
1315 531 1594 587 invocatos
1629 549 1657 586 a
1690 532 1948 587 Balaamo
1994 536 2103 588 da:-

522 642 710 682 mones
752 634 1065 689 averteret,
1118 633 1174 680 et
1215 626 1428 683 divinas
1477 625 1865 696 prmdictiones
1906 642 2103 696 procu-

523 729 695 773 raret.

587 807 656 862 Et
694 809 986 863 insurrexit
1027 809 1248 879 angelus
1291 809 1388 864 Dei
1427 811 1643 880 diﬂ'erre
1685 828 1803 865 eum
1840 812 1894 865 in
1925 812 2008 866 via
2031 811 2098 866 “.

516 902 758 970 Angelus
788 901 880 971 qui
932 902 985 955 iu
1039 903 1123 955 via
1176 901 1356 957 diﬁ‘ert
1399 902 1736 964 Balaamum.
1784 920 1965 958 annon
2011 904 2100 959 hic

515 995 678 1048 estde
693 1009 800 1064 quo
825 994 962 1049 dixit
981 994 1120 1048 Deus
1136 997 1211 1049 ad
1225 995 1446 1066 Moysen
1466 995 1616 1066 quia,
1641 1015 1660 1047 ‹
1691 996 1930 1068 Angelus
1947 1013 2100 1054 meus

517 1089 788 1156 praecedet
832 1102 928 1142 vos
959 1087 1270 1144 custodiens
1307 1103 1400 1143 vos
1432 1092 1487 1143 in
1531 1089 1654 1142 via?
1684 1109 1703 1141 ι

595 1351 740 1407 Vade
762 1351 922 1405 simul
940 1367 1056 1405 cum
1083 1349 1380 1404 hominibus
1405 1349 1521 1404 istis
1548 1350 1615 1404 ⁵⁸.
1651 1349 1766 1405 Non
1801 1366 1902 1420 per
1925 1351 2093 1407 Deum

515 1446 714 1502 licebat
744 1445 1003 1500 Balaamo
1039 1444 1106 1499 ad
1148 1444 1309 1499 Balac
1337 1445 1492 1500 abire
1527 1462 1539 1498 :
1576 1443 1672 1499 sed
1719 1445 1846 1513 quia
1877 1445 2098 1502 volebat

514 1540 687 1602 abire,
719 1539 870 1593 abire
919 1537 1068 1603 sivit,
1099 1551 1325 1590 monens
1357 1545 1415 1590 ut
1451 1551 1513 1590 ea
1549 1535 1663 1590 sola
1708 1551 1826 1606 quae
1856 1539 2097 1593 revelata

508 1614 616 1700 ipsi
659 1632 880 1696 fuerint,
916 1630 1202 1699 loquatur,
1236 1630 1395 1697 idque
1424 1629 1713 1684 conﬁrmat
1743 1631 1967 1702 angelus
2005 1634 2095 1702 qui

511 1725 765 1796 apparuit
799 1731 855 1779 et
902 1723 1120 1778 terruit.

2209 532 2302 584 ὑπ’
2328 532 2509 585 αὑτοῦ.
2546 530 2885 600 Παρεγένετο
2907 523 3020 592 οῦν,
3053 529 3140 582 ἵνα
3166 527 3632 598 ἀποτροπιασμὸν
3657 533 3795 600 ποιή-

2207 639 2276 698 σῃ
2303 623 2409 676 τῶν
2436 621 2786 692 καλουμένων
2831 619 2938 672 ὑπὸ
2969 617 3062 672 τοῦ
3095 617 3328 690 Βαλαὰμ
3369 617 3675 688 δαιμόνων,
3709 623 3794 673 καὶ

2203 713 2302 778 τὰς
2334 713 2484 778 Θείας
2518 714 2850 786 προρρήσεις
2881 713 3232 784 οἰκονομήσῃ.

2277 805 2385 859 Καὶ
2416 805 2641 872 ἀνέστη
2670 807 2702 858 ό
2733 805 2990 873 ἅγγελος
3032 803 3139 856 τοῦ
3171 801 3323 857 Θεοῦ
3372 802 3796 856 ἐνδιαϐάλλειν

2201 895 2390 950 αὑτὸν
2422 895 2522 948 ἐπὶ
2559 893 2670 961 τῆς
2733 893 2898 947 ὁδοῦ.
2974 892 3033 945 Ὀ
3072 891 3437 946 ἐνδιαϐάλλων
3476 892 3541 942 ἐν
3591 893 3658 960 τῇ

2202 987 2431 1057 ἄγγελος
2461 987 2552 1040 τὸν
2589 984 2842 1055 Βαλαὰμ,
2888 979 2996 1055 ἆρα
3025 983 3098 1055 μὴ
3131 978 3283 1047 οὗτός
3321 985 3441 1036 ἐστι
3473 983 3611 1053 περὶ
3637 975 3698 1034 οῦ
3724 978 3791 1033 εἷ-

2201 1097 2301 1132 πεν
2331 1081 2360 1132 6
2379 1079 2511 1143 Θεὸς
2535 1078 2672 1151 πρὸς
2693 1079 2784 1132 τὸν
2817 1077 3060 1146 Μωῦσῆν
3087 1077 3168 1128 ὅτι
3193 1095 3211 1126 t
3241 1075 3516 1144 Ἀγγελος
3551 1091 3657 1145 μου
3674 1091 3791 1144 πρι-

2201 1173 2493 1244 πορεύεται
2541 1170 2850 1244 ἔμπροσθεν
2891 1170 3045 1242 ὑμῶν
3094 1169 3483 1238 διαφυλάσσων
3551 1167 3700 1236 ὑμᾶς
3741 1168 3790 1218 ἐν

2199 1266 2266 1334 τῇ
2291 1262 2437 1334 ὁδῷ;
2479 1281 2496 1313 ι

2269 1354 2716 1424 Συμπορεύθητι
2743 1352 2893 1421 μετὰ
2911 1352 3027 1406 τῶν
3046 1349 3375 1420 ἀνθρώπων
3406 1351 3667 1404 τούτω.
3693 1353 3792 1404 0-3:

2199 1448 2465 1520 ἐπέτρεψε
2494 1447 2572 1518 τῷ
2604 1444 2830 1516 Βαλαὰμ
2861 1447 2889 1498 6
2921 1444 3054 1508 Θεὸς
3094 1444 3350 1498 ἀπελθεῖν
3383 1444 3537 1516 πρὸς
3579 1442 3672 1495 τὸν
3702 1442 3792 1495 Βα-

2197 1539 2337 1594 λὰκο
2381 1538 2566 1610 ἐπειδὴ
2605 1538 2662 1591 δὲ
2715 1537 2969 1592 ἀπελθεῖν
2999 1536 3272 1602 ἐϐούλετο,
3307 1538 3615 1608 συγχωρεῖ.
3655 1536 3789 1606 Παρ-

2201 1633 2456 1702 αγγέλλει
2511 1630 2568 1685 δὲ
2608 1630 2758 1702 αὐτῷ
2817 1631 2953 1703 μόνα
2982 1630 3052 1683 τὰ
3073 1629 3584 1700 ἀποκαλυπτόμενα
3608 1631 3788 1681 εἰπέν-

2199 1727 2293 1780 καὶ
2318 1729 2345 1780 ὁ
2375 1725 2605 1795 ἄγγελος
2635 1726 2693 1778 δὲ
2726 1724 2915 1793 φανεὶς
2945 1723 3040 1776 καὶ
3064 1723 3308 1794 φοϐήσας
3341 1721 3508 1774 τοῦτο
3538 1721 3759 1791 βεϐειά.

581 1815 821 1882 didi/ica
870 1814 999 1867 mihi
1050 1822 1247 1880 septem
1290 1830 1418 1867 aras
1459 1813 1527 1868 ⁸⁷.
1583 1813 1726 1870 Sunt
1770 1829 1937 1886 opera
1971 1831 2094 1887 qua:

2275 1818 2684 1889 Οὶκοδόμησόν
2711 1835 2811 1888 μοι
2837 1817 2988 1872 ἑπτὰ
3003 1818 3268 1888 βωμούς.
3300 1818 3460 1869 Ἐστι
3494 1816 3560 1868 δὲ
3592 1817 3686 1868 καὶ
3716 1816 3790 1868 διὰ

510 1911 676 1964 etiam
707 1923 802 1978 per
829 1906 977 1961 aliud
1020 1920 1220 1976 corpus
1261 1903 1614 1970 eﬁiciuntur,
1671 1906 1788 1961 sive
1833 1907 1886 1960 in
1934 1907 2094 1962 bonis

510 2005 628 2058 sive
661 2003 715 2057 in
747 2001 930 2056 malis.
964 1997 1244 2067 Ejusmodi
1284 2009 1444 2053 erant
1495 2013 1615 2068 qua:
1673 1998 1816 2054 facta
1871 2010 1998 2054 sunt
2039 2000 2092 2054 in

510 2098 746 2170 Egypto
790 2111 820 2150 a
866 2092 1049 2166 Moyse
1097 2102 1152 2148 et
1200 2093 1382 2148 Aaron
1419 2103 1474 2148 et
1500 2093 1950 2148 incantatoribus.
1985 2091 2093 2147 Sed

511 2192 557 2245 si
586 2205 706 2244 cum
734 2186 1049 2244 adversaria
1093 2195 1368 2255 potestate
1415 2194 1618 2255 pugnet
1654 2185 1837 2240 divina
1874 2187 2045 2240 virtus
2073 2226 2090 2250 ,

511 2284 624 2353 ipsa
656 2281 846 2348 vincit,
870 2280 1014 2336 sicut
1059 2277 1211 2348 virga
1241 2276 1444 2348 Moysis
1467 2278 1652 2349 virgas
1685 2279 2090 2333 incantatorum

508 2375 779 2446 deglutiit.

585 2555 857 2626 Ejusdem.
891 2553 1116 2610 Solebat
1165 2551 1384 2606 Balaam
1432 2551 1624 2608 iisdem
1674 2553 1963 2608 sacriﬁciis
2012 2553 2096 2607 in-

511 2663 706 2705 vocare
750 2646 1041 2703 dazmonia.
1097 2641 1376 2712 Ejusmodi
1429 2643 1576 2716 enim
1628 2645 1905 2699 sacriﬁcia
1956 2643 2093 2699 oﬁ‘e—

514 2745 774 2796 rebantur
800 2739 855 2794 in
887 2737 1092 2794 mundo
1117 2735 1646 2793 tlzemoniistcirco
1667 2738 1809 2792 Deus
1842 2753 1870 2791 a
1901 2739 2088 2808 priore

512 2833 710 2905 populo
763 2831 1034 2888 sacriﬁcia
1077 2831 1374 2901 exigebat,
1427 2838 1484 2884 ut
1515 2846 1577 2886 ea
1615 2830 1909 2886 oﬁ'erentes
1939 2831 2048 2886 Deo
2075 2871 2090 2896 ,

513 2936 799 2981 cessarent
843 2925 1044 2981 oﬁ'erre
1085 2925 1392 2981 daemoniis.
1467 2924 1610 2992 Quin
1672 2935 1729 2981 et
1777 2924 2096 2996 plerumque

511 3017 758 3089 symbola
792 3027 973 3072 erant.

585 3195 858 3266 Ejusdem.
906 3195 1082 3251 llomo
1110 3196 1293 3266 itaque
1336 3195 1511 3252 factus
1544 3196 1794 3251 Salvator
1825 3196 1973 3251 misit
2009 3195 2092 3250 di-
2121 3173 2161 3229 ο

509 3289 752 3358 scipulos
779 3304 910 3344 suos
949 3289 1036 3342 uti.
1054 3288 1334 3344 solverent
1371 3289 1608 3355 asinam,
1648 3289 1752 3344 hoc
1776 3298 1882 3356 est,
1911 3304 1941 3343 e
1972 3288 2090 3343 vino

509 3385 651 3439 culis
693 3385 893 3454 quibus
944 3399 1065 3438 eam
1128 3383 1382 3454 alligarat
1437 3383 1751 3438 adversaria
1808 3392 2091 3454 potestas,

511 3477 778 3548 spiritalis
820 3476 1063 3531 Balaam.
1117 3476 1184 3530 Et
1214 3476 1450 3532 solutam
1495 3476 1842 3531 adduxerunt
1883 3477 1950 3530 ad
2004 3474 2093 3530 Je-

509 3585 655 3637 sum,
687 3581 740 3625 et
781 3571 1158 3641 imposuerunt
1213 3571 1384 3626 asina:
1429 3571 1746 3625 vestimenta
1774 3608 1791 3636 ,
1831 3570 1933 3626 hoc
1970 3581 2089 3636 est,

508 3665 740 3719 virtutes
769 3663 1120 3734 evangelicas
1148 3703 1164 3729 ,
1208 3673 1265 3717 et
1300 3663 1604 3719 ascendens
1650 3661 1901 3719 Salvator
1929 3679 2094 3734 super

507 3769 651 3818 eam,
681 3755 911 3808 intravit
939 3755 990 3807 in
1019 3759 1264 3809 sanetam
1311 3752 1622 3807 civitatem.

580 3845 649 3900 Et
699 3846 978 3913 assumpsit
1038 3845 1206 3900 Balac
1249 3845 1420 3912 ipsum
1460 3844 1688 3899 Balaam
1743 3844 1799 3898 iu
1848 3845 2090 3898 verticem

513 3938 729 4006 Pltogor
753 3939 818 3990 ⁸⁸.
845 3937 1210 3993 Existimabat
1254 3937 1417 3991 Balac
1456 3936 1699 3991 Balaami
1743 3947 1918 3991 artem
1960 3937 2093 3992 locis

511 4029 783 4084 concludi.
822 4029 1165 4099 Quapropter
1194 4029 1492 4098 assumpsit
1534 4044 1658 4084 eum
1721 4028 1774 4082 in
1825 4030 2089 4084 verticem

511 4121 728 4191 Pliogor
753 4163 766 4188 ,
822 4133 1023 4190 putans
1053 4123 1197 4176 hunc
1231 4137 1451 4192 magum
1487 4121 1610 4175 inde
1647 4136 1807 4190 posse
1859 4122 2090 4176 maledi-

512 4231 638 4271 cere
675 4214 928 4284 populum
974 4213 1091 4269 Dei.
1125 4214 1342 4284 Phogor
1376 4213 1489 4284 (46)
1539 4225 1720 4270 autem
1761 4215 2093 4286 interpreta-

516 4320 602 4362 tur
635 4305 869 4359 suuvitas
893 4346 909 4368 ,
948 4303 1030 4358 vel
1068 4306 1177 4357 oris
1199 4303 1374 4372 pel!is,
1404 4304 1506 4358 hoc
1537 4313 1646 4369 est,
1681 4320 1924 4357 sununus
1962 4320 2092 4374 gra-

511 4401 613 4454 dus
641 4397 952 4467 voluptatis,
986 4405 1054 4450 et‘
1074 4411 1224 4450 mors
1257 4395 1429 4449 verbi.
1463 4395 1626 4465 273
1670 4393 1823 4450 Unde
1870 4393 2090 4450 Balaam

510 4494 812 4548 conabatur
842 4490 1170 4546 maledicere
1203 4486 1460 4560 populum
1499 4487 1613 4543 Dei.

587 4674 857 4744 Ejusdem.
897 4674 1010 4728 Duo
1035 4642 1161 4726 sunt
1191 4669 1428 4725 culmina
1466 4669 1707 4734 virtutis,
1749 4679 1804 4722 et
1842 4667 2088 4722 malitias.

511 4765 725 4837 Moyses
755 4766 821 4820 ad
854 4765 1092 4830 virtutis,
1123 4763 1350 4818 Balaam
1377 4776 1507 4817 vero
1533 4761 1601 4816 ad
1627 4761 1848 4816 malitia:
1873 4758 2089 4816 culmen

511 4859 775 4914 ascendit.

585 5036 843 5101 Nonivit,
895 5037 1028 5090 sicut
1072 5049 1376 5091 consuetum
1430 5037 1479 5090 ei
1521 5046 1655 5104 erat,
1702 5037 1760 5090 in
1807 5052 2084 5090 occursum

511 5128 760 5196 auspiciis
805 5127 872 5182 ⁸⁸.
933 5127 1028 5181 Hic
1086 5125 1304 5181 Balaam
1365 5128 1673 5198 symbolum
1731 5137 1854 5182 erat
1903 5128 2085 5198 populi

512 5220 732 5290 gentilis
763 5219 854 5288 qui
904 5219 1234 5289 sequebatur
1287 5219 1440 5288 prius
1485 5219 1752 5289 auspicia,
1793 5230 1851 5274 at
1897 5221 2087 5276 videns

510 5314 797 5369 Dominum
841 5314 924 5368 his
955 5329 1058 5366 non
1096 5313 1326 5382 expleri,
1371 5313 1626 5368 cessavit.
1650 5314 1790 5380 Quin
1825 5327 1882 5370 et
1920 5317 2090 5370 inter-

509 5415 759 5477 pretatur
803 5422 972 5460 vanus
1021 5404 1268 5474 populus,
1313 5405 1456 5460 ﬁlius
1493 5417 1674 5461 autem
1738 5407 1876 5462 Bcor
1915 5408 2086 5463 inter-

596 5551 644 5597 “
683 5551 843 5606 Num.
875 5565 1013 5617 xx",
1039 5550 1131 5606 22.
1208 5550 1409 5606 “ibid.
1433 5551 1524 5607 55.
1600 5551 1644 5584 ⁸⁷
1665 5551 1824 5607 Νυιιι.
1861 5570 2018 5620 xxnt,
2049 5555 2102 5610 1.

587 5689 696 5764 μδ)
725 5692 953 5763 Phogor,
988 5693 1253 5766 Hebraice
1295 5700 1438 5758 -πῃῃ
1483 5691 1634 5746 reddi
1665 5703 1843 5762 potest
1877 5715 1894 5747 ι
1928 5695 2081 5766 pellis

513 5776 626 5818 oms
653 5783 671 5819 ι
708 5779 770 5818 ex
798 5773 901 5830 Tm
928 5784 947 5816 ι
981 5765 1158 5836 pellis,
1184 5767 1327 5822 cutis
1358 5785 1375 5820 ι
1418 5775 1472 5821 et
1494 5770 1571 5826 ΓΕ)
1604 5781 1622 5815 ι
1655 5768 1874 5830 os,oris.
1897 5786 1918 5820 ι

2203 1912 2453 1984 σώματος
2480 1913 2669 1984 ἐτέρου
2707 1911 2846 1983 ἔργα
2884 1911 3169 1982 γινόμενα,
3213 1910 3308 1963 καὶ
3344 1911 3404 1963 ἐν
3457 1911 3579 1970 τοῖς
3620 1908 3792 1978 κρεξτ-

2200 2023 2315 2058 τοσι
2360 2005 2456 2058 καὶ
2505 2005 2564 2057 ἐν
2614 2006 2726 2067 τοῖς
2767 2002 3028 2075 χείροσιν.
3068 1996 3192 2055 Οἶον
3233 2001 3310 2064 ὼς
3337 1999 3410 2052 τὰ
3437 1999 3710 2068 γινόμενα
3743 2001 3792 2050 ἐν

2199 2097 2462 2170 Αἰγύπτῳ
2496 2097 2600 2151 ὑπὸ
2623 2095 2832 2167 Μωῦσῆ
2865 2094 2960 2148 καὶ
3016 2093 3224 2164 Ἀαρὼν
3246 2093 3342 2146 καὶ
3361 2091 3474 2145 τῶν
3507 2089 3792 2144 ἐπαοιδῶν.

2213 2189 2368 2242 Ἀλλὰ
2410 2187 2816 2260 συγκρινομένη
2854 2187 2887 2257 ὴ
2929 2185 3050 2239 θεία
3077 2185 3306 2256 δύναμις
3336 2183 3478 2254 πρὸς
3515 2181 3620 2251 τὴν
3661 2182 3794 2234 ἁγα-

2201 2280 2463 2352 κειμένην
2507 2279 2649 2334 κατὰ
2692 2278 2984 2350 πρόσωπον
3005 2277 3112 2330 τῶν
3154 2275 3640 2348 ἁμφιϐαλλόντων,
3667 2273 3792 2342 αὕτη

2201 2373 2232 2440 ἡ
2272 2370 2388 2424 θεία
2417 2370 2647 2442 δύναμις
2678 2371 2832 2440 νικᾷο
2866 2369 2942 2432 ὡς
2988 2370 3022 2438 ή
3046 2367 3256 2439 ’ῥάϐδος
3299 2366 3522 2436 Μωῡσῆ
3565 2367 3667 2427 τὰς
3695 2365 3794 2417 τῶν

2202 2461 2468 2515 ἐπαοιδῶν
2507 2461 2734 2533 ῥάϐδους
2772 2445 3052 2515 κατέπιεν.
3473 2531 3484 2537 ν
3576 2458 3586 2465 ’

2279 2546 2388 2610 Τόῦ
2417 2555 2632 2610 αὐτοῦ.
2659 2554 2854 2608 Εἰώθει
2887 2557 2916 2608 6
2940 2553 3169 2624 Βαλαὰμ
3194 2557 3316 2617 ταῖς
3355 2553 3559 2616 αὑταῖς
3589 2551 3790 2616 θυσίαις

2203 2647 2521 2720 θεραπεύων
2563 2646 2990 2719 προσκαλεῖσθαι
3023 2646 3152 2710 τοὺς
3187 2646 3470 2715 δαίμονας.
3539 2644 3788 2698 Τοιαῦται

2201 2740 2310 2812 γὰρ
2336 2742 2390 2795 αἱ
2419 2739 2597 2792 θυσίαι
2628 2738 2909 2793 ἐτελοῦντο
2953 2741 3010 2793 ἐν
3049 2739 3238 2810 κόσμῳ
3268 2740 3384 2797 τοῖς
3426 2737 3670 2806 δαίμοσι.
3703 2734 3790 2786 Διά

2200 2834 2359 2888 τοῦτο
2385 2829 2477 2887 οὖν
2507 2836 2536 2888 ὁ
2564 2833 2696 2896 Θεὸς
2735 2832 2947 2896 θυσίαις
2977 2833 3198 2885 ἀπαιτεῖ
3228 2830 3320 2883 τὸν
3357 2829 3582 2900 πρῶτον
3630 2827 3750 2880 λαὸν
3771 2868 3784 2884 ,

2201 2923 2288 2976 ἵνα
2343 2922 2430 2975 διὰ
2478 2922 2540 2975 τὸ
2573 2921 2980 2994 προσφέρεσθαι
3022 2921 3100 2993 τῷ
3138 2920 3257 2990 Θεῷ
3286 2959 3301 2983 ,
3361 2919 3695 2990 καταργηθῇ
3734 2919 3789 2969 τὸ

2203 3014 2616 3087 προσφέρεσθαι
2645 3017 2760 3077 τοῖς
2789 3013 3061 3085 δαίμοσιψ
3092 3015 3139 3066 εί
3171 3012 3265 3067 καὶ
3289 3011 3359 3064 τὰ
3394 3010 3637 3082 μάλιστα
3663 3009 3789 3077 σύμμ-

2203 3107 2334 3161 6ολα
2375 3104 2539 3179 ἦσαν.

2273 3199 2382 3254 Τοῦ
2407 3198 2614 3254 αὐτοῦ.
2650 3198 3108 3270 Ἐνανθρωπήσας
3130 3192 3222 3252 οῦν
3240 3199 3268 3250 6
3287 3197 3481 3269 Σωτὴρ
3506 3195 3783 3249 ἀπέστειλε

2194 3293 2320 3355 τοὺς
2358 3290 2606 3363 μαθητὰς
2637 3291 2804 3344 αὑτοῦ
2835 3293 2920 3344 ἵνα
2950 3290 3154 3344 λύσωσι
3190 3290 3290 3361 τὴν
3323 3290 3478 3351 ὄνον,
3516 3289 3782 3341 τουτέστι-ο

2194 3386 2258 3437 ἐκ
2289 3382 2398 3435 τῶν
2425 3381 2640 3454 δεσμῶν
2665 3377 2740 3438 ὧν
2771 3383 2959 3454 ἔδησεν
2999 3384 3032 3452 ἡ
3072 3380 3426 3451 ἀντικειμένη
3468 3379 3720 3448 δύναμις,
3758 3381 3784 3430 ὁ

2194 3475 2385 3548 νοητὸς
2411 3475 2671 3547 Βαλαάμ’
2705 3474 2801 3530 καὶ
2829 3473 3091 3537 λύσαντες
3129 3474 3336 3544 ἡγαγον
3380 3471 3522 3543 πρὸς
3564 3471 3654 3523 τὸν
3697 3471 3784 3539 ’1η-

2196 3570 2355 3634 σοῦν,
2384 3568 2480 3623 καὶ
2509 3568 2788 3631 ἐπιθέντες
2830 3569 2896 3638 τῇ
2926 3567 3032 3637 ὄνῳ
3067 3566 3134 3620 τὰ
3169 3565 3383 3636 ἱμάτια,
3415 3563 3668 3617 τουτέστι
3696 3563 3784 3623 τας

2195 3661 2398 3734 ἀρετὰς
2428 3661 2522 3715 τοῦ
2551 3659 2891 3730 Εύαγγελίου
2913 3677 2926 3690 ·
2961 3661 3055 3714 καὶ
3096 3659 3427 3722 ἐπικαθίσας
3455 3657 3598 3728 αὐτῇ
3629 3659 3659 3708 ὁ
3681 3658 3783 3708 m-

2193 3753 2298 3826 τὴρ
2327 3753 2579 3824 εἰσῆλθεν
2605 3754 2686 3817 είς
2729 3751 2826 3823 τὴν
2865 3752 3027 3820 ἁγίαν
3056 3753 3232 3806 πόλιν.

2264 3849 2375 3901 Καὶ
2405 3847 2704 3915 παρέλαϐε
2744 3847 2949 3901 Βαλὰκ
2977 3845 3084 3900 τὸν
3123 3843 3373 3913 Βαλαὰμ
3399 3843 3501 3897 ἐπὶ
3549 3843 3664 3910 τὴν
3691 3861 3780 3894 ξιο-

2185 3938 2394 4008 ρυφὴν
2429 3938 2538 3993 τοῦ
2579 3938 2799 4008 Φογώρ.
2847 3936 3262 4008 ’Υπελάμδανεν
3318 3938 3347 3990 6
3397 3937 3584 3990 Βαλὰκ
3624 3952 3781 4006 μεμε-

2191 4032 2470 4103 τρημένην
2509 4031 2607 4104 τὴν
2653 4031 2850 4103 τέχνην
2887 4031 2982 4085 τοῦ
3028 4030 3257 4100 Βαλαὰμ
3308 4030 3367 4084 ἐν
3415 4031 3532 4094 τοῖς
3585 4031 3775 4092 τόποις.

2193 4122 2284 4175 Διὸ
2307 4122 2728 4195 παρελάμϐανεν
2756 4123 2918 4176 αὑτὸν
2945 4123 3024 4185 εἰς
3045 4122 3144 4194 τὴν
3169 4121 3416 4193 κορυφὴν
3453 4122 3551 4174 τοῦ
3575 4122 3773 4193 ᾦοτὼρ,

2191 4215 2436 4284 οἰόμενος
2481 4213 2688 4284 ἰσχύειν
2732 4214 2824 4267 τὸν
2877 4214 3051 4284 μάγον
3087 4213 3296 4266 ἐκεῖθεν
3339 4213 3658 4284 ἀράσασθαι
3695 4213 3777 4265 τὸν

2192 4301 2320 4358 λαὸν
2371 4303 2465 4357 τοῦ
2513 4303 2649 4357 Θεοῦ
2682 4303 2772 4357 τὸν
2804 4304 3053 4375 Βαλαάμ.
3081 4302 3274 4375 Φογὼρ
3317 4303 3375 4356 δέ
3424 4305 3777 4376 ἑρμηνεύετει

2193 4396 2490 4465 ἡδυσμὸς,
2526 4396 2887 4468 ἣστόμιιτος
2925 4396 3131 4466 δέρμα,
3166 4395 3448 4448 τουτέστιν
3471 4435 3488 4460 ,
3551 4398 3777 4468 ἀκρότης

2122 4521 2168 4580 D
2197 4489 2534 4561 φιληδονίας,
2594 4491 2688 4544 καὶ
2717 4491 2984 4562 νεκρότης
3031 4489 3212 4558 λόγου.
3264 4487 3355 4553 Ἐξ
3400 4481 3477 4542 ὧν
3529 4491 3778 4561 ἐπειρᾶτο

2198 4581 2507 4654 ἀράσασθαι
2546 4582 2636 4635 τὸν
2675 4581 2802 4635 λαὸν
2828 4581 2918 4635 τοῦ
2956 4581 3089 4634 Θεοῦ
3120 4584 3148 4634 ὁ
3180 4580 3430 4651 Βαλαάμ.

2273 4673 2385 4729 Τοῦ
2429 4675 2634 4728 αὐτοῦ.
2676 4675 2780 4728 Δύο
2809 4674 2916 4728 εἰσὶ
2943 4674 3196 4746 κορυφαὶ,
3239 4674 3524 4726 τουτέστιν
3552 4672 3776 4743 ἀκροτὰ-

2197 4783 2296 4837 της
2325 4766 2672 4839 (ὥθ’)ἀρετῆς
2707 4767 2804 4820 καὶ
2831 4767 2930 4836 τῆς
2959 4766 3174 4828 κακίας·
3208 4766 3304 4818 καὶ
3341 4767 3370 4816 6
3415 4767 3515 4836 μὲν
3549 4766 3781 4835 Manilii;

2199 4859 2292 4912 ἐπὶ
2319 4861 2380 4912 τὸ
2413 4861 2580 4931 ἄκρον
2620 4860 2719 4930 τῆς
2765 4859 2968 4930 ἀρετῆς
3009 4857 3374 4928 ἀναϐέϐηκεν,
3410 4860 3438 4910 6
3468 4857 3530 4910 δὲ
3559 4857 3783 4926 Βαλαὰμ

2198 4951 2290 5004 ἐπὶ
2324 4951 2385 5004 τὸ
2405 4951 2573 5022 ἄκρον
2606 4952 2704 5022 τῆς
2739 4951 2956 5015 κακίας.

2271 5044 2394 5096 Οὐκ
2429 5042 2721 5110 ἐπορεύθη
2757 5043 2906 5095 κατὰ
2931 5042 2994 5094 τὸ
3023 5040 3226 5107 εἰωθὸς
3249 5038 3412 5105 αὐτῷ
3436 5041 3527 5106 εὶς
3561 5039 3782 5092 συνῶσι

2195 5151 2374 5204 τησιν
2402 5135 2526 5200 τοῖς
2548 5133 2798 5202 οἰωνοῖς.
2835 5133 2904 5186 Σύ
2913 5133 3110 5205 μ6ολὸν
3137 5135 3286 5187 ἐστιν
3319 5135 3347 5186 6
3374 5132 3605 5203 Βαλαὰμ
3633 5125 3782 5192 οὗτος

2192 5226 2288 5280 τοῦ
2322 5228 2386 5279 ὲκ
2418 5226 2526 5278 τῶν
2555 5225 2726 5280 ἐθνῶν
2753 5223 2881 5278 λαοῦ
2919 5226 3066 5288 ὅστις
3109 5222 3466 5295 ἐπηκολούθει
3513 5226 3628 5284 τοῖς
3662 5225 3772 5274 οἰω-

2194 5322 2302 5382 νοῖς
2335 5320 2396 5374 τὸ
2428 5319 2709 5392 πρότερον,
2734 5320 2896 5387 γνοὺς
2923 5319 2982 5372 δὲ
3010 5318 3090 5371 ὃτι
3115 5317 3410 5389 ἀκόρεστον
3432 5317 3551 5368 ἐστι
3571 5314 3774 5385 Rapina.

2195 5413 2257 5465 ού
2302 5411 2617 5483 προσέθετο·
2658 5411 2796 5466 ἀλλὰ
2838 5412 2944 5483 μὴν
2990 5412 3083 5464 καὶ
3133 5408 3498 5483 ἑρμηνεύεται
3533 5407 3776 5478 μάταιος

2215 5556 2261 5588 ⁸⁸
2297 5557 2425 5611 ibid.
2454 5556 2546 5611 28.
2647 5556 2692 5591 "
2721 5555 2879 5611 Num.
2910 5572 3058 5622 xxiv,
3091 5557 3141 5610 1.

2263 5695 2400 5768 (46⁸)
2435 5695 2598 5750 Forte
2618 5696 2907 5768 legendum
2928 5713 2941 5750 :
2967 5695 3070 5768 Δύο
3086 5697 3193 5749 εἰσι
3215 5694 3474 5768 κορυφαὶ,
3503 5688 3767 5746 τουτέστιν

2188 5767 2510 5840 ἀκρότητες,
2537 5767 2740 5839 ἀρετῆς
2773 5768 2866 5821 καὶ
2888 5767 3120 5831 κακίας.
