3914 6506
150 284 249 339 581

1366 278 1676 335 SELECTA
1710 275 1776 331 IN
1815 276 2172 334 NUMEROS.

3312 283 3424 339 582

144 400 319 468 λαὸς,
371 400 487 465 υίὸς
519 398 574 453 δὲ
615 398 770 471 Βεὼρ
826 396 1185 469 ἑρμηνεύεται
1230 396 1602 467 δερμάτινος.
1660 395 1733 448 Τὸ

1853 404 2088 463 pretatur
2117 394 2385 464 pelliceus.
2417 394 2601 452 Vanus
2636 405 2755 452 erat
2797 398 2950 469 juxta
2994 398 3228 469 priorem
3263 418 3398 473 gen-

150 495 251 566 μέν
294 495 523 565 μάταιος
551 490 618 565 ἦν
647 491 789 546 κατὰ
817 492 879 544 τὸ
908 492 1170 563 πρότερον
1207 491 1314 544 τῶν
1354 491 1545 554 ἐθνῶν,
1585 491 1737 561 Βεὼρ

143 587 201 641 δὲ
229 587 326 641 τοῦ
349 589 407 639 ἐν
440 585 761 657 ματαιότητι
791 585 886 638 καὶ
919 586 976 637 ἐν
1008 585 1294 656 νεκρότητι
1332 582 1473 638 κατὰ
1508 584 1569 636 τὸ
1601 582 1737 653 πρό-

141 694 304 749 τερον
330 675 591 746 δηλονότι.

218 770 559 837 Ἀνθρωπος
591 770 623 821 ὀ
654 765 952 835 ἀληθινῶς
979 765 1152 835 ὀρῶν.
1200 766 1340 836 Ἐγὼ
1383 770 1411 821 ὁ
1452 769 1581 822 ποτὲ
1627 768 1736 821 Βα-

144 862 328 932 λαὰμ,
377 863 406 914 6
450 861 577 924 λαὸς
620 862 648 913 6
698 861 952 932 μάταιος,
1007 861 1276 925 διανοίξας
1320 864 1444 926 τοὺς
1484 863 1594 916 ἔσω
1633 880 1733 933 μου

144 952 460 1024 ὀφθαλμούς
486 951 580 1006 τοῦ
608 952 747 1016 νοὸς,
791 954 885 1005 καὶ
917 951 1037 1005 ἰδὼν
1075 952 1165 1005 τὸν
1207 954 1574 1024 πνευματικόν
1604 971 1735 1007 ποτε

156 1045 398 1117 Ἰσραὴλ,
456 1045 551 1099 καὶ
600 1044 697 1116 τὴν
740 1046 861 1099 κατ’
907 1045 1070 1099 αὐτὸν
1109 1047 1442 1119 οἰκονομίαν,
1498 1049 1596 1119 τῆς
1638 1047 1733 1102 τοῦ

144 1138 305 1204 ἁγίου
351 1137 665 1208 Πνεύματος
708 1136 983 1209 ἀξιοῦμαι.
1040 1138 1152 1210 Οὐχ
1200 1139 1430 1210 ἁρμόζει
1472 1140 1551 1211 τῷ
1598 1142 1733 1195 ποτὲ

144 1227 383 1300 Βαλαὰμ
437 1231 534 1293 τὸ,
603 1246 621 1279 ‹
690 1229 859 1299 Φησὶ-θ
924 1230 951 1281 6
1024 1229 1309 1301 ἄνθρωπος
1373 1234 1401 1286 6
1467 1234 1735 1305 ἀληθινῶς

144 1320 323 1392 όᾷιν,
366 1340 384 1372 ι
426 1322 518 1374 καὶ
564 1320 633 1374 τὰ
660 1321 806 1391 ἑξῆς,
834 1322 947 1375 ἀλλ’
970 1321 1198 1394 ἁρμόζει
1243 1324 1322 1396 τῷ
1347 1324 1442 1379 νῦν
1480 1327 1730 1400 Βαλαάμ.

234 1414 331 1480 Ὠς
356 1414 527 1469 καλοί
557 1417 611 1468 οἱ
631 1411 784 1469 οἶκοί
809 1431 947 1478 σου,
987 1416 1202 1485 Ἰακὼϐ,
1236 1420 1295 1470 αἱ
1330 1420 1554 1487 σκηναί
1592 1436 1730 1482 σου,

155 1505 421 1575 Ἰσραήλ.
473 1506 545 1558 Τὸ
584 1506 752 1577 δνομα
792 1505 886 1558 τοῦ
928 1506 1141 1571 Ἰακὼϐ,
1182 1509 1240 1562 οὐ
1272 1511 1363 1564 τοῦ
1400 1512 1734 1577 ἐνοικοῦντός

142 1599 320 1659 ἐστιν,
374 1595 509 1651 ἀλλά
548 1597 639 1650 τοῦ
684 1598 851 1650 οἰκου’
901 1598 962 1651 τὸ
1005 1598 1061 1651 δὲ
1115 1599 1209 1653 τοῦ
1267 1603 1482 1675 Ἰσραὴλ
1534 1605 1729 1677 ὄνομα,

138 1686 240 1739 τοῦ
274 1686 609 1750 ἐνοικοῦντός
635 1688 770 1740 ἐστι·
806 1687 897 1742 τοῦ
933 1688 1036 1761 γὰρ
1068 1693 1382 1763 σωματικοῦ
1411 1695 1733 1767 πράγματός

139 1780 263 1833 ἐστι
292 1780 378 1844 τὸ,
426 1778 640 1833 Ἰακώϐ.

227 1872 390 1926 Ὧσεὶ
421 1871 603 1926 νάπαι
628 1873 996 1934 σκιάζουσαι.
1033 1875 1424 1950 Νάπαινοηταί
1453 1880 1558 1932 εἰσι
1580 1880 1733 1934 σκιὰ-

138 1961 337 2025 ζουσαι
374 1963 435 2016 τὸ
467 1967 525 2017 ἐν
563 1957 607 2032 ᾧ
642 1964 835 2033 λογικά
870 1964 1121 2039 ἔγκαρπα
1169 1969 1264 2021 καὶ
1307 1969 1597 2040 κατάκομα
1632 1972 1732 2042 τῆς

139 2057 537 2127 πραγματικῆς
579 2056 803 2128 ἀρετῆς.
843 2058 1166 2129 Παράδεισοι
1206 2060 1299 2113 ἐπὶ
1339 2063 1582 2133 ποταμόν
1625 2065 1730 2116 εἰσι

138 2148 349 2215 νοητοὶ,
377 2148 542 2211 τοπὸς
569 2149 626 2201 ἐν
649 2141 692 2216 ᾧ
717 2149 908 2217 λογικὰ
942 2152 1269 2221 πεφύτευται
1313 2153 1583 2225 ἀρδόμενα
1613 2156 1730 2225 ἢτοι

139 2242 208 2309 τῇ
259 2239 465 2311 θεωρίᾳ
502 2240 609 2296 τῶν
649 2243 979 2313 γεγονότων,
1023 2245 1054 2315 ἤ
1100 2248 1166 2318 τῇ
1205 2245 1408 2318 θεωρίᾳ
1437 2246 1535 2317 τῆς
1566 2247 1730 2317 ἁγίας

139 2330 400 2401 Τριὰδος.

224 2503 342 2557 Τοῦ
374 2506 581 2563 αὑτοῦ.
617 2509 678 2562 Οἱ
710 2508 768 2563 ὲν
803 2512 1028 2582 σκηναῖς
1057 2511 1351 2577 οἰκοῦντες,
1391 2515 1507 2576 τῶν,
1527 2515 1733 2571 ὁδευόν-

141 2612 256 2648 των
288 2598 417 2661 εἰσὶ,
455 2600 548 2652 καὶ
590 2600 736 2653 ἔστιν
768 2600 872 2665 ἔξω
900 2603 992 2655 τοῦ
1020 2603 1225 2674 κόσμου
1262 2604 1449 2659 τούτου
1484 2606 1599 2671 ὁδὸς
1634 2626 1732 2679 με·

142 2688 289 2760 γάλη
321 2690 415 2743 καὶ
445 2691 633 2745 πολλαὶ
659 2694 873 2765 σκηναί.
905 2696 966 2749 Οἱ
997 2696 1346 2762 ἐνοικοῦντες,
1372 2699 1474 2765 οὐκ
1496 2700 1601 2754 εἰσὶ
1622 2701 1730 2756 τῶν

140 2775 463 2845 ὁδευόντων,
501 2781 637 2835 ἀλλά
666 2783 773 2837 τῶν
803 2785 1128 2856 ἱσταμένων.
1518 2768 1521 2773 ί

229 2932 391 3014 Ὡσεί
422 2960 618 3029 κέδροι
641 2963 777 3029 παρ’
802 2962 1009 3017 ὕδατα.
1041 2964 1236 3036 Κέδροι
1258 2966 1364 3020 εἰσί
1384 2968 1575 3040 νοηταὶ
1598 2970 1729 3042 παρ’

1848 487 1982 539 tium
2025 486 2239 541 vivendi
2296 502 2525 555 morem,
2574 490 2712 545 Beor
2764 501 2943 545 autem
2991 493 3145 562 juxta
3180 498 3414 567 priorem

1840 592 2042 632 morem
2076 578 2221 633 illius
2249 582 2427 651 populi
2460 583 2551 653 qui
2578 584 2629 637 in
2656 586 2899 642 vanitate
2918 597 2973 643 et
3003 590 3057 645 in
3084 600 3258 649 morte
3293 608 3413 648 am-

1841 667 2083 724 bulabat.

1911 760 2082 816 llomo
2106 779 2219 818 vere
2245 764 2425 817 videns
2466 764 2536 818 ⁵ο.
2572 763 2683 835 Ego
2737 769 2863 823 olim
2916 770 3156 840 Balaam,
3191 775 3417 843 populus

1838 867 2031 926 nempe
2069 869 2257 920 vanus,
2290 857 2491 925 apertis
2524 857 2877 915 interioribus
2902 864 3099 918 mentis
3130 879 3262 920 mea:
3286 881 3417 921 ocu-

1836 943 1922 1011 lis,
1968 954 2024 999 et
2056 946 2248 1000 videns
2295 948 2594 1017 spiritalem
2652 949 2839 1016 Israel,
2888 952 3233 1026 divinumque
3282 972 3414 1030 erga

1836 1052 1961 1091 eum
2001 1038 2379 1105 oeconomiam,
2420 1039 2615 1110 dignus
2642 1042 2843 1096 habeor
2882 1058 3039 1112 quem
3084 1059 3235 1115 regat
3287 1047 3414 1117 Spi-

1839 1128 1976 1184 ritus
2008 1140 2257 1187 sanctus.
2289 1128 2407 1183 Non
2437 1134 2689 1187 convenit
2723 1143 2905 1189 autem
2944 1135 3111 1189 veteri
3157 1135 3415 1194 Balaamo

1838 1220 1976 1275 ismd
2010 1240 2022 1276 :
2065 1238 2083 1272 ι
2127 1220 2262 1273 Dicit
2289 1223 2441 1275 homo
2485 1240 2596 1278 vere
2622 1224 2823 1292 ridens,
2871 1244 2888 1270 ι
2934 1235 3066 1289 ete.,
3096 1227 3189 1281 sed
3230 1229 3278 1283 ei
3319 1232 3412 1300 qui

1837 1328 1979 1366 nunc
2011 1322 2116 1378 est,
2155 1311 2400 1365 Balaam.

1907 1403 2080 1469 Quam
2119 1403 2265 1459 bona:
2295 1406 2481 1460 domus
2516 1415 2640 1469 luce,
2680 1405 2871 1474 Iacob,
2920 1408 3262 1464 tabernacula
3298 1423 3412 1473 tua.

1835 1496 2008 1552 Israel
2063 1498 2131 1551 εί.
2195 1497 2401 1553 Nomen
2456 1497 2659 1564 Iacob,
2714 1515 2819 1553 non
2895 1500 3248 1556 inhabitantis
3308 1519 3409 1558 no-

1837 1602 1957 1643 men
1998 1599 2100 1651 est,
2143 1591 2235 1645 sed
2284 1590 2661 1644 habitationis.
2716 1590 2926 1645 Nomen
2982 1602 3163 1646 autem
3221 1591 3409 1655 Israel.

1835 1691 1916 1735 est
1968 1681 2355 1740 inhabitantis.
2397 1682 2492 1737 Rei
2555 1684 2699 1737 enim
2742 1697 3022 1753 corporea:
3066 1700 3265 1741 nomen
3328 1697 3415 1742 est

1766 1748 1805 1802 Β
1833 1772 2023 1832 Jacob.

1905 1862 2051 1919 Sicut
2107 1880 2322 1919 nemora
2381 1865 2683 1919 umbrautia
2728 1866 2797 1919 5’.
2845 1865 3123 1936 Spiritalia
3183 1885 3410 1925 nemora

1835 1956 2143 2010 umbrantia
2173 1966 2303 2011 sunt
2353 1957 2481 2011 illud
2528 1958 2583 2010 in
2634 1971 2741 2025 quo
2793 1957 3139 2014 rationabiles
3187 1963 3414 2016 arbores

1835 2050 2130 2105 fructifera:
2182 2060 2238 2104 et
2282 2051 2419 2105 bene
2458 2059 2686 2105 comata:
2721 2059 2957 2105 strenuae
3004 2052 3239 2108 virtutis.
3287 2052 3410 2122 Spi-

1834 2142 2019 2197 ritales
2049 2142 2284 2209 paradisi
2310 2157 2473 2212 super
2502 2140 2702 2196 ﬂumen
2738 2150 2867 2197 sunt
2901 2142 3054 2198 locus
3099 2145 3151 2198 in
3190 2160 3297 2212 quo
3323 2161 3413 2199 ru-

1846 2234 2132 2289 tionabiles
2163 2236 2392 2289 arbores
2414 2234 2671 2305 plantata:
2716 2245 2861 2301 sunt,
2903 2250 3038 2305 quas
3097 2236 3288 2306 irrigat
3321 2237 3409 2291 vel

1840 2323 2223 2394 contemplatio
2256 2340 2436 2378 rerum
2473 2339 2594 2394 qua:
2623 2324 2903 2390 accidunt,
2936 2326 3021 2380 vel
3073 2327 3411 2398 contempla-

1837 2418 1912 2471 tio
1940 2426 2143 2472 sanctae
2172 2414 2480 2472 Trinitatis.

1902 2510 2177 2580 Ejusdem.
2229 2511 2330 2578 Qui
2372 2512 2425 2566 in
2486 2511 2849 2566 tabernaculis
2889 2511 3173 2579 habitant,
3224 2528 3256 2567 e
3302 2530 3410 2569 nu-

1836 2617 1987 2658 mero
2053 2603 2322 2657 viatorum
2382 2612 2548 2669 sunt,
2610 2612 2666 2658 et
2714 2612 2866 2657 extra
2941 2604 3086 2659 hunc
3150 2606 3409 2659 mundum

1832 2703 1920 2750 est
1967 2696 2054 2749 via
2109 2711 2301 2765 magna
2348 2707 2403 2751 et
2455 2696 2801 2752 tabernacula
2861 2697 3048 2752 multa.
3102 2698 3204 2765 Qui
3250 2700 3401 2755 inha-

1834 2787 2029 2855 bitant,
2065 2802 2171 2843 non
2217 2797 2346 2843 sunt
2388 2802 2419 2844 e
2462 2788 2748 2855 viatorum,
2797 2790 2894 2845 sed
2931 2804 2963 2844 e
3003 2791 3266 2846 stantium
3300 2808 3407 2846 tiu--

1834 2894 2009 2934 ntero.

1908 2970 2059 3027 Sicut
2094 2973 2239 3027 cedri
2274 2972 2435 3042 juxta
2473 2987 2638 3042 aquas
2668 2971 2733 3026 ⁸³.
2780 2970 2938 3026 Cedri
2982 2972 3250 3043 spiritales
3287 2989 3412 3044 quae

142 3050 319 3105 ὕδατα
357 3056 572 3121 φυείσαι
612 3053 781 3125 ψυχαὶ
816 3054 1031 3124 λογικαὶ
1080 3057 1371 3129 ἀρδόμεναι
1423 3062 1488 3131 τῇ
1533 3059 1730 3130 γνώσει

1858 3074 1985 3119 uitta
2030 3081 2198 3135 aquas
2255 3075 2575 3129 nascuntur,
2619 3064 2976 3120 rationabiles
3026 3076 3156 3121 sunt
3215 3066 3411 3123 anima

138 3143 247 3215 τῆς
280 3143 556 3215 ἀληθείας.

221 3238 338 3291 Καὶ
375 3240 675 3307 κυριεύσει
724 3239 916 3295 ἐθνῶν
962 3241 1229 3298 πολλῶν.
1273 3244 1475 3318 Κύριός
1523 3246 1669 3302 ἐστιν
1705 3248 1733 3302 6

140 3329 573 3395 ἐξουσιαστικῶς
633 3334 1022 3404 προστάσσων,
1086 3336 1270 3401 δοῦλος
1309 3339 1366 3391 δὲ
1406 3342 1434 3392 ὁ
1475 3339 1733 3404 δουλικῶς

139 3424 462 3478 ὑπακούων.
516 3424 718 3497 Κύριός
763 3427 910 3481 ἐστιν
944 3429 1105 3490 ὁτοῖς
1155 3428 1305 3492 ἰδίοις
1352 3430 1533 3495 πόνοις
1581 3431 1734 3485 ὀνού-

142 3532 316 3585 μενος
377 3516 473 3569 καὶ
533 3519 598 3587 τῇ
662 3517 944 3589 κυριότητι
1013 3520 1389 3591 πεποιωμένος
1450 3522 1735 3594 ἐλεύθερος

140 3608 379 3673 πάθους.
437 3608 630 3672 Δοῦλός
669 3610 814 3663 ἐστιν
857 3612 885 3664 6
924 3611 1173 3683 ἐμπαθὴς
1222 3613 1315 3665 καὶ
1368 3613 1583 3686 ἐπιδεὴς
1636 3615 1732 3669 τοῦ

139 3703 481 3774 κρείττονος,
532 3702 625 3754 καὶ
679 3702 898 3774 χρῄζων
939 3703 1039 3774 τῆς
1094 3706 1417 3770 ἐπιστασίας
1456 3706 1547 3760 τοῦ
1604 3707 1732 3761 ἰδίου

138 3795 364 3866 κυρίου.
423 3793 544 3846 Εἰσὶ
597 3793 654 3847 δὲ
713 3794 890 3866 κύριοι
952 3794 1168 3855 πολλοὶ.
1240 3797 1498 3869 μακάριοι
1567 3798 1624 3852 δὲ
1682 3801 1732 3853 οἱ

136 3888 238 3941 τὸν
304 3885 513 3959 Κύριον
583 3884 738 3958 ἡμῶν
811 3886 1019 3959 Ἰησοῦν
1076 3887 1312 3960 Χριστὸν
1377 3890 1591 3961 ἔχοντες
1638 3891 1735 3946 κύ-

142 3999 284 4052 ριον.
887 4024 895 4031 .

220 4073 334 4127 Kal
364 4071 746 4141 ὑψωθήσεται
779 4072 817 4141 ἠ
854 4072 990 4141 Γὼγ
1021 4073 1308 4137 ,ϐασιλεία
1338 4072 1544 4127 αὑτοῦ.
1574 4073 1734 4127 Βασι-

138 4166 267 4219 λεία
312 4164 439 4234 Γὼγ
473 4163 833 4236 ἑρμηνεύεται
866 4164 1112 4233 δόματη.
1152 4164 1309 4219 Κατὰ
1351 4165 1478 4237 μίαν
1517 4166 1614 4236 μὲν
1646 4168 1735 4219 ἐκ-

136 4258 309 4330 δοχὴν
339 4256 548 4328 δόματὰ
577 4257 723 4309 ἐστιν
754 4254 810 4307 αἱ
852 4254 1053 4327 δωρεαὶ
1090 4254 1183 4309 τοῦ
1215 4256 1369 4325 ἁγίου
1397 4255 1730 4328 Πνεύματοςο

1837 3170 1972 3226 quas
1998 3155 2186 3226 irrigat
2209 3154 2448 3226 cognitio
2477 3155 2747 3208 veritatis.

1906 3245 1973 3300 ει
2018 3245 2377 3302 dominabitur
2413 3245 2649 3315 gentibus
2703 3244 2883 3302 multis
2916 3247 2983 3306 ⁸⁵.
3025 3247 3285 3304 Dominus
3326 3259 3411 3304 est

1833 3341 1924 3410 qui
1957 3355 2077 3394 cum
2109 3348 2378 3409 potestate
2417 3338 2672 3407 imperat,
2708 3355 2896 3396 servus
2939 3356 3065 3401 vero
3099 3342 3191 3411 qui
3242 3340 3410 3396 servi-

1836 3434 1957 3488 liter
1979 3433 2180 3488 obedit.
2210 3432 2472 3486 Dominus
2501 3440 2584 3487 est
2611 3432 2699 3486 cui
2755 3433 2959 3502 proprii
3012 3433 3234 3487 labores
3282 3448 3411 3499 pro-

1834 3533 1982 3589 sunt,
2005 3533 2060 3578 et
2090 3538 2249 3592 quem
2282 3521 2581 3575 dominium
2622 3519 2750 3576 fecit
2783 3538 2811 3575 a
2848 3522 3249 3590 perturbatione
3270 3519 3407 3574 libe-

1836 3631 1976 3670 rum.
2041 3615 2243 3669 Servus
2290 3622 2375 3669 est
2425 3614 2511 3668 cui
2570 3613 2756 3668 insunt
2805 3614 3265 3682 perturbationes,
3316 3612 3408 3681 qui

1835 3704 2230 3777 prmstantioris
2269 3704 2475 3759 auxilio
2534 3703 2760 3775 indiget,
2808 3706 3009 3774 quique
3060 3706 3261 3775 proprii
3314 3707 3410 3759 do-

1836 3798 1965 3853 mini
1989 3813 2117 3852 cura
2147 3811 2283 3866 opus
2318 3795 2502 3851 habet.
2551 3794 2689 3851 Sunt
2742 3807 2921 3852 autem
2969 3796 3170 3850 domini
3217 3796 3405 3861 multi;

1834 3892 1977 3946 beati
2011 3903 2138 3943 vero
2166 3903 2398 3958 quorum
2439 3887 2701 3944 Dominus
2742 3899 2928 3944 noster
2963 3886 3123 3944 Jesus
3158 3887 3411 3944 Christus

1835 3982 2086 4037 dominus
2113 3994 2218 4038 est.
2568 4046 2576 4053 .

1905 4070 1973 4126 Et
2004 4069 2322 4126 exaltabitur
2361 4066 2469 4138 Gog
2508 4082 2726 4137 regnum
2759 4064 2873 4134 ejus
2913 4064 2980 4117 ⁸⁵.
3012 4061 3259 4134 Regnum
3294 4061 3407 4133 Gog

1833 4162 2222 4233 interpretatur
2255 4176 2493 4213 munera.
2526 4157 2604 4212 Ac
2630 4158 2782 4226 juxta
2812 4171 2971 4211 unam
3000 4155 3216 4223 quidem
3245 4157 3413 4223 expli-

1835 4259 2103 4312 cationem
2137 4271 2358 4310 munera
2391 4265 2518 4309 sunt
2564 4252 2700 4305 dona
2747 4250 2985 4317 Spiritus
3023 4247 3217 4308 sancti,
3256 4243 3411 4311 juxta

140 4350 295 4403 κατὰ
328 4350 384 4403 δὲ
414 4348 599 4419 ἀλλην,
635 4367 653 4399 ι
697 4348 756 4401 '0
782 4350 874 4403 ἐπὶ
901 4348 994 4404 τοῦ
1018 4348 1266 4419 δώματος
1334 4349 1407 4421 μὴ
1442 4350 1733 4404 καταϐάτω

1853 4349 1995 4401 Iliam
2050 4363 2178 4401 vero
2210 4347 2294 4402 ⁵ος
2338 4363 2358 4397 ι
2401 4345 2503 4411 Qui
2561 4343 2614 4397 in
2673 4352 2818 4397 tecto
2862 4348 2969 4403 est,
3018 4352 3127 4391 non
3178 4338 3410 4390 descen-

140 4443 231 4503 εἰς
272 4440 374 4511 τὴν
421 4438 597 4492 οἰκίαν
643 4437 825 4491 αὑτοῦ.
883 4457 901 4489 ι
957 4439 1143 4491 Ἔστιν
1192 4434 1284 4491 οῦν
1343 4437 1586 4508 βασιλεία
1633 4439 1732 4510 τῆς

1856 4442 1927 4496 lat
1972 4442 2025 4496 in
2074 4442 2291 4496 domum
2327 4455 2503 4495 suam.
2552 4457 2571 4491 ι
2624 4436 2868 4505 Regnum
2928 4432 3096 4504 igitur
3143 4438 3228 4485 est
3268 4430 3414 4501 ejus-

136 4532 409 4603 τοιαύτης
430 4531 615 4599 ἕξεως.

1853 4535 2002 4589 nodi.

237 4626 289 4678 Ὁ
336 4625 481 4691 Θεὸς
522 4624 838 4694 ὡδήγησεν
893 4623 1080 4677 αὐτὸν
1126 4623 1194 4688 ἐξ
1245 4626 1567 4694 Αἰγύπτου.
1626 4625 1733 4678 Καὶ

1905 4626 2073 4699 274
2100 4626 2238 4681 Deus
2281 4626 2500 4680 deduxit
2525 4641 2642 4681 eum
2681 4640 2745 4677 ea:
2778 4621 3012 4691 Egyplo
3039 4621 3107 4674 ⁸⁷.
3134 4618 3200 4674 Et
3225 4618 3414 4675 Salva.

139 4722 244 4775 τὸν
288 4720 519 4791 Σωτῆρα
551 4718 691 4772 κατὰ
727 4719 809 4781 τὸ,
862 4738 879 4770 ι
936 4718 1026 4783 Ἐξ
1065 4712 1339 4787 Αἰγύπτου
1379 4714 1611 4773 ἐκάλεσα
1646 4718 1733 4772 τὸν

1853 4735 2008 4773 orem
2067 4719 2221 4789 juxta
2275 4719 2401 4773 illud
2443 4736 2457 4773 :
2504 4736 2523 4769 ι
2564 4717 2641 4771 Ex
2705 4713 2939 4786 [Egypto
3009 4714 3194 4767 vocavi
3244 4712 3412 4766 lilium

141 4813 266 4866 υἱόν
303 4830 427 4883 μου,
470 4831 488 4863 ι
523 4811 731 4865 καὶτὸν
774 4811 1008 4883 Ἰσραήλ.
1039 4812 1144 4864 Τὸν
1192 4811 1291 4883 μὲν
1334 4811 1607 4877 ἐκϐάλλει,
1645 4812 1733 4866 τὸν

1854 4813 2101 4877 neum,"
2141 4830 2161 4864 ι
2193 4822 2246 4866 et
2285 4812 2471 4866 lsrael.
2516 4811 2693 4865 Alium
2738 4806 2955 4877 quidem
3016 4806 3181 4876 cjicit,
3247 4805 3411 4859 alium

139 4906 209 4959 δὲ
238 4904 413 4957 καλεῖ.

230 4997 342 5051 Τοῦ
381 4996 588 5052 αὑτοῦ.
654 4998 712 5051 Ὀ
763 4998 1160 5070 χρηματισμὸς,
1209 4996 1298 5051 τὸν
1349 4996 1551 5068 Κύριον
1592 4995 1740 5068 ἥξειν

142 5089 232 5151 εἰς
260 5087 559 5157 Αἴγυπτον,
587 5088 773 5160 ἐδήλου
809 5092 906 5159 τὴν
947 5088 1041 5141 τοῦ
1085 5088 1337 5159 Σωτῆρος
1368 5088 1523 5157 ἡμῶν
1568 5086 1741 5158 Ἰησοῦ

143 5180 393 5252 Χριστοῦ
447 5180 763 5252 διακομιδὴν
813 5181 912 5252 τὴν
955 5180 1070 5251 ἁμα
1114 5183 1227 5243 τοῖς
1272 5179 1521 5249 γονεῦσιν
1574 5178 1740 5233 αὑτοῦ

143 5271 549 5343 γενησομένην.
583 5272 841 5343 Αἰγύπτῳ
864 5272 919 5324 δὲ
946 5274 1040 5326 καὶ
1078 5273 1106 5325 6
1142 5272 1343 5342 κόσμος
1378 5265 1532 5332 οὗτος
1560 5286 1740 5341 παρα-

142 5362 435 5418 σάλλεται.

234 5454 333 5520 Ὧς
375 5452 529 5517 δόξα
564 5454 972 5523 μονοκέρωτος
1015 5451 1197 5519 αὐτῷ.
1239 5446 1566 5522 Μονόκερώς
1591 5452 1737 5505 ἐστιν

219 5680 268 5710 ⁵⁸
297 5676 466 5737 Num.
506 5692 664 5741 nm,
701 5678 757 5733 5.
833 5678 879 5709 ⁸⁸
907 5675 1112 5731 ibid.5.
1196 5677 1241 5711 ⁸²
1271 5673 1397 5728 ibid.
1433 5672 1488 5727 6.

148 5764 302 5810 xu'l.
350 5751 403 5803 8.
504 5749 553 5781 ⁸⁸⁸
584 5748 775 5803 Matth.
815 5763 872 5815 ιι,
915 5746 1002 5801 15.
1073 5746 1118 5777 ⁸⁹
1144 5743 1303 5800 Num.
1334 5759 1484 5812 xx1v,
1517 5743 1571 5800 8.

1589 5672 1636 5709 ⁸³
1674 5672 1804 5729 ibid.

1842 4917 1971 4959 vero
2005 4913 2180 4957 vocat.

1919 4996 2191 5066 Ejusdem.
2243 4994 2576 5050 Vaticinium
2631 5009 2740 5064 quo
2798 4991 3110 5063 prredicitur
3150 4990 3417 5045 adventus

1842 5086 2053 5142 Domini
2086 5087 2138 5139 in
2169 5084 2488 5158 .Egyplum,
2519 5082 2859 5152 signiﬁcabat
2894 5080 3195 5136 Salvatoris
3232 5079 3409 5135 nostri

1840 5172 1965 5230 Jesu
2016 5174 2222 5229 Christi
2279 5175 2710 5243 dcportationem
2764 5188 2867 5226 una
2928 5187 3050 5226 cum
3101 5170 3419 5239 parentibus

1840 5268 1955 5336 ejus
1987 5266 2248 5324 futuram.
2274 5266 2511 5339 Egypto
2555 5280 2775 5336 quoque
2809 5265 2897 5319 hic
2933 5264 3163 5318 mundus
3194 5274 3418 5330 compa-

1843 5368 2011 5414 ratur.

1913 5450 2056 5505 Sicut
2096 5451 2265 5522 gloria
2293 5450 2567 5505 unicornis
2594 5449 2641 5504 ei
2680 5448 2748 5502 δ’.
2796 5444 3088 5503 Unicornis
3123 5441 3418 5498 secundum

2599 5674 2645 5706 “
2668 5671 2835 5727 Marc.
2874 5665 3089 5735 xmﬁb’.
3188 5664 3232 5697 "
3261 5661 3417 5719 Num.

1909 5673 1959 5707 “
1981 5673 2110 5730 ibid.
2141 5673 2194 5731 7.
2295 5673 2342 5707 "
2368 5673 2498 5729 ibid.
