3914 6532
260 321 348 377 583
1469 312 1535 366 IN
1574 310 1664 368 NU
1676 312 1816 368 MER

1944 313 2231 371 HOMILIA
2270 315 2313 370 1.
3429 319 3534 378 586

269 479 364 526 aue
379 461 622 521 vastatio,
644 457 731 511 ubi
763 454 970 527 fugitur
999 471 1092 526 per
1129 455 1336 509 marina
1362 455 1692 519 discrimina,
1725 467 1772 508 et
1806 473 1868 511 ne
1894 457 2012 526 ipsa
2032 456 2241 526 quidem
2270 458 2462 528 absque
2501 467 2640 512 metu
2677 457 2936 514 habentur
2961 460 3152 515 exsilia
3175 459 3200 515 .9
3221 459 3287 516 In
3316 479 3535 532 conspe—

273 565 348 608 ctu
378 550 586 612 etenim,
617 557 676 602 ut
703 549 908 602 videbas
939 549 1094 602 etiam
1133 551 1260 616 ipse,
1297 558 1472 602 nostra
1509 547 1803 609 Barbarus,
1843 548 1934 617 qui
1960 549 2157 617 Regina
2195 549 2386 616 Oppido
2417 548 2528 619 (48)
2571 551 2822 604 miscebat
2854 541 3121 616 incendia,
3151 554 3530 622 angustissimo
3581 588 3586 592 -

271 667 302 703 tt
337 649 477 700 nobis
503 646 661 714 freto,
690 645 778 697 ubi
812 642 991 698 Italite
1018 645 1188 698 solum
1223 641 1405 698 Siculo
1441 643 1737 705 dirimitur,
1763 644 2063 698 arcebatur.
2101 641 2166 696 In
2190 644 2270 697 his
2296 661 2420 714 ergo
2441 646 2636 714 posito,
2664 663 2782 716 qua:
2801 664 2910 702 esse
2929 649 2998 700 ad
3029 650 3360 703 scribendum
3381 667 3532 703 secu-

272 742 392 794 ritas
420 741 605 808 potuit,
633 748 679 792 et
705 739 968 807 prcccipue
996 737 1066 790 ad
1096 735 1573 803 interpretandum,
1601 735 1690 788 ubi
1725 750 1825 787 non
1855 736 1931 787 ita
1957 737 2195 804 proprios
2228 737 2473 799 expedire
2493 754 2696 798 sensus,
2734 748 2788 792 ut
2817 740 3016 794 alienos
3051 751 3234 808 aptare
3275 743 3526 810 praponi-

273 837 387 890 tur?
416 831 606 886 Tamen
629 833 674 886 si
701 847 819 901 qua:
841 846 946 884 uox
969 829 1172 883 animos
1209 828 1410 880 minore
1437 836 1574 880 metu
1605 827 1812 881 hostilis
1837 829 2099 880 concussit
2128 829 2346 893 excidii,
2371 839 2418 882 et
2441 830 2587 884 breve
2613 829 2797 882 saltem
2821 830 3135 886 lucubransli
3164 835 3330 886 otium
3359 834 3532 899 ded't,
3580 861 3582 863 -

269 927 412 999 quasi
447 925 514 977 ad
542 923 780 978 solamen
813 920 1073 974 malorum
1102 919 1440 987 levandirque
1467 919 1907 988 peregrinationis
1938 921 2136 988 gratia,
2171 937 2492 991 qua’cunque
2531 923 2586 976 in
2613 924 2967 978 Numerorum
2993 926 3149 991 libro,
3175 928 3279 980 sive
3303 927 3527 982 homile-

270 1022 368 1075 tico
399 1015 552 1084 stylo,
584 1014 690 1067 sive
722 1013 879 1065 etiam
916 1026 980 1064 ea:
1018 1009 1097 1063 his
1143 1025 1258 1079 qua:
1310 1008 1575 1076 Excerpta
1602 1009 1958 1078 appellantur,
1987 1014 2186 1076 scripta
2230 1013 2541 1080 reperimus,
2582 1015 2714 1081 huic,
2739 1028 3045 1085 perurgente
3077 1029 3146 1082 te,
3179 1017 3436 1085 Romana,
3469 1030 3522 1074 ut

270 1111 544 1182 potuimus,
580 1123 702 1162 voce
734 1124 798 1162 ex
827 1107 1044 1161 diversis
1086 1107 1140 1158 in
1173 1121 1333 1158 unum
1373 1104 1612 1158 ordinem
1659 1104 1876 1159 collecta
1914 1106 2249 1176 digessimus,
2293 1119 2342 1160 te
2383 1124 2588 1177 quoque
2617 1109 2728 1176 ipso
2773 1111 2824 1163 in
2857 1112 3260 1181 quamplutiutis
3289 1116 3533 1185 juvante,

265 1205 472 1268 Ursaci,
506 1217 742 1260 nostrum
767 1202 1020 1264 laborem,
1057 1202 1180 1263 dum
1210 1201 1364 1254 nimis
1391 1200 1638 1269 cupidus,
1668 1201 1878 1268 pueruli
1908 1203 2102 1256 notarii
2127 1201 2511 1269 tardumputas
2535 1219 2646 1258 esse
2681 1206 3052 1262 ministerium.
3098 1206 3248 1262 Scire
3279 1219 3451 1262 tanien
3480 1221 3529 1263 te

270 1300 398 1362 uolo,
429 1299 616 1367 frater,
657 1296 793 1367 quod
819 1297 931 1348 hcce
958 1295 1113 1347 lectio
1139 1295 1247 1349 rios
1277 1294 1486 1362 quidem
1513 1295 1717 1360 aperiat
1743 1294 2128 1365 intelligentiae,
2155 1311 2258 1348 non
2283 1307 2455 1348 tamen
2486 1296 2796 1366 singillatim
2825 1308 3013 1351 cuncta
3041 1315 3159 1368 qute
3191 1302 3387 1369 scripta
3413 1311 3535 1356 sunt

269 1396 507 1459 disserat,
550 1400 606 1445 ut
647 1392 699 1444 in
738 1390 1145 1455 explicationum
1181 1388 1330 1442 libris
1377 1387 1582 1458 legisti;
1626 1407 1726 1459 quo
1760 1391 1956 1444 scilicet
1995 1391 2153 1444 etiam
2190 1391 2354 1443 lector
2394 1406 2498 1444 non
2533 1391 2786 1446 reddatur
2815 1393 3037 1457 otiosus,
3076 1394 3167 1446 sed
3193 1407 3391 1464 pungat
3449 1415 3540 1450 cor

271 1507 436 1552 suum,
481 1489 612 1541 sicut
647 1488 900 1553 scriptum
931 1496 1031 1548 est,
1064 1497 1110 1539 et
1155 1485 1410 1554 producat
1444 1503 1679 1555 sensum,
1709 1498 1756 1541 et
1787 1489 1974 1542 audito
1999 1489 2148 1543 verba
2186 1489 2342 1554 bono,
2381 1498 2435 1541 ut
2479 1491 2688 1560 sapiens
2728 1491 2949 1550 adiiciat
2983 1493 3052 1543 ad
3093 1492 3244 1547 illud.
3277 1493 3451 1565 Igitur
3482 1505 3537 1547 ut

268 1597 469 1647 possum
506 1596 623 1649 qua:
649 1579 930 1648 injunxisti
953 1578 1215 1644 explicare
1240 1578 1520 1632 contendo.
1547 1577 1673 1631 Jam
1709 1578 1847 1632 enim
1879 1593 1943 1630 ea:
1969 1578 2207 1630 omnibus
2236 1595 2351 1649 qua:
2379 1581 2432 1632 in
2463 1580 2573 1648 lege
2599 1581 2796 1647 scripta
2824 1583 3014 1649 reperi,
3052 1584 3202 1648 solre,
3226 1596 3279 1637 ut
3298 1599 3447 1654 puto,
3483 1588 3537 1640 in

268 1674 725 1728 Deuteronomium
767 1673 952 1724 desunt
996 1669 1366 1730 oratiunculae,
1410 1685 1566 1739 quas,
1607 1670 1652 1722 si
1684 1668 1939 1722 Dominus
1973 1669 2173 1736 juverit
2202 1677 2251 1721 et
2289 1672 2571 1723 sanitatem
2604 1670 2803 1722 dederit
2841 1673 3030 1730 oculis.
3072 1675 3308 1741 cupimus
3338 1676 3537 1747 reliqua

267 1765 466 1831 corpori
497 1765 697 1817 sociare
732 1777 750 1814 :
785 1761 1018 1830 quamvis
1057 1762 1454 1815 amantissimus
1483 1761 1628 1827 ﬁlius
1659 1771 1836 1814 noster
1880 1759 2156 1824 Pinianus,
2208 1762 2360 1830 cujus
2390 1764 2692 1829 re'igiosunt
2721 1775 2906 1818 coetum
2933 1783 3028 1834 pro
3055 1784 3232 1822 amore
3265 1771 3535 1838 pudicitiae

263 1857 541 1926 profugum
565 1857 900 1917 comitamur,
923 1854 1165 1923 injungat
1191 1863 1241 1906 et
1268 1853 1397 1910 alia.
1428 1853 1530 1908 Sed
1561 1862 1709 1907 orate
1738 1852 2101 1915 communiter,
2129 1864 2184 1905 ut
2214 1854 2351 1906 adsit
2379 1853 2654 1920 Dominus,
2680 1865 2725 1908 et
2753 1858 3071 1922 temporibus
3096 1875 3275 1928 pacem
3299 1862 3526 1931 tribuat,

265 1957 486 2026 gratiam
514 1951 875 2007 laborantibus
903 1950 1080 2013 donet,
1102 1959 1149 2003 et
1178 1948 1411 2017 fructum
1448 1948 1619 2017 operis
1655 1947 1820 2002 nostri
1838 1947 1889 2000 in
1920 1946 2210 2016 profectum
2241 1946 2527 2016 legentium
2555 1960 2762 2016 premat
2794 1947 2932 2019 (49).

775 2238 1050 2296 llOillLlA
1079 2237 1314 2294 PRIMA.
1865 2249 1913 2306 Α
1945 2243 2057 2297 eris
2089 2242 2456 2296 voluminibus
2485 2241 2726 2311 gestiunt
2759 2241 3002 2296 erudiri?
3046 2242 3185 2308 Quid
3219 2246 3366 2300 enim
3404 2263 3534 2316 pro-

335 2340 384 2394 Ι.
416 2335 628 2391 Divinis
662 2334 902 2388 numeris
954 2347 1060 2386 non
1101 2346 1291 2386 omnes
1349 2330 1498 2402 digni
1542 2340 1688 2398 sunt,
1745 2333 1841 2388 sed

262 2430 422 2485 certis
465 2428 765 2496 quibusque
818 2423 1193 2493 prterugativis
1233 2423 1589 2492 designantur
1633 2424 1687 2479 hi
1745 2425 1838 2493 qui

263 2524 397 2577 intra
424 2533 710 2574 numerum
738 2516 830 2571 Dei
863 2516 1089 2571 debeant
1118 2516 1524 2585 comprehendi.
1551 2515 1722 2584 Hujus
1745 2534 1842 2571 au-

264 2623 362 2667 tem
388 2612 472 2666 rei
507 2609 724 2664 evidens
747 2608 1000 2662 indicium
1024 2607 1267 2663 continet
1294 2607 1560 2675 liberhic,
1584 2610 1674 2678 qui
1705 2610 1841 2663 seri-

262 2705 398 2758 bitur
457 2700 572 2772 (50)
615 2698 993 2752 Numerorum.
1046 2694 1100 2748 In
1134 2709 1246 2764 quo
1298 2694 1535 2749 refertur
1584 2696 1725 2764 quod
1771 2710 1836 2750 ex

259 2805 530 2867 praecepto
563 2791 654 2846 Dei
681 2802 858 2858 neque
888 2785 1140 2840 mulieres
1178 2785 1518 2840 deducantur
1544 2786 1610 2840 ad
1652 2803 1840 2842 nume-

262 2907 394 2955 rum,
422 2889 671 2943 feminea.-
694 2886 811 2940 sine
849 2882 1014 2938 dubio
1043 2879 1378 2935 inﬁrmitatis
1411 2879 1713 2946 obstaculo,
1745 2895 1838 2934 ne-

260 2998 360 3051 que
409 2995 695 3036 servorum
735 2978 1040 3047 quisquam,
1089 2981 1276 3044 utpote
1323 2972 1428 3027 vita
1490 2973 1838 3042 moribusque

261 3062 576 3147 degeneres.
601 3071 705 3128 Sed
731 3088 796 3125 ue
822 3067 1202 3138 Egyptinrum
1236 3067 1452 3136 quidem
1492 3067 1634 3122 ullus
1663 3083 1728 3121 ex
1772 3067 1837 3122 iis

258 3168 344 3238 qui
371 3163 770 3222 erant'admisli
795 3168 1130 3223 numeratur,
1155 3159 1394 3226 profecto
1412 3167 1468 3213 ut
1492 3158 1833 3230 alienigenae,

256 3268 310 3313 et
336 3258 594 3322 barbari;
639 3255 736 3310 sed
777 3254 878 3308 soli
915 3260 1275 3306 numerantur
1320 3250 1595 3314 Israelita),
1646 3259 1701 3305 et
1745 3251 1833 3305 isti

259 3366 360 3407 neu
382 3364 600 3412 omnes,
631 3348 724 3402 sed
756 3362 785 3400 a
821 3344 1008 3413 viginti
1040 3344 1220 3406 annis,
1261 3352 1314 3397 et
1358 3358 1541 3411 supra.
1571 3343 1683 3400 Nec
1721 3347 1833 3401 sola

257 3443 424 3497 :etatis
451 3441 691 3496 habetur
720 3437 1051 3499 observatio,
1078 3435 1172 3488 sed
1205 3435 1470 3502 quieritur
1495 3435 1538 3489 si
1568 3445 1625 3489 et
1647 3446 1832 3506 aptum

254 3536 406 3590 bellis
435 3535 608 3589 robur
643 3531 930 3585 ostendat:
961 3529 1274 3598 designatur
1307 3526 1450 3579 enim
1478 3542 1574 3594 per
1609 3529 1832 3584 verbum

259 3628 366 3692 Dei,
415 3634 476 3679 ut
528 3632 850 3678 numeretur
895 3620 1070 3674 omnis
1123 3618 1214 3689 qui
1247 3617 1489 3686 procedit
1533 3617 1588 3671 in
1633 3619 1831 3674 virtute

254 3717 409 3772 Israel
463 3715 604 3785 (5|).
665 3713 778 3767 Non
825 3726 954 3777 ergo
1000 3710 1113 3765 sola
1153 3717 1305 3773 tetas,
1343 3709 1436 3763 scd
1481 3717 1537 3764 et
1576 3709 1750 3763 virtus
1780 3712 1830 3763 in

254 3806 490 3862 Israelita
521 3804 836 3874 requiritur.
877 3800 1042 3870 276
1065 3799 1291 3853 Puerilis
1329 3809 1462 3853 tetas
1492 3815 1596 3854 non
1642 3815 1833 3855 nume-

255 3909 421 3960 ratur,
479 3911 587 3952 nec
618 3906 742 3966 apta
778 3893 974 3948 divinis
999 3891 1220 3946 calculis
1250 3890 1488 3954 ducitur,
1538 3892 1643 3947 nisi
1690 3893 1829 3948 forte

252 3988 592 4060 primogeniti
626 3989 756 4049 sint,
791 3991 883 4037 aut
915 3981 1240 4038 sacerdotali
1274 3980 1354 4034 vel
1391 3979 1627 4036 Levitica
1659 3984 1830 4053 stirpe

248 4082 601 4137 descendant.
642 4077 732 4134 lsti
769 4076 870 4133 soli
912 4077 962 4130 in
1005 4075 1190 4145 pueris
1235 4076 1582 4129 adducuntur
1615 4073 1681 4127 ad
1729 4091 1832 4128 ηιμ

251 4189 478 4228 merum.
528 4170 876 4227 Feminarum
916 4183 1046 4224 vero
1085 4169 1227 4223 nulla
1262 4182 1485 4237 prorsus
1513 4167 1822 4221 adducitur.

251 4265 312 4319 Et
334 4264 462 4334 quid
493 4261 748 4317 videtur?
775 4261 1010 4316 Possunt
1039 4263 1152 4315 haec
1180 4273 1351 4313 vacua
1369 4271 1490 4313 esse
1521 4256 1828 4327 mysteriis?

249 4350 350 4407 Sed
381 4353 485 4408 hoc
511 4352 688 4407 solum
714 4367 1035 4421 procurasse
1063 4351 1301 4406 creditur
1328 4346 1568 4416 Spiritus
1585 4357 1826 4411 sanctus,

248 4448 334 4515 qui
366 4447 484 4502 btec
505 4446 800 4503 scribenda
833 4444 1082 4510 dictavit,
1116 4451 1175 4496 ut
1197 4442 1463 4498 sciremus
1490 4439 1582 4511 qui
1613 4450 1737 4494 tunc
1773 4440 1824 4494 in

247 4537 334 4592 illo
365 4536 569 4608 pupulo
598 4535 864 4592 numerati
885 4534 1015 4596 sint,
1049 4543 1102 4587 et
1131 4532 1220 4602 qui
1264 4531 1381 4585 sine
1414 4542 1643 4583 numero
1675 4543 1826 4582 man-

243 4629 450 4684 serint?
480 4629 552 4684 Et
577 4628 702 4698 quis
739 4627 956 4682 dabitur
991 4639 1057 4678 ex
1088 4625 1192 4680 hoc
1219 4621 1496 4692 profectus
1530 4619 1596 4674 iis
1620 4619 1711 4690 qui
1739 4635 1826 4674 sa-

311 4769 552 4825 “Num.
598 4785 641 4836 t,
688 4769 743 4823 5.
818 4770 863 4801 ⁸⁹
898 4768 1041 4823 Psal.
1089 4782 1298 4833 cuvn,
1338 4767 1394 4821 4.

1947 2336 2069 2392 dest
2113 2337 2218 2390 ista
2263 2334 2556 2390 didicisse?
2591 2335 2699 2388 Atil
2736 2334 2863 2404 quid
2904 2334 3098 2390 animae
3125 2335 3410 2393 confertur
3463 2341 3533 2394 ad

1947 2421 2209 2490 salutem,
2229 2427 2271 2480 si
2303 2427 2439 2482 sciat
2466 2427 2608 2495 quod
2651 2441 2778 2494 pars
2817 2425 2996 2496 aliqua
3033 2429 3214 2498 pupuli
3249 2442 3530 2486 numerata

1943 2525 2027 2571 est
2049 2517 2100 2571 in
2139 2517 2376 2579 deserto,
2415 2531 2541 2584 pars
2568 2531 2699 2571 vero
2736 2515 3078 2571 innumeram
3113 2519 3374 2574 derelicta
3405 2522 3532 2576 est?

1943 2607 1998 2662 Si
2035 2621 2164 2661 vero
2202 2614 2488 2675 sequentes
2528 2605 2678 2660 Pauli
2726 2607 3051 2660 sententiain
3096 2608 3272 2676 legem
3308 2612 3533 2680 spirita-

1939 2699 2046 2755 lem
2073 2715 2193 2755 esse
2228 2702 2535 2763 credamus,
2560 2707 2612 2754 et
2642 2698 2958 2769 spiritaliter
2999 2716 3118 2770 qua:
3154 2703 3406 2759 continet
3434 2721 3531 2760 au-

1942 2793 2172 2858 diamus,
2210 2794 2400 2862 ingens
2439 2793 2713 2862 profectus
2741 2792 2937 2846 anima:
2976 2793 3028 2846 in
3060 2794 3130 2849 iis
3165 2810 3287 2865 quae
3317 2800 3526 2868 scripta

1940 2894 2070 2940 sunt
2101 2885 2402 2955 apparebit.
2433 2883 2596 2939 Docet
2626 2883 2770 2938 enim
2799 2898 2883 2938 me
2907 2900 3146 2954 praesens
3173 2887 3351 2955 lectio,
3387 2899 3528 2959 quod

1941 2975 1986 3029 si
2027 2977 2422 3031 transcendere
2452 2975 2677 3042 puerilis
2699 2974 2878 3029 astatis
2909 2975 3304 3047 insipientiam,
3341 2983 3385 3036 si
3430 2985 3526 3039 de-

1940 3069 2085 3124 siero
2130 3069 2387 3139 parvulus
2421 3083 2542 3124 esse
2577 3069 2849 3134 sensibus,
2879 3077 2930 3124 et
2963 3070 3048 3122 vir
3082 3069 3310 3129 ell‘ectus
3356 3079 3529 3147 depo-

1941 3175 2104 3216 suero
2137 3176 2256 3230 ane
2290 3170 2414 3216 sunt
2446 3160 2683 3230 parvuli,
2715 3160 2784 3224 si,
2831 3159 3076 3228 inquam,
3117 3161 3344 3220 eti‘ectus
3373 3166 3531 3224 fuero

1932 3255 2172 3324 juvenis,
2239 3261 2296 3308 et
2351 3251 2472 3307 talis
2515 3252 2756 3322 juvenis.
2800 3254 2893 3322 qui
2934 3255 3144 3308 vincam
3206 3256 3523 3328 malignum,

1940 3352 2096 3415 aptus
2120 3342 2346 3399 videbor
2394 3342 2482 3407 iis,
2527 3343 2593 3396 de
2623 3343 2820 3410 quibus
2843 3345 3105 3413 scriptum
3137 3354 3220 3402 est
3253 3347 3318 3412 ⁸⁸,
3355 3367 3373 3400 ι
3407 3363 3526 3404 out-

1940 3449 2036 3491 nes
2063 3435 2155 3504 qui
2190 3435 2491 3503 procedunt
2516 3434 2568 3488 in
2599 3434 2803 3488 virtute
2832 3433 3018 3502 Israel,
3051 3455 3070 3489 ι
3125 3446 3180 3492 et
3211 3440 3408 3509 dignus
3442 3443 3524 3496 di-

1937 3525 2079 3580 vinis
2116 3524 2360 3579 numeris
2387 3525 2766 3593 computabor.
2806 3523 2988 3580 Donec
3027 3536 3211 3582 autem
3252 3529 3393 3586 inest
3423 3532 3524 3588 ali-

1865 3605 1906 3660 Β
1935 3617 2022 3670 cui
2049 3627 2314 3681 nostrum,
2347 3615 2432 3670 vel
2464 3614 2684 3684 puerilis
2711 3624 2764 3670 et
2790 3614 3029 3673 lubricus
3069 3633 3288 3687 sensus,
3330 3624 3414 3678 vel
3442 3625 3510 3680 fe-

1938 3709 2114 3764 minea
2143 3709 2391 3764 etsoluta
2425 3707 2539 3779 (52)
2564 3707 2846 3776 segnities,
2871 3709 2954 3763 vel
2972 3709 3256 3781 Egyptios
3278 3715 3522 3784 gerimus

1935 3811 1991 3855 et
2019 3801 2283 3856 barbaros
2312 3814 2512 3864 mores,
2543 3799 2727 3854 haberi
2757 3801 2898 3868 apud
2940 3800 3107 3855 Deum
3149 3802 3202 3856 in
3243 3814 3434 3861 sancto
3467 3816 3522 3862 et

1935 3902 2258 3948 consecrato
2293 3906 2519 3946 numero
2555 3905 2660 3946 non
2713 3907 3006 3947 meremur.
3049 3892 3321 3949 Innumeri
3374 3898 3519 3951 enim

1934 3984 2074 4052 apud
2115 3983 2459 4039 Salomoneni
2483 3985 2736 4038 dicuntur
2763 3999 2885 4039 esse
2908 3983 2997 4052 qui
3039 3995 3296 4054 pereunt;
3333 4003 3520 4042 nume-

1937 4074 2038 4128 rati
2099 4084 2279 4128 autem
2329 4089 2523 4129 omnes
2563 4075 2639 4129 illi
2693 4075 2785 4144 qui
2835 4074 3137 4129 salvantur.
3200 4075 3263 4130 Et
3315 4078 3394 4132 vis
3424 4079 3517 4133 tibi

1933 4165 2218 4220 ostendam
2254 4166 2383 4234 quia
2436 4175 2750 4220 sanctorum
2797 4182 3058 4221 numerus
3102 4153 3335 4223 habetur
3377 4173 3518 4238 apud

1937 4256 2144 4311 Deum?
2181 4257 2322 4310 Audi
2363 4259 2638 4326 quomodo
2668 4258 2734 4312 de
2763 4257 2928 4313 astris
2955 4259 3173 4328 quidem
3207 4261 3520 4316 cinlestibus

1935 4349 2064 4403 dicit
2102 4349 2266 4404 David
2291 4350 2335 4380 ⁶⁹
2367 4366 2382 4403 :
2418 4369 2437 4400 ι
2470 4349 2569 4417 Qui
2612 4361 2860 4404 numerat
2900 4352 3302 4408 multitudinem
3333 4355 3519 4409 stella-

1937 4457 2077 4508 rum,
2109 4452 2163 4496 et
2204 4444 2455 4497 omnibus
2479 4443 2560 4498 eis
2587 4443 2802 4497 nomina
2835 4451 3008 4496 vocat.
3051 4462 3069 4494 ι
3107 4443 3363 4501 Salvator
3391 4462 3519 4502 vero

1935 4548 2042 4586 non
2086 4533 2257 4589 solum
2288 4535 2582 4604 discipulos
2606 4549 2734 4590 suos
2778 4536 2981 4590 electos
3006 4537 3108 4591 sub
3144 4552 3371 4592 numero
3406 4547 3517 4594 sta-

1937 4625 2062 4688 tuit,
2095 4639 2284 4679 verum
2312 4635 2367 4681 et
2392 4625 2616 4696 capillos
2653 4625 2849 4695 capitis
2879 4640 3065 4680 eorum
3105 4627 3236 4683 dicit
3273 4644 3393 4684 esse
3417 4645 3513 4683 nu-

241 4911 346 4975 sis;
372 4911 428 4972 2,
463 4911 712 4965 ecclesiae
757 4909 1086 4965 cathedralis
1129 4907 1512 4972 Ebroicensis;
1541 4907 1596 4970 5,
1621 4921 1811 4960 manu-
1841 4913 1884 4969 ε
1917 4905 2102 4958 Sancti
2147 4889 2465 4975 Theoderici
2501 4900 2718 4975 legitur,
2754 4920 2773 4952 ι
2810 4903 3144 4975 arctabatur.
3179 4922 3204 4975 ε

241 4982 390 5036 sterii
417 4981 602 5035 Sancti
637 4981 960 5035 Theudorici
989 4985 1166 5050 'prOpe
1203 4979 1560 5050 Rliemos._—
1585 4977 1810 5050 Collatia

242 5061 363 5104 sunt
392 5051 628 5104 humilia:
651 5066 770 5105 cum
802 5065 897 5104 sex
926 5047 1058 5104 mss.
1087 5047 1182 5102 {1°
1207 5047 1538 5102 cathedralis
1567 5047 1813 5102 ecclesiae

244 5121 590 5175 Ebroicensis
621 5119 712 5189 qui
745 5120 957 5175 decimo
988 5119 1185 5174 saeculo
1202 5127 1460 5189 exaratos
1497 5117 1810 5189 videtur.|n

239 5207 304 5245 eo
327 5187 672 5245 desideratur
695 5189 910 5243 humilia
944 5195 1137 5258 prima.
1161 5190 1220 5243 2°
1250 5188 1482 5242 abbatLe
1509 5188 1693 5243 Sancti
1713 5187 1814 5242 Pe-

244 5263 306 5314 tri
332 5261 712 5322 Carnotensis,
742 5263 868 5314 dato
894 5261 1018 5312 huic
1049 5259 1382 5313 monasterio
1413 5259 1482 5311 ab
1527 5259 1698 5312 Alveo
1720 5260 1814 5310 ab-

243 5332 362 5384 bate
384 5335 476 5398 qui
506 5331 638 5383 obiit
664 5346 788 5382 anu.
819 5329 944 5384 955.
976 5330 1032 5382 5°
1052 5329 1270 5396 Majoris
1294 5329 1611 5384 munasterii
1639 5328 1813 5380 Turo-

243 5402 444 5453 "ensis.
507 5399 568 5452 4°
611 5399 864 5454 Ecclesia:
911 5401 1241 5453 cathedrulis
1288 5399 1712 5453 Bellovncensis.
1751 5398 1809 5450 5°

242 5470 494 5524 Ecclesiae
523 5469 848 5538 calhedralis
882 5468 1274 5524 Laudunensis.
1303 5473 1357 5523 ὅτ
1387 5469 1626 5538 Denique
1643 5469 1810 5522 abba-

241 5541 326 5592 tite
349 5541 536 5593 Sancti
563 5540 770 5592 Martini
804 5537 1102 5608 Sagiensis.
1538 5537 1553 5538 ί
1732 5573 1739 5580 ·

306 5610 422 5678 (48)
458 5610 629 5664 Codd.
676 5607 1089 5671 Bellovacensis.
1139 5618 1194 5663 et
1232 5610 1600 5670 Ebruicensis.
1638 5631 1664 5656 ε
1717 5607 1808 5676 qui

243 5681 351 5744 regi
397 5681 450 5732 iu
502 5681 715 5746 oppido.
758 5699 776 5730 ι
827 5680 1006 5733 Codex
1057 5681 1240 5734 Sancti
1275 5680 1619 5744 Theudorici,
1661 5698 1680 5730 ‹
1718 5679 1810 5746 (illi

243 5752 410 5819 regini
462 5751 666 5817 oppidi.
703 5768 721 5800 ι
760 5749 879 5804 Mox
921 5766 1018 5818 pro
1049 5769 1067 5801 t
1115 5751 1425 5816 arcebatur,
1467 5769 1485 5802 ι
1535 5752 1588 5803 in
1623 5751 1810 5804 codice

563 5845 833 5903 PATROL.
866 5844 910 5902 (ἶ
925 5863 982 5903 u.
1013 5844 1094 5904 XI
1111 5846 1153 5904 1.

1993 4975 2106 5044 (49)
2137 4975 2319 5029 Codex
2348 4972 2693 5027 Belvacensis
2720 4981 2774 5027 et
2794 4977 2932 5026 alter
2961 4974 3147 5028 Sancti
3178 4972 3507 5031 Theudorici

1925 5064 1944 5096 ί
1983 5055 2165 5114 ponat.
2206 5064 2223 5094 ι

1991 5116 2106 5186 (50)
2135 5115 2314 5168 Codex
2364 5113 2764 5186 Laudunensls,
2800 5131 2819 5165 ι
2862 5113 3198 5169 inscribitur.
3239 5133 3260 5168 ι
3311 5115 3507 5170 Ebroi-

1925 5184 2125 5247 censis,
2162 5203 2180 5234 ‹
2217 5184 2571 5238 describitur.
2605 5202 2623 5234 ι

1993 5256 2107 5324 (51)
2141 5253 2346 5307 Nomen
2379 5273 2396 5304 ι
2447 5253 2608 5309 Israel
2635 5271 2655 5304 ι
2695 5253 2850 5324 deest
2881 5254 2932 5307 in
2969 5253 3202 5320 vulgatis
3241 5256 3502 5310 editioni-

1921 5328 2040 5390 bus,
2083 5323 2175 5380 Sed
2216 5324 2504 5392 suppletur
2539 5340 2570 5377 e
2604 5341 2732 5378 mss.
2772 5323 3088 5378 Ebroicensi
3133 5335 3187 5378 et
3222 5324 3496 5393 Sagiensi.

1919 5397 2087 5450 Paulo
2117 5405 2236 5464 pust
2276 5395 2405 5448 libb.
2439 5393 2594 5455 editi,
2625 5412 2644 5445 ι
2677 5397 2846 5448 virtus
2891 5395 2941 5446 in
2975 5395 3271 5448 Israelitica
3324 5396 3497 5464 plebe

1918 5463 2234 5534 requiritur.
2284 5484 2302 5517 ο
2350 5464 2456 5518 Sed
2479 5473 2710 5533 quatuor
2749 5480 2877 5518 mss.
2922 5465 3291 5527 Ebroiceusis,
3321 5463 3498 5516 Bello-

1919 5537 2180 5595 vacensis,
2200 5535 2534 5589 Turonensis
2561 5545 2616 5588 et
2637 5535 2934 5604 Sagiensis,
2967 5543 3024 5586 ut
3043 5535 3094 5586 in
3118 5542 3298 5586 nostra
3323 5545 3495 5604 teratu.

1987 5605 2100 5678 (52)
2126 5605 2476 5678 ,LibbLediti,
2518 5623 2537 5655 ε
2578 5609 2840 5678 resoluta.
2877 5624 2896 5656 ι
2937 5605 3044 5658 Sed
3077 5605 3182 5658 duo
3214 5618 3347 5660 mss.
3382 5603 3503 5661 Bet-

1920 5675 2166 5732 vabensis
2197 5687 2250 5731 et
2287 5676 2660 5742 Ebruiceusis,
2693 5695 2711 5728 ι
2744 5675 2940 5730 soluta.
2978 5691 2998 5725 υ

3113 5839 3182 5897 19
