3914 6530
347 264 447 320 581

1831 258 2161 318 ORIGENIS

3509 272 3612 330 538

345 389 607 446 meratos,
654 380 729 435 ait
754 379 897 434 enim
926 378 971 409 το
1008 392 1022 430 :
1058 394 1075 428 ι
1105 378 1287 434 Vestri
1330 390 1511 460 autem
1545 380 1712 436 etiam
1747 382 1928 453 capilli
1958 385 2005 443 Α
2036 390 2088 435 ta
2126 382 2426 446 toleranda,
2452 392 2587 453 quot
2634 383 2987 454 profectibus,
3027 396 3159 459 quot
3198 390 3613 455 tcntationibus,

341 475 539 545 Capitis
573 472 842 528 numerati
872 482 1017 528 sunt.
1057 490 1074 523 ι
1105 471 1157 525 1η
1190 488 1296 542 quo
1327 473 1514 544 utique
1540 490 1645 528 non
1674 472 1791 529 illos
1845 475 1930 528 di-

343 568 502 623 vehat
540 565 763 635 capillos
803 579 922 619 esse
957 575 1294 629 numeratos,
1328 566 1418 634 qui
1451 567 1533 621 vel
1572 566 1718 622 ferro
1749 576 1930 621 atton-

342 660 460 715 deri
485 667 536 714 et
562 657 750 728 projici
784 656 983 719 solent,
1015 655 1097 710 vel
1137 656 1396 725 temporis
1431 665 1592 712 aetate
1613 656 1847 712 deﬂuere
1867 672 1931 711 ac

347 748 560 815 perire;
592 747 687 801 sed
718 747 793 801 illi
833 748 1027 817 capitis
1066 747 1244 815 capilli
1272 748 1412 817 apud
1448 748 1614 803 Deum
1660 748 1927 803 numerati

342 852 489 906 sum,
534 840 626 909 qui
667 839 718 893 in
769 837 1041 893 Nazarmis
1077 848 1255 904 erant,
1304 838 1500 908 quibus
1540 840 1713 893 inerat
1755 840 1928 894 virtus

343 934 580 1006 Spiritus
621 932 793 987 sancti
829 929 896 986 ad
935 932 1356 1000 prosternendos
1402 930 1757 1002 alienigenas.
1807 933 1929 987 Vir-

343 1040 488 1084 tutes
518 1042 647 1096 ergo
679 1024 845 1080 animi
880 1035 933 1077 et
968 1022 1366 1077 multitudinem
1400 1039 1682 1089 sensuum,
1722 1026 1811 1094 qui
1858 1026 1926 1081 de

342 1121 631 1194 principali
686 1118 885 1174 mentis
941 1126 1196 1182 tanquam
1242 1115 1310 1171 de
1343 1118 1522 1186 capite
1558 1120 1923 1187 apostolorum

344 1214 812 1285 producebantur,
857 1208 1083 1279 capillos
1120 1210 1316 1278 capitis
1357 1210 1664 1279 appellavit.
1702 1210 1807 1267 Sed
1870 1213 1922 1266 in

339 1310 458 1365 lucc
497 1324 595 1379 per
628 1323 911 1363 excessum
961 1308 1247 1377 quemdam
1284 1305 1623 1369 devenimus,
1674 1320 1817 1359 nunc
1856 1306 1923 1359 ad

340 1402 676 1473 propositmn
704 1410 1065 1454 revertamur.

406 1496 463 1550 2.
500 1513 519 1547 ι
551 1495 615 1549 Ει
640 1495 850 1550 loeutus
877 1503 980 1557 est,
1010 1493 1184 1563 inquit
1210 1492 1279 1557 τί,
1313 1492 1573 1548 Dominus
1599 1491 1665 1545 ad
1702 1490 1920 1562 Moysen

342 1590 395 1643 in
428 1589 642 1645 deserto
682 1588 845 1642 Sina:
879 1606 896 1637 ι
931 1585 1018 1639 illa
1056 1584 1263 1640 scilicet
1296 1585 1477 1639 omnia
1510 1599 1630 1654 qua:
1670 1584 1922 1652 superius

337 1683 721 1752 compendiosa
756 1682 1067 1737 narratione
1095 1678 1629 1747 comprehendimus,
1664 1677 1753 1730 ubi
1784 1691 1921 1745 pra:-

337 1775 537 1845 cipitur
568 1773 843 1828 numerari
872 1789 899 1827 a
932 1774 1115 1844 viginti
1154 1771 1310 1825 annis
1337 1778 1392 1825 et
1428 1785 1588 1839 supra
1626 1769 1802 1825 omnis
1829 1771 1918 1838 qui

337 1868 584 1938 procedit
614 1867 665 1921 in
700 1866 899 1921 virtute
928 1865 1112 1921 Israel.
1148 1864 1205 1919 Si
1233 1866 1356 1935 quis
1406 1879 1536 1934 ergo
1566 1864 1812 1932 procedit
1866 1864 1917 1917 in

337 1963 556 2027 virtute,
589 1962 702 2030 ipse
734 1968 1074 2022 numeratur,
1105 1967 1161 2013 et
1188 1974 1292 2013 non
1326 1957 1378 2011 in
1409 1956 1778 2027 qualicunque
1810 1957 1919 2009 vir-

336 2062 471 2117 tute,
515 2053 566 2107 id
605 2060 710 2119 est,
740 2067 845 2107 non
878 2050 930 2104 in
966 2050 1347 2121 Egyptiorum
1374 2049 1604 2113 virtute,
1639 2062 1813 2117 neque
1862 2048 1916 2103 in

334 2143 703 2214 Assyriorum,
730 2156 903 2209 neque
962 2140 1016 2194 in
1072 2140 1410 2203 Graecorum,
1465 2139 1558 2192 sed
1605 2137 1658 2191 in
1713 2137 1919 2193 virtute

332 2234 517 2300 Israel,
547 2236 659 2304 ipse
688 2244 1007 2288 numeratur
1032 2232 1174 2303 apud
1210 2231 1401 2286 Deum.
1436 2230 1532 2284 Est
1562 2230 1708 2284 enim
1745 2231 1918 2285 virtus

332 2331 523 2394 animi,
549 2344 711 2399 quam
736 2328 1053 2383 Gra'corum
1081 2324 1388 2397 philosophi
1421 2327 1638 2380 docent.
1672 2324 1777 2380 Sed
1804 2327 1918 2380 ιιωο

334 2439 442 2478 non
475 2421 711 2493 pertinet
744 2420 811 2475 ad
843 2434 1130 2474 numerum
1163 2418 1281 2472 Dei.
1324 2416 1441 2470 Non
1469 2418 1613 2471 enim
1654 2432 1753 2485 pro
1783 2416 1912 2479 Deo,

332 2516 425 2570 sed
451 2529 548 2585 pro
571 2512 743 2583 gloria
761 2522 1052 2568 exercetur
1082 2511 1339 2565 humana.
1368 2508 1459 2564 Est
1491 2518 1544 2563 et
1567 2508 1915 2579 Assyriorum

335 2608 532 2668 virtus,
564 2614 651 2659 est
692 2604 1095 2668 Chaldmorum,
1123 2618 1243 2672 qua:
1280 2602 1331 2656 in
1375 2600 1681 2672 astrologiae
1723 2602 1917 2657 studiis

334 2698 684 2769 praedicatur.
728 2694 835 2752 Sed
872 2711 977 2750 non
1023 2704 1107 2750 est
1138 2695 1239 2749 ista
1272 2694 1445 2747 virtus
1489 2692 1808 2757 Israelitica,
1863 2702 1917 2748 et

336 2791 460 2846 ideo
492 2804 595 2844 non
621 2789 854 2858 pertinet
883 2788 950 2841 ad
974 2787 1161 2843 Deum.
1193 2786 1289 2841 Est
1318 2796 1371 2841 et
1393 2784 1776 2858 {Egyptiorum
1810 2786 1916 2839 vir—

337 2891 426 2937 tus
459 2882 513 2935 in
542 2896 605 2936 ea
656 2894 817 2949 quam
846 2880 1033 2933 dicunt
1083 2886 1294 2933 secreta
1334 2877 1624 2945 sapientia,
1659 2878 1755 2931 sed
1800 2877 1915 2930 haec

336 2989 442 3030 non
473 2972 783 3042 adjungitur
825 2971 891 3025 ad
915 2970 1183 3025 calculum
1228 2969 1345 3024 Dei.
1390 2968 1519 3023 Sola
1574 2970 1715 3037 apud
1748 2968 1915 3022 Demn

2035 485 2166 543 quot
2201 474 2405 544 prmliis
2442 478 2786 547 pugnandum
2820 477 2915 531 tibi
2963 489 3047 532 est
3082 494 3135 535 et
3166 484 3513 549 vincendum,
3554 496 3613 539 ut

2035 568 2209 638 possis
2248 569 2313 622 ad
2344 570 2589 624 divinum
2638 584 2923 626 numerum
2970 575 3244 642 pertinere
3278 576 3415 646 (53),
3464 587 3521 631 ut
3559 578 3613 630 in

2033 669 2287 729 computo
2308 660 2491 731 aliquo
2528 664 2782 719 habearis
2804 668 2945 736 apud
2985 666 3177 731 Deum,
3219 679 3277 723 ut
3318 670 3463 724 inter
3482 684 3612 724 san-

2033 762 2149 808 ctas
2186 754 2358 809 tribus
2394 756 2739 811 adnumerari
2778 758 2971 827 dignus
3006 760 3281 827 Itabcaris,
3314 772 3375 816 ut
3401 762 3613 817 visitari

2032 846 2233 912 possis,
2263 855 2325 900 et‘
2358 860 2453 914 per
2485 846 2575 901 Dei
2600 846 2922 915 sacerdotes
2950 848 3129 903 Aaron
3169 860 3224 905 et
3254 850 3472 921 Moysen
3508 869 3613 906 nu-

2033 950 2305 990 merorum
2330 939 2587 991 censibus
2613 935 2831 991 ascribi.
2868 936 3226 1009 Suscipienda
3265 941 3361 995 tibi
3387 952 3471 995 est
3500 943 3617 1011 pri-

2034 1044 2120 1081 tuo
2158 1027 2241 1083 lex
2264 1027 2382 1095 Dei,
2414 1030 2498 1084 lex
2527 1030 2764 1099 Spiritus
2781 1033 2982 1095 sancti,
3009 1032 3288 1089 offerenda
3315 1036 3614 1101 sacriﬁcia,

2030 1121 2307 1190 explenda:
2338 1122 2769 1191 purilicationes,
2811 1130 3116 1199 peragenda
3152 1135 3345 1181 cuncta
3374 1141 3495 1196 qua:
3522 1127 3613 1180 lex

2029 1212 2255 1282 spiritus
2285 1213 2461 1278 docet,
2504 1224 2555 1267 ut
2588 1217 2762 1284 possis
2793 1219 3086 1289 aliquando
3134 1219 3201 1273 ad
3250 1217 3612 1273 lsraeliticum

2029 1320 2316 1360 numerum
2350 1310 2624 1376 pertinere
2657 1310 2794 1379 (54).

2097 1398 2151 1452 3.
2203 1398 2315 1467 Ego
2368 1402 2545 1457 adhuc
2594 1403 2826 1473 amplius
2881 1401 3082 1473 aliquid
3132 1403 3346 1459 intueor
3390 1402 3447 1457 in
3504 1402 3615 1456 hoc

2024 1490 2389 1549 Numerorum
2473 1496 2612 1552 libro
2692 1497 2965 1568 mysterii.
3042 1495 3203 1551 Ratio
3287 1496 3435 1550 enim
3514 1497 3616 1549 tri-

2025 1585 2234 1653 buum,
2296 1597 2350 1642 et
2390 1588 2665 1645 distinctio
2706 1591 2999 1653 ordinum,
3070 1590 3303 1645 societas
3364 1587 3613 1643 familia-

2028 1694 2145 1732 rum
2172 1718 2187 1743 ,
2247 1690 2409 1748 atque
2462 1683 2737 1737 ordinatio
2777 1690 2973 1737 cuncta
3043 1689 3347 1735 castrorum
3381 1724 3397 1747 ,
3440 1680 3609 1750 277

2027 1771 2325 1842 ingentium
2394 1775 2521 1828 mihi
2592 1786 3058 1831 sacramentorum
3127 1774 3308 1844 prodit
3364 1774 3610 1827 iudicia:

2022 1864 2267 1931 apostolo
2318 1866 2477 1922 nobis
2522 1866 2688 1922 Paulo
2753 1869 3012 1938 spiritalis
3084 1866 3466 1936 intelligentia:
3529 1879 3615 1919 se-

2022 1957 2167 2012 mina
2217 1972 2585 2031 respergente.
2640 1963 2706 2017 Et
2743 1976 2877 2031 age,
2936 1962 3048 2031 jam
3086 1961 3215 2030 quid
3266 1958 3453 2015 omnis
3486 1958 3610 2011 haec

2021 2066 2374 2106 numerorum
2408 2056 2581 2117 ratio,
2620 2053 2749 2123 quid
2789 2055 3040 2109 ordimun
3076 2053 3363 2109 diversitas
3408 2048 3614 2103 intelli-

2019 2145 2211 2215 gentia:
2262 2146 2502 2216 mystica:
2548 2146 2850 2212 contineat,
2888 2147 3187 2202 videamus.
3243 2144 3606 2213 Exspectatio

2018 2248 2165 2291 certa
2204 2238 2360 2293 nobis
2393 2248 2476 2293 est
2522 2239 2939 2294 resurrectionis
2980 2247 3346 2301 mortuorum,
3388 2252 3516 2290 cum
3554 2234 3608 2288 hi

2018 2329 2107 2397 qui
2145 2329 2354 2394 vivunt,
2408 2332 2498 2397 qui
2552 2331 2745 2402 reliqui
2784 2340 2945 2396 sunt,
3007 2345 3115 2385 non
3170 2328 3507 2401 prevenient
3554 2326 3607 2379 in

2019 2421 2253 2476 adventu
2301 2421 2507 2477 Christi
2553 2438 2648 2477 eos
2717 2423 2808 2493 qui
2870 2423 3250 2488 dormierunt,
3294 2422 3390 2477 sed
3444 2419 3611 2473 simul

2019 2529 2143 2568 cum
2174 2514 2447 2583 eisjuncti
2476 2526 2529 2569 et
2554 2516 2772 2580 sociati,
2824 2516 3108 2585 rapientur
3138 2514 3189 2568 in
3237 2512 3477 2568 nubibus
3508 2514 3610 2565 ob-

2017 2604 2159 2658 viam
2195 2604 2413 2660 Christo
2452 2606 2506 2660 in
2558 2622 2709 2671 aera,
2758 2606 2959 2660 terreni
3015 2605 3226 2661 scilicet
3277 2604 3441 2672 hujus
3496 2602 3607 2656 loci

2018 2699 2382 2769 corruptelam
2416 2707 2471 2753 et
2503 2698 2693 2752 mortis
2748 2700 3063 2755 habitacula
3112 2701 3458 2758 deserentes,
3490 2694 3609 2748 sive

2017 2803 2207 2846 omnes
2233 2790 2286 2842 in
2315 2803 2460 2855 aere,
2490 2801 2545 2843 ut
2570 2787 2766 2845 Paulus
2791 2790 3134 2861 pronuntiat,
3159 2785 3507 2859 permansuri
3530 2784 3602 2847 ",

2018 2881 2134 2935 sive
2182 2880 2346 2934 etiam
2404 2880 2573 2950 aliqui
2605 2882 2673 2937 ad
2713 2881 3025 2950 paradisum
3065 2890 3159 2935 aut
3202 2879 3308 2932 alia
3344 2878 3610 2946 qualibet

2017 2988 2084 3027 ex
2138 2971 2328 3025 multis
2383 2972 2760 3028 mansionibus
2816 2989 2935 3043 qua:
2990 2973 3133 3042 apud
3194 2971 3415 3025 Patrem
3475 2978 3607 3023 sunt

334 3068 510 3123 virtus
566 3065 861 3121 Israelitica
912 3072 1248 3117 muneratur.
1298 3061 1422 3117 llzec
1471 3075 1555 3119 est
1592 3062 1683 3116 illa
1715 3062 1909 3129 virtus,
1942 3094 1984 3152 α
2021 3066 2388 3122 transferendi
2428 3066 2548 3122 loca
2585 3066 2719 3137 (55),
2772 3065 3069 3123 θῖνες-δίης
3128 3077 3308 3119 autem
3365 3062 3606 3117 lransla-

335 3174 457 3231 qua:
504 3177 533 3213 a
592 3158 704 3214 Deo
743 3158 992 3221 docetur,
1031 3172 1153 3227 qua:
1198 3170 1293 3228 per
1351 3156 1665 3225 Scripturas
1699 3155 1914 3210 divinas

333 3252 592 3318 discitur,
631 3267 752 3322 ιιιιίε
786 3266 883 3321 per
916 3251 1073 3307 fidem
1130 3249 1501 3321 evangelicam
1549 3259 1605 3304 et
1655 3249 1915 3319 apostoli-

333 3362 455 3403 cam
484 3347 737 3401 traditur.
781 3345 843 3399 Et
873 3344 991 3399 ideo
1014 3344 1161 3413 ,dicit
1197 3353 1255 3398 ut
1279 3342 1357 3397 illi
1389 3342 1493 3396 soli
1530 3349 1911 3408 numerentur,

332 3439 426 3509 qui
479 3436 900 3506 progrediuntur
955 3436 1007 3489 in
1060 3434 1263 3488 virtute
1314 3432 1502 3488 Israel.
1536 3432 1643 3487 Sed
1686 3440 1742 3485 et
1778 3432 1911 3485 illud

333 3532 764 3593 consideremus,
794 3527 921 3598 quid
947 3534 1032 3581 est
1054 3525 1197 3596 quod
1228 3540 1333 3580 non
1365 3524 1549 3581 statim
1580 3532 1638 3578 ut
1659 3538 1914 3595 egressus

333 3634 415 3681 est
446 3624 513 3679 de
568 3621 803 3692 Egypto
852 3618 1080 3689 populus
1131 3626 1469 3673 numeratur.
1520 3617 1715 3671 Adhuc
1767 3616 1910 3670 enim

334 3717 761 3790 persequebatur
789 3714 1021 3768 Pharao.
1053 3711 1162 3767 Sed
1191 3727 1291 3767 nec
1318 3726 1441 3766 cum
1475 3725 1624 3765 mare
1667 3710 1913 3765 Rubrum

333 3809 553 3880 quidem
594 3808 863 3862 transiens
891 3804 1040 3857 venit
1071 3805 1124 3857 in
1165 3804 1444 3859 desertum
1485 3803 1685 3857 dicitur
1721 3817 1914 3856 nume-

337 3902 470 3955 rari.
503 3898 750 3953 Nondum
796 3898 940 3951 enim
972 3895 1185 3960 tentati,
1216 3895 1453 3949 nondum
1498 3894 1566 3949 ab
1612 3894 1766 3949 hoste
1796 3894 1916 3948 fue-

338 4001 459 4046 rant
499 3988 819 4061 itnpugnati.
862 3985 1169 4056 Conﬂigunt
1213 3986 1500 4041 adversum
1534 3986 1819 4051 Amalech,
1860 3996 1916 4041 et

338 4084 581 4137 vincunt.
630 4080 733 4137 Sed
784 4094 884 4135 nec
929 4090 1057 4135 tunc
1103 4079 1321 4148 quidem
1372 4088 1756 4135 numerantur.
1796 4078 1913 4133 Non

336 4174 481 4231 enim
512 4172 706 4228 sullicit
736 4173 802 4225 ad
838 4169 1228 4241 perfectionem
1252 4168 1491 4223 tendenti
1526 4183 1629 4221 una
1661 4168 1910 4225 victoria.

338 4266 545 4321 Manna:
588 4265 861 4334 accipiunt
905 4264 1112 4327 cibum,
1144 4272 1195 4316 et
1233 4276 1385 4331 aqua:
1426 4261 1675 4329 poculum
1708 4262 1775 4317 de
1828 4276 1915 4316 se—

336 4356 524 4426 quenti
556 4356 811 4409 hauriunt
838 4364 1016 4422 petra;
1052 4352 1147 4408 sed
1167 4368 1340 4422 neque
1370 4362 1495 4407 tunc
1529 4361 1911 4406 numerantur.

2018 3162 2200 3225 tionis,
2232 3171 2287 3216 et
2318 3161 2489 3232 gloria
2531 3175 2598 3215 ex
2648 3162 2864 3216 meritis
2894 3162 3015 3217 sine
3056 3160 3222 3216 dubio
3269 3168 3327 3214 et
3378 3159 3600 3213 actibus

2014 3254 2441 3324 uniuscujusque
2513 3253 2879 3323 praestabitur,
2928 3262 2981 3309 et
3036 3252 3165 3307 -erit
3222 3252 3604 3323 unusquisque

2016 3349 2069 3403 in
2116 3362 2182 3402 eo
2227 3347 2438 3413 ordine,
2483 3362 2645 3415 quem
2684 3347 2790 3401 sibi
2836 3357 3115 3414 gestorum
3169 3346 3365 3399 merita
3404 3355 3605 3400 contu-

2017 3439 2211 3502 lerint;
2264 3442 2402 3493 sicut
2460 3448 2511 3491 et
2578 3437 2719 3492 idem
2779 3434 2977 3490 Paulus
3016 3443 3357 3504 protestatur
3412 3434 3603 3487 dicens

2014 3532 2083 3585 de
2154 3528 2560 3598 resurgentibus
2624 3527 2708 3581 "z
2768 3544 2789 3577 ί
2830 3524 3213 3595 Unusquisque
3274 3531 3461 3579 autem
3544 3523 3599 3575 in

2016 3638 2114 3677 suo
2178 3622 2435 3676 ordine.»
2517 3618 2653 3674 Iline
2706 3633 2868 3689 ergo
2926 3617 3137 3672 accidet
3195 3616 3248 3670 in
3342 3629 3599 3670 resurre-

2019 3714 2222 3779 ctione,
2256 3722 2315 3766 ut
2344 3711 2717 3780 unusquisque
2738 3719 2831 3764 aut
2858 3710 2912 3764 in
2946 3708 3089 3763 tribu
3121 3708 3310 3764 Ruben
3340 3708 3603 3778 apiritali-

2016 3808 2117 3861 bus
2152 3804 2365 3859 indiciis
2396 3804 2727 3866 ascribatur,
2771 3804 2842 3857 ob
2876 3805 2978 3857 hoc
3020 3800 3287 3872 profecto,
3318 3799 3465 3869 quod
3500 3799 3607 3851 ati-

2017 3898 2148 3966 quid
2176 3898 2227 3949 in
2255 3896 2521 3960 moribus,
2555 3894 2789 3958 actibus,
2821 3902 2913 3947 aut
2938 3894 3045 3947 vita
3074 3892 3173 3962 ipsi
3202 3889 3399 3946 Ruben
3424 3892 3603 3945 simile

2016 4001 2072 4045 et
2134 3988 2596 4058 consanguineum
2648 3986 2857 4041 habuit.
2904 3985 3059 4041 Alius
3101 3996 3281 4041 autem
3334 3984 3390 4038 in
3451 3986 3600 4038 tribu

2018 4081 2261 4149 Simeou,
2318 4080 2569 4135 fortassis
2619 4095 2721 4149 pro
2771 4080 3105 4134 obedientia.
3157 4078 3309 4131 Alius
3354 4076 3408 4130 in
3452 4076 3595 4129 tribu

2017 4174 2167 4240 Levi,
2201 4175 2363 4229 credo
2396 4173 2487 4242 qui
2520 4173 2658 4227 bene
2710 4169 2947 4241 prmfuit:
2975 4169 3302 4233 sacerdotio,
3363 4167 3449 4221 vel
3506 4166 3599 4234 qui

2017 4266 2153 4320 bene
2204 4264 2519 4319 tninistrans
2578 4262 2805 4331 gradum
2858 4262 2959 4317 sibi
3012 4262 3213 4316 bonum
3283 4260 3599 4329 acquisivit.

2018 4358 2169 4411 Alius
2198 4358 2249 4410 in
2283 4358 2425 4410 tribu
2458 4355 2594 4409 .Iuda
2622 4396 2636 4420 ,
2674 4370 2780 4410 non
2809 4356 2993 4410 dubito
3028 4355 3168 4421 quod
3212 4355 3256 4407 is
3297 4354 3391 4422 qui
3422 4352 3599 4422 regios

336 4448 582 4504 Nondum
623 4450 765 4502 enim
806 4448 857 4501 in
898 4448 983 4501 his
1018 4460 1080 4499 ea
1122 4460 1243 4514 qua:
1272 4445 1515 4499 numeris
1546 4454 1667 4512 apta
1699 4446 1910 4498 ducun-
1948 4449 1989 4503 D
2020 4450 2246 4518 spiritus
2282 4447 2473 4516 gessit,
2504 4458 2556 4500 et
2587 4447 2724 4501 bene
2764 4448 2904 4500 rexit
2936 4446 3191 4516 populum
3237 4447 3331 4514 qui
3370 4446 3515 4499 intra
3540 4460 3597 4498 se

341 4550 446 4606 tur,
479 4540 843 4595 adoleverant.
869 4537 1300 4593 Tabernaculum
1330 4536 1622 4590 testimonii
1641 4540 1913 4593 construi-

336 4640 449 4698 tur,
480 4634 573 4687 sed
604 4647 701 4687 nec
740 4634 791 4686 in
820 4633 923 4687 hoc
950 4631 1170 4700 quidem
1196 4629 1517 4683 numerandi
1552 4630 1733 4697 populi
1772 4640 1911 4685 tem-

339 4738 441 4795 pus
488 4723 723 4777 advenit.
776 4721 882 4777 Lex
911 4736 1008 4790 per
1042 4719 1262 4789 Moysen
1296 4719 1475 4782 datur,
1513 4718 1909 4775 sacriﬁciorum

337 4829 459 4870 mos
493 4814 744 4880 traditur,
774 4812 1214 4883 purilicationum
1257 4811 1395 4865 ritus
1427 4809 1675 4877 docetur,
1708 4813 1915 4866 sancti-

338 4903 658 4959 ﬁcationum
689 4902 833 4971 leges
866 4916 919 4956 et
967 4909 1309 4957 sacramenta
1348 4901 1677 4965 conduntur,
1703 4911 1757 4955 et
1788 4896 1921 4957 tunc

338 4997 407 5050 ad
448 5009 736 5050 numerum
781 5009 847 5048 ex
878 5002 1150 5062 prazcepto
1203 4990 1293 5045 Dei
1336 4990 1564 5060 populus
1600 4993 1911 5049 adducitur.

343 5086 598 5142 Describe
625 5088 763 5149 ha‘c,
802 5101 836 5140 ο
865 5084 1101 5147 auditor,
1134 5083 1188 5136 in
1227 5082 1390 5137 corde
1423 5094 1514 5137 tuo
1542 5086 1830 5153 dupliciter
1859 5100 1916 5144 et

340 5178 647 5249 triplicitcr.
680 5176 813 5230 Vide
834 5182 1037 5245 quanta
1071 5174 1165 5228 tibi
1200 5174 1525 5229 transeunda
1555 5186 1704 5241 sunt,
1746 5194 1917 5247 quan-

2019 4550 2123 4607 est,
2146 4555 2401 4595 sensuum
2426 4538 2635 4593 scilicet
2666 4543 2860 4595 mentis
2892 4552 2945 4593 et
2973 4540 3359 4609 cogitationum
3386 4536 3594 4593 cordis.

2021 4631 2126 4687 Sed
2176 4640 2230 4685 et
2273 4632 2498 4699 singulis
2553 4632 2855 4701 quibusque
2914 4632 3163 4685 tribubus
3220 4629 3598 4698 unusquisque

2020 4725 2318 4779 sociabitur
2366 4740 2463 4795 pro
2510 4726 2596 4780 his
2621 4740 2741 4794 qua:
2775 4727 2843 4780 ad
2894 4737 3334 4793 unamquamque
3379 4736 3595 4783 earum.

2018 4818 2105 4872 vel
2139 4818 2189 4872 in
2218 4820 2431 4873 actibus
2457 4830 2685 4889 cognata
2718 4820 2796 4873 vel
2823 4820 2872 4872 in
2909 4818 3147 4873 moribus
3176 4816 3385 4871 habuit.
3422 4815 3596 4869 Erunt

2018 4923 2149 4978 ergo
2200 4908 2509 4978 hujusmodi
2563 4911 2782 4979 quidam
2826 4911 3045 4964 ordines
3091 4910 3141 4962 in
3191 4908 3597 4963 resurrectione

2021 5010 2379 5067 mortuorum,
2409 5001 2814 5072 sicutdesignat
2839 5001 3161 5070 Apostolus;
3188 5015 3427 5067 quorum
3450 5000 3593 5053 ordi-

2020 5108 2149 5148 num
2179 5102 2337 5162 typus
2368 5092 2421 5146 in
2450 5093 2551 5147 hoc
2587 5092 2725 5147 libro
2762 5103 2817 5147 et
2853 5093 3021 5162 figura
3076 5089 3421 5161 praeformani
3461 5089 3588 5141 inibi

2024 5187 2256 5241 videtur.
2315 5184 2421 5240 Sed
2461 5194 2517 5239 et
2558 5184 2693 5241 illud
2720 5186 2863 5255 quod
2907 5183 3316 5239 consociatione
3356 5181 3588 5251 quadam

411 5324 459 5355 "
486 5322 682 5378 Matth.
715 5337 772 5386 x,
809 5318 900 5374 50.
971 5319 1015 5349 “
1051 5316 1211 5372 Num.
1253 5332 1295 5381 ι,
1326 5318 1382 5372 1.
1456 5318 1501 5349 ⁷⁸
1541 5318 1562 5371 1
1599 5316 1790 5378 Thess.
1832 5337 1908 5390 tv,

2023 5361 2047 5379 τ.
2124 5328 2169 5359 ⁷³
2208 5326 2227 5380 1
2260 5325 2387 5381 Cor.
2429 5342 2521 5391 xv,
2562 5327 2650 5382 2'5.

409 5444 522 5514 (53)
538 5442 711 5500 Codd.
740 5438 1139 5514 Bellovacensis
1162 5446 1218 5514 et
1236 5436 1468 5514 Τιιιιριι.ἱ
1493 5455 1512 5488 ι
1544 5441 1843 5514 pervenire.
1888 5463 1907 5495 ο

338 5508 514 5570 Paulo
540 5524 660 5585 post
686 5514 843 5585 codd.
880 5510 1223 5585 Ebroicensis
1249 5522 1304 5563 et
1348 5508 1639 5585 Sagiensis,
1682 5528 1700 5561 ι
1736 5512 1912 5566 adnuo

341 5580 555 5641 merari'
569 5584 855 5647 merearis,
879 5591 940 5635 ut
973 5580 1181 5634 visitari
1228 5580 1419 5647 possis.
1457 5598 1476 5632 ›

435 5655 525 5719 54)
557 5654 739 5709 Codex
771 5651 1187 5715 Bellovacensis,
1218 5667 1235 5700 ‹
1268 5650 1571 5719 pervenire.
1602 5666 1622 5703 ι

435 5657 502 5709 54
557 5657 739 5709 Codex
771 5657 1187 5715 Bellovacensis,
1218 5667 1235 5700 ‹
1268 5657 1571 5719 pervenire.
1602 5666 1622 5703 ι

412 5657 526 5799 ἒῦὄζ
558 5724 800 5797 Vulgata:
828 5724 1094 5780 editiones
1125 5720 1326 5778 habent
1355 5738 1368 5775 :
1406 5739 1425 5775 ι
1453 5730 1615 5793 atque
1656 5721 1723 5777 ad
1754 5735 1909 5792 para-

2024 5450 2197 5505 disum
2242 5450 2293 5506 in
2329 5464 2489 5503 unam
2533 5464 2596 5503 ex
2645 5448 2827 5503 multis
2875 5462 2997 5517 qua:
3025 5447 3166 5515 apud
3201 5446 3418 5503 Patrem
3464 5454 3585 5503 sunt

2020 5520 2392 5575 mansionibus
2427 5519 2809 5574 transferendi.
2837 5538 2855 5570 ι
2907 5518 3013 5571 Sed
3048 5533 3237 5573 omnes
3274 5534 3406 5573 mss.
3441 5529 3496 5570 ut
3530 5520 3579 5570 ia

2019 5602 2209 5645 nostro
2270 5600 2437 5643 textu.
2508 5588 3062 5659 Consule_lluetium
3142 5586 3582 5659 Origeuiauonuu

2017 5660 2110 5716 lib.
2142 5675 2204 5728 II,
2230 5668 2425 5730 qua'st.
2456 5659 2543 5726 II,
2576 5674 2725 5713 num.
2757 5657 2811 5726 9,
2842 5658 2929 5723 Il),
2958 5658 3015 5712 11
3043 5666 3096 5713 ει
3122 5659 3206 5715 li.
