3914 6504
346 474 448 531 583

345 594 582 650 tribuum
611 606 664 650 et
695 598 1053 670 connexione,
1084 613 1392 663 castrOrum
1438 610 1639 678 positio
1669 622 1724 668 et
1752 624 1922 668 meta-
1953 625 1999 676 Α

344 688 506 744 tionis
528 692 662 746 ordo
687 690 1038 763 describitur,
1083 700 1326 768 pertinet
1358 703 1479 758 sine
1510 704 1674 760 dubio
1719 708 1785 760 ad
1819 708 1919 761 ali-

340 796 500 853 quem
547 783 600 836 in
652 791 1054 846 resurrectione
1106 804 1443 851 mortuorum
1481 807 1699 854 statum.
1765 800 1919 868 Quod

341 882 452 927 tres
481 874 546 928 ad
577 878 844 933 orientem
874 882 1152 938 collocata:
1187 885 1447 942 dicuntur
1476 890 1669 955 tribus,
1709 901 1821 946 tres
1850 892 1917 946 ad

338 962 698 1031 occidentem,
749 977 859 1023 tres
907 972 1072 1026 etiam
1119 975 1185 1028 ad
1224 978 1507 1033 meridiem
1547 980 1658 1052 (56)
1704 992 1756 1037 et
1805 992 1916 1039 tres

336 1054 539 1109 ultima:
595 1058 660 1110 ad
720 1060 1049 1131 aquilonem,
1101 1066 1192 1135 qui
1226 1069 1396 1125 durus
1434 1072 1636 1128 dicitur
1679 1086 1909 1143 ventus;

332 1147 425 1199 sed
456 1156 510 1201 et
543 1151 687 1217 quod
714 1153 890 1208 tribus
911 1154 1069 1220 Juda,
1103 1174 1224 1227 quae
1256 1162 1452 1229 regalis
1492 1174 1598 1231 est,
1637 1168 1702 1219 ad
1730 1168 1914 1222 orien-

332 1246 440 1290 tem
472 1244 747 1307 statuitur,
768 1261 833 1300 ex
858 1262 961 1316 qua
993 1261 1144 1307 ortus
1168 1269 1252 1309 ρει
1283 1255 1541 1312 Dominus
1569 1270 1773 1326 noster,
1801 1277 1908 1317 non

328 1341 459 1397 puto
488 1334 748 1404 otiosum,
789 1346 845 1391 et
885 1344 1027 1409 quod
1070 1342 1322 1402 Issachar
1374 1350 1499 1404 huic
1537 1351 1805 1423 jungitur,
1853 1366 1909 1409 et

324 1418 591 1489 Zahulun,
640 1437 696 1481 et
745 1431 889 1499 quod
943 1433 996 1487 in
1045 1448 1281 1505 quatuor
1337 1418 1549 1511 partes
1582 1418 1756 1502 tri'nus
1805 1448 1907 1503 iste

322 1527 583 1571 numerus
604 1520 908 1577 ordinatur.
942 1526 1072 1591 Quae
1119 1534 1371 1599 quamvis
1405 1536 1736 1605 positionum
1777 1556 1904 1595 sua-

319 1617 443 1658 rum
474 1606 722 1667 diversas
765 1614 1002 1673 habeant
1035 1622 1357 1690 qualitates,
1386 1642 1574 1684 omnes
1605 1640 1782 1686 tamen
1820 1633 1903 1687 in-

320 1705 405 1750 tra
459 1700 719 1758 trinitatis
766 1722 1047 1764 numerum
1097 1716 1465 1774 continentur.
1507 1720 1573 1775 Et
1620 1724 1764 1792 quod
1806 1740 1901 1794 per

314 1798 461 1846 tetas
489 1794 589 1849 has
614 1807 845 1867 quatuor
883 1816 1067 1871 partes
1091 1808 1142 1861 in
1178 1823 1343 1865 unum
1374 1828 1660 1870 numerum
1689 1816 1894 1888 colligi-

312 1891 407 1936 tur
433 1887 621 1941 eadem
653 1891 869 1948 trinitas
900 1911 1136 1967 semper,
1165 1916 1267 1971 pro
1292 1916 1360 1958 eo
1389 1905 1506 1960 sine
1546 1907 1712 1965 dubio
1752 1887 1894 1980 quod

307 1977 414 2030 sub
458 1995 566 2033 uno
597 1984 814 2039 nomine
862 1987 1042 2045 Patris
1092 2001 1148 2046 et
1184 1992 1305 2049 Filii
1349 2008 1405 2050 et
1446 1997 1680 2067 Spiritus
1715 1977 1890 2059 sancti
1926 1978 1969 2031 Β

306 2083 609 2129 censentur
643 2091 853 2143 onmes,
906 2084 998 2152 qui
1039 2100 1108 2140 ex
1167 2100 1406 2155 quatuor
1455 2092 1603 2149 orbis
1644 2098 1893 2165 partibus

303 2164 592 2220 venientes
654 2168 907 2226 invocant
953 2190 1150 2231 nomen
1207 2178 1457 2247 Domini,
1512 2190 1890 2249 recumbentes

298 2269 433 2311 cum
464 2257 735 2314 Abraham
764 2272 818 2316 et
842 2263 993 2320 Isaac
1015 2276 1070 2321 et
1097 2264 1271 2325 Jacob
1307 2272 1361 2326 in
1392 2290 1560 2345 regno
1604 2278 1721 2337 Dei.
1758 2282 1882 2337 llaec

298 2360 329 2399 a
362 2348 527 2404 nobis
567 2352 895 2418 generaliter
942 2355 1181 2413 indicata
1227 2362 1335 2418 sint
1378 2367 1689 2428 volentibus
1721 2374 1884 2429 totius

295 2440 444 2495 sacri
479 2441 638 2512 hujus
671 2445 962 2503 voluminis
995 2453 1392 2511 continentiam
1438 2462 1725 2533 mysticam
1764 2466 1887 2522 bre-

292 2532 445 2586 viter
474 2536 961 2605 comprehendere,
1004 2550 1064 2595 ut
1089 2557 1156 2598 ex
1186 2546 1271 2601 his
1311 2532 1684 2622 intelligentiae
1722 2559 1888 2627 spiri-

298 2622 434 2678 talis
466 2631 762 2683 occasione
794 2643 1046 2701 suscepta
1077 2641 1454 2710 unusquisque
1494 2654 1547 2698 et
1577 2647 1630 2702 in
1663 2651 1884 2721 reliquis

288 2715 573 2783 similem,
607 2730 706 2775 aut
744 2723 906 2776 etiam
951 2725 997 2780 si
1049 2728 1135 2782 cui
1182 2732 1414 2801 amplius
1456 2736 1594 2793 Deus
1654 2744 1879 2811 revelat,

288 2811 635 2876 superiorem
666 2824 720 2869 et
750 2820 1108 2878 excelsiorem
1138 2837 1500 2894 persequatur
1545 2831 1875 2906 indaginem.

287 2900 413 2971 Ego
438 2905 583 2960 enim
618 2923 747 2963 vere
791 2912 1053 2983 imparem
1102 2934 1188 2973 me
1228 2919 1415 2987 judico
1460 2924 1526 2975 ad
1567 2932 1879 2987 enarranda

282 2996 591 3065 mysteria,
647 3016 768 3070 qua:
834 3002 974 3061 liber
1024 3007 1112 3063 hic
1176 3013 1420 3067 continet
1465 3012 1871 3084 Numerorum;

282 3086 467 3141 multo
488 3100 668 3145 autem
705 3094 1018 3150 inferiorem
1054 3102 1118 3154 ad
1147 3104 1235 3156 illa
1263 3145 1278 3170 ,
1309 3120 1428 3173 quae
1467 3108 1871 3167 Deuteronomii

278 3177 542 3234 volumen
591 3183 836 3243 includit.
895 3189 959 3242 Et
1013 3192 1131 3245 ideo
1167 3194 1534 3251 festinandum
1581 3202 1737 3257 nobis
1789 3216 1871 3258 est

1576 491 1641 547 IN
1676 491 2007 550 NUMEROS
2046 490 2331 557 HOMILIA
2369 504 2432 562 Il.
3509 527 3616 584 590

2621 629 2901 689 llOMlLlA
2947 636 3008 693 ll.

2287 715 2362 770 De
2404 720 2587 775 ordine
2625 734 2674 777 et
2714 726 2994 783 collatione
3034 745 3350 795 castrorum.

2096 805 2148 858 l.
2197 804 2381 864 Prima
2423 812 2786 871 Numerorum
2826 820 2987 877 lectio
3022 825 3226 889 docuit.
3265 834 3409 900 quod
3446 850 3607 893 exer-

2022 892 2161 948 citus
2196 896 2289 951 Dei
2339 902 2428 970 qui
2484 906 2654 961 exivit
2714 908 2780 962 de
2835 920 2979 966 terra
3018 914 3240 990 Egypti
3277 892 3330 977 et
3364 924 3468 980 iter
3498 931 3610 998 egit

2023 999 2117 1051 per
2140 986 2438 1058 desertum,
2482 996 2733 1054 visitatus
2760 1001 2850 1066 sit,
2901 1004 3002 1060 hoc
3030 986 3141 1073 est,
3164 986 3481 1074 numeratus
3509 986 3606 1089 μῖξι-

2019 1076 2236 1148 Moysen
2272 1093 2329 1137 et
2370 1085 2574 1154 Aaron,
2614 1106 2677 1145 ac
2726 1107 2823 1161 per
2856 1095 3096 1166 singulas
3138 1119 3380 1176 quasque
3431 1076 3605 1169 tribus

2016 1184 2388 1242 sequestratus
2424 1190 2575 1235 certo
2602 1185 2706 1240 sub
2730 1202 2958 1243 numero
2991 1198 3289 1255 recensitus
3318 1205 3390 1258 sit
3415 1226 3427 1260 :
3457 1214 3602 1275 quod

2014 1279 2115 1320 nos
2151 1267 2301 1324 velut
2336 1288 2460 1328 cum
2497 1283 2608 1330 teta
2637 1277 2797 1332 simul
2843 1280 3004 1337 libelli
3061 1292 3397 1351 cotitinentia
3431 1313 3599 1369 expo-

2014 1371 2226 1429 nentes,
2250 1362 2476 1420 formam
2502 1367 2741 1425 diximus
2769 1386 2887 1428 esse
2913 1381 3298 1450 perscriptam,
3324 1396 3597 1459 quomodo

2011 1453 2243 1524 populus
2280 1456 2373 1511 Dei
2402 1460 2692 1529 egrediens
2716 1462 2783 1519 de
2817 1468 3001 1522 mundi
3035 1471 3194 1540 hujus
3236 1453 3506 1552 Egj’pto,
3542 1498 3597 1541 et

2008 1546 2076 1598 ad
2114 1557 2312 1601 terram
2362 1553 2840 1621 repromissionis,
2886 1560 2939 1614 id
2989 1571 3109 1629 est,
3146 1546 3459 1640 278Hvel
3523 1582 3592 1634 ad

2007 1637 2265 1692 virtutum
2313 1638 2510 1706 locum,
2565 1644 2650 1697 vel
2699 1647 2764 1700 ad
2814 1652 2963 1719 regni
3042 1637 3305 1715 calorum
3358 1665 3589 1734 gloriam

2005 1726 2491 1802 hrcreditatemque
2527 1734 2793 1794 festinans
2817 1778 2831 1804 ,
2863 1744 3145 1803 ordinibus
3180 1726 3502 1820 quibusdam
3536 1771 3590 1814 et

2006 1823 2325 1877 meritorum
2358 1827 2616 1893 gradibus
2640 1831 2962 1889 deducatur.
2991 1836 3053 1891 Et
3080 1855 3177 1909 per
3202 1845 3321 1902 haec
3342 1853 3589 1906 ostendi-

2003 1928 2122 1967 mus
2180 1914 2487 1973 futurorum
2541 1922 2806 1980 bonorum
2866 1931 3323 2000 magnificentiam
3368 1941 3418 1995 in
3453 1943 3587 2013 legis

1999 2004 2331 2075 imaginibus
2365 2011 2768 2072 adumbratam.
2806 2018 2963 2075 Nunc
2986 2038 3113 2080 vero
3148 2027 3399 2087 Irelionis
3424 2035 3584 2103 hujus

1996 2095 2230 2162 initium,
2262 2113 2382 2166 qum
2417 2100 2576 2158 hodie
2619 2108 2845 2163 recitata
2872 2122 2977 2177 est,
3000 2116 3193 2173 edocet
3218 2137 3318 2177 nos
3348 2095 3584 2193 qualiter

1992 2190 2059 2243 ab
2094 2191 2177 2245 his
2208 2193 2299 2261 qui
2333 2192 2448 2250 Deo
2504 2202 2797 2270 mancipati
2844 2218 3011 2274 sunt,
3050 2226 3153 2267 nec
3204 2190 3485 2287 implicant
3522 2237 3584 2277 se

1991 2282 2222 2351 negotiis
2248 2285 2599 2345 saecularibus
2621 2330 2636 2355 ,
2687 2306 3041 2364 componatur
3079 2303 3215 2357 ordo
3250 2282 3577 2365 castrorum.

1988 2372 2081 2427 Ait
2114 2374 2257 2430 enim
2298 2378 2345 2409 ⁷⁸
2381 2396 2393 2431 ;

1986 2564 2042 2610 et
2073 2560 2371 2617 secundum
2416 2566 2569 2636 signa
2617 2584 2737 2635 sua,
2775 2583 2826 2628 et
2854 2578 3155 2633 secundum
3193 2583 3389 2638 domus
3414 2584 3574 2641 fami-

1985 2646 2178 2702 liarum
2199 2644 2419 2707 suarum
2449 2667 2629 2711 castra
2659 2660 2913 2731 collocct,
2935 2667 3027 2721 lilii
3058 2667 3225 2727 Israel
3249 2689 3313 2729 ex
3338 2679 3579 2738 adverso

1986 2737 2039 2792 in
2111 2740 2344 2797 circuitu
2418 2748 2756 2806 tabernaculi
2831 2757 3128 2815 testimonii
3201 2769 3507 2827 considant.
3548 2796 3568 2827 ι

1982 2830 2196 2903 Moyses
2228 2835 2362 2891 dicit
2397 2856 2409 2892 :
2439 2837 2615 2897 Homo
2651 2849 2946 2904 secundum
2993 2855 3239 2912 ordinem
3282 2877 3464 2928 suum,
3515 2880 3572 2923 et

1981 2927 2279 2980 secundum
2311 2929 2462 2999 signa
2513 2948 2634 2998 sua,
2684 2946 2740 2992 et
2768 2943 3067 3001 secundum
3117 2947 3306 3007 domos
3337 2953 3573 3012 familia-

1981 3032 2097 3071 rum
2120 3034 2344 3075 suarum
2371 3024 2592 3080 incedat
2629 3028 2683 3083 in
2716 3033 2950 3103 castris;
2987 3047 3042 3093 et
3091 3039 3291 3099 Paulus
3318 3046 3517 3102 dicit"
3551 3071 3563 3105 :

1982 3127 1999 3159 ‹
2030 3109 2223 3166 Omnia
2270 3114 2497 3173 honeste
2529 3131 2583 3176 et
2630 3126 2926 3181 secundum
2962 3132 3211 3187 ordinem
3248 3135 3403 3196 fiant.
3442 3160 3460 3192 ι
3499 3142 3566 3196 Ει

1976 3218 2079 3257 non
2113 3206 2205 3261 tibi
2238 3207 2454 3265 videtur
2484 3229 2624 3268 unus
2660 3231 2781 3273 esse
2842 3218 3079 3289 Spiritus
3129 3225 3244 3295 Dei,
3280 3232 3371 3299 qui
3412 3244 3465 3287 et
3506 3237 3559 3289 in

2670 3269 2777 3273 ,cvv
2843 3269 3078 3289 v-|.—----—v
3130 3269 3244 3295 ννι,
3280 3269 3371 3299 Ὶυι
3412 3269 3465 3287 ιιι
3506 3269 3558 3289 III

278 3269 583 3335 pervenire
607 3274 674 3326 ad
701 3272 912 3341 Jesum,
942 3294 1049 3334 non
1081 3283 1229 3336 illum
1266 3286 1431 3339 lilium
1469 3288 1637 3357 Nave,
1670 3294 1763 3346 sed
1801 3294 1866 3347 ad
1898 3327 1938 3382 Ο
1976 3294 2157 3365 Moyse
2198 3299 2460 3369 loquitur,
2498 3315 2554 3360 et
2602 3306 2654 3360 in
2686 3307 2897 3365 Paulo?
2941 3313 3259 3374 Secundum
3310 3324 3558 3382 ordinem

280 3355 467 3382 ,ιδεμ-..-
523 3360 700 3382 Πι-Α-.
781 3381 787 3382 κ
880 3366 918 3382 I‘
955 3368 966 3380 ο
1418 3377 1430 3382 -

271 3355 469 3412 Jesum
522 3360 814 3419 Christum.
880 3366 1036 3424 Prius
1089 3382 1266 3427 tamen
1318 3377 1611 3447 paedagogo
1655 3391 1865 3437 utentes

274 3452 497 3523 Moyse,
517 3465 569 3508 et
587 3459 729 3525 apud
759 3474 880 3514 eum
913 3464 1218 3520 rudimenta
1249 3467 1491 3525 infantia:
1514 3472 1863 3543 deponentes,

271 3542 357 3596 sic
401 3544 681 3600 tendamus
707 3550 774 3601 ad
802 3549 1189 3617 perfectionem
1218 3555 1439 3614 Christi.
1485 3561 1697 3632 Moyses
1719 3565 1863 3619 enim

273 3651 394 3686 non
428 3636 592 3690 multa
625 3638 765 3693 bella
790 3647 1135 3712 compressit.
1173 3647 1330 3706 Jesus
1354 3660 1534 3708 autem
1568 3655 1705 3712 bella
1741 3658 1863 3728 qui-

267 3725 405 3778 dem
458 3729 705 3784 uuiversa
755 3738 1112 3804 compescuit,
1178 3756 1365 3809 pacem
1425 3759 1555 3800 vero
1608 3744 1862 3805 omnibds

266 3818 455 3881 dedit,
488 3819 559 3873 ita
601 3832 657 3875 ut
688 3825 956 3894 scriptum
995 3831 1068 3885 sit
1121 3832 1186 3897 ⁷⁸,
1234 3835 1357 3903 quia
1397 3854 1416 3887 ‹
1448 3842 1678 3895 cessavit
1712 3848 1856 3898 terra

264 3927 292 3960 a
331 3909 517 3963 bellis.
570 3930 588 3962 ι
625 3913 792 3969 Terra
830 3921 1287 3992 repromissionis,
1328 3934 1469 3980 terra
1504 3930 1856 4000 hacreditatis,

263 4010 426 4054 terra
474 4019 596 4071 quae
638 4004 759 4061 ﬂuit
810 4008 895 4064 lac
933 4021 982 4065 et
1019 4013 1144 4078 mel,
1180 4015 1247 4069 ab
1299 4015 1427 4072 Jesu
1487 4021 1852 4080 distribuitur.

264 4093 495 4148 «Beati:
522 4098 666 4151 enim
699 4101 910 4166 «mites,
931 4105 1055 4173 quia
1077 4106 1208 4175 ipsi»
1240 4124 1339 4177 per
1360 4109 1543 4166 Jesum
1583 4117 1852 4172 «haeredi-

254 4189 467 4241 tabunt
497 4198 697 4245 terram
726 4193 825 4250 ⁷⁸.»
865 4193 969 4249 Sed
998 4207 1055 4252 et
1083 4198 1248 4268 ipsius
1271 4201 1671 4261 distributionis
1698 4210 1853 4265 inve-

256 4279 392 4334 nies
425 4292 580 4351 typos
610 4293 666 4338 et
705 4285 969 4357 imagines
999 4294 1368 4358 praecessisse.
1396 4294 1512 4351 Non
1544 4301 1687 4354 enim
1722 4304 1853 4357 otio-

253 4385 388 4425 sum
423 4382 509 4426 est
537 4375 679 4442 quod
708 4376 830 4432 aliis
868 4377 1011 4433 ultra
1040 4380 1330 4439 Jordanem
1372 4395 1515 4443 terra
1566 4391 1847 4459 dividitur,

253 4461 392 4516 aliis
430 4462 572 4517 intra
620 4461 946 4535 Iordanem,
1006 4480 1062 4526 et
1108 4474 1228 4529 aliis
1279 4478 1490 4546 primis,
1548 4481 1674 4538 aliis
1720 4499 1849 4540 vero

249 4554 547 4619 secundis,
575 4558 851 4614 nonnullis
877 4561 1042 4615 etiam
1074 4566 1263 4630 tertiis,
1285 4576 1339 4621 et
1370 4568 1449 4623 sic
1475 4584 1571 4638 per
1601 4574 1845 4630 ordinem

248 4644 559 4702 hatreditas
583 4656 741 4705 terrae
762 4652 1065 4722 dividitur;
1097 4658 1184 4710 ubi
1228 4663 1600 4731 unusquisque
1638 4667 1845 4735 requie-
1876 4669 1923 4725 D

244 4750 376 4793 seat
399 4739 499 4793 sub
523 4740 626 4795 ficu
654 4756 773 4809 sua,
805 4752 859 4799 et
890 4746 992 4801 sub
1020 4748 1132 4802 vite
1159 4763 1255 4804 sua
1286 4751 1357 4815 ⁷⁸,
1385 4762 1568 4807 etnon
1601 4756 1673 4810 sit
1701 4758 1842 4814 ultra

242 4830 346 4896 qui
390 4839 687 4888 exterreat.
741 4836 871 4899 Quae
917 4846 1112 4893 cuncta
1163 4841 1467 4912 magniﬁcis
1515 4848 1840 4917 praesignata

242 4925 560 4997 mysteriis,
600 4927 716 4996 ipse
748 4929 1007 4985 Dominus
1039 4929 1199 4987 Jesus
1227 4934 1278 4988 in
1322 4934 1407 4989 die
1448 4937 1719 4994 adventus
1758 4943 1840 4996 sui

240 5032 361 5072 non
386 5016 501 5085 jam
537 5034 633 5086 per
663 5021 938 5089 speculum
969 5034 1023 5078 et
1049 5026 1103 5080 in
1128 5027 1419 5098 aenigmate
1440 5070 1455 5094 ,
1489 5030 1582 5084 sed
1611 5031 1748 5086 facie
1776 5034 1841 5086 ad

238 5108 450 5164 faciem
480 5112 523 5143 ⁷⁷
562 5113 616 5167 in
646 5115 879 5170 veritate
919 5119 1213 5188 complebit
1268 5119 1600 5190 unicuique,
1648 5136 1843 5177 secun-

238 5204 384 5256 dum
437 5205 584 5272 quod
629 5206 745 5275 ipse
789 5210 1001 5264 noverit
1061 5213 1251 5266 merita
1306 5212 1642 5284 singulorum
1678 5256 1693 5279 ,
1744 5216 1835 5286 qui

237 5297 503 5366 cognitor
526 5299 707 5353 cordis
737 5310 838 5367 est,
858 5302 942 5356 cui
969 5302 1139 5373 gloria
1161 5314 1218 5359 et
1247 5304 1533 5375 imperium
1557 5306 1613 5360 in
1638 5308 1835 5364 smcula

235 5389 601 5445 saeculorum.
637 5392 835 5451 Amen.

308 5631 367 5663 ’δ
408 5628 684 5706 ,ξοδ-ξπ,
731 5632 816 5688 l5.
892 5636 938 5667 ⁷⁸
975 5635 1167 5693 Matth.
1202 5654 1254 5706 ν,
1297 5639 1354 5693 4.

226 5712 360 5767 xxv,
396 5700 483 5755 40.
538 5703 584 5734 ⁸ο
625 5704 731 5758 Tit.
776 5719 836 5771 tt,
878 5706 933 5761 5.

473 5821 643 5897 godd.
666 5824 954 5897 Sagiensis
985 5839 1037 5879 et
1069 5826 1487 5897 Bellovaceusis,
1550 5849 1569 5881 ι
1595 5847 1760 5888 mare.
1788 5852 1805 5885 ι

339 5820 416 5873 56
473 5821 643 5878 Codd.
678 5824 954 5893 Sagiensis
985 5839 1037 5879 et
1069 5826 1487 5897 Bellovaceusis,
1550 5849 1569 5881 ι
1595 5847 1760 5888 mare.
1788 5852 1805 5885 ι

337 5820 438 5959 5'1;
475 5893 598 5947 Mss.
659 5896 1075 5959 Bellovacensis,
1114 5898 1466 5963 Turonensis,
1518 5914 1569 5954 et
1621 5903 1813 5957 Ebrot-

223 5962 463 6033 censis,
501 5981 520 6016 r
548 5964 794 6022 insideat.
827 5986 845 6020 ι
886 5966 1127 6038 Vulgata:
1150 5970 1415 6027 editiones
1452 5962 1755 6028 tobsideat.
1790 5992 1808 6025 ι

1430 5640 1476 5672 ⁷⁸
1514 5640 1683 5695 Zach.
1712 5658 1793 5709 ut,
1818 5643 1903 5698 lo.

1975 3387 2188 3459 Moyses
2216 3391 2393 3447 ineecli
2424 3399 2649 3452 mandat
2698 3399 2752 3454 in
2807 3406 3036 3472 castris;
3087 3413 3380 3467 secundum
3408 3420 3559 3472 ordi-

1973 3494 2095 3533 nem
2147 3494 2344 3538 cuncta
2380 3489 2494 3555 geri
2540 3490 2590 3543 in
2625 3492 2873 3549 Ecclesia
2926 3500 3172 3569 prmcipit
3214 3503 3433 3561 Paulus.
3493 3510 3560 3564 Et

1972 3571 2184 3643 Moyses
2229 3577 2470 3646 quidem,
2523 3581 2613 3650 qui
2673 3582 2781 3654 legi
2831 3587 3197 3656 ministrabat,
3254 3595 3307 3648 in
3356 3600 3559 3653 castris

1970 3666 2229 3720 custodiri
2289 3669 2539 3725 ordinem
2593 3672 2786 3742 jubet:
2841 3676 3043 3736 Paulus
3108 3698 3240 3737 vero
3299 3697 3553 3758 tanquam

1966 3755 2248 3831 Evangelii
2277 3763 2555 3829 minister,
2609 3782 2713 3820 non
2763 3770 2934 3824 solum
2968 3772 3020 3825 in
3066 3776 3316 3843 actibus,
3365 3783 3458 3836 sed
3498 3784 3552 3838 in

1966 3853 2080 3922 ipso
2115 3854 2298 3911 habitu
2326 3898 2344 3921 .
2380 3860 2690 3915 ordinatum
2728 3863 2845 3917 vult
2876 3879 2997 3919 esse
3042 3867 3417 3927 Christianum
3448 3889 3465 3940 ;
3496 3888 3552 3930 et

1970 3947 2093 4000 ideo
2122 3949 2254 4003 dicit
2283 3950 2329 3982 "°
2358 3971 2369 4004 :
2402 3951 2689 4009 «Mulieres
2716 3956 2972 4011 similiter
2994 3958 3047 4012 in
3075 3958 3264 4015 habitu
3294 3979 3543 4021 ornato.»

1964 4037 2117 4093 Unde
2161 4055 2262 4110 ego
2289 4042 2532 4097 arbitror
2567 4046 2712 4115 quod
2771 4061 2876 4101 non
2927 4048 3101 4103 solum
3147 4051 3201 4106 in
3248 4054 3439 4110 ciliciis
3495 4070 3549 4112 et

1961 4130 2148 4184 habitu
2185 4132 2395 4187 servari
2448 4136 2697 4192 ordinem
2732 4138 2955 4202 volunt,
3014 4141 3109 4195 sed
3153 4142 3282 4198 dant
3318 4146 3547 4219 intelligi

1959 4224 2102 4291 quod
2141 4224 2214 4278 sit
2251 4224 2448 4295 aliquis
2469 4228 2633 4282 etiam
2676 4230 2726 4283 in
2759 4232 2938 4284 anima
2972 4233 3127 4297 ordo,
3163 4238 3228 4288 de
3254 4252 3362 4304 quo
3398 4239 3547 4293 dica-

1960 4325 2045 4368 tur
2078 4316 2224 4385 quod
2269 4320 2645 4389 unusquisque
2693 4321 2952 4377 incedere
2992 4325 3192 4379 debeat
3238 4331 3542 4385 secundum

1955 4404 2203 4460 ordinem
2232 4421 2415 4462 suum.
2441 4409 2543 4475 Qui
2575 4411 2709 4466 ordo
2739 4413 3016 4482 praecipue
3052 4415 3272 4483 quidem
3316 4432 3381 4473 ex
3412 4435 3543 4489 ope—

1957 4514 2075 4552 rum
2137 4500 2320 4555 fructu
2370 4501 2648 4559 indicatur
2683 4522 2694 4558 :
2729 4504 3082 4561 nihilominus
3126 4520 3307 4565 autem
3361 4522 3415 4567 et
3471 4529 3541 4569 ex

1955 4590 2361 4659 magniﬁcentia
2392 4608 2675 4652 sensuum.
2706 4596 3013 4667 Namsaepe
3044 4602 3267 4671 accidit,
3293 4614 3349 4657 ut
3377 4607 3422 4660 is
3444 4610 3535 4674 qui

1957 4680 2216 4737 humilem
2246 4699 2465 4740 sensum
2499 4687 2638 4757 gerit
2669 4689 3015 4759 etabjectum
3038 4734 3052 4759 ,
3089 4707 3144 4747 et
3182 4696 3273 4762 qui
3313 4706 3534 4753 terrena

1953 4775 2116 4842 sapit,
2150 4775 2427 4831 excelsum
2455 4780 2748 4834 sacerdotii
2783 4785 3008 4849 gradum
3038 4824 3053 4847 ,
3096 4786 3176 4838 vel
3206 4788 3529 4845 cathedram

1953 4863 2194 4920 doctoris
2222 4866 2458 4923 insideat
2485 4867 2622 4941 (57);
2649 4878 2705 4925 et
2735 4871 2826 4927 ille
2856 4874 2948 4942 qui
2978 4874 3244 4943 Spiritalis
3275 4890 3392 4945 est,
3424 4889 3529 4936 eta

1952 4962 2169 5011 terrena
2215 4961 2628 5016 conversatione
2668 4971 2775 5016 tam
2809 4964 2944 5019 liber
2999 4975 3057 5021 ut
3100 4970 3270 5037 possit
3318 4974 3530 5026 exami—

1950 5061 2080 5101 nare
2106 5048 2311 5114 omnia,
2333 5059 2390 5106 et
2410 5051 2528 5121 ipse
2556 5068 2587 5107 a
2628 5057 2846 5111 nemine
2876 5057 3112 5127 judicari
3140 5102 3154 5127 ,
3186 5060 3269 5117 vel
3304 5063 3528 5119 inferiu-

1948 5138 2026 5191 ris
2056 5139 2344 5195 ministerii
2371 5143 2618 5199 ordinem
2654 5156 2873 5213 teneat,
2904 5149 2986 5204 vel
3027 5150 3193 5205 etiam
3230 5154 3285 5207 in
3317 5154 3529 5223 plebeia

1947 5226 2298 5283 multitudine
2343 5230 2708 5304 relinquatur.
2761 5237 2869 5293 Sed
2917 5240 3023 5294 hoc
3070 5251 3152 5295 est
3188 5253 3242 5296 et
3289 5244 3419 5313 legis
3468 5254 3526 5301 et

1946 5315 2226 5387 Evangelii
2276 5331 2478 5378 statuta
2533 5336 2921 5394 contemnere,
2951 5341 3006 5384 et
3053 5332 3187 5385 nihil
3223 5335 3520 5389 secundum

1944 5408 2190 5463 ordinem
2218 5426 2429 5481 gerere.
2462 5414 2567 5471 Sed
2599 5426 2654 5472 et
2691 5421 3067 5491 unusquisque
3105 5432 3356 5478 nostrum
3382 5424 3426 5478 si
3451 5426 3519 5479 de

1937 5501 2059 5557 cibo
2090 5511 2146 5557 et
2167 5514 2296 5573 potu
2326 5506 2593 5563 sollicitus
2614 5511 2785 5576 sit,et
2810 5528 3022 5566 omnem
3056 5530 3240 5568 curam
3272 5516 3323 5569 in
3350 5522 3515 5572 rebus

3238 5661 3283 5692 ⁷⁹
3322 5659 3343 5714 Ι
3381 5662 3512 5719 Cor.

1980 5649 2022 5679 '”
2063 5646 2237 5705 lCor.
2281 5668 2418 5719 xm,
2462 5655 2547 5708 12.
2624 5657 2668 5688 ⁷³
2707 5656 2865 5710 Num.
2912 5674 2970 5719 ιι,
3014 5657 3063 5722 l,
3106 5658 3159 5710 2.

1920 5834 2090 5889 Patth
2113 5844 2236 5903 post
2264 5837 2755 5910 emdemeditiones
2789 5859 2805 5890 ι
2836 5840 2885 5893 in
2918 5842 3071 5910 plebe
3107 5860 3132 5897 a
3164 5847 3508 5902 multitudine

1926 5906 2325 5973 relinquatur.»
2383 5907 2487 5960 Sed
2534 5908 2641 5960 duo
2674 5927 2804 5963 mss.
2850 5906 3197 5972 Ebroicensis
3234 5928 3287 5972 et
3329 5918 3505 5974 Bello-

1928 5977 2176 6031 vacensis
2210 5986 2266 6031 ut
2292 5976 2346 6032 in
2378 5987 2562 6034 nostro
2597 5988 2768 6034 textu.
