3914 6578
345 500 438 556 89!

1795 499 2115 556 ORIGENIS

3495 503 3590 560 59!

339 617 696 673 smcularibus
741 626 915 687 gerat,
954 629 1112 670 unam
1141 631 1271 672 vero
1315 626 1406 672 aut
1462 617 1596 672 duas
1643 617 1808 674 horas
1849 635 1913 674 ex
1945 627 1992 682 Λ
2021 620 2366 686 hominibus,
2401 628 2551 675 tanta
2579 629 2634 676 et
2664 622 2716 675 in
2747 621 2942 676 animis
2983 621 3256 676 invenitur
3291 635 3413 677 esse
3440 621 3588 675 diﬂ‘e-

345 712 556 780 integro
599 710 684 764 die
717 709 879 764 etiam
933 710 1042 764 Deo
1083 709 1324 779 deputet,
1378 721 1433 766 et
1484 712 1553 766 ad
1601 713 1910 766 oralionem

339 801 523 855 veniat
575 800 626 852 in
669 798 979 864 ecclesiam,
1026 799 1112 854 vel
1171 801 1224 854 in
1277 800 1509 855 transitu
1560 802 1784 856 verbum
1819 802 1910 857 Dei

337 890 544 953 audiat,
583 889 914 958 prmcipuam
947 903 1076 942 vero
1107 903 1294 942 curam
1326 905 1450 960 erga
1487 891 1910 947 sollicitudinem

337 981 520 1036 saeculi
555 988 610 1036 et
631 979 837 1034 ventris
871 979 1188 1050 expendat:
1227 981 1328 1035 iste
1357 996 1463 1036 non
1497 982 1733 1052 complet
1756 999 1906 1039 ruan-

336 1079 519 1132 datum
569 1074 708 1143 quod
773 1075 926 1139 dicit,
987 1082 1044 1128 ut
1091 1075 1255 1129 homo
1309 1076 1606 1131 secundum
1663 1080 1908 1132 ordinem

334 1183 489 1222 suum
522 1167 775 1234 incedat,
813 1166 898 1222 vel
931 1167 1073 1235 quod
1109 1167 1262 1231 dicit,
1298 1177 1359 1222 ιιι
1388 1169 1568 1222 omnia
1609 1172 1907 1226 secundum

331 1261 578 1315 ordinem
637 1258 791 1312 fiant.
825 1259 971 1313 Ordo
1021 1265 1103 1312 est
1138 1259 1281 1313 enim
1311 1269 1549 1316 statutus
1593 1276 1622 1316 a
1664 1262 1906 1329 Christo,

330 1366 576 1423 qumrere
603 1352 753 1420 prius
783 1366 1008 1421 regnum
1047 1351 1142 1406 Dei
1181 1362 1235 1405 et
1260 1349 1529 1420 justitiam
1561 1351 1679 1421 ejus
1710 1365 1764 1410 et
1788 1371 1909 1411 cre—

329 1448 458 1499 dere
503 1445 646 1512 quod
679 1441 918 1496 secundo
957 1441 1074 1496 loco
1105 1441 1217 1496 hazc
1259 1442 1412 1496 nobis
1455 1454 1795 1513 apponantur
1836 1447 1903 1502 ⁸⁸.

331 1537 502 1590 llomo
529 1549 658 1605 ergo
691 1533 986 1587 secundum
1033 1533 1279 1588 ordinem
1317 1549 1472 1588 suum
1520 1535 1753 1590 incedat.
1801 1537 1907 1592 Pu-

329 1637 482 1681 tasne
527 1625 617 1694 qui
675 1623 984 1678 sacerdotio
1037 1622 1359 1694 funguntur,
1396 1633 1451 1678 et
1479 1625 1533 1679 in
1575 1627 1901 1683 sacerdotali

325 1721 518 1774 ordine
554 1718 880 1788 gloriantur,
928 1716 1225 1771 secundum
1263 1717 1509 1772 ordinem
1559 1735 1715 1774 suum
1756 1721 1904 1776 ince-

325 1815 480 1878 dunt,
527 1819 581 1866 el
611 1819 777 1881 agunt
804 1810 986 1864 omnia
1016 1824 1137 1878 quae
1172 1809 1263 1864 illo
1294 1812 1488 1866 ordine
1534 1811 1693 1883 digna
1728 1816 1906 1869 sunt?

324 1903 588 1960 Similiter
607 1911 784 1955 autem
814 1908 869 1954 et
897 1899 1112 1953 diaconi
1144 1911 1300 1969 putas
1331 1901 1627 1956 secundum
1653 1904 1898 1959 ordinem

324 1994 610 2049 ministerii
645 1992 728 2046 sui
764 1991 1064 2046 incedunt?
1119 1991 1185 2045 Et
1243 1993 1385 2047 unde
1442 2003 1523 2049 est
1571 1996 1715 2062 quod
1759 2011 1901 2066 saepe

321 2088 570 2140 audimus
618 2085 995 2152 blasphemarc
1055 2084 1327 2150 homines,
1383 2097 1437 2141 et
1483 2087 1713 2154 dicere,
1760 2089 1900 2146 Ecce

319 2177 494 2245 qualis
529 2176 817 2245 episcopus
841 2215 855 2241 ,
905 2185 998 2229 aut
1034 2175 1211 2246 qualis
1257 2177 1566 2249 presbyter,
1607 2182 1690 2236 vel
1723 2183 1899 2252 qualis

318 2268 620 2324 diaconus?
666 2267 855 2322 Nonne
910 2268 1023 2322 hate
1074 2268 1350 2335 dicuntur,
1400 2271 1491 2326 ubi
1527 2272 1607 2328 vel
1642 2275 1898 2330 sacerdos

317 2360 400 2414 vel
433 2359 680 2415 minister
714 2360 806 2415 Dei
839 2374 1003 2415 ausus
1034 2360 1198 2414 fuerit
1225 2362 1279 2415 in
1313 2362 1496 2434 aliquo
1523 2377 1714 2422 contra
1743 2368 1894 2422 ordi-

321 2469 440 2507 nem
481 2468 638 2507 suum
683 2453 892 2515 venire,
926 2460 981 2505 et
1018 2451 1221 2521 aliquid
1269 2464 1458 2510 contra
1501 2460 1895 2515 sacerdotalem

321 2545 402 2600 vel
451 2543 748 2598 Leviticum
788 2542 1034 2596 ordinem
1081 2543 1310 2613 gerere?
1362 2545 1498 2612 Quid
1530 2558 1708 2605 autem
1751 2562 1804 2607 et
1832 2555 1897 2609 de

320 2635 620 2705 virginibus
653 2634 854 2701 dicam,
886 2643 980 2687 aut
1004 2634 1070 2688 de
1097 2637 1507 2694 continentibus
1535 2642 1619 2697 vel
1642 2645 1896 2702 omnibus

319 2728 412 2798 qui
457 2727 511 2782 in
572 2725 913 2796 professione
951 2728 1230 2799 religionis
1268 2731 1560 2803 videntur?
1613 2735 1804 2793 Nonne
1846 2741 1893 2796 si

316 2817 446 2887 quid
481 2817 930 2884 inverecundum,
958 2818 1037 2873 vel
1059 2821 1392 2890 petulans,si
1420 2825 1548 2893 quid
1581 2840 1891 2897 protervum

317 2911 628 2978 gesserint,
683 2911 864 2978 arguit
917 2927 1011 2967 eos
1057 2914 1316 2968 continuo
1361 2914 1576 2986 Moyses
1621 2929 1674 2972 et
1723 2922 1892 2990 dicit,

320 3021 339 3054 ι
385 3003 557 3059 Homo
590 3005 886 3060 secundum
911 3007 1155 3062 ordinem
1191 3024 1346 3063 suum
1377 3007 1631 3067 incedat?
1652 3031 1673 3066 ι
1707 3014 1892 3084 Agno-

315 3105 431 3152 scat
469 3097 634 3166 igitur
670 3098 1044 3169 unusquisque
1101 3100 1350 3156 ordinem
1412 3117 1597 3168 suum,
1643 3115 1699 3160 et
1761 3107 1889 3176 quid

313 3188 538 3260 dignum
576 3190 648 3243 sit
693 3206 759 3244 eo
785 3191 978 3245 ordine
1009 3206 1169 3260 quem
1209 3195 1480 3264 suscepit,
1521 3196 1806 3267 intelligat,
1837 3208 1890 3254 et

315 3283 388 3334 ita
420 3281 577 3335 libret
608 3291 760 3336 actus
782 3298 930 3349 suos,
965 3284 1034 3336 ita
1061 3286 1228 3339 etiam
1259 3300 1588 3354 sermonem,
1617 3289 1888 3348 incessum

312 3388 526 3443 quoque
555 3374 726 3444 ipsum
748 3384 802 3430 et
830 3376 1068 3430 habitum
1099 3378 1432 3444 moderetur,
1460 3388 1656 3435 utcum
1679 3385 1890 3443 ordinis

311 3467 393 3521 sui
427 3465 766 3536 professione
806 3469 1131 3534 conveniat,
1183 3484 1252 3524 ne
1299 3471 1482 3526 audiat
1514 3472 1617 3529 dici
1671 3477 1739 3530 ad
1768 3493 1828 3533 se
1858 3494 1888 3533 a

314 3559 446 3624 Deo,
474 3560 598 3630 quia
631 3571 882 3630 «propter
915 3577 1009 3618 vos
1031 3578 1228 3619 nomen
1262 3579 1441 3619 meum
1475 3565 1888 3637 blasphematur

308 3652 451 3703 inter
479 3660 668 3718 gentes
697 3651 761 3706 ⁸³.
788 3672 807 3705 ι

376 3767 436 3820 9..
475 3766 614 3833 Quid
663 3777 845 3824 autem
901 3770 970 3825 sit
1020 3771 1165 3841 quod
1214 3773 1380 3842 dicit,
1437 3787 1530 3833 «et
1589 3782 1887 3838 secundum

308 3859 459 3928 signa
491 3875 654 3926 sua,»
707 3862 1008 3918 videamus.
1063 3865 1178 3935 Ego
1229 3877 1358 3938 puto
1414 3871 1579 3940 signa.
1624 3889 1746 3930 esse
1801 3892 1885 3942 ea,

309 3948 506 4018 quibus
532 3951 959 4021 uniuscujusque
986 3957 1294 4025 proprietas
1340 3961 1659 4033 designatur
1689 3983 1704 4022 :
1733 3969 1884 4025 verbi

311 4041 510 4110 gratia,
541 4056 730 4097 omnes
759 4044 975 4112 quidem
1021 4048 1267 4104 homines
1301 4052 1508 4110 similes
1546 4071 1764 4127 sumus,
1792 4062 1886 4115 sed

309 4143 393 4186 est
425 4133 641 4202 propria
669 4135 914 4204 quaedam
963 4137 1390 4212 uniuscujusque
1431 4148 1742 4218 distinctio,
1803 4154 1886 4207 vel

310 4226 364 4281 in
396 4225 510 4294 ipso
533 4225 708 4293 vultu,
740 4227 823 4280 vel
853 4227 906 4281 iu
941 4239 1164 4295 statura,
1197 4234 1282 4289 vel
1315 4237 1368 4290 in
1397 4240 1682 4310 positione,
1716 4246 1797 4300 vel
1832 4247 1884 4302 in

311 4317 519 4382 habitu,
553 4333 650 4387 per
679 4333 820 4387 qum,
867 4321 1017 4375 verbi
1047 4325 1243 4393 gratia,
1292 4327 1489 4386 Paulus
1529 4335 1654 4403 quia
1687 4337 1886 4396 Paulus

311 4408 383 4463 sit
408 4406 742 4478 designatur,
771 4419 826 4463 et
853 4409 1044 4467 Petrus
1070 4414 1198 4483 quia
1227 4417 1419 4475 Petrus
1450 4423 1558 4490 sit,
1593 4433 1646 4480 et
1676 4442 1779 4482 non
1815 4431 1886 4484 sit

307 4498 525 4555 Paulus.
592 4503 866 4558 Interdum
935 4517 1115 4562 autem
1172 4513 1334 4566 etiam
1406 4531 1509 4571 non
1574 4520 1886 4580 videntibus

309 4593 737 4665 uniuscujusque
771 4597 909 4668 signi
957 4599 1247 4659 diversitas
1282 4605 1460 4675 datur,
1498 4619 1555 4664 ut
1577 4625 1641 4666 ex
1666 4629 1803 4670 voce
1833 4625 1888 4671 et

313 4685 524 4755 loquela
549 4698 808 4756 agnoscat
839 4691 987 4744 illum
1019 4708 1140 4748 esse
1171 4695 1252 4750 vel
1277 4696 1428 4752 illum
1469 4701 1560 4770 qui
1594 4701 1840 4773 loquitur
1869 4724 1882 4758 :
1918 4692 1962 4746 Ῑ)

311 4789 365 4832 et
395 4781 686 4834 secundum
719 4798 829 4837 sua:
867 4788 1215 4856 proprietatis
1253 4791 1468 4860 signum
1515 4800 1887 4869 unusquisque

309 4871 474 4924 etiam
501 4871 620 4926 sine
648 4876 914 4943 corporali
955 4879 1164 4934 visione
1187 4887 1555 4952 cognoscitur.
1581 4886 1694 4944 lloc
1725 4891 1886 4946 modo

310 4963 552 5018 arbitror
567 4979 688 5021 esse
715 4968 878 5022 etiam
909 4969 960 5024 in
988 4972 1186 5027 animis
1211 4975 1362 5043 signa
1397 4976 1632 5033 diversa.
1665 4979 1733 5035 Et
1754 4981 1890 5035 alte-

310 5055 422 5109 rius
449 5054 668 5123 quidem
697 5058 862 5112 animi
889 5073 1068 5116 motus
1093 5063 1267 5118 lenior
1290 5074 1395 5131 est,
1431 5068 1598 5140 mitis,
1621 5069 1885 5140 placidus,

312 5148 657 5217 tranquillus,
686 5152 944 5221 aequalis;
970 5155 1192 5212 alterius
1220 5160 1490 5226 turbidus,
1510 5162 1707 5232 elatus,
1732 5181 1889 5236 aspe-

314 5242 445 5303 rior,
486 5241 786 5309 incitatior,
841 5246 1191 5314 petulantior.
1236 5252 1390 5310 Alius
1423 5254 1885 5327 circumspectus,

310 5341 524 5398 cautus,
552 5337 829 5404 providus,
862 5338 1151 5408 sollicitus,
1179 5343 1427 5416 impiger.
1454 5348 1604 5404 Alius
1637 5351 1882 5408 desidio-

311 5447 422 5494 sus,
460 5435 741 5504 remissus,
779 5438 1078 5510 negligens,
1129 5442 1401 5500 incautus.
1456 5445 1520 5500 Et
1547 5447 1604 5503 in
1635 5449 1721 5505 his
1749 5451 1889 5508 alius

315 5523 452 5590 plus,
509 5526 646 5583 alius
698 5530 900 5586 minus.
947 5531 1014 5587 Et
1075 5535 1246 5589 audeo
1306 5540 1693 5607 pronuntiare,
1759 5547 1884 5612 quia

315 5618 561 5676 fortassis
604 5634 804 5692 quanta
848 5625 902 5680 in
947 5629 1128 5697 specie
1169 5631 1350 5684 vultus
1413 5632 1557 5686 inest
1600 5635 1888 5711 diversitas

388 5716 431 5746 "
459 5716 646 5776 Matth.
679 5740 752 5789 vi,
781 5725 868 5780 55.
945 5726 991 5758 ⁸⁸
1023 5727 1179 5784 Rom.
1211 5746 1270 5794 ll,
1302 5731 1390 5785 Ἡ.

394 5851 500 5923 (38)
535 5853 682 5924 Mss.,
716 5877 733 5911 ι
773 5861 985 5934 subjici.
1021 5884 1039 5917 ι
1075 5863 1229 5922 Libb.
1267 5867 1415 5936 editi,
1457 5890 1473 5923 ι
1508 5872 1797 5943 subjicere.
1840 5896 1858 5928 ι

1467 5731 1513 5762 ⁸³
1543 5731 1563 5786 l
1593 5731 1717 5788 Cor.
1752 5753 1823 5802 ix,
1854 5739 1938 5794 27.

2019 710 2214 764 rentia.
2243 709 2390 765 Sicut
2415 718 2468 764 et
2501 711 2958 780 sapientissimum
2989 711 3341 766 Salomonem
3375 713 3587 766 memini

2015 802 2244 870 quodam
2281 801 2400 857 loco
2435 802 2700 856 dicentem
2739 819 2753 855 :
2793 821 2810 853 ι
2837 801 2992 856 Sicut
3025 801 3229 858 diversi
3265 809 3391 855 sunt
3418 800 3590 856 vultus

2013 893 2267 962 vultibus,
2295 895 2365 947 ita
2397 903 2452 949 et
2483 894 2697 948 diversa
2731 903 2860 948 sunt
2896 892 3064 948 corda
3088 893 3396 948 hominum.
3433 910 3454 945 ι
3488 891 3590 947 Sed

2014 987 2404 1056 unusquisque,
2461 996 2519 1039 ut
2551 987 2624 1040 ait
2655 985 2890 1056 Moyses,
2942 986 3244 1040 secundum
3294 987 3449 1055 signa
3496 1000 3587 1039 sua

2012 1078 2246 1141 incedat,
2300 1078 2350 1132 id
2387 1087 2492 1144 est,
2529 1093 2598 1132 ne
2629 1078 2674 1132 is
2700 1116 2716 1141 ,
2751 1075 3169 1155 cujusliumilia
3223 1085 3278 1131 et
3333 1078 3590 1144 despecta

2011 1178 2134 1223 sunt
2181 1168 2358 1237 signa,
2394 1168 2590 1224 elatior
2618 1168 2858 1232 incedat,
2911 1168 2995 1223 vel
3035 1167 3200 1223 altior
3249 1183 3415 1237 quam
3471 1167 3588 1220 ani-

2011 1276 2224 1315 morum
2287 1276 2508 1316 suorum
2565 1262 2719 1332 signa
2773 1261 3095 1332 deposcunt.
3170 1260 3236 1314 Et
3303 1272 3360 1315 ut
3419 1260 3590 1316 adhuc

2011 1353 2243 1423 amplius
2271 1353 2604 1409 diversitatis
2633 1354 2917 1423 signorum
2945 1354 3082 1408 ratio
3107 1353 3400 1419 clarescat,
3427 1354 3589 1407 adde-

2015 1459 2132 1499 mus
2177 1446 2342 1499 etiam
2385 1446 2517 1500 hate.
2545 1447 2750 1502 Omnes
2797 1446 2890 1517 qui
2941 1446 3154 1501 litteras
3180 1445 3592 1514 norunt.279

2008 1540 2217 1585 certum
2257 1539 2339 1585 est
2369 1536 2510 1600 quod
2543 1533 2729 1602 viginti
2781 1541 3016 1603 quatuor
3045 1532 3091 1588 si
3139 1532 3351 1600 Graeca,
3401 1534 3587 1604 viginti

2009 1621 2111 1674 tria
2153 1621 2197 1676 si
2245 1619 2437 1676 Latina
2471 1622 2772 1676 litterarum
2808 1622 3074 1679 elementa
3100 1625 3411 1689 didicerint,
3443 1635 3498 1680 et
3523 1639 3589 1679 ex

2007 1711 2095 1768 his
2166 1713 2347 1767 omnia
2399 1729 2733 1784 qumcunqne
2791 1717 3076 1773 scribenda
3124 1727 3271 1786 sunt,
3313 1719 3586 1774 scribunt.

2005 1802 2164 1856 Aliud
2201 1811 2381 1858 tamen
2414 1804 2650 1875 signum,
2690 1805 2839 1858 verbi
2873 1807 3070 1874 gratia,
3097 1807 3258 1876 alpha
3282 1809 3426 1878 quod
3452 1807 3590 1863 Pau-

2007 1891 2089 1946 lus
2123 1893 2436 1963 scripserit,
2474 1895 2661 1960 habet,
2705 1905 2758 1949 et
2801 1894 2944 1950 aliud
2977 1897 3120 1964 quod
3153 1895 3385 1965 Petrus;
3426 1906 3482 1952 et
3511 1899 3591 1954 sic

1934 1965 1976 2024 Β
2007 1996 2104 2049 per
2127 1983 2374 2051 singulos
2417 1984 2690 2049 homines,
2730 1985 2821 2054 qui
2850 1984 3063 2040 litteras
3102 1996 3322 2052 norunt,
3374 1988 3589 2044 diversa

2006 2073 2276 2128 scribendi
2313 2090 2409 2143 per
2447 2074 2688 2142 singulas
2719 2091 2962 2146 quasque
2988 2077 3204 2133 litteras
3242 2079 3395 2150 signa
3430 2095 3587 2150 repe-

2007 2165 2138 2220 ries.
2202 2163 2356 2220 Unde
2411 2176 2466 2220 et
2515 2167 2878 2238 chirographa
2941 2171 3280 2241 singulorum
3337 2175 3588 2230 manibus

2004 2255 2233 2325 scripta,
2258 2257 2495 2326 propriis
2523 2259 2850 2327 quibusdam
2886 2260 3059 2332 signis
3086 2272 3140 2317 et
3169 2263 3384 2319 iudiciis
3426 2281 3590 2336 agno-

2008 2357 2266 2411 scuntur;
2301 2357 2355 2401 et
2383 2364 2505 2402 cum
2526 2348 2635 2402 sint
2662 2349 2932 2404 elementa
2957 2352 3169 2420 eadem,
3195 2362 3276 2407 est
3313 2363 3492 2411 tamen
3533 2355 3588 2410 in

2002 2437 2119 2505 ipsa
2149 2436 2507 2492 similitudine
2538 2437 2844 2493 litterarum
2880 2440 3048 2494 multa
3082 2443 3479 2498 dissimilitudo
3507 2446 3587 2499 si-

2001 2543 2252 2598 gnorum.
2287 2527 2457 2600 igitur
2503 2529 2544 2584 si
2580 2530 2792 2600 integre
2838 2532 2934 2587 tibi
2968 2535 3262 2603 pr0positm
3294 2537 3373 2590 rei
3416 2537 3590 2606 patuit

2001 2619 2332 2689 exetnplum,
2361 2621 2484 2676 veni
2519 2637 2662 2676 nunc
2714 2624 2782 2677 ad
2835 2634 3015 2678 motus
3064 2627 3265 2682 mentis
3294 2639 3349 2683 et
3379 2629 3589 2683 animo-

2002 2725 2145 2776 rum,
2177 2711 2380 2779 quibus
2427 2710 2493 2764 ad
2527 2711 2732 2781 aliquid
2779 2716 3126 2770 concitantur
3148 2720 3467 2789 gerendum.
3499 2718 3588 2774 lu-

2003 2814 2157 2858 tuere
2179 2803 2516 2874 singulorum
2555 2807 2792 2860 virorum
2824 2808 3185 2880 chirographa
3219 2820 3274 2865 et
3303 2813 3427 2867 vide
3446 2829 3585 2882 quo—

2000 2895 2182 2962 modo,
2221 2897 2369 2951 verbi
2406 2898 2605 2967 gratia,
2640 2898 2857 2954 animus
2899 2899 3052 2955 Pauli
3101 2905 3386 2974 proposuit
3416 2907 3585 2962 casti-

2001 2995 2261 3053 tatem,et
2293 2989 2512 3044 animus
2537 2991 2895 3050 nihilominus
2917 2993 3098 3062 Petri;
3130 2998 3222 3051 sed
3253 3008 3336 3053 est
3365 3001 3583 3069 prepria

1997 3079 2244 3146 quaedam
2276 3082 2504 3137 castitas
2521 3083 2685 3150 Petri,
2703 3094 2755 3139 et
2782 3086 2888 3140 alia
2915 3090 3141 3144 castitas
3166 3090 3343 3155 Pauli,
3367 3092 3584 3148 etiamsi

1999 3185 2106 3225 una
2138 3174 2441 3245 eademque
2472 3175 2742 3232 videatur.
2777 3179 3018 3250 Denique
3061 3182 3293 3240 alterius
3334 3186 3582 3256 ipsorum

2002 3265 2132 3322 talis
2187 3269 2413 3323 castitas
2465 3279 2568 3335 est,
2602 3287 2722 3340 quae
2762 3275 3002 3344 requirat
3055 3279 3326 3332 macerari
3377 3296 3582 3349 corpus

2003 3374 2181 3424 suum,
2213 3369 2268 3414 et
2298 3361 2492 3430 subjici
2528 3363 2646 3441 (58)
2695 3367 2970 3432 servituti,
3017 3377 3072 3424 et
3115 3385 3234 3438 qua:
3264 3371 3443 3427 adhuc
3502 3374 3587 3428 di-

2001 3459 2091 3504 cat
2123 3450 2171 3482 ”
2205 3465 2220 3505 :
2260 3469 2279 3504 ι
2315 3451 2538 3520 Castigo
2579 3471 2778 3526 corpus
2804 3474 3007 3525 meum,
3038 3477 3105 3515 ne
3136 3459 3277 3516 forte
3300 3465 3422 3519 aliis
3448 3481 3586 3535 prc-

1997 3541 2190 3597 dicans
2240 3542 2354 3612 ipse
2391 3548 2654 3616 reprobus
2711 3549 2997 3616 inveniar;
3045 3571 3065 3605 ι
3118 3554 3347 3612 alterius
3400 3568 3585 3612 autem

1998 3634 2222 3690 castitas
2260 3635 2383 3691 talis
2412 3647 2518 3703 est,
2556 3655 2676 3708 quae
2701 3641 2841 3696 istud
2866 3643 3006 3698 forte
3031 3660 3136 3699 non
3188 3626 3396 3702 timeat.
3422 3647 3587 3703 Simi-

1997 3723 2122 3778 liter
2147 3735 2201 3778 et
2221 3725 2434 3795 justitia
2476 3730 2640 3784 habet
2670 3731 2876 3802 aliquid
2916 3737 3271 3804 proprietatis
3301 3738 3358 3793 in
3388 3739 3583 3801 Paulo.

1998 3813 2161 3868 habet
2191 3823 2246 3870 et
2279 3817 2330 3870 in
2367 3817 2550 3874 Petro.
2579 3821 2781 3876 Eodem
2815 3824 2974 3879 modo
3005 3836 3059 3880 et
3109 3828 3382 3898 sapientia
3428 3843 3587 3885 caete-

1998 3921 2179 3975 rmque
2205 3910 2452 3966 virtutes.
2478 3911 2631 3980 Quod
2657 3913 2700 3968 si
2731 3915 2895 3970 etiam
2928 3917 2981 3973 in
3015 3917 3102 3974 his
3127 3921 3437 3978 nominibus
3462 3938 3587 3993 quae

1999 4001 2230 4072 exempli
2264 4019 2425 4058 causa
2466 4006 2766 4073 posuimus,
2805 4017 2983 4078 potest
3016 4010 3132 4066 ﬁeri
3165 4019 3220 4066 ut
3259 4028 3386 4067 cum
3412 4031 3579 4070 unum

2002 4093 2114 4146 sint
2137 4107 2235 4162 per
2263 4092 2531 4164 Spiritum
2557 4094 2677 4161 Dei,
2696 4099 2768 4152 sit
2791 4106 2968 4154 tamen
2999 4100 3180 4172 aliqua
3208 4103 3501 4160 diversitas
3527 4107 3580 4162 in

1997 4183 2236 4253 ipsarum
2263 4187 2600 4255 proprietate
2627 4189 2910 4255 virtutum,
2942 4205 3151 4261 quanto
3183 4196 3360 4266 magis
3385 4198 3581 4267 reliqui

1998 4290 2191 4332 omnes
2221 4277 2470 4335 homines
2497 4281 2716 4352 propria
2750 4286 2997 4352 quaedam
3045 4285 3200 4355 signa
3244 4288 3298 4342 in
3346 4292 3585 4345 motibus

1997 4368 2303 4423 animorum
2334 4378 2388 4424 et
2416 4371 2613 4426 anima:
2633 4374 2926 4429 virtutibus
2955 4377 3346 4447 gerunt?Qu:e
3364 4380 3583 4454 Moyses

1996 4458 2224 4528 mystica
2273 4459 2487 4515 ratione
2546 4465 2923 4532 perspiciens,
2974 4467 3168 4522 scribit
3223 4470 3276 4523 in
3330 4471 3472 4542 lege,
3523 4482 3584 4526 ut

1997 4552 2366 4620 unusquisque
2396 4555 2694 4609 secundum
2727 4555 2881 4626 signa
2916 4559 3249 4614 snaincedat
3276 4561 3329 4614 in
3357 4563 3579 4617 castris.

1995 4639 2185 4696 Potest
2227 4653 2410 4697 autem
2442 4644 2556 4700 fieri
2588 4654 2646 4700 ut
2676 4648 3023 4704 minulatioue
3054 4666 3283 4721 operum
3307 4653 3578 4707 bonorum

1993 4733 2061 4788 ab
2096 4733 2451 4791 inferioribus
2480 4738 2652 4806 signis
2723 4741 2789 4794 ad
2836 4742 3062 4796 meliora
3113 4752 3169 4798 et
3219 4747 3582 4816 magnificen-

1993 4823 2134 4876 tiora
2169 4825 2469 4881 veniamus.
2508 4826 2563 4881 Si
2599 4829 2744 4883 enim
2788 4840 2939 4886 recte
2986 4847 3014 4885 a
3046 4836 3202 4889 nobis
3236 4836 3577 4892 intellectum

1990 4926 2098 4980 est,
2147 4916 2261 4970 haec
2291 4917 2472 4972 omnia
2504 4935 2625 4988 qua:
2674 4921 2725 4975 in
2762 4921 2879 4993 lege
2924 4927 3129 4996 scripta
3175 4937 3324 4994 sunt,
3371 4929 3580 4984 formas

1991 5019 2113 5060 esse
2145 5006 2454 5063 futurorum
2487 5009 2750 5066 bonorum
2776 5013 2842 5082 ⁸⁸,
2865 5025 2917 5070 et
2942 5017 3087 5073 illius
3120 5021 3306 5075 saeculi
3337 5013 3484 5092 quod
3506 5037 3580 5077 ex

1992 5101 2393 5155 resurrectione
2447 5103 2782 5160 mortuorum
2831 5123 3159 5177 speramus,
3230 5125 3444 5168 certum
3492 5126 3583 5170 est

1987 5189 2174 5258 utique
2201 5192 2346 5260 quod
2373 5194 2416 5248 si
2446 5193 2497 5247 in
2526 5198 2776 5265 praesenti
2803 5200 2913 5253 vita
2941 5200 3298 5259 habuerimus
3332 5207 3575 5260 studium

1989 5279 2297 5348 meliorum,
2332 5293 2388 5338 et
2435 5287 2736 5343 secundum
2777 5291 3027 5362 Apostoli
3054 5296 3364 5365 exemplum
3393 5311 3582 5369 poste-

1989 5375 2136 5431 riora
2166 5377 2548 5436 obliviscentes
2607 5384 2674 5438 ad
2706 5399 2767 5439 ea
2815 5403 2935 5457 qua:
2971 5390 3023 5444 in
3067 5401 3193 5446 ante
3223 5404 3352 5448 sunt
3382 5408 3568 5451 exten-

1985 5467 2216 5523 damur:
2239 5471 2293 5524 in
2326 5478 2724 5533 resurrectione
2749 5490 3111 5548 mortuorum,
3133 5483 3224 5538 ubi
3244 5487 3385 5541 sicut
3408 5490 3574 5544 stella

1988 5554 2058 5609 ab
2080 5557 2237 5612 stella
2271 5560 2524 5618 dill‘ertin
2544 5566 2714 5635 gloria
2749 5568 2817 5634 ⁸⁵,
2845 5569 2986 5626 itaet
3013 5574 3555 5647 uniusrujusqueme

1985 5647 2087 5700 rita
2118 5650 2480 5721 refulgebunt,
2535 5660 2834 5725 poterimus
2851 5663 3037 5732 utique
3053 5667 3120 5722 ab
3141 5667 3581 5728 inferioribusad

2019 5742 2064 5775 ⁸⁸
2092 5744 2258 5804 Hebr.
2292 5766 2345 5813 x,
2379 5753 2425 5805 l.
2502 5753 2546 5785 ⁸⁸
2574 5754 2593 5807 1
2623 5755 2747 5816 Cor.
2780 5775 2868 5827 xv,
2901 5763 2988 5818 41.
