3914 6504
432 371 535 428 593

1634 370 1702 425 IN
1741 366 2071 426 NUMEROS
2111 367 2395 426 IIOMILIA
2428 371 2516 428 Ill.

3584 374 3689 432 59%

430 495 661 549 meliora
694 494 849 566 signa
879 504 933 549 et
971 495 1298 567 fulgentiora
1333 493 1641 562 transferri,
1677 506 1732 551 et
1770 495 2009 566 splendi-
2039 497 2084 554 Α
2116 497 2266 552 erisi.
2320 497 2514 553 Melius
2583 508 2761 554 autem
2824 498 3054 554 dicimus
3109 501 3173 555 ad
3226 498 3686 570 comparationem
3762 529 3772 545 κ

430 588 675 643 dioribus
701 589 977 646 sideribus
1004 591 1303 659 exaequari.
1334 592 1513 661 Atque
1540 592 1808 645 intantum
1834 601 2012 660 potest

432 692 627 734 natura
680 682 918 736 humana
957 684 1007 737 in
1044 685 1147 738 hac
1181 683 1290 738 vita
1333 685 1618 753 prolicere,
1650 692 1708 737 ut
1733 684 1785 738 in
1821 699 2007 738 resur-

431 772 677 828 rectione
706 783 1047 829 mortuorum
1094 790 1201 830 non
1256 776 1429 830 solum
1464 776 1744 831 stellarum
1800 778 2005 848 gloriae.

429 866 527 920 sed
580 876 635 920 et
683 867 815 921 solis
846 868 1123 936 splendori
1159 870 1334 923 valeat
1382 871 1679 937 exaequari,
1709 872 2006 924 secumlum

430 958 571 1025 quod
600 960 860 1028 scriptum
894 971 978 1015 est
1006 962 1077 1025 ³⁸,
1108 963 1237 1030 quia
1274 982 1292 1015 ι
1345 964 1480 1033 justi
1522 963 1801 1035 fulgebunt
1832 965 1882 1017 in
1920 977 2006 1017 re-

428 1065 536 1120 gno
565 1049 655 1106 Dei
694 1052 832 1105 sicut
864 1054 967 1109 sol.
1002 1073 1019 1104 ι
1058 1053 1192 1109 llinc
1224 1071 1354 1125 ergo
1377 1066 1479 1125 est,
1524 1057 1668 1126 quod
1695 1066 1749 1111 et
1784 1056 1835 1111 in
1870 1055 2009 1110 infe-

430 1142 673 1196 riorihus
700 1142 831 1197 dicit
858 1144 904 1175 "
942 1162 955 1198 :
999 1164 1018 1196 ι
1054 1147 1354 1201 secundum
1383 1150 1538 1220 signa
1565 1164 1798 1217 sua,per
1818 1148 2008 1203 domos

428 1232 761 1288 familiarum
786 1250 1031 1292 suarum.
1077 1258 1095 1290 ι
1125 1238 1277 1304 Quod
1304 1240 1453 1304 dicit,
1496 1260 1515 1293 ι
1563 1256 1663 1311 per
1705 1242 1894 1296 domos
1926 1241 2009 1294 fa-

428 1325 704 1379 miliarum
734 1342 974 1389 suarum,
1017 1347 1035 1379 ι
1074 1329 1125 1382 in
1169 1328 1364 1384 Graeco
1417 1331 1560 1386 idem
1592 1346 1772 1385 sermo
1798 1330 2008 1400 positus

428 1423 535 1480 est,
564 1430 722 1483 quem
754 1424 807 1468 et
836 1417 905 1471 ibi
936 1419 1223 1487 Apostolus
1253 1420 1402 1482 dicit,
1423 1420 1514 1475 ubi
1538 1421 1613 1474 ait
1640 1421 1687 1453 ⁸⁸
1718 1439 1731 1474 :
1778 1440 1795 1472 ι
1840 1420 2007 1489 llnjus

430 1507 506 1560 rei
529 1508 701 1575 gratia
732 1523 901 1563 curvo
929 1525 1100 1578 genua
1140 1526 1256 1564 mea
1284 1511 1349 1565 ad
1380 1510 1597 1567 Patrem
1641 1513 1857 1567 Domini
1909 1527 2008 1566 no-

429 1598 531 1653 stri
560 1598 686 1654 Jesu
729 1599 956 1665 Christi,
987 1616 1052 1656 ex
1078 1616 1183 1671 quo
1214 1604 1393 1657 omnis
1428 1605 1726 1672 paternitas
1761 1606 1813 1659 in
1867 1604 2008 1659 coelo

427 1702 484 1744 et
519 1692 569 1745 in
614 1702 759 1746 terra
795 1693 1126 1749 nominatur.
1168 1715 1187 1747 ι
1219 1696 1363 1763 Quas
1394 1711 1523 1765 ergo
1558 1697 1645 1761 hic
1676 1697 1873 1752 Paulus
1911 1714 2007 1768 pa-

430 1784 714 1839 ternitates
748 1786 901 1852 dicit,
930 1787 1001 1840 ibi
1052 1787 1290 1843 familias
1332 1789 1512 1856 posuit
1558 1788 1786 1843 Latinus
1834 1792 2006 1843 inter-

428 1890 579 1946 pres,
607 1878 702 1931 sed
721 1893 861 1933 unus
878 1888 1040 1948 atque
1070 1880 1211 1935 idem
1244 1897 1424 1936 sermo
1454 1882 1687 1936 habetur
1713 1883 1763 1934 in
1792 1880 1999 1936 Graeco.

429 1965 554 2021 Ista:
574 1977 703 2022 sunt
729 1984 858 2040 ergo
886 1972 1262 2039 paternitates,
1291 1974 1375 2028 vel
1404 1972 1626 2027 familire
1648 1988 1782 2042 quas
1812 1973 2007 2028 Paulus

428 2062 645 2131 quidem
675 2062 787 2131 jam
841 2065 1080 2118 oswndit
1130 2064 1183 2118 in
1227 2064 1402 2129 caelis,
1437 2063 1647 2135 Moyses
1695 2073 1873 2119 autem
1906 2067 2007 2120 sub

431 2154 620 2224 figuris
670 2156 850 2210 adhuc
894 2156 1164 2225 legalibus
1199 2157 1457 2212 describit
1504 2159 1557 2211 in
1589 2159 1785 2224 terris;
1815 2172 2007 2213 secun-

429 2249 555 2298 dum
587 2259 723 2314 quas
748 2246 1002 2301 incedere
1039 2262 1137 2301 nos
1163 2257 1364 2313 monet,
1397 2258 1457 2303 ut
1508 2249 1777 2319 possimus
1837 2250 2002 2303 caele-

424 2339 605 2392 stibus
638 2340 1055 2406 paternitatibus
1098 2340 1320 2394 sociari.
1352 2338 1491 2395 Sunt
1529 2342 1694 2404 enim,
1732 2340 2005 2398 utPanlus

426 2429 675 2498 superius
690 2430 1079 2499 pronuntiavit,
1102 2431 1214 2485 sive
1230 2430 1447 2487 familia:
1465 2433 1581 2487 istae
1598 2433 1840 2487 dicenda:
1857 2444 2001 2495 sunt,

425 2522 543 2574 sive
560 2513 910 2590 paternitates
924 2523 977 2575 in
994 2523 1151 2588 coelo,
1172 2539 1233 2578 ex
1250 2523 1445 2592 quibus
1463 2525 1599 2579 forte
1612 2533 1694 2579 est
1712 2525 1821 2589 illa,
1843 2540 2003 2591 quam

427 2614 481 2666 in
513 2613 620 2667 alio
655 2613 774 2668 loco
810 2614 1060 2669 nominat
1091 2616 1230 2669 idem
1262 2615 1465 2670 Paulus
1488 2616 1785 2671 Ecclesiam
1815 2618 2002 2687 primi-

424 2705 658 2764 tivorum
699 2706 994 2775 ascriptam
1064 2707 1115 2760 in
1172 2707 1325 2762 caelis
1353 2709 1435 2773 '9;
1507 2709 1594 2762 cui
1644 2724 1745 2763 nos
1782 2709 1999 2764 eveniet

422 2798 649 2862 sociari,
683 2798 725 2853 si
766 2800 1064 2854 secundum
1095 2800 1341 2855 ordinem
1380 2800 1697 2855 incedamus
1732 2810 1785 2853 ct
1820 2801 2001 2854 omnia

421 2893 723 2947 secundum
747 2895 992 2947 ordinem
1028 2908 1300 2962 geramus.
1345 2892 1401 2948 Si
1435 2894 1570 2947 nihil
1610 2894 2001 2959 inordinatum,

422 2983 560 3038 nihil
609 2984 948 3053 inquietum,
995 2984 1133 3038 nihil
1184 2986 1531 3040 inhonestum
1577 2972 1889 3040 inveniatur
1946 2984 2003 3041 in

422 3078 607 3140 nobis,
644 3086 776 3132 tunc
807 3089 860 3132 et
894 3078 1035 3131 sicut
1086 3077 1489 3131 firmamentum
1514 3079 2000 3148 resplendebimus,

2042 1840 2084 1894 Β

2111 592 2400 646 malorum.
2437 592 2578 647 Vere
2623 584 2803 649 autem
2847 596 3063 660 melius,
3112 606 3167 650 et
3197 609 3325 649 vere
3372 594 3590 657 rectius.
3624 611 3686 648 ac

2111 684 2410 754 perfectius
2466 695 2568 751 est,
2626 695 2685 740 ut
2718 688 2808 756 qni
2861 690 3009 742 audit
3057 689 3281 743 verbum
3332 689 3446 755 Dei,
3495 686 3685 742 audiat

2112 780 2278 835 corde
2311 781 2453 836 bono
2496 790 2549 835 et
2591 781 2849 851 simplici,
2874 786 3061 838 audiat
3093 786 3255 840 corde
3284 793 3433 838 recto
3480 792 3534 836 et
3590 798 3685 852 pa-

2112 881 2257 937 rato,
2285 880 2341 925 ut
2370 870 2524 941 quasi
2554 871 2607 925 in
2652 880 2802 927 terra
2837 874 2978 927 bona
3012 873 3303 929 fructifieet
3348 880 3402 927 et
3449 882 3682 926 crescat.

2111 966 2237 1021 Haec
2268 967 2321 1021 in
2349 966 2668 1036 praefatione
2684 967 2920 1021 diximus
2938 976 3157 1035 propter
3184 965 3474 1020 nonnullos
3497 980 3683 1019 eorum

2110 1048 2203 1129 qui
2238 1059 2305 1113 ad
2357 1058 2685 1111 audiendum
2721 1074 2823 1111 non
2866 1058 3128 1127 simplici,
3178 1074 3275 1113 nec
3314 1057 3455 1112 fideli
3506 1066 3687 1111 mente

2110 1148 2464 1203 conveniunt.
2500 1148 2665 1218 280
2714 1148 2788 1202 De
2815 1147 3137 1217 quibusdam
3184 1148 3310 1202 dico
3350 1148 3693 1203 catechume-

2114 1243 2216 1306 nis,
2252 1241 2452 1312 quibus
2484 1242 2720 1295 fortasse
2749 1241 2995 1295 nonnulli
3031 1240 3196 1294 etiam
3238 1256 3425 1295 eorum
3456 1240 3546 1307 qui
3572 1239 3687 1307 jam

2112 1338 2446 1405 baptismum
2489 1336 2766 1391 consecuti
2804 1345 2949 1400 sunt,
2982 1334 3287 1388 sociantur.
3328 1352 3345 1383 ι
3385 1333 3500 1387 Non
3539 1333 3685 1387 enim

2114 1443 2303 1483 omnes
2339 1429 2430 1498 qui
2475 1444 2537 1483 ex
2580 1426 2771 1488 Israel,
2810 1427 2842 1479 ii
2875 1434 3000 1480 sunt
3029 1425 3397 1489 lsraelitae";
3447 1444 3463 1474 ι
3512 1436 3688 1491 neque

2110 1536 2302 1575 omnes
2354 1519 2446 1588 qui
2490 1518 2582 1573 loti
2637 1526 2759 1571 sunt
2816 1532 2976 1585 aqua,
3038 1516 3298 1569 continuo
3348 1515 3509 1569 etiam
3562 1528 3688 1567 san-

2110 1621 2198 1665 cto
2235 1609 2439 1679 Spiritu
2474 1609 2566 1663 loti
2608 1617 2768 1664 sunt:
2819 1608 2958 1661 sicut
2984 1606 3295 1661 econtrario
3342 1621 3449 1659 non
3498 1616 3688 1657 omnes

2109 1703 2200 1772 qui
2245 1703 2297 1756 in
2366 1699 2779 1757 catechumenis
2814 1705 3198 1761 numerantur,
3239 1695 3400 1748 alieni
3457 1701 3583 1747 sunt
3631 1700 3687 1745 et

2110 1804 2361 1864 expertes
2407 1792 2645 1863 Spiritus
2677 1792 2875 1846 sancti.
2910 1788 3136 1843 Invenio
3164 1786 3307 1840 enim
3349 1786 3399 1839 in
3436 1783 3685 1852 Scriptu-

2114 1890 2189 1943 ris
2213 1887 2414 1942 divinis
2450 1884 2740 1939 nonnullos
2764 1882 3284 1937 catechumenorum
3313 1876 3506 1946 dignos
3530 1873 3686 1927 habi-

2113 1994 2195 2038 tos
2224 1981 2431 2053 Spiritu
2480 1991 2693 2043 sancto,
2725 1987 2777 2033 et
2824 1977 2959 2031 alios
2987 1982 3211 2042 accepto
3241 1971 3513 2040 baptismo
3539 1966 3685 2021 indi-

2109 2090 2242 2146 gnos
2280 2073 2445 2128 fuisse
2501 2072 2675 2127 sancti
2709 2070 2944 2139 Spiritus
3000 2067 3196 2134 gratia.
3223 2062 3503 2120 Cornelius
3536 2065 3685 2113 eate-

2109 2167 2409 2220 clnuncnus
2443 2171 2563 2219 erat
2592 2164 2661 2227 9’,
2699 2172 2750 2215 et
2797 2170 3090 2228 antequam
3135 2156 3198 2211 ad
3227 2170 3422 2224 aquam
3453 2151 3681 2211 veniret,

2110 2258 2311 2312 meruit
2340 2256 2589 2324 accipere
2641 2253 2904 2323 Spiritum
2953 2258 3226 2304 sanetum.
3269 2246 3457 2301 Simon
3510 2243 3686 2313 bapti-

2108 2364 2286 2405 smum
2307 2356 2616 2417 acceperat,
2648 2345 2743 2402 sed
2767 2344 3023 2414 quoniam
3048 2356 3169 2395 eum
3200 2336 3473 2410 hypocrisi
3500 2350 3683 2389 acces-

2107 2443 2176 2498 sit
2198 2444 2264 2495 ad
2294 2443 2550 2511 gratiam,
2598 2440 2923 2508 repudiatur
2950 2453 2979 2491 a
3014 2438 3153 2492 dono
3208 2434 3447 2500 Spiritus
3478 2432 3677 2487 sancti.

2107 2538 2245 2592 Nolo
2280 2538 2495 2592 dubites
2529 2543 2583 2588 et
2626 2548 2770 2588 nunc
2815 2545 2939 2586 esse
2988 2530 3039 2583 in
3088 2525 3287 2595 populo
3335 2523 3684 2578 catechume-

2106 2644 2300 2684 norum
2337 2629 2547 2696 aliquos
2572 2624 2881 2687 Cornelios,
2914 2623 2982 2676 ad
3020 2635 3159 2691 quos
3189 2617 3293 2672 dici
3327 2615 3526 2686 possit,
3554 2613 3682 2683 quia

2108 2721 2504 2777 misericordia:
2536 2729 2589 2773 et
2628 2717 2908 2793 orationes
2940 2724 3043 2768 tua:
3070 2709 3433 2766 ascenderunt
3472 2706 3523 2759 in
3575 2718 3688 2758 cte-

2106 2816 2216 2869 lum
2251 2814 2394 2883 (59);
2440 2824 2495 2866 et
2551 2826 2764 2866 rursum
2800 2810 2852 2863 in
2902 2804 3102 2876 populo
3135 2802 3371 2858 fidelium
3402 2813 3526 2855 esse
3581 2795 3685 2850 ali-

2106 2922 2240 2978 quos
2298 2905 2567 2971 Simones,
2598 2904 2796 2973 quibus
2827 2895 3472 2957 confidenterdicendum
3506 2890 3682 2946 sit“:

2113 3018 2132 3052 ι
2172 2999 2216 3055 Ο
2252 2998 2407 3067 plene
2446 2999 2592 3052 omni
2644 2997 2771 3049 dolo
2817 3002 2871 3047 et
2920 2991 3154 3057 fallacia,
3192 2990 3263 3042 [ili
3296 2986 3519 3049 diaboli,
3576 2996 3684 3037 mt-

2109 3099 2248 3153 mice
2277 3094 2456 3151 omnis
2505 3090 2753 3159 iustitiae.
2797 3106 2815 3138 ι
2855 3084 2981 3139 Haec
3017 3097 3116 3153 ego
3165 3081 3230 3134 ad
3280 3076 3681 3145 correptione-tu

418 3177 481 3223 et
525 3169 667 3225 sicut
716 3170 885 3224 stella:
912 3179 964 3225 et
1012 3170 1090 3224 sol
1138 3169 1253 3239 ipse
1304 3170 1694 3242 refulgebimus
1739 3171 1790 3224 iu
1835 3187 2000 3242 regno

2108 3193 2211 3248 mei
2267 3192 2436 3261 ipsius
2489 3188 2719 3258 loquor,
2772 3197 2880 3236 non
2935 3178 3108 3235 solum
3154 3174 3480 3230 auditorum.
3534 3168 3683 3224 Unus

424 3260 573 3326 Dei,
656 3276 751 3329 per
819 3261 1096 3316 Christum
1178 3262 1463 3315 Dominum
1531 3272 1777 3315 nostrum
1820 3302 1837 3325 ,
1914 3265 1999 3317 cui

420 3360 511 3405 est
570 3350 747 3421 gloria
814 3361 869 3405 et
933 3352 1226 3422 imperium
1287 3353 1353 3406 in.
1406 3355 1603 3407 saecula
1659 3355 1999 3413 surculorum.

412 3445 617 3502 Amen.

1008 3537 1293 3595 HOMILIA
1326 3539 1414 3593 111.

419 3652 506 3709 De
531 3671 588 3709 eo
616 3656 756 3725 quod
784 3658 1038 3724 scriptum
1058 3666 1131 3726 est
1160 3656 1242 3704 ὀε
1280 3674 1298 3708 ι
1339 3655 1451 3725 Ego
1487 3660 1749 3726 assumpsi
1796 3659 2001 3715 Levilas

497 3724 763 3800 degutedio
806 3726 1039 3800 filiorum
1089 3724 1262 3779 Israel
1331 3724 1425 3800 pro
1465 3730 1605 3782 ontm'
1657 3724 2002 3800 primogenita

496 3798 587 3865 ’μή
624 3798 863 3865 adaperi!
897 3797 1130 3860 vulvam,
1160 3815 1177 3847 ι
1212 3807 1262 3849 et
1287 3797 1513 3866 reliqua.

496 3913 549 3964 1.
585 3909 859 3977 Scriptum
897 3918 980 3964 est
1014 3909 1079 3963 de
1118 3924 1337 3978 manna,
1384 3911 1509 3979 quia
1541 3914 1835 3969 secundum
1870 3926 2002 3969 tem-

412 4019 524 4073 pus
559 4002 688 4057 illud
713 4002 757 4057 si
790 4002 912 4071 quis
943 4002 995 4056 id
1030 4002 1102 4055 ita
1132 4003 1515 4071 assumpsisset
1566 4014 1624 4058 ut
1666 4016 2002 4076 prteceperat

416 4098 591 4163 Deus,
646 4097 949 4151 nutriretur
1000 4112 1067 4151 ex
1110 4109 1173 4149 eo
1202 4112 1216 4158 ;
1249 4096 1292 4149 si
1322 4097 1446 4166 quis
1482 4111 1612 4151 vero
1636 4108 1827 4153 contra
1863 4116 2002 4169 prae-

408 4202 640 4261 ceptum
685 4190 801 4254 Dei,
833 4200 888 4244 et
933 4196 1119 4244 contra
1171 4197 1434 4243 statutum
1483 4190 1748 4245 divinitus
1784 4195 1998 4248 modum

406 4283 685 4338 voluisset
714 4296 1016 4346 assumere,
1038 4296 1142 4335 non
1164 4280 1438 4336 frueretur
1472 4297 1559 4348 eo,
1594 4293 1653 4338 ut
1682 4284 1827 4338 vitali
1856 4287 1998 4350 cibo,

404 4376 512 4432 sed
545 4390 756 4430 vermes
793 4374 1085 4431 ebullirent
1125 4388 1191 4427 ex
1233 4389 1320 4428 eo.
1353 4373 1418 4427 Et
1469 4376 1541 4429 ita
1576 4376 1760 4441 ﬁebat,
1794 4389 1852 4433 ut
1893 4394 1997 4433 una

406 4478 584 4537 atque
635 4470 824 4521 eadem
879 4467 1087 4536 species
1120 4482 1332 4520 manna:
1368 4466 1491 4522 aliis
1526 4469 1743 4537 quidem
1784 4486 1997 4525 vermes

404 4570 469 4614 et
498 4560 819 4629 putredines
857 4570 1166 4629 generaret,
1207 4558 1326 4612 aliis
1356 4572 1484 4613 vero
1522 4559 1790 4615 salubrem
1818 4562 1995 4616 cibum

401 4653 714 4717 conferret,
756 4662 807 4706 et
859 4653 983 4706 vitae
1018 4652 1413 4706 necessarium.
1444 4650 1614 4721 Igitur
1667 4663 1719 4707 et
1748 4664 1994 4711 nostrum

402 4761 613 4800 manna
650 4747 875 4799 verbum
925 4742 1020 4798 Dei
1069 4753 1175 4808 est,
1228 4752 1282 4796 et
1325 4743 1462 4812 apud
1521 4758 1620 4797 nos
1656 4759 1785 4814 ergo
1816 4762 1997 4801 sermo

402 4838 513 4892 Dei
544 4836 667 4889 aliis
691 4833 921 4889 ellicitur
944 4835 1010 4888 ad
1038 4834 1294 4901 salutem,
1327 4833 1448 4888 aliis
1490 4834 1634 4886 cedit
1666 4837 1728 4888 ad
1757 4852 1993 4906 pinnam.

401 4929 483 4985 Et
512 4937 733 4997 propter
764 4927 867 4981 hoc
892 4927 1129 4981 arbitror
1156 4926 1299 4995 quod
1342 4927 1455 4996 ipse
1488 4927 1750 4982 Dominus
1785 4939 1838 4983 et
1877 4930 1997 4985 Sal-

401 5033 594 5085 vator,
621 5021 711 5090 qui
744 5030 828 5075 est
861 5022 1043 5074 vivum
1094 5018 1190 5073 Dei
1230 5019 1481 5087 verbum,
1515 5020 1732 5075 dicebat
1764 5024 1806 5055 ⁹ί
1836 5043 1848 5078 :
1883 5044 1901 5075 ‹
1938 5024 1993 5079 [n

388 5113 675 5185 judicium
700 5128 798 5181 ego
830 5112 950 5167 veni
978 5112 1032 5166 in
1060 5113 1205 5167 hunc
1238 5111 1520 5176 mundum,
1553 5123 1610 5166 ut
1665 5130 1769 5169 non
1800 5116 1993 5172 viden-

401 5220 497 5259 tes
538 5206 775 5273 videant,
822 5218 889 5261 et.
917 5206 1161 5262 videntes
1200 5206 1328 5260 caeci
1374 5204 1525 5258 fiant.
1566 5225 1583 5257 ι
1619 5206 1832 5273 Quanto
1882 5227 1993 5265 me-

399 5299 522 5352 lius
557 5309 702 5352 esset
729 5298 1004 5353 nonnullis
1030 5300 1252 5355 omnino
1285 5317 1385 5355 nec
1412 5304 1598 5356 audire
1632 5306 1852 5357 verbum
1874 5303 1993 5369 Dei,

400 5390 801 5475 quamaudire
838 5408 959 5447 cum
1017 5393 1245 5459 malitia,
1304 5394 1389 5448 vel
1438 5396 1627 5450 audire
1674 5410 1793 5449 cum
1822 5396 1993 5467 hypo-

479 5487 526 5515 ⁸⁸
565 5486 755 5539 Matth.
796 5504 912 5553 xm,
955 5488 1042 5543 45.
1118 5490 1161 5520 ⁸⁷
1202 5489 1360 5543 Num.
1407 5507 1461 5555 ιι,
1503 5492 1555 5543 2.

388 5557 443 5587 ⁹¹
485 5555 644 5609 Rom.
677 5573 748 5623 ix,
782 5557 833 5612 6.
912 5558 956 5590 ⁸³
987 5559 1107 5614 Act.
1140 5576 1192 5614 χ.
1271 5561 1317 5592 9"
1346 5561 1465 5615 Act.
1496 5578 1613 5626 xm,
1654 5563 1735 5616 10.

472 5653 603 5733 (591
643 5655 941 5733 fucatam.
1062 5659 1231 5716 Codd.
1280 5662 1625 5719 Ebroicensis
1654 5673 1708 5717 et
1741 5665 1978 5733 Turon.,

382 5744 413 5782 4
467 5727 538 5776 tul
574 5727 876 5782 Dominum.
924 5750 940 5782 ι

475 5795 595 5868 (60)
623 5797 793 5853 Codd.
831 5800 1201 5873 Ebroicensis,
1242 5801 1596 5873 Turonensis,
1638 5805 1981 5865 Dellovacen-

2030 4510 2077 4567 D

1633 5491 1676 5521 ⁸⁸
1718 5492 1915 5561 lehes.
1954 5506 2034 5557 ιιι,
2070 5493 2155 5547 14.

1811 5562 1855 5597 θ’
1883 5563 2046 5618 Νιιιιι.
2078 5581 2159 5620 ιιι.
2192 5567 2249 5621 il
2290 5577 2345 5621 et
2375 5582 2522 5637 seqq.

2105 3286 2248 3340 enim
2276 3297 2331 3339 et
2353 3299 2454 3355 ego
2501 3300 2618 3339 sum
2650 3299 2714 3337 ex
2771 3283 2857 3345 iis,
2889 3281 2978 3351 qui
3036 3278 3264 3334 audiunt
3305 3274 3529 3330 verbum
3568 3270 3683 3324 Dei.

2152 3373 2227 3426 ,2.
2265 3374 2370 3427 Sed
2407 3373 2694 3426 audiamus
2719 3372 2831 3442 jam
2866 3371 2998 3439 quid
3029 3382 3210 3422 sermo
3248 3365 3464 3419 divinus
3494 3362 3687 3428 loqua-

2108 3474 2195 3517 tur
2219 3464 2283 3517 ad
2325 3462 2566 3534 Moysen.
2599 3481 2615 3512 ι
2652 3462 2719 3516 Ει
2759 3462 2970 3515 locutus
2992 3470 3092 3524 est,
3126 3457 3303 3526 inquit
3327 3456 3395 3519 ’⁸,
3426 3452 3686 3506 Dominus

2105 3558 2170 3610 ad
2192 3556 2448 3627 Moysen,
2483 3556 2670 3609 dicens
2702 3571 2715 3607 :
2748 3553 2893 3607 Ecce
2923 3568 3021 3621 ego
3062 3548 3330 3616 assumpsi
3366 3544 3584 3600 Levitas
3615 3542 3685 3595 de

2106 3649 2283 3702 medio
2334 3646 2567 3700 filiorum
2621 3644 2810 3706 Israel,
2854 3659 2951 3714 pro
2994 3641 3142 3694 omni
3190 3636 3553 3709 primogenita
3589 3631 3683 3702 qui

2105 3739 2353 3809 adaperit
2382 3738 2597 3791 vulvam
2650 3752 2715 3791 ex
2753 3734 2877 3789 filiis
2930 3731 3118 3797 Israel,
3166 3728 3564 3798 redemptiones
3590 3738 3684 3778 eoo

2104 3847 2225 3886 rum
2261 3838 2441 3891 erunt,
2475 3838 2532 3883 et
2577 3837 2739 3883 erunt
2786 3827 2915 3881 mihi
2964 3824 3187 3879 Levilae.
3216 3821 3392 3876 Meum
3423 3827 3507 3873 est
3534 3818 3679 3871 enim

2103 3938 2265 3978 omne
2318 3922 2760 3992 primogenitum.
2810 3918 2884 3971 Ex
2924 3916 3013 3971 die
3059 3930 3163 3983 qua
3223 3911 3464 3982 percussi
3519 3923 3680 3963 omne

2104 4015 2523 4087 primogenitum
2574 4014 2627 4069 in
2688 4022 2828 4067 terra
2880 4004 3499 4085 Egypti,sanctilicavi
3548 4003 3679 4056 mihi

2105 4124 2266 4165 omne
2315 4106 2735 4176 primogenitum
2804 4102 2990 4166 Israel,
3043 4102 3110 4155 ab
3147 4098 3363 4154 homine
3414 4111 3587 4165 usque
3616 4095 3680 4147 ad

2104 4218 2268 4273 pecus
2326 4215 2501 4255 meum
2551 4200 2681 4261 erit,
2739 4212 2840 4267 ego
2882 4195 3162 4251 Dominus.
3220 4213 3237 4245 ι
3279 4191 3479 4246 Levita}
3528 4203 3683 4241 assu-

2105 4303 2328 4347 muntur
2355 4307 2452 4362 pro
2489 4287 2890 4359 primogenitis,
2925 4303 3047 4341 eum
3068 4286 3255 4354 utique
3290 4298 3394 4337 non
3435 4282 3544 4335 sint
3572 4280 3681 4349 pri-

2103 4383 2379 4453 mogeniti.
2412 4380 2539 4435 Levi
2585 4380 2729 4433 enim
2776 4378 2968 4433 tertius
3014 4376 3260 4429 nascitur
3285 4389 3348 4427 ex
3381 4372 3495 4426 Lia.
3556 4371 3678 4424 Pri-

2105 4492 2225 4530 mus
2274 4490 2509 4543 namque
2536 4480 2623 4527 est
2649 4471 2872 4535 Ruben;
2906 4469 3125 4523 Simeou
3163 4467 3455 4530 secundus,
3492 4463 3678 4518 tertius

2106 4569 2275 4634 Levi;
2311 4575 2365 4622 et
2398 4574 2754 4621 assumuntur
2786 4563 2840 4616 in
2878 4559 3347 4632 primogenitosii,
3368 4557 3458 4629 qui
3489 4567 3676 4611 natura

2107 4680 2213 4719 non
2271 4671 2398 4717 sunt
2446 4658 2815 4730 primogeniti.
2868 4656 3125 4726 Nunquid
3178 4654 3292 4708 haec
3341 4654 3391 4706 in
3423 4653 3537 4722 lege
3588 4648 3675 4705 Dei

2104 4759 2279 4814 otiose
2303 4757 2506 4824 scripta
2538 4767 2661 4806 esse
2692 4750 3025 4805 credendum
3058 4748 3180 4803 est?
3211 4747 3290 4800 An
3341 4746 3469 4800 illud
3496 4747 3674 4799 edoce'

2107 4866 2228 4914 nos,
2262 4850 2403 4919 quod
2442 4849 2578 4916 apud
2608 4846 2773 4901 Deum
2803 4860 2909 4898 non
2939 4843 3013 4896 illi
3052 4840 3396 4912 primogeniti
3437 4840 3673 4893 habean-

2107 4947 2212 4994 tur.
2238 4937 2329 5004 qui
2355 4950 2614 5005 corporea
2647 4933 2935 4987 nativitate
2981 4931 3316 5001 praecedunt,
3343 4929 3435 4984 sed
3471 4930 3505 4984 ii
3538 4943 3674 4999 quos

2103 5031 2384 5100 proposito
2421 5028 2620 5082 mentis
2667 5028 2933 5096 inspecto,
2974 5024 3119 5078 Deus
3173 5023 3286 5091 ipse
3333 5024 3385 5076 in
3432 5022 3674 5077 ordinem

2103 5121 2502 5190 primitivorum
2531 5110 2745 5189 judicat
2783 5116 3187 5172 assumendos?
3237 5114 3327 5169 Sic
3361 5113 3505 5167 enim
3537 5114 3673 5181 apud

2104 5217 2269 5269 Deum
2295 5214 2463 5270 Jacob
2491 5214 2761 5283 p05terior
2796 5222 2924 5267 natu
2970 5212 3363 5282 primogenitus
3405 5210 3672 5279 iudicatus

2104 5318 2209 5372 est,
2252 5318 2305 5362 et
2349 5308 2757 5364 l‘enedictiones
2811 5308 3176 5375 primitivatus
3222 5304 3332 5373 (60)
3388 5309 3671 5372 procurata

2104 5399 2363 5455 divinitus
2392 5400 2639 5470 parentis
2664 5400 2912 5455 Caecitate
2936 5400 3174 5470 suscepit
3194 5397 3262 5446 9°.
3292 5396 3369 5449 Ex
3396 5394 3669 5465 proposito

2233 5495 2275 5525 ⁸⁹
2308 5496 2471 5550 Ποιη-
2503 5510 2597 5558 ΧΗ,
2626 5494 2713 5549 25.
2792 5499 2837 5529 ⁹⁰
2864 5499 3022 5553 Num.
3059 5516 3137 5555 ut.
3216 5502 3257 5533 ⁹¹
3288 5500 3442 5555 Joan.
3478 5519 3549 5569 Ix,
3581 5504 3668 5559 59.

2233 5567 2249 5621 1
2290 5577 2345 5621 et
2375 5582 2522 5621 seua.
2601 5566 2645 5597 ⁹⁶
2675 5566 2810 5621 Gen.
2850 5586 3014 5621 xxvii.

2724 5583 2810 5623 CR.
2850 5586 3014 5624 XXVII.

2088 5672 2184 5734 sis,
2210 5689 2229 5724 ι
2273 5670 2600 5741 primitivas.
2648 5691 2665 5723 ι
2706 5671 2825 5724 Mox
2878 5672 3044 5725 codex
3086 5670 3268 5723 Sancti
3306 5670 3661 5737 Theoderici,

2108 5762 2125 5793 ι
2158 5753 2483 5811 procurante
2509 5744 2794 5798 divinitate
2826 5743 3067 5811 parentis
3092 5742 3354 5809 ext-citate,
3396 5759 3415 5793 ι
3452 5753 3560 5799 etc.
