3914 6530
299 379 402 435 595

1743 358 2066 417 ORIGENI’S

3449 354 3551 407 επ

295 496 504 555 etenim
530 494 712 551 cordis
759 491 901 563 quod
949 492 1060 545 Deo
1105 486 1298 559 patuit,
1348 484 1515 540 etiam
1551 482 1866 552 priusquam
1901 485 1945 539 Α
1972 486 2025 531 et
2058 476 2336 540 Manassc;
2370 474 2422 527 in
2452 470 2705 541 aquilone
2747 483 2874 523 vero
2910 468 3023 523 Dan
3050 482 3172 523 cum
3205 466 3546 535 Nephtbalim

300 588 357 645 in
383 589 486 642 hoc
521 585 723 641 mundo
746 591 1125 645 nascerentur,
1162 588 1256 633 aut
1277 576 1478 646 aliquid
1504 581 1731 644 agerent
1749 572 1872 626 boui

300 680 385 735 vel
417 680 569 745 mali,
598 677 910 750 pronuntiat
947 674 1209 730 Dominus
1254 673 1319 728 de
1348 671 1429 726 eis
1457 671 1526 735 ",
1568 670 1691 738 quia
1725 687 1743 721 ι
1780 666 1874 721 Ja-

297 770 401 828 cob
431 771 614 835 dilexi,
660 771 801 825 Esau
858 776 1037 822 autem
1080 764 1203 819 odio
1253 762 1441 819 habui.
1501 780 1521 815 ι
1575 760 1697 817 Filii
1742 773 1872 829 ergo

300 861 427 916 Levi
459 858 809 931 primogeniti
842 857 1061 927 quidem
1096 870 1202 910 non
1241 863 1369 909 sunt
1399 852 1695 908 secundum
1744 865 1870 904 car-

298 967 443 1015 nem,
475 952 568 1005 sed
596 964 694 1019 pro
728 948 1109 1025 primogenitis
1148 954 1533 1011 assumuntur;
1568 953 1626 997 ut
1650 943 1721 998 sit
1756 958 1870 994 am-

297 1043 437 1107 plius
490 1041 695 1111 aliquid
744 1056 845 1110 pro
884 1038 1246 1110 primogenita
1280 1036 1502 1100 assumi,
1543 1050 1704 1105 quam
1758 1034 1869 1104 pri-

294 1134 629 1205 mogenitum
653 1133 827 1187 nasci.
861 1150 879 1183 ‹
923 1131 1084 1196 Ecce,
1118 1130 1317 1199 inquit,
1352 1127 1616 1197 assumpsi
1653 1127 1868 1182 Levitas

285 1232 357 1277 ex
416 1224 590 1278 medio
627 1224 863 1279 ﬁliorum
922 1221 1111 1278 Israel.
1174 1240 1193 1275 ι
1239 1220 1336 1276 Dic
1382 1218 1723 1290 simpliciter,
1764 1228 1868 1273 As-

289 1313 498 1380 sumpsi
524 1312 742 1368 Levitas
767 1329 831 1369 ex
870 1312 999 1367 ﬁliis
1034 1311 1217 1366 Israel.
1242 1310 1382 1377 Quid
1410 1319 1495 1365 est
1521 1310 1666 1378 quod
1689 1308 1865 1372 addis,

289 1410 347 1455 et
386 1403 452 1458 de
504 1404 684 1458 medio
715 1404 945 1459 ﬁliorum
985 1401 1192 1457 Israel?
1223 1402 1290 1456 de
1322 1415 1429 1470 quo
1457 1399 1634 1453 medio
1664 1399 1686 1452 ?
1737 1398 1864 1454 Ter-

292 1495 403 1548 tius
437 1505 522 1548 est
553 1494 702 1561 Levi,
751 1505 807 1548 ut
834 1512 993 1565 supra
1027 1494 1287 1560 diximus,
1326 1494 1467 1546 inter
1503 1492 1646 1545 ﬁlios
1675 1490 1861 1546 Israel.

294 1586 365 1639 De
395 1602 504 1655 quo
550 1602 682 1656 ergo
728 1587 906 1643 medio
952 1596 1302 1643 assumantur-
1340 1584 1566 1639 ‘Levitze
1613 1598 1862 1653 cuperem

288 1678 453 1732 scire.
481 1677 707 1734 Invenio
732 1679 783 1733 in
811 1679 1109 1749 Scripturis
1149 1680 1360 1734 beatam
1386 1678 1531 1732 illam
1568 1676 1866 1731 Sunamiti-

286 1770 410 1823 dem
447 1786 569 1840 qua:
594 1770 1114 1840 aluerataliquando
1146 1772 1486 1841 prophetam,
1530 1770 1860 1838 reSponden-

1980 580 2032 625 et
2064 572 2222 624 Aser.
2258 568 2333 621 Ex
2375 567 2458 620 his
2502 566 2754 617 onmibus
2792 563 2947 631 quasi
3001 578 3099 633 per
3128 573 3363 633 quatuor
3393 573 3550 618 terra:

1978 662 2229 717 cardines
2284 660 2336 714 in
2381 656 2612 713 circuitu
2665 655 2989 721 collocatis,
3044 657 3099 711 in
3159 657 3340 711 medio
3361 672 3547 710 eorum

1980 762 2166 822 utp0te
2200 751 2307 806 Deo
2334 747 2569 820 proximi
2597 747 2741 803 circa
2774 748 2950 817 ipsum
2999 749 3412 804 tabernaculum
3456 748 3549 804 Dei

1976 844 2383 899 constituuntur
2415 840 2637 899 Levita.
2667 842 2724 896 In
2773 842 2970 897 castris
3016 841 3237 912 quidem
3266 841 3401 897 Juda
3429 857 3551 911 qua

1978 945 2104 991 sunt
2152 936 2218 989 ab
2245 935 2481 1002 oriente,
2508 932 2724 1004 Moyses
2757 944 2813 990 et
2854 934 3074 998 Aaron;
3115 934 3167 987 in
3196 934 3392 988 castris
3421 948 3551 987 vero

1979 1025 2204 1092 Ruben,
2258 1023 2525 1090 Gerson;
2592 1023 2642 1076 in
2708 1023 2909 1077 castris
2982 1031 3162 1078 autem
3216 1020 3497 1089 Benjamiu
3532 1064 3546 1085 ,

1975 1117 2135 1188 281
2172 1116 2376 1180 Caath;
2423 1115 2511 1170 ubi
2562 1129 2693 1169 vero
2721 1115 2834 1168 Dan
2870 1123 3047 1170 castra
3094 1113 3401 1175 constituit,
3447 1110 3551 1166 Me-

1978 1211 2087 1264 rari
2121 1208 2380 1263 scribitur
2437 1207 2767 1271 collocatus;
2809 1215 2863 1261 et
2891 1207 2964 1261 ita
3014 1206 3069 1260 in
3099 1206 3276 1261 medio
3312 1204 3548 1259 ﬁliorum

1973 1300 2141 1356 Israel
2172 1316 2235 1355 ex
2284 1298 2431 1354 omni
2464 1306 2635 1367 parte,
2685 1307 2739 1352 et
2778 1312 2879 1366 per
2931 1296 3241 1359 circuitum,
3272 1296 3425 1365 quasi
3464 1295 3548 1348 in-

1973 1394 2102 1448 serti
2133 1393 2345 1447 trzeteris
2372 1400 2427 1447 et
2458 1390 2642 1444 innexi
2677 1390 2925 1443 videntur
2949 1403 3073 1442 esse
3108 1387 3202 1441 lilii
3242 1386 3391 1440 Levi.
3422 1385 3549 1440 Haec

1973 1494 2098 1539 sunt
2125 1500 2246 1554 qua:
2294 1481 2446 1537 nobis
2468 1482 2645 1536 littera
2692 1481 2827 1551 legis
2868 1480 3109 1549 exponit,
3148 1491 3208 1532 ut
3248 1495 3313 1533 ex
3349 1480 3435 1533 his
3463 1495 3550 1532 sa-

1970 1584 2370 1629 cramentorum
2396 1572 2601 1627 semina
2628 1572 2970 1639 colligentes,
2999 1580 3259 1640 tanquam
3289 1571 3548 1640 gradibus

1970 1666 2294 1737 quibusdam
2326 1665 2393 1719 ab
2428 1663 2721 1718 humilibus
2747 1665 2813 1717 ad
2843 1662 3052 1719 excelsa
3073 1702 3090 1728 ,
3136 1671 3191 1716 et
3240 1677 3271 1715 a
3307 1661 3548 1715 terrenis

1972 1756 2037 1809 ad
2080 1756 2324 1809 coelestia
2370 1755 2814 1809 conscendamus.
2867 1754 3114 1809 Ascende
3142 1768 3272 1823 ergo
3316 1767 3481 1816 ll'lltc,
3512 1766 3549 1803 ο

291 1871 397 1914 tem
419 1876 541 1916 cuiu
577 1862 772 1918 ﬁducia
810 1863 1107 1933 regilsrael
1146 1862 1345 1917 volenti
1371 1860 1477 1915 sibi
1506 1861 1712 1932 aliquid
1739 1876 1866 1915 con-
1898 1868 1941 1925 Β
1970 1846 2208 1913 amulo",
2256 1845 2299 1898 Si
2343 1855 2518 1913 Ροιεεο
2569 1852 2625 1899 et
2671 1859 2699 1897 ³
2768 1845 2995 1900 ιειτθιιῖε
3044 1845 3292 1899 εθηεῖῧυε
3347 1842 3547 1896 illum“

288 1952 435 2008 ferre
469 1952 739 2020 beneﬁt-ii,
790 1965 846 2009 et
893 1956 1161 2010 dicentem
1187 1957 1232 1989 ⁸⁸
1265 1976 1278 2011 :
1318 1976 1335 2008 ι
1373 1957 1432 2011 1η
1468 1955 1646 2011 medio
1678 1954 1861 2025 p0puli

287 2044 395 2097 mei
435 2058 534 2112 ego
582 2045 789 2101 habito.
849 2066 869 2099 ι
905 2046 1150 2116 Amplius
1199 2058 1381 2103 autem
1417 2059 1471 2103 et
1518 2047 1864 2117 magniﬁcen-

287 2134 394 2186 tius
458 2135 511 2188 in
554 2136 848 2207 Evangelio
904 2138 1061 2192 video
1115 2140 1377 2208 scriptum
1435 2139 1503 2194 de
1549 2138 1779 2193 Domino
1808 2146 1863 2191 et

286 2225 570 2282 Salvatore
604 2240 812 2297 nostro,
844 2230 1062 2285 dicente
1089 2230 1364 2286 Joanne”
1398 2251 1409 2285 :
1449 2250 1467 2284 ε
1506 2232 1714 2286 Medius
1768 2246 1860 2285 ve-

282 2326 455 2373 strum
502 2328 630 2384 stat,
667 2337 827 2389 quem
864 2336 959 2375 vos
1019 2324 1265 2378 nescitis.
1312 2342 1330 2375 ι
1365 2323 1504 2379 Ρυιο
1543 2339 1676 2394 ergo
1732 2339 1856 2377 eum

287 2411 379 2476 qui
413 2424 691 2480 nunquam
734 2412 1092 2467 declinaverit
1144 2414 1212 2468 ad
1258 2414 1538 2479 dextram,
1580 2429 1753 2482 neque
1793 2415 1856 2467 ad

282 2498 707 2564 sinistram,dici
737 2516 899 2571 posse
932 2504 1167 2558 medium
1198 2513 1366 2566 stare,
1393 2523 1411 2555 ι
1453 2505 1541 2574 qui
1576 2514 1854 2570 peccatum

282 2606 387 2644 non
421 2589 570 2651 fecit,
601 2607 701 2646 nec
747 2593 1000 2648 inventus
1036 2604 1120 2648 est
1151 2594 1305 2649 dolus
1344 2593 1397 2647 in
1450 2609 1545 2648 ore
1586 2594 1701 2662 ejus
1738 2593 1779 2645 ί.
1835 2611 1851 2642 ι

282 2684 349 2737 Et
385 2683 506 2738 ideo
554 2683 646 2737 ille
695 2685 954 2753 quidem,
1011 2686 1135 2753 quia
1189 2700 1406 2755 semper
1465 2696 1598 2748 stat,
1646 2686 1857 2740 medius

282 2785 430 2831 stare
469 2775 693 2832 dicitur.
736 2776 791 2832 Si
832 2778 956 2846 quis
990 2793 1122 2833 vero
1168 2778 1414 2833 imitator
1443 2778 1561 2847 ejus
1590 2787 1692 2843 est,
1717 2778 1857 2833 sicut

280 2880 473 2921 omnes
501 2867 698 2929 sancti,
750 2876 807 2923 et
842 2867 934 2922 illa
973 2868 1133 2922 beata
1162 2868 1378 2934 mulier,
1417 2866 1572 2936 cujus
1604 2868 1855 2938 superius

281 2955 513 3012 fecimus
538 2959 900 3025 mentionem,
931 2967 1077 3014 stare
1105 2959 1320 3029 quidem
1356 2974 1461 3014 non
1495 2959 1711 3015 dicitur.
1737 2957 1853 3013 Non

279 3052 429 3103 enim
458 3059 638 3119 potest
663 3050 805 3117 ﬁeri,
834 3061 892 3107 ut
917 3066 1022 3106 non
1047 3050 1359 3120 aliquando,
1399 3060 1492 3105 aut
1514 3053 1581 3105 ad
1608 3053 1852 3106 dextram

281 3141 406 3208 quis
440 3141 731 3200 inclinatus
758 3144 848 3210 sit,
886 3153 981 3198 aut
1010 3142 1078 3197 ad
1111 3142 1416 3199 sinistram.
1454 3161 1473 3195 ι
1513 3142 1685 3198 Nemo
1708 3144 1851 3198 enim

1973 1938 2170 1994 mentis
2214 1949 2270 1994 et
2311 1937 2645 2008 perspicacia
2696 1938 2877 1992 cordis
2925 1937 3157 1991 elevare.
3204 1935 3547 1991 Obliviscere

1971 2032 2241 2101 paulisper
2275 2040 2509 2096 terrena,
2540 2046 2699 2100 supra
2734 2032 2902 2085 nubes
2935 2040 2989 2085 et
3023 2046 3185 2099 supra
3226 2030 3402 2099 ipsum
3429 2043 3545 2083 cte-

1970 2126 2076 2179 lum
2107 2140 2292 2194 gressu
2328 2125 2527 2179 mentis
2560 2124 2768 2180 incede.
2816 2124 2894 2179 lbi
2942 2123 3161 2191 require
3213 2123 3543 2175 tabernacu-

1970 2220 2076 2274 lum
2112 2219 2227 2284 Dei,
2257 2219 2345 2274 ubi
2376 2234 2680 2289 praeursor
2710 2234 2809 2288 pro
2836 2218 2987 2273 nobis
3013 2214 3258 2270 introivit
3283 2212 3547 2277 Jesus,et

1967 2313 2174 2367 assistit
2207 2327 2351 2367 nunc
2385 2311 2551 2367 vultui
2582 2312 2671 2366 Dei
2726 2308 3075 2378 interpellans
3104 2323 3201 2378 pro
3225 2310 3405 2362 nobis.
3443 2306 3543 2369 lbi,

1968 2405 2211 2475 inquam,
2251 2405 2469 2474 require
2518 2413 2818 2474 quaternos
2862 2403 2997 2457 istos
3048 2402 3292 2464 ordines,
3344 2400 3543 2454 statio-

1967 2510 2168 2565 nesque
2194 2507 2522 2552 castrorum.
2574 2496 2650 2551 lbi
2684 2495 2978 2549 Israelitica
3027 2492 3242 2563 agmina
3270 2500 3325 2544 et
3368 2506 3543 2544 excu-

1969 2589 2082 2643 bias
2108 2603 2272 2643 cerne
2296 2596 2631 2654 sanctorum,
2657 2597 2710 2642 et
2736 2587 2809 2641 ibi
2844 2586 2933 2641 illa
2960 2599 3080 2655 qua:
3108 2586 3195 2639 hic
3221 2598 3365 2638 nunc
3391 2598 3544 2651 quae-

1967 2678 2133 2733 rimus
2172 2678 2570 2747 primitivorum
2622 2686 2967 2732 sacramenta
3021 2676 3243 2730 rimare.
3293 2674 3401 2728 Sed
3435 2687 3539 2742 ego

1969 2785 2072 2824 non
2105 2771 2277 2825 audeo
2307 2770 2437 2824 illuc
2464 2769 2613 2825 solus
2644 2768 2960 2834 ascendere,
2998 2783 3104 2823 non
3150 2767 3324 2821 audeo
3372 2780 3458 2820 me
3483 2766 3539 2818 in

1964 2858 2065 2913 bos
2117 2866 2225 2912 tam
2265 2866 2505 2913 secretos
2553 2858 2932 2928 mysteriorum
2981 2871 3229 2912 secessus
3278 2856 3397 2910 sine
3436 2869 3538 2906 au-

1965 2948 2214 3003 ctoritate
2248 2949 2428 3018 magni
2469 2948 2697 3018 alicujus
2740 2949 2978 3004 doctoris
3026 2951 3370 3020 immergere.
3416 2947 3537 3005 Non

1966 3055 2185 3111 possum
2212 3040 2337 3096 illuc
2365 3042 2682 3105 ascendere,
2711 3040 2809 3095 nisi
2839 3041 3111 3109 praecedat
3134 3056 3219 3096 me
3247 3041 3539 3106 Paulus,et

1965 3132 2080 3202 ipse
2111 3132 2239 3187 mihi
2274 3132 2413 3186 viam
2443 3131 2568 3185 novi
2617 3129 2776 3199 hujus
2805 3140 2859 3185 et
2908 3132 3061 3186 ardui
3114 3132 3323 3187 itineris
3350 3144 3539 3187 osten-

282 3236 518 3291 mundus
562 3252 591 3291 a
635 3238 831 3303 sorde;
893 3251 995 3292 nec
1046 3236 1089 3290 si
1148 3236 1310 3291 unius
1374 3236 1485 3291 diei
1535 3236 1701 3291 fuerit
1746 3237 1856 3290 vita

1965 3223 2078 3278 dat.
2127 3222 2247 3293 Ipse
2293 3238 2421 3294 ergo
2453 3222 2819 3293 apostolorum
2867 3222 3171 3287 maximus,
3220 3224 3311 3292 qui
3371 3224 3537 3277 sciret

278 3323 397 3392 ejus
426 3323 469 3379 '.
508 3342 527 3375 ι
563 3324 825 3381 Habitare
850 3338 1031 3381 tamen
1059 3324 1266 3381 dicitur
1307 3327 1360 3382 in
1409 3325 1587 3381 medio
1617 3327 1797 3396 populi
1839 3343 1854 3379 :

276 3426 332 3469 et
365 3414 567 3470 Levita:
616 3432 747 3487 ergo
781 3430 1136 3475 assumuntur
1167 3421 1233 3475 de
1278 3419 1456 3474 medio
1496 3416 1735 3473 ﬁliorum
1780 3417 1856 3472 ls-

278 3504 413 3559 rael.
442 3505 643 3561 Levita:
669 3517 797 3562 sunt
822 3509 968 3563 enim
1017 3512 1108 3580 qui
1159 3526 1263 3565 non
1306 3520 1680 3580 cognoverunt
1720 3509 1852 3564 dex-

280 3603 415 3649 tram
449 3605 503 3649 et
543 3598 820 3652 sinistram
851 3614 1027 3667 suam,
1061 3602 1152 3655 sed
1182 3609 1475 3670 sequentes
1515 3600 1759 3673 Moysen,
1804 3601 1855 3654 id

276 3691 365 3738 est
398 3682 568 3758 legem
610 3686 725 3749 Dei,
758 3702 864 3742 non
927 3701 1292 3758 pepercerunt
1349 3691 1491 3759 patri
1530 3706 1629 3746 nec
1668 3691 1852 3745 matri.

280 3770 347 3824 Et
383 3782 436 3827 tu
482 3788 613 3844 ergo
660 3776 713 3834 si,
747 3778 1000 3832 veniente
1039 3780 1363 3846 tentatione,
1408 3781 1452 3836 si
1488 3783 1740 3836 veniente
1771 3782 1853 3835 ira

278 3866 491 3932 peccati
525 3882 631 3923 non
665 3868 943 3923 iuclineris
1000 3869 1066 3924 ad
1114 3870 1417 3938 dexteram,
1474 3888 1652 3943 neque
1683 3873 1750 3927 ad
1777 3872 1851 3927 si-

279 3954 531 4022 nistram,
574 3972 673 4015 nec
720 3963 1109 4029 przevaricatus
1152 3965 1324 4019 fueris
1370 3962 1542 4035 legem
1594 3966 1713 4029 Dei.
1758 3964 1853 4020 sed

279 4054 392 4100 stes
423 4047 475 4100 in
509 4049 690 4106 medio
742 4049 884 4107 ﬁxus
929 4066 987 4108 et
1032 4053 1265 4121 stabilis,
1303 4064 1357 4110 et
1408 4071 1515 4111 non
1550 4055 1852 4121 inclineris,

278 4153 454 4206 neque
479 4152 675 4197 curves
699 4154 876 4211 genua
901 4152 987 4197 tua
1016 4154 1264 4214 peccato,
1297 4160 1395 4201 nec
1416 4146 1642 4216 pecudis
1666 4157 1849 4217 caput,

278 4231 331 4286 id
380 4240 467 4287 est
518 4233 763 4291 stultitiae
789 4238 1040 4306 sequaris
1088 4239 1404 4310 imaginem,
1438 4242 1736 4296 assumeris
1787 4242 1853 4297 de

279 4320 460 4374 medio
488 4320 723 4378 ﬁliorum
770 4324 962 4392 Israel,
995 4336 1050 4381 et
1099 4327 1153 4381 in
1189 4330 1589 4397 primitivorqu
1625 4347 1852 4388 numero

274 4410 651 4471 collocaberis.
687 4416 812 4473 Haec
841 4433 940 4489 pro
977 4432 1045 4473 eo
1072 4419 1214 4489 quod
1261 4421 1527 4489 scriptum
1578 4433 1681 4485 est,
1718 4442 1737 4474 ι
1797 4433 1851 4479 et

273 4516 547 4559 assumam
580 4506 801 4563 Levitas
828 4511 895 4564 de
932 4512 1110 4566 medio
1135 4511 1370 4567 ﬁliorum
1406 4511 1595 4568 Israel.
1639 4532 1658 4565 ι

343 4595 398 4650 5.
451 4595 671 4665 Verum,
701 4599 747 4653 si
775 4600 1009 4667 videtur,
1061 4618 1413 4659 recurramus
1465 4605 1641 4659 adhuc
1669 4608 1734 4659 ad
1770 4607 1848 4670 ip-

271 4705 390 4744 sum
425 4692 669 4748 ordinem
700 4693 966 4762 historize,
1001 4698 1093 4767 qui
1124 4699 1364 4753 refertur
1410 4698 1463 4752 in
1491 4697 1763 4764 Nmneris,
1792 4710 1846 4754 et

268 4797 337 4836 ex
369 4783 488 4853 ipso
533 4788 849 4855 mysterium
885 4790 1310 4858 primitivorum,
1341 4791 1432 4845 ubi
1465 4790 1547 4846 vel
1578 4793 1847 4861 quomodo

272 4878 480 4945 requiri
510 4879 727 4943 debeat,
755 4885 1208 4953 contemplemur.
1254 4886 1424 4956 Igitur
1462 4901 1849 4942 recenseamus

271 4969 557 5035 attentius,
604 4972 876 5041 quomodo
917 4976 1320 5031 distribuuntur
1348 4977 1634 5032 duodecim
1675 4976 1849 5031 tribus

270 5077 368 5130 per
399 5074 586 5118 ternas
637 5064 689 5118 in
718 5077 949 5135 quatuor
972 5078 1173 5138 partes,
1207 5080 1259 5124 et
1279 5084 1375 5139 per
1404 5068 1652 5139 singulas
1686 5083 1849 5137 quas-

267 5170 373 5222 que
400 5155 522 5210 caeli
564 5156 748 5228 plagas
776 5168 927 5212 certa
957 5160 1195 5215 statione
1240 5161 1530 5215 considunt
1565 5178 1578 5214 :
1611 5168 1665 5213 et
1702 5160 1851 5213 ime-
1900 5231 1907 5235 _

268 5248 479 5302 nicmus
514 5245 711 5303 Judam
752 5250 969 5319 quidem
1003 5251 1071 5306 ab
1100 5252 1310 5306 oriente
1353 5253 1518 5306 statui
1566 5268 1687 5307 cum
1714 5252 1849 5305 Issa-

266 5342 404 5394 char
438 5350 495 5396 et
526 5343 805 5409 Zabulon;
858 5344 1047 5399 Ruben
1090 5361 1218 5400 vero
1262 5346 1331 5399 ab
1372 5347 1673 5409 occidente,
1726 5360 1845 5399 cum

267 5429 487 5489 Simeou
513 5444 570 5490 et
607 5434 756 5502 Gad;
784 5437 838 5491 in
877 5437 1109 5492 meridie
1142 5437 1375 5505 Ephrem
1403 5453 1526 5491 cum
1564 5436 1844 5506 Benjamin

338 5618 639 5692 _"»MJI:ICII.
672 5621 778 5680 t,2.
797 5620 850 5675 5.
910 5621 973 5692 4”
995 5620 1081 5675 IV.
1115 5622 1244 5692 Reg.
1277 5637 1352 5686 tv,
1386 5622 1477 5679 I5.

266 5687 469 5745 ‘Ilnhr.
514 5704 616 5756 xu,
658 5692 743 5755 I8,
779 5692 867 5759 22,
899 5690 991 5748 ‘23.

1547 5621 1592 5655 θ’
1617 5618 1771 5674 Joan.
1810 5636 1848 5687 ι,
1884 5620 1974 5674 26.

1964 3315 2159 3371 multas
2195 3330 2317 3371 esse
2364 3330 2470 3370 non
2506 3315 2679 3370 solum
2728 3317 2779 3369 in
2828 3316 3010 3381 terris,
3060 3316 3154 3369 sed
3205 3324 3259 3370 et
3292 3315 3347 3369 in
3382 3316 3538 3371 cmlis

1961 3406 2254 3473 Ecclesias,
2298 3421 2366 3461 ex
2411 3407 2609 3477 quibus
2651 3419 2704 3462 et
2749 3416 2953 3475 septem
2994 3408 3253 3476 quasdam
3296 3405 3538 3463 Joannes

1961 3507 2245 3553 enumerat
2283 3498 2304 3529 ³
2341 3516 2354 3555 :
2385 3498 2500 3568 ipse
2528 3508 2711 3551 tamen
2763 3496 2963 3552 Paulus
3005 3498 3296 3553 ostendere
3347 3498 3535 3553 volens

1958 3603 2079 3643 esse
2101 3589 2385 3658 quamdam
2420 3597 2618 3660 praeter
2642 3603 2737 3643 eas
2769 3589 2935 3643 etiam
2985 3588 3383 3658 primitivorum
3428 3589 3537 3645 Ec-

1958 3680 2202 3744 clesiam,
2230 3679 2363 3735 dicit
2388 3681 2460 3746 ad.
2483 3679 2739 3734 Hebrzeos
2768 3678 3013 3734 scribens
3052 3678 3073 3710 ⁸
3101 3694 3115 3730 :
3174 3696 3194 3732 ‹
3233 3678 3350 3733 Νοη
3384 3680 3531 3734 enim

1957 3773 2268 3827 accessistis
2308 3772 2375 3826 ad
2414 3772 2691 3826 ardentem
2738 3781 2792 3826 et
2831 3770 3169 3827 tractabilem
3200 3772 3401 3843 ignem,
3434 3774 3536 3829 sed

1957 3866 2267 3921 accessistis
2294 3868 2358 3919 ad
2386 3875 2623 3919 montem
2657 3863 2806 3931 Sion,
2841 3874 2896 3919 et
2918 3862 3193 3921 civitatem
3223 3865 3317 3921 Dei
3347 3870 3539 3922 viven-

1958 3955 2024 4008 tis
2054 3953 2355 4009 Jerusalem
2389 3953 2685 4018 coelestem,
2709 3963 2763 4007 et
2793 3955 3189 4011 multitudinem
3217 3958 3535 4027 angelorum

1956 4047 2405 4114 collaudantium,
2454 4055 2509 4100 et
2551 4044 2846 4100 Ecclesium
2901 4048 3303 4117 primitivorum
3356 4051 3535 4103 ascri-

1956 4146 2102 4207 ptam
2133 4138 2185 4192 in
2214 4137 2389 4192 caelis.
2427 4155 2445 4189 ι
2504 4135 2673 4205 Igitur
2699 4134 2908 4207 Moyses
2936 4152 3033 4206 per
3084 4148 3322 4207 quatuor
3353 4150 3535 4194 castra

1954 4230 2205 4299 populum
2240 4229 2333 4285 Dei
2381 4228 2615 4283 divisum
2661 4227 2924 4283 describit
2959 4229 3011 4283 in
3051 4231 3212 4284 terris
3249 4249 3264 4284 :
3305 4240 3360 4286 et
3385 4232 3532 4300 Apo-

1956 4323 2130 4378 stolus
2159 4332 2394 4391 quatuor
2423 4324 2644 4378 ordines
2678 4331 2992 4377 sanctorum
3029 4320 3144 4391 (6i)
3191 4322 3447 4377 describit
3475 4325 3528 4378 in

1957 4416 2131 4480 C(BIIS,
2159 4417 2226 4471 ad
2253 4431 2485 4485 quorum
2514 4414 2756 4486 singulos
2792 4428 3232 4483 unumquemque
3282 4426 3532 4471 nostrum

1956 4510 2089 4565 dicit
2120 4509 2399 4563 accedere.
2440 4507 2558 4565 Non
2607 4506 2752 4563 enim
2801 4520 2994 4560 omnes
3046 4508 3113 4559 ad
3158 4522 3348 4562 omnes
3376 4524 3529 4564 acce-

1956 4603 2112 4668 dunt,
2138 4603 2231 4657 sed
2264 4613 2317 4657 et
2349 4601 2440 4656 alii
2473 4601 2690 4671 quidem
2722 4599 2988 4654 accedunt
3013 4599 3079 4652 ad
3109 4608 3346 4654 montem
3374 4600 3531 4666 Sion,

1958 4694 2150 4750 horum
2186 4704 2363 4749 autent
2395 4694 2560 4765 paulo
2592 4693 2841 4747 meliores
2866 4691 3132 4747 accedunt
3157 4694 3222 4747 ad
3254 4694 3531 4748 civitatem

1959 4790 2051 4844 Dei
2084 4790 2314 4844 viventis
2341 4787 2643 4844 Jerusalem
2679 4789 2992 4856 caelestem;
3034 4790 3125 4859 qui
3164 4799 3345 4845 autem
3381 4801 3435 4845 et
3466 4791 3533 4845 iis

1957 4882 2344 4939 mininentiores
2385 4892 2531 4946 sunt,
2563 4882 2828 4937 accedunt
2874 4883 2941 4937 ad
2998 4882 3400 4936 multitudinem
3429 4899 3532 4936 au-

1956 4976 2197 5046 gelorum
2252 4973 2706 5040 collaudantium;
2773 4976 2865 5043 qui
2918 4985 3098 5029 autem
3167 4990 3331 5043 super
3399 4977 3539 5031 istos

1955 5081 2145 5120 omnes
2175 5073 2322 5129 sunt,
2371 5064 2639 5118 accedunt
2683 5063 2749 5117 ad
2795 5063 3088 5119 Ecclesium
3134 5066 3531 5135 primitivorum

1956 5157 2247 5226 ascriptam
2282 5157 2335 5209 iu
2366 5156 2539 5211 caelis.
2582 5154 2637 5209 Si
2674 5168 2805 5224 ergo
2844 5169 2911 5209 ex
2948 5157 3013 5213 iis
3062 5159 3377 5214 intellexisti
3409 5160 3536 5229 quis

1957 5248 2029 5303 sit
2061 5252 2194 5309 ordo
2240 5250 2664 5320 primitivorum,
2707 5260 2759 5301 et
2808 5252 2949 5319 quod
2978 5252 3049 5305 sit
3086 5252 3322 5307 nominis
3378 5253 3531 5307 istius

1956 5353 2380 5405 sacramentum,
2412 5359 2652 5412 prmpara
2684 5356 2753 5410 te,
2804 5356 2856 5400 et
2886 5347 3095 5400 enitere
3131 5354 3393 5413 quantum
3431 5359 3524 5397 va-

1955 5434 2053 5496 les,
2084 5434 2128 5487 si
2163 5434 2302 5497 forte
2330 5436 2558 5500 actibus,
2600 5437 2732 5505 vita,
2770 5438 3033 5503 moribus,
3069 5437 3194 5504 ﬁde,
3242 5436 3525 5491 institutis-

2056 5623 2068 5651 ¹
2105 5622 2118 5674 Ι
2153 5620 2298 5676 Petr.
2335 5638 2394 5690 tt,
2438 5622 2528 5678 22.
2605 5624 2624 5653 ⁸
2655 5621 2775 5677 Job.
2814 5624 2991 5689 xtv,4,
3021 5623 3072 5677 5.
3139 5621 3344 5692 ‘Apoc.
3380 5618 3517 5684 1,“.

343 5804 453 5876 (ﬁl)
486 5806 655 5867 Codd.
686 5808 915 5875 Turon.,
950 5806 1298 5865 Bclt'accnsis
1328 5819 1375 5861 et
1407 5806 1594 5862 Sancti
1629 5803 1975 5872 Theoderici,
2009 5824 2027 5856 ί
2066 5814 2397 5860 sanctorum.
2443 5824 2461 5857 ι
2501 5804 2655 5859 Libb.
2684 5804 2834 5871 editi,
2871 5821 2893 5855 ι
2928 5813 3163 5857 sanctos.
3200 5822 3219 5855 ι
