3914 6512
268 474 355 534 597
1483 467 1548 523 lN
1584 466 1917 525 NUMEROS
1948 464 2236 523 HOMILIA
2278 465 2368 521 iV.

3398 466 3498 523 598

268 607 359 663 que
386 587 651 658 proﬁcias,
688 597 746 643 ut
776 588 953 659 possis
976 588 1242 645 accedere
1274 588 1339 642 ad
1370 589 1673 646 Ecclesiam
1705 592 1817 661 pri-
1844 595 1892 653 Α
1918 589 2195 653 exstincti,
2243 584 2727 642 sanctiﬁcationem
2775 585 3060 657 percipere
3127 585 3497 642 lsraelitaritm

269 683 583 746 tnitivorum,
615 695 735 750 qua:
770 680 1003 750 ascripta
1030 690 1114 736 est
1148 681 1198 735 in
1223 681 1397 736 cmlis.
1450 682 1605 748 Quod
1634 683 1678 736 si
1712 698 1818 737 non

267 784 451 832 tantum
502 773 669 837 vales,
717 774 814 827 sed
856 788 916 828 es
967 774 1129 843 paulo
1182 773 1445 837 inferior,
1500 774 1700 829 accede
1751 774 1819 827 ad

266 864 649 923 multitudinem
693 865 1010 935 angelorum
1063 865 1517 920 collaudantium.
1571 866 1726 933 Quod
1772 866 1817 921 si

267 970 353 1012 nec
385 955 450 1008 ad
482 954 643 1010 istum
691 956 939 1009 ordinem
981 965 1137 1024 potes
1181 957 1500 1021 ascendere,
1530 958 1595 1011 ad
1620 958 1818 1012 civita-

266 1057 357 1102 tem
383 1046 567 1100 saltem
604 1047 696 1101 Dei
725 1047 957 1101 viventis
987 1046 1286 1103 Jerusalem
1318 1047 1594 1105 caelestem
1623 1065 1818 1120 prope-

263 1150 371 1191 rare
394 1139 669 1191 contende.
703 1136 761 1192 Si
804 1153 931 1195 vero
960 1156 1060 1196 nec
1094 1140 1161 1195 ad
1192 1142 1295 1196 hoc
1326 1149 1485 1209 aptus
1516 1155 1594 1206 es,
1625 1141 1817 1196 saltem

260 1230 320 1284 ad
360 1237 589 1282 montem
642 1235 916 1289 contende
965 1231 1119 1297 Sion,
1170 1243 1227 1287 ut
1255 1233 1306 1287 in
1342 1243 1525 1287 monte
1568 1233 1812 1287 salveris.

260 1323 470 1378 Tantum
519 1338 587 1379 ne
641 1327 694 1380 in
753 1336 898 1383 terra
947 1328 1209 1393 resideas,
1262 1342 1329 1383 ne
1358 1330 1411 1381 in
1446 1328 1675 1383 vallibus
1701 1344 1816 1382 nta-

258 1430 393 1480 neas,
423 1430 490 1470 ne
516 1416 569 1471 in
604 1417 870 1474 demersis
902 1428 956 1474 et
982 1420 1275 1475 humilibus
1312 1435 1648 1490 perseveres.
1683 1420 1814 1475 Mihi

258 1510 321 1563 ita
366 1508 772 1579 intelligendum
832 1512 1045 1566 videtur
1091 1512 1292 1566 assumi
1337 1512 1727 1581 primogenitos
1755 1511 1815 1565 li-

256 1599 343 1653 lios
368 1598 510 1663 Levi,
544 1601 639 1669 qui
677 1602 987 1658 ministrant
1042 1604 1171 1668 Deo,
1205 1612 1259 1658 et
1283 1603 1446 1659 altari
1485 1603 1603 1673 ejus
1636 1606 1817 1660 taber-

255 1687 542 1757 naculoque
568 1690 906 1756 deserviunt,
953 1693 1311 1763 excubiisque
1342 1694 1618 1764 perpetuis
1655 1694 1815 1749 mini-

251 1780 400 1833 steria
433 1780 613 1834 divina
642 1783 1047 1838 concelebrant.

312 1868 360 1921 4.
388 1868 493 1923 Sed
521 1881 575 1924 et
604 1873 749 1940 quod
780 1874 883 1936 ait,
921 1892 939 1925 ι
978 1891 1075 1945 pro
1109 1878 1256 1931 omni
1289 1878 1670 1947 primogenito.
1719 1878 1810 1948 qui

248 1961 475 2031 adaperit
506 1964 745 2029 vulvam,
782 1985 800 2017 ι
842 1981 947 2021 non
978 1968 1109 2022 mihi
1149 1968 1310 2023 facile
1361 1970 1579 2025 videtur
1617 1970 1810 2024 disseri

247 2067 392 2121 posse
414 2062 467 2107 et
501 2056 809 2125 explanari.
850 2055 1038 2126 Neque
1073 2059 1216 2114 enim
1263 2059 1576 2131 quicunque
1610 2062 1812 2131 adape-

247 2149 311 2200 rit
333 2146 562 2213 vulvam,
615 2151 875 2207 continuo
901 2152 1097 2223 dignus
1126 2154 1564 2210 sanctiﬁcatione
1626 2155 1812 2226 primi-

244 2241 430 2295 tivatus
457 2240 744 2298 habendus
771 2252 877 2307 est,
914 2245 1040 2313 quia
1073 2255 1128 2300 et
1162 2245 1213 2298 in
1244 2243 1477 2301 Psalmis
1508 2246 1737 2317 legimus
1763 2250 1807 2315 ⁸,

242 2328 371 2397 quod
403 2345 422 2381 ι
459 2329 681 2385 alienati
734 2343 860 2388 sunt
921 2346 1237 2402 peccatores
1279 2350 1307 2389 a
1361 2336 1544 2402 vulva,
1597 2353 1810 2394 errave-

242 2428 355 2474 runt
402 2434 431 2474 a
488 2431 712 2486 ventre,
762 2423 929 2479 locuti
980 2433 1107 2480 sunt
1153 2426 1310 2481 falsa.
1354 2447 1373 2482 ι
1416 2428 1567 2496 Quod
1620 2432 1809 2501 utique

240 2520 373 2566 stare
403 2514 701 2569 secundum
746 2516 982 2572 litteram
1020 2518 1169 2574 nullo
1208 2521 1370 2577 modo
1402 2531 1598 2591 potest.
1656 2523 1804 2591 Quo.

238 2603 385 2656 modo
408 2604 576 2658 etiam
610 2607 733 2673 quis
775 2624 963 2663 errare
994 2624 1021 2662 a
1059 2610 1142 2664 via
1187 2611 1280 2666 Dei
1326 2615 1501 2682 potuit
1532 2615 1716 2670 Statim
1749 2626 1809 2672 ut

236 2694 297 2745 de
321 2702 503 2748 ventre
536 2699 726 2751 matris
761 2699 967 2753 exivit?
1004 2699 1109 2755 Aut
1144 2705 1416 2771 quomodo
1457 2707 1632 2774 potuit
1667 2707 1804 2763 falsa

232 2781 368 2850 loqui
398 2799 574 2854 nuper
613 2788 791 2843 editus
834 2804 994 2857 puer,
1045 2792 1129 2846 vel
1179 2793 1615 2865 qualemcunque
1673 2813 1803 2867 pro-

232 2872 366 2928 ferre
396 2879 748 2932 sermonem?
777 2878 910 2933 Cum
944 2896 1073 2952 ergo
1115 2884 1454 2952 impossibile
1509 2889 1579 2943 sit
1605 2889 1687 2945 vel
1715 2906 1806 2945 er-

232 2979 346 3018 rare
380 2966 619 3035 aliquem
670 2983 698 3020 a
730 2980 940 3033 ventre,
1004 2970 1088 3025 vel
1149 2971 1295 3042 loqui
1348 2974 1511 3042 falsa,
1550 2992 1804 3035 necessa-

233 3056 361 3108 rium
386 3057 494 3110 erit
526 3066 581 3112 et
607 3068 869 3123 ventrem,
910 3068 964 3114 et
995 3061 1213 3116 vulvam
1266 3065 1429 3122 talem
1480 3071 1680 3139 requiri
1715 3074 1802 3128 cui

228 3150 518 3204 convenire
564 3152 733 3219 possit
774 3152 875 3206 hoc
920 3153 1124 3207 dictum
1158 3155 1301 3224 quod
1344 3177 1362 3211 ι
1395 3160 1612 3217 alienati
1671 3174 1803 3220 sunt

1923 679 2271 751 primogeniti
2293 678 2518 734 omnino
2546 692 2650 732 non
2681 686 2923 746 possunt.
2950 676 3083 744 Quis
3113 691 3246 748 ergo
3267 687 3347 732 est
3374 679 3498 743 iste,

1922 773 2015 841 qui
2046 770 2435 842 primogenitos
2481 768 2887 840 IEgyptiorum,
2926 770 2979 823 id
3026 777 3111 823 est
3160 770 3502 839 principatus

1922 873 1977 919 et
2014 873 2315 931 potestates
2372 862 2679 917 daemonum
2726 860 3030 930 percussit?
3077 860 3266 915 Nonne
3313 861 3501 915 Domi-

1921 972 2024 1011 nus
2079 969 2231 1010 meus
2280 954 2437 1009 Jesus
2486 952 2760 1017 Christus,
2815 954 2907 1021 qui
2966 960 3051 1007 est
3108 951 3502 1023 primogenitus

1920 1048 2099 1105 omnis
2126 1047 2290 1118 282
2323 1055 2607 1111 creatura,
2645 1044 2737 1114 qui
2764 1043 3104 1113 principatus
3122 1053 3176 1098 et
3200 1054 3499 1114 potestates

1921 1140 2181 1193 adversas
2227 1137 2490 1202 traduxit,
2521 1134 2865 1205 triumphans
2894 1148 2990 1189 eos
3017 1134 3071 1188 in
3119 1134 3328 1190 cruce?
3351 1137 3501 1203 Quos

1920 1226 2111 1295 utique
2132 1225 2236 1280 nisi
2270 1224 2359 1279 ille
2394 1225 2781 1295 percussisset,
2817 1232 2873 1278 et
2905 1223 3312 1294 triumphasset,
3373 1241 3501 1281 san-

1920 1317 2178 1372 ctiﬁcatio
2200 1316 2269 1371 ad
2298 1332 2398 1372 nos
2428 1316 2772 1385 primitivalis
2816 1317 3007 1371 venire
3071 1318 3380 1374 nullatenus
3402 1335 3500 1389 po-

1920 1409 2129 1464 tuisset.
2168 1408 2235 1465 Ut
2256 1418 2436 1463 autem
2466 1408 2626 1464 nobis
2651 1409 3131 1478 primogenitorum
3162 1411 3501 1467 benedictio-

1919 1516 2016 1556 nes
2068 1502 2318 1564 donaret,
2357 1499 2587 1556 ellicitur
2634 1501 2787 1571 prius
2829 1503 2948 1572 ipse
2988 1503 3384 1573 primogenitus
3427 1520 3495 1560 ex

1918 1595 2168 1659 mortuis,
2205 1602 2266 1648 ut
2300 1594 2371 1647 sit
2411 1594 2463 1647 in
2496 1593 2751 1649 omnibus
2800 1595 2917 1662 ipse
2947 1594 3243 1665 primatum
3280 1608 3494 1661 tenens,

1917 1693 1971 1740 et
2003 1698 2100 1741 nos
2136 1686 2422 1741 credentes
2462 1688 2853 1743 resurrectioni
2908 1702 3021 1743 sure
3058 1696 3364 1744 assumeret
3394 1704 3492 1759 pro

1917 1777 2232 1846 primitivis,
2269 1787 2324 1833 et
2354 1778 2406 1832 in
2448 1779 2850 1847 primitivorum
2883 1781 3075 1836 ordine
3103 1780 3419 1848 collocaret,
3444 1783 3493 1837 si

1920 1878 2096 1923 tamen
2136 1869 2573 1924 benedictionum
2615 1872 2843 1941 gratiam
2872 1886 3045 1940 usque
3098 1872 3165 1927 ad
3209 1872 3372 1927 linem
3406 1873 3497 1927 ﬁr-

1918 1974 2060 2013 mam
2090 1961 2441 2027 retineamus,
2470 1960 2639 2030 adjuti
2665 1962 3036 2017 misericordia
3075 1962 3247 2033 ipsius
3280 1962 3494 2018 Domini

1914 2052 2086 2105 nostri
2115 2050 2241 2105 lesu
2272 2050 2501 2117 Christi,
2530 2053 2614 2107 cui
2641 2062 2724 2107 est
2754 2053 2926 2123 gloria
2959 2063 3013 2111 et
3049 2054 3339 2125 imperium
3376 2054 3494 2127 (64)

1915 2140 1969 2194 in
1995 2140 2190 2195 saecula
2217 2140 2563 2197 seculorum.
2592 2142 2784 2197 Amen.

2496 2251 2775 2308 IIOMILIA
2818 2253 2907 2310 IV.

1914 2363 1991 2420 De
2018 2381 2076 2419 eo
2118 2366 2259 2438 quod
2303 2366 2554 2435 scriptum
2581 2377 2656 2438 est
2685 2368 2728 2431 ’,
2777 2384 2795 2418 ι
2829 2368 3014 2438 viginti
3047 2369 3152 2423 duo
3187 2369 3359 2424 millia
3392 2388 3493 2425 mr-

1984 2435 2138 2508 rn‘ero'
2171 2436 2413 2508 inuentes
2453 2452 2567 2508 esse
2602 2435 3266 2508 Levitaspprimagenilos
3314 2452 3493 2495 autent

1980 2504 2217 2580 ﬁliorum
2240 2504 2412 2559 Israel
2447 2506 2626 2576 viginti
2665 2508 2770 2560 duo
2795 2505 2968 2561 millia
2993 2504 3246 2565 ducentos
3272 2524 3490 2580 septua-

1982 2575 2132 2644 ginta
2158 2586 2289 2630 (res.
2328 2594 2346 2627 ι

1986 2689 2036 2742 I.
2077 2686 2433 2744 Numerorum
2457 2687 2599 2743 liber
2625 2698 2729 2755 est,
2760 2691 2849 2759 qui
2874 2690 3072 2760 legitur
3102 2692 3276 2760 nobis,
3296 2693 3353 2749 in
3382 2709 3491 2765 quo

1911 2782 2094 2835 multa:
2127 2789 2252 2836 sunt
2301 2796 2653 2836 numerorum
2697 2780 3045 2850 diﬁ‘erentize,
3097 2801 3217 2857 quae
3247 2788 3490 2842 conscri-

1910 2872 2115 2928 buntur
2145 2872 2211 2927 de
2242 2872 2368 2927 ﬁliis
2395 2872 2577 2928 Israel.
2618 2874 2725 2930 Sed
2768 2885 2890 2946 post
2939 2877 3077 2934 ﬁlios
3101 2877 3265 2934 Israel
3298 2894 3489 2935 nume-

1910 2962 2101 3019 rantur
2147 2966 2313 3021 etiam
2354 2964 2556 3020 Levita:
2600 2980 2867 3022 seorsum.
2922 2967 3036 3025 Non
3087 2970 3229 3027 enim
3276 2970 3488 3027 fuerant

1910 3057 2165 3112 recensiti
2199 3073 2321 3113 cum
2356 3058 2480 3114 ﬁliis
2512 3055 2699 3123 Israel,
2733 3069 2788 3114 et
2814 3059 3044 3116 habetur
3080 3076 3267 3117 eorum
3296 3078 3487 3132 segre-

1908 3157 2065 3218 gatus
2092 3149 2334 3217 quidam,
2367 3163 2431 3204 ac
2462 3150 2763 3220 praecipuus
2807 3164 2917 3219 pra:
2954 3153 3166 3209 caeteris
3199 3168 3482 3219 numerus,

224 3249 529 3307 peccatores
581 3242 649 3298 ab
700 3254 875 3311 utero,
927 3259 1246 3304 erraverunt
1296 3268 1325 3307 α
1372 3266 1583 3323 venue,
1634 3256 1798 3314 ιορυιί
1828 3269 1872 3326 C
1907 3254 2016 3311 quo
2051 3240 2360 3297 referuntur
2407 3257 2597 3298 omnes
2628 3242 2791 3296 simul
2832 3243 3020 3312 viginti
3058 3245 3164 3301 duo
3196 3245 3362 3300 millia
3398 3260 3486 3301 re-

224 3343 340 3388 sunt
371 3334 535 3390 falsa.
564 3355 583 3389 ι
611 3336 677 3391 Et
706 3338 791 3392 illa
821 3341 924 3394 erit
952 3343 1132 3413 vulva,
1160 3360 1322 3414 quam
1354 3347 1597 3418 adaperit
1617 3351 1799 3406 omnis

220 3427 553 3493 primitivus,
609 3430 702 3499 qui
759 3432 1134 3490 sanctiﬁcatur
1183 3437 1312 3494 Deo.
1361 3440 1660 3509 Adaperuit
1696 3441 1798 3495 ali-

218 3522 425 3587 quando
452 3519 604 3576 Dens
630 3522 843 3578 vulvam
874 3524 984 3587 Lize
1011 3527 1053 3593 °,
1091 3545 1212 3599 quae
1236 3540 1352 3587 erat
1389 3532 1594 3598 clausa,
1626 3542 1681 3588 et
1704 3549 1797 3603 pe-

212 3610 347 3676 perit
380 3612 773 3679 patriarchas;
829 3615 1087 3672 similiter
1115 3629 1170 3674 et
1193 3620 1431 3687 Rachel,
1479 3631 1537 3676 ut
1578 3634 1797 3693 pareret

210 3701 369 3755 etiam
404 3704 520 3773 ipsa
572 3707 726 3771 cujus
774 3709 921 3766 visus
958 3726 1077 3767 erat
1113 3712 1422 3783 perspicax,
1475 3723 1526 3771 et
1561 3715 1794 3772 decorus

208 3803 476 3861 aspectus.
519 3796 631 3853 Sed
662 3810 715 3854 et
747 3802 799 3855 in
838 3803 1020 3858 multis
1054 3804 1175 3859 aliis
1210 3805 1508 3874 Scriptura:
1541 3805 1676 3861 locis
1704 3806 1789 3860 in-

209 3886 390 3942 venies
432 3891 714 3960 adaperiri
748 3895 951 3951 vulvas.
1000 3898 1236 3964 Quarum
1272 3897 1315 3952 si
1346 3898 1555 3968 singula
1587 3914 1682 3968 pro
1714 3900 1792 3955 lo-

206 3977 281 4031 cis
310 3981 662 4049 consideres,
704 3987 949 4043 invenies
984 3990 1259 4057 quomodo
1301 3998 1355 4044 et
1388 4000 1572 4045 errent
1596 4007 1789 4060 pecca-

204 4077 347 4124 tores
369 4087 398 4125 a
443 4074 629 4142 vulva,
663 4087 719 4131 et
749 4078 823 4131 illi
859 4080 1236 4148 adaperientes
1268 4082 1504 4148 vulvam,
1539 4084 1786 4138 sanctiﬁ-

201 4175 393 4219 centur
422 4166 476 4220 in
511 4169 711 4222 ordine
742 4170 1161 4238 primitivorum.
1187 4193 1204 4225 ‹
1228 4173 1293 4229 Et
1321 4184 1479 4228 erunt
1513 4176 1666 4239 mihi,
1699 4176 1784 4231 in-

200 4257 313 4323 quit
342 4258 387 4325 ",
410 4257 667 4325 Levitze;
704 4277 881 4317 meum
922 4273 1004 4319 est
1034 4265 1178 4318 enim
1216 4280 1374 4320 omne
1403 4266 1736 4335 primitivum
1768 4283 1785 4323 :

199 4362 260 4401 ex
291 4366 397 4419 qua
427 4350 520 4406 die
574 4355 825 4422 percussi
878 4370 1041 4410 omne
1071 4356 1501 4427 primogenitum
1546 4357 1596 4411 in
1641 4366 1783 4413 terra

195 4440 433 4513 Egypti,
480 4446 619 4499 mihi
672 4447 1006 4501 sanctiﬁcavi
1066 4464 1227 4503 omne
1279 4450 1718 4521 primogenitum.
1759 4470 1777 4503 ι

194 4531 383 4589 Notum
413 4537 661 4607 estquid
702 4538 768 4591 de
794 4538 860 4592 iis
888 4538 1114 4593 historia
1154 4543 1457 4608 contineat,
1510 4545 1782 4611 quomodo

1907 3333 2067 3402 perti,
2117 3334 2189 3388 ita
2238 3344 2296 3389 ut
2334 3349 2510 3405 neque
2538 3334 2772 3404 amplius
2820 3334 3049 3405 aliquid,
3094 3353 3269 3408 neque
3304 3340 3486 3395 minus

1906 3424 2012 3479 hoc
2037 3439 2265 3479 numero
2290 3427 2570 3483 inventum
2596 3430 2685 3484 sit.
2710 3429 2838 3485 Post
2880 3431 2983 3484 hoc
3012 3430 3267 3500 prmeepit
3299 3431 3483 3485 Domi-

1904 3533 2009 3573 nus
2049 3520 2324 3573 numerari
2370 3522 2536 3575 etiam
2596 3522 2984 3591 primogenitos
3032 3522 3265 3577 ﬁliorum
3318 3524 3481 3577 Israel

1903 3612 2092 3666 eodem
2123 3612 2336 3676 ordine,
2366 3628 2473 3683 quo
2501 3614 2700 3670 Levita:
2722 3616 2934 3669 fuerant
2964 3615 3257 3678 numerati,
3291 3614 3345 3669 id
3376 3624 3479 3681 est,

1904 3703 1973 3757 ab
2006 3718 2113 3759 uno
2146 3717 2332 3760 mense
2361 3714 2415 3759 et
2442 3721 2626 3775 supra,
2662 3718 2716 3762 et
2761 3706 3107 3759 inveniuntur
3134 3706 3479 3776 primogeniti

1902 3795 2136 3852 ﬁliorum
2160 3796 2327 3854 Israel
2363 3800 2551 3869 viginti
2577 3799 2683 3854 duo
2707 3797 2900 3863 millia,
2930 3807 2985 3853 et
3012 3799 3232 3854 ducenti
3259 3810 3479 3869 septua-

1900 3890 2049 3960 ginta
2091 3898 2223 3946 tres.
2269 3889 2514 3946 Putasne
2557 3906 2658 3961 per
2704 3894 2823 3949 haec
2847 3895 3018 3950 solam
3062 3894 3272 3949 numeri
3301 3893 3478 3948 histo-

1900 3990 2035 4044 riam
2066 3990 2263 4044 docere
2295 4003 2392 4045 nos
2422 3989 2590 4043 voluit
2630 3988 2861 4062 Moyses,
2882 4002 2937 4047 et
2962 3992 3166 4046 nullum
3200 3992 3253 4046 in
3287 3992 3355 4047 iis
3388 3990 3472 4046 di-

1897 4080 2248 4136 versitatibus
2280 4096 2628 4136 numerorum
2686 4081 2953 4140 conclusit
2988 4082 3151 4140 solito
3182 4083 3285 4139 sibi
3323 4097 3475 4137 more

1896 4174 2253 4244 mysterium?
2301 4172 2520 4228 Nihilne
2564 4172 2834 4228 videbitur
2876 4190 2999 4230 esse
3043 4175 3271 4230 rationis
3329 4175 3474 4243 quod

1895 4263 2110 4318 ducenti
2136 4262 2475 4332 septuaginta
2512 4270 2620 4317 tres
2644 4273 2852 4318 tantum
2889 4263 3170 4320 abundare
3222 4263 3475 4317 dicuntur

1895 4358 1946 4412 in
1975 4358 2352 4428 primogenitis
2377 4356 2564 4421 Israel,
2600 4365 2653 4412 et
2686 4357 2736 4411 in
2762 4358 3017 4414 Leviticis
3046 4360 3113 4413 ad
3143 4357 3331 4428 viginti
3366 4356 3473 4410 duo

1894 4449 2085 4513 millia,
2132 4464 2307 4519 neque
2365 4449 2645 4505 abundare
2690 4450 3008 4519 quidquam,
3061 4463 3241 4519 neque
3283 4448 3472 4502 deesse

1892 4540 2262 4597 describitur?
2289 4540 2489 4614 Viginti
2536 4544 2642 4599 duo
2685 4544 2904 4613 quidem
2938 4556 3197 4597 numerus
3234 4542 3286 4595 iu
3328 4540 3472 4595 Scri-

193 4639 449 4690 percussa
487 4628 600 4682 sint
632 4629 989 4701 primogenita
1024 4630 1428 4704 Aigyptiorum,
1458 4651 1579 4690 cum
1616 4650 1785 4705 popu-
1816 4631 1861 4685 D
1890 4633 2061 4701 pluris
2086 4632 2312 4697 divinis,
2343 4634 2389 4687 si
2422 4634 2543 4701 quis
2572 4634 2827 4689 observet
2853 4675 2868 4700 ,
2896 4633 3041 4702 quod
3076 4631 3471 4702 principalibus

189 4714 269 4771 Ius
322 4717 495 4775 Israel
538 4722 869 4777 educeretur
902 4738 967 4778 ex
1013 4722 1249 4796 Egypto
1286 4726 1328 4781 ⁸.
1382 4726 1494 4781 Iloc
1532 4738 1613 4781 est
1649 4742 1779 4797 ergo

186 4811 324 4877 quod
352 4813 409 4867 in
440 4814 568 4870 loco
602 4814 894 4881 indicatur,
941 4817 1066 4886 quia
1101 4834 1205 4871 non
1240 4818 1397 4889 prius
1450 4820 1777 4875 sanctiﬁcati

183 4912 306 4958 sunt
353 4908 717 4977 primogeniti
756 4904 918 4965 Israel
981 4925 1144 4980 quam
1196 4919 1614 4979 percuterentur
1664 4911 1776 4983 (62)

181 4991 571 5065 Egyptiorum
608 5000 950 5072 primogeniti
984 5018 998 5055 :
1035 5012 1089 5056 et
1120 5003 1274 5071 quasi
1310 5018 1532 5059 causam
1573 5008 1777 5059 sancti-

179 5082 452 5143 ﬁcationis
488 5090 716 5156 horum,
741 5092 1023 5147 interitum
1046 5104 1102 5148 et
1134 5109 1322 5149 necem
1353 5095 1503 5164 ponit
1533 5094 1768 5151 illorum.

182 5174 330 5232 Unde
356 5189 414 5234 et
460 5180 559 5235 hic
606 5182 1010 5254 intelligendum
1042 5196 1146 5249 est,
1194 5200 1317 5241 esse
1359 5187 1622 5257 quosdam
1657 5188 1771 5259 pri-

177 5272 485 5340 mogenitos
522 5273 691 5328 etiam
725 5275 776 5329 in
810 5275 1098 5347 Egyptiis,
1152 5280 1204 5334 id
1238 5288 1342 5346 est,
1393 5280 1443 5333 in
1476 5280 1772 5335 contrariis

173 5367 569 5429 potestatibus,
609 5370 762 5436 quasi
797 5369 997 5425 electos
1048 5370 1100 5424 in
1134 5372 1335 5425 malitia
1366 5380 1420 5426 et
1448 5372 1655 5441 primos
1687 5372 1769 5426 in-

174 5461 252 5506 ter
306 5456 423 5529 (65)
488 5459 774 5516 daemonas
828 5478 843 5516 :
906 5462 997 5532 qui
1060 5464 1163 5519 nisi
1195 5464 1443 5535 percussi
1486 5463 1690 5521 fuerint
1717 5474 1771 5520 et

1886 4725 2209 4793 quibusdam
2236 4727 2420 4781 causis
2444 4728 2711 4796 ascriptus
2737 4728 2828 4793 sit,
2864 4727 3178 4796 frequenter
3205 4725 3463 4779 inveniet.

1883 4812 2017 4867 Nam
2067 4815 2261 4882 viginti
2320 4816 2428 4871 duo
2480 4818 2655 4885 prima
2697 4817 2839 4885 apud
2893 4817 3151 4872 Hebraaos
3193 4816 3462 4871 elementa

1886 4906 2107 4961 tradunt
2146 4922 2269 4963 esse
2319 4907 2650 4963 litterarum.
2711 4909 2911 4979 Viginti
2955 4920 3010 4966 et
3053 4910 3159 4964 duo
3200 4922 3391 4963 rursus
3429 4924 3461 4963 a

1881 5000 2219 5070 protoplasto
2242 5003 2415 5056 Adam
2441 5017 2614 5072 usque
2643 5004 2709 5057 ad
2738 5002 2931 5069 Jacob,
2967 5018 3034 5058 ex
3062 5001 3217 5073 cujus
3254 5004 3463 5059 semine

1884 5093 2097 5149 initium
2122 5095 2404 5150 duodecim
2438 5096 2608 5152 tribus
2630 5108 2876 5161 sumunt,
2924 5107 3108 5166 patres
3148 5094 3315 5149 fuisse
3350 5109 3463 5148 me-

1885 5196 2183 5241 morantur.
2254 5186 2504 5243 Tradunt
2560 5189 2729 5243 etiam
2777 5190 3019 5245 omnium
3075 5199 3457 5244 creaturarum

1884 5278 1977 5332 Dei
2011 5280 2224 5349 species
2267 5279 2409 5333 intra
2455 5280 2646 5350 viginti
2689 5290 2744 5334 et
2777 5281 2885 5335 duo
2920 5293 3206 5335 numerum
3250 5275 3452 5346 colligi.

1882 5371 1987 5427 Sed
2021 5382 2076 5427 et
2106 5373 2206 5428 alia
2260 5373 2428 5428 multa
2471 5373 2524 5427 in
2562 5373 2886 5444 Scripturis,
2916 5375 2961 5428 si
3001 5373 3123 5442 quis
3148 5369 3458 5440 diligentius

1880 5479 2236 5539 exsequatur,
2269 5470 2368 5524 sub
2414 5470 2518 5527 hoc
2566 5485 2795 5527 numero
2847 5476 3166 5525 consecrata
3198 5466 3454 5533 reperiet.

232 5626 253 5657 '
280 5627 433 5683 Psal.
469 5645 619 5693 Lvu,
645 5630 713 5685 ιι
770 5633 791 5663 ⁸
813 5632 951 5689 Gen.
977 5650 1105 5690 xxx.
1175 5634 1199 5668 '
1228 5634 1386 5691 Num.
1417 5651 1505 5703 Ill,
1538 5637 1625 5703 I2,
1655 5636 1740 5692 I3.
1821 5637 1843 5669 ⁸
1875 5638 2047 5694 Exod.
2076 5656 2156 5695 xu.
2233 5640 2254 5671 ’
2284 5639 2443 5696 Num.
2476 5657 2559 5708 Ill,
2591 5641 2682 5708 59,
2710 5640 2797 5697 45.

168 5827 185 5873 ι
235 5748 352 5823 (62)
380 5751 519 5809 Mss.
559 5752 843 5825 Sagiensis
859 5764 914 5811 et
942 5756 1309 5825 Ebroicensis,
1336 5775 1356 5810 ο
1391 5771 1766 5831 pervertercn-

191 5835 270 5873 ur.
306 5839 326 5871 ι

191 5835 270 5876 111⁵,
306 5839 326 5871 ι

241 5891 352 5961 (6‘5)
392 5894 579 5950 Codd.
630 5894 962 5954 Turonensis
1005 5908 1060 5955 et
1111 5898 1479 5967 Ebroicensis,
1512 5918 1530 5954 ι
1567 5903 1765 5967 primo.

1876 5764 2085 5833 genitos
2110 5765 2266 5819 inter.
2304 5783 2321 5815 ι

1950 5834 2063 5906 (64)
2084 5834 2139 5888 in
2162 5835 2391 5906 vulgatis
2413 5835 2741 5891 editionibus
2771 5836 2940 5902 deest,
2967 5852 2985 5886 ‹
3009 5842 3061 5889 ct
3086 5830 3395 5906 imperium,
3420 5848 3445 5886 ν

1876 5905 2015 5967 quod
2047 5905 2324 5971 suppletur
2348 5921 2379 5961 e
2401 5920 2532 5961 mss.
