3914 6566
418 449 525 506 599

1843 444 2166 503 ORIGENIS

3585 431 3685 481 6νο

421 565 651 636 Propter
676 565 781 619 hoc
805 579 934 634 ergo
958 573 1012 618 et
1037 563 1261 627 Levitae,
1306 565 1497 630 idest,
1546 567 1640 634 qui
1689 567 2083 625 deservinntA
2112 561 2614 620 constructiouibus
2665 556 2968 628 exemplari
3019 565 3080 612 et.
3131 557 3336 611 umbra:
3382 554 3680 610 caalcstinm

422 657 672 720 Domino,
714 666 770 710 et
801 656 1146 726 primogeniti
1197 657 1430 710 ﬁliorum
1483 656 1647 714 Israel
1690 659 1996 714 admirabili

417 753 523 806 hoc
551 759 604 804 et
643 758 858 805 sacrato
902 764 1130 804 numero
1178 749 1492 804 titnlantur.
1543 749 1698 817 Quod
1730 761 1908 806 autem
1942 752 1994 806 in

418 841 543 896 ﬁliis
570 838 734 894 Israel
763 840 1036 894 adduntur
1080 838 1302 894 ducenti
1351 839 1696 908 septuaginta
1746 851 1876 905 tres,
1910 855 1997 894 ne-

417 946 528 1001 que
546 933 781 986 otiosum
814 931 944 985 mihi
973 930 1209 996 videtur,
1249 946 1426 998 neque
1458 931 1816 986 absolutionis
1850 932 1992 986 viam

415 1022 574 1078 facile
604 1037 787 1087 cerno,
837 1022 940 1077 nisi
991 1022 1255 1076 Dominus
1307 1022 1550 1077 velamen
1597 1023 1736 1076 istud
1775 1023 1995 1094 imposi-

415 1123 530 1168 tum
559 1128 587 1166 a
619 1111 804 1183 Moyse
832 1112 900 1167 iis
945 1113 1142 1172 litteris
1182 1112 1470 1182 adaperire
1507 1112 1663 1168 nobis
1711 1112 1991 1183 dignetur,

412 1211 470 1258 et
498 1202 735 1258 auferre.
769 1203 938 1274 Igitur
962 1203 1183 1258 humani
1225 1201 1444 1272 generis
1476 1201 1528 1254 in
1574 1216 1738 1256 carne
1766 1217 1994 1273 genera-

415 1297 494 1352 tio
525 1296 689 1365 (sicut
711 1303 962 1352 asserunt
990 1295 1082 1364 qui
1115 1296 1170 1350 in
1199 1294 1398 1352 talibus
1430 1295 1589 1366 periti
1614 1295 1764 1368 sunt)
1795 1311 1991 1352 novem

413 1387 634 1456 quidem
659 1387 935 1443 mensibus
958 1389 1267 1444 continetur
1293 1389 1345 1443 in
1375 1387 1558 1453 vulva,
1588 1389 1679 1468 sed
1711 1403 1816 1444 non
1842 1389 1992 1456 prius

414 1478 620 1532 moveri
650 1477 825 1534 fertur
862 1479 927 1533 ad
957 1488 1176 1550 partum
1212 1495 1370 1549 quam
1402 1481 1563 1534 etiam
1611 1480 1806 1536 decimi
1837 1496 1987 1535 men-

413 1567 491 1622 sis
532 1567 764 1621 triduum
798 1577 1080 1624 transeat:
1118 1578 1174 1624 et
1211 1570 1282 1624 ita
1313 1570 1589 1624 invenitur
1625 1571 1766 1639 quod
1803 1585 1991 1624 nume-

413 1672 508 1714 rus
531 1657 654 1723 iste,
685 1658 736 1713 id
772 1667 877 1726 est,
918 1661 1137 1715 ducenti
1185 1661 1526 1731 septuaginta
1567 1671 1678 1716 tres
1714 1663 1838 1718 dies
1869 1662 1992 1717 illos

413 1751 671 1817 indicent,
701 1751 793 1820 qui
823 1765 887 1806 ex
923 1767 1116 1807 novem
1147 1753 1425 1807 mensibus
1446 1792 1462 1817 ,
1495 1762 1548 1808 et
1583 1753 1760 1808 triduo
1788 1753 1991 1807 mensis

412 1841 608 1896 decimi
652 1842 996 1912 colliguntur,
1046 1852 1102 1898 et
1145 1842 1277 1898 ﬁunt
1310 1843 1472 1898 simul
1516 1845 1733 1899 ducenti
1767 1855 1984 1914 septua-

411 1927 556 1996 ginta
591 1936 700 1983 tres
737 1930 852 1983 dies
883 1930 998 1996 isti,
1027 1931 1224 2000 quibus
1257 1930 1499 1988 humano
1541 1935 1725 2003 generi
1758 1912 1989 1992 inlumc
2022 1912 2062 1966 Β

409 2019 667 2073 mundum
697 2022 969 2090 praebetur
1005 2020 1310 2090 ingressus.
1351 2023 1416 2078 Et
1445 2024 1533 2079 ita
1558 2025 1608 2079 in
1641 2025 1833 2096 viginti
1862 2029 1984 2095 qui-

406 2110 529 2163 dettl
553 2118 606 2164 et
636 2111 844 2167 duobus
868 2115 1129 2180 numeris,
1153 2115 1395 2169 omnium
1424 2117 1585 2171 simul
1607 2129 1983 2174 creaturarum

407 2203 709 2258 rationibus
758 2206 1008 2274 mysticis
1049 2222 1262 2262 summa
1304 2207 1602 2278 colligitur.
1646 2207 1702 2264 In
1735 2211 1819 2266 his
1854 2226 1986 2266 vero

401 2308 523 2362 qua:
568 2309 635 2348 ex
690 2297 986 2352 abundanti
1066 2299 1119 2352 in
1193 2299 1562 2370 primogenitis
1629 2303 1986 2356 inveniuntur

401 2385 589 2453 Israel,
622 2388 784 2443 etiam
817 2391 1139 2460 mysterium
1184 2392 1432 2448 humanae
1467 2396 1832 2465 generationis
1882 2411 1982 2450 ex-

403 2478 674 2545 primitur.
710 2481 837 2536 Post
883 2483 999 2538 [nec
1028 2497 1150 2538 cum
1189 2485 1240 2538 in
1281 2494 1392 2540 tres
1429 2487 1649 2542 ordines
1695 2488 1850 2542 divisi
1889 2503 1980 2544 es-

402 2583 527 2626 sent
555 2573 649 2626 lilii
696 2573 846 2638 Levi,
877 2585 932 2630 et
985 2591 1050 2630 ex
1103 2575 1274 2630 tribus
1329 2577 1636 2632 nominibus
1676 2567 1978 2649 principum

402 2661 596 2732 singuli
639 2665 842 2734 quique
884 2665 1106 2721 ordines
1149 2676 1506 2722 censerentur
1535 2667 1670 2738 (65),
1722 2669 1888 2723 etiam
1925 2669 1976 2722 in

404 2757 535 2821 ipsis
557 2757 900 2814 diversitates
927 2759 1172 2826 quaedam
1206 2777 1310 2814 non
1333 2761 1450 2815 sine
1489 2761 1771 2832 mysteriis
1804 2762 1978 2816 ascri-

403 2848 624 2901 buntur.
661 2847 795 2920 Nam
824 2849 1053 2904 ﬁliorum
1094 2849 1264 2904 Caath
1306 2851 1514 2919 primus
1545 2852 1681 2906 ordo
1713 2851 1978 2908 describi-

403 2946 514 2999 tur,
541 2947 595 2992 et
634 2941 830 2994 merito
871 2957 886 2995 :
925 2955 989 2994 ex
1021 2941 1136 3010 ipso
1174 2943 1320 2998 enim
1356 2943 1636 3000 descendit
1670 2944 1888 3016 Moyses
1925 2954 1979 3000 et

399 3031 602 3094 Aaron,
645 3032 841 3100 quibus
877 3032 1167 3088 sacerdotii
1211 3048 1421 3089 sunnna
1464 3035 1850 3090 committitur.
1898 3036 1972 3090 Ex

401 3124 518 3193 ipso
577 3123 722 3179 enim
773 3124 1013 3179 nascitur
1068 3124 1307 3180 Amram.
1370 3125 1449 3180 Ex
1504 3127 1728 3183 Antram
1795 3139 1974 3184 autem

349 3249 351 3252 ‹
398 3216 634 3287 Moyses.
681 3227 736 3272 et
766 3217 972 3274 Aaron.
1007 3217 1290 3274 Secundus
1339 3233 1470 3291 ergo
1526 3231 1612 3277 est
1640 3221 1972 3292 Gerson,qni

398 3310 606 3378 primus
632 3309 846 3379 quidem
882 3309 936 3364 in
969 3309 1270 3372 nativitate.
1321 3315 1418 3368 sed
1446 3320 1716 3368 secundus
1744 3312 1973 3367 habetur

397 3401 452 3454 in
477 3402 689 3456 ordine.
725 3399 817 3456 Sic
857 3401 1002 3456 enim
1039 3402 1318 3473 Scriptura
1352 3403 1484 3458 dicit
1514 3405 1557 3435 '°
1594 3420 1607 3456 :
1651 3422 1670 3456 ι
1707 3403 1826 3457 Filii
1871 3419 1973 3456 au-

396 3502 503 3547 tem
535 3491 682 3557 Levi,
714 3491 947 3557 Gerson,
984 3495 1155 3548 Caath
1207 3504 1261 3550 et
1289 3495 1507 3550 Merari.
1545 3515 1563 3548 ι
1606 3495 1712 3550 Sed
1746 3511 1811 3550 ex
1849 3494 1975 3551 ﬁliis

393 3583 562 3638 Caath
593 3583 696 3637 duo
736 3599 924 3638 rursus
967 3585 1188 3640 ordines
1218 3585 1556 3656 diriguntur,
1611 3595 1666 3642 et
1693 3585 1727 3642 ii
1752 3587 1971 3656 quidem

391 3675 482 3744 qui
514 3688 579 3729 ex
606 3674 789 3728 Aaron
829 3675 1186 3738 descendunt,
1232 3676 1534 3730 sacerdotio
1566 3677 1969 3745 mancipantur,

393 3783 519 3837 pars
557 3783 687 3824 vero
729 3770 934 3840 reliqua
984 3771 1050 3824 ad
1104 3771 1518 3825 ministrandum
1592 3773 1972 3836 sacerdotibus

389 3860 694 3925 ordinatur,
741 3871 797 3916 et
833 3862 1038 3917 idcirco
1090 3863 1144 3916 in
1175 3871 1410 3932 quatuor
1437 3873 1618 3932 partes
1656 3863 1968 3918 Levitarum

390 3952 708 4006 dividuntur
737 3951 936 4019 oﬁicia,
966 3964 1026 4008 ut
1067 3957 1372 4010 sacerdotio
1399 3956 1618 4026 quidem
1673 3955 1971 4028 fungantur

388 4043 574 4097 Aaron
623 4052 678 4099 et
712 4043 810 4098 ﬁlii
846 4043 999 4115 ejus,
1063 4046 1263 4100 Sancta
1299 4057 1478 4101 autem
1536 4057 1850 4103 sanctorum
1912 4059 1970 4104 ut

391 4142 610 4202 portent
651 4134 702 4188 in
753 4135 997 4190 humeris
1035 4136 1147 4190 suis
1183 4136 1215 4188 ii
1246 4137 1336 4207 qui
1381 4136 1574 4208 reliqui
1608 4147 1734 4192 sunt
1777 4153 1841 4195 ex
1874 4154 1969 4208 po-

391 4225 518 4294 pulo
544 4223 713 4280 Caath
746 4223 880 4298 (66).
913 4226 1044 4293 Quae
1076 4240 1258 4281 autem
1291 4229 1358 4283 ad
1394 4229 1804 4285 tabernaculum
1847 4247 1967 4300 per-

295 4355 300 4359 -
390 4322 566 4375 tinent
615 4321 909 4377 testimonii
958 4322 1043 4376 vel
1087 4324 1153 4375 ad
1201 4325 1338 4378 atria
1375 4322 1514 4392 ejus,
1554 4334 1610 4380 et
1650 4326 1840 4396 pelles,
1885 4329 1964 4382 vel

386 4413 550 4467 etiam
580 4412 906 4477 velamenta,
940 4423 995 4468 et
1035 4429 1370 4484 quacunque
1411 4427 1539 4472 sunt
1578 4419 1760 4474 minus
1806 4422 1964 4486 dura,

385 4513 442 4560 et
473 4506 540 4560 ad
566 4521 703 4560 onus
734 4506 894 4571 levia,
920 4516 978 4560 ut
1008 4518 1299 4577 procurent
1328 4507 1424 4563 ﬁlii
1465 4509 1696 4566 Gersou.
1748 4512 1968 4568 Colum.

2003 3267 2045 3324 C

2103 657 2458 714 deservierit.
2486 655 2553 709 Et
2581 654 2694 708 haec
2727 653 2974 714 audiens,
3007 651 3293 705 considera
3327 663 3394 703 ne
3420 649 3563 701 forte
3599 647 3679 699 isti

2100 760 2337 821 quatuor
2370 747 2590 804 ordines
2619 754 2925 800 castrorum
2975 741 3286 812 exemplum
3321 742 3434 796 sint
3473 747 3528 793 et
3570 757 3683 790 um-

2099 846 2198 900 bra
2251 843 2463 898 illorum
2513 848 2751 908 quatuor
2800 837 3085 902 ordinum,
3132 849 3271 904 quos
3313 832 3380 887 ad
3431 831 3682 886 Hebraeos

2099 937 2344 993 scribens
2393 932 2598 988 Paulus
2647 928 2991 984 enumeravit
3044 929 3097 981 in
3149 926 3324 982 cmlis.
3378 926 3445 979 Et
3500 939 3682 977 rursus

2097 1027 2410 1086 Israeliticis
2437 1033 2671 1094 quatuor
2697 1021 2982 1076 ordinibus
3013 1027 3349 1082 castrorum,
3383 1026 3682 1086 quaternos

2097 1118 2271 1186 adiice
2315 1116 2662 1178 Levitarum;
2697 1126 2820 1180 quae
2867 1125 2966 1165 nos
2998 1124 3103 1163 non
3142 1117 3250 1161 tam
3288 1107 3589 1176 explanare
3629 1115 3680 1159 et

2097 1212 2337 1281 aperire,
2386 1222 2550 1278 quam
2592 1203 2890 1274 contigisse
2917 1199 3344 1270 itantummodo,
3391 1207 3447 1251 et
3497 1195 3683 1266 purio-

2098 1303 2249 1357 ribus
2284 1300 2537 1378 sensibus
2571 1296 2639 1370 (si
2696 1295 2786 1363 qui
2839 1304 3015 1348 tamen
3052 1303 3176 1346 sunt
3225 1291 3316 1361 qui
3360 1303 3531 1358 puros
3578 1288 3680 1341 huc

2095 1404 2150 1450 et
2183 1393 2382 1448 liberos
2410 1406 2440 1445 a
2476 1387 2829 1446 saecularibus
2879 1382 3306 1453 cogitationibus
3337 1379 3455 1448 (68)
3485 1392 3680 1432 sensus

2095 1484 2409 1554 detulerint)
2450 1483 2742 1545 indicasse,
2771 1490 2826 1536 et
2875 1476 3068 1533 leviter
3099 1472 3489 1544 perstrinxisse
3524 1467 3678 1522 suﬁ-

2094 1580 2223 1634 ciat.
2255 1595 2274 1630 ‹
2301 1577 2522 1645 Accipe,
2552 1574 2724 1644 inquit
2748 1573 2815 1636 ",
2847 1583 3137 1624 numerum
3177 1565 3409 1619 liliorum
3442 1561 3674 1616 Caath.»

2093 1672 2235 1727 Ecce
2283 1670 2480 1725 iterum
2514 1667 2654 1722 alius
2711 1661 3080 1719 introducitur
3108 1657 3244 1714 ordo
3294 1669 3673 1710 numerorum.

2093 1762 2373 1818 Numerati
2408 1769 2535 1815 sunt
2566 1759 2678 1828 jam
2723 1756 2816 1811 ﬁlii
2859 1753 2988 1809 Levi
3023 1750 3091 1805 ab
3128 1765 3236 1803 uno
3268 1762 3459 1802 mense
3485 1756 3543 1800 et
3590 1761 3677 1798 su-

2094 1870 2188 1924 pra
2226 1854 2374 1924 (69),
2423 1866 2568 1906 nunc
2618 1857 2976 1904 numerantur
3030 1844 3122 1900 ﬁlii
3174 1841 3299 1896 Levi
3347 1856 3376 1892 a
3412 1837 3677 1892 vicesimo

2095 1949 2288 2014 quinto
2318 1960 2483 2007 anno,
2521 1941 2617 1998 sed
2654 1957 2758 1996 non
2795 1939 2933 1992 utin
2969 1935 3185 2016 ca‘teris
3222 1947 3413 2000 supra,
3459 1930 3556 1984 sed
3591 1943 3678 1980 us-

2094 2055 2202 2110 que
2240 2038 2305 2091 ad
2344 2032 2858 2106 quinquagesimum
2896 2018 3120 2090 annum,
3161 2035 3214 2079 et
3247 2022 3305 2076 ﬁt
3339 2023 3439 2076 iste
3483 2019 3679 2091 ρηεεὶ-

2095 2148 2232 2201 pnus
2265 2143 2524 2185 numerus
2554 2135 2610 2181 et
2635 2123 2862 2178 electus.
2896 2120 3136 2173 Additur
3166 2117 3311 2170 enim
3347 2115 3413 2168 iis
3441 2131 3454 2166 :
3493 2133 3512 2163 ι
3548 2111 3678 2166 0m-

2093 2220 2208 2284 nis,
2256 2217 2428 2285 inquit
2457 2215 2519 2282 ",
2567 2213 2657 2284 qni
2706 2210 2952 2282 procedit
3005 2208 3071 2261 ad
3131 2204 3558 2260 ministrandnm
3613 2202 3675 2255 ad

2092 2327 2255 2382 opera
2301 2305 2638 2364 tabernaculi
2688 2301 3056 2358 testimonii.»
3096 2300 3186 2353 Isti
3245 2301 3371 2351 sunt
3423 2295 3517 2364 qni
3574 2310 3676 2347 nu-

2093 2410 2378 2458 merantur
2429 2399 2658 2454 meliore
2704 2395 2960 2463 quodam,
3008 2399 3062 2446 et
3107 2388 3382 2459 praecipuo
3413 2399 3674 2441 numero.

2093 2495 2245 2549 Sicut
2273 2493 2418 2547 enim
2451 2491 2504 2544 iu
2550 2489 2676 2543 ﬁliis
2715 2485 2886 2540 Israel
2917 2484 3203 2539 dicebatur
3235 2499 3246 2536 :
3283 2500 3301 2532 ι
3333 2478 3533 2534 Omnis
3580 2476 3668 2546 qui

2090 2584 2331 2654 procedit
2359 2585 2426 2637 ad
2467 2580 2718 2650 prmlium
2761 2579 2815 2632 in
2850 2577 2972 2632 ﬁliis
3002 2575 3194 2640 Israel;
3220 2593 3237 2626 ι
3273 2575 3346 2627 ita
3379 2581 3437 2625 et
3473 2571 3570 2624 hic
3605 2569 3676 2622 di-

2089 2678 2263 2733 citur:
2293 2697 2312 2730 ι
2343 2674 2530 2733 Omnis
2562 2674 2653 2742 qui
2689 2669 2934 2742 procedit
2963 2671 3029 2723 ad
3072 2666 3456 2728 ministerium,
3499 2671 3564 2716 ut
3602 2661 3675 2714 l‘a-

2086 2771 2194 2826 ciat
2238 2783 2404 2839 opera
2443 2767 2497 2822 in
2535 2763 2891 2820 tabernaculo
2943 2758 3304 2816 testimonii»
3361 2757 3495 2810 Post
3559 2755 3674 2807 hznc

2086 2863 2284 2916 dicitur
2319 2875 2440 2929 qua:
2473 2858 2582 2914 sint
2621 2869 2787 2927 Opera
2824 2854 3054 2908 ﬁliorum
3097 2849 3268 2906 Caath
3304 2850 3355 2902 in
3390 2847 3583 2901 medio
3615 2844 3674 2897 ﬁ-

2087 2956 2280 3009 liorum
2312 2952 2440 3008 Levi
2485 2951 2785 3005 secundum
2832 2949 3014 3018 plebes
3057 2962 3185 3000 suas
3226 2945 3280 2998 in
3311 2939 3673 2996 tabernaculo

2087 3045 2404 3102 testimonii.
2441 3063 2458 3096 ι
2489 3041 2760 3105 Introibit,
2794 3040 2969 3110 inquit
2995 3039 3060 3104 “,
3091 3039 3275 3094 Aaron
3309 3046 3362 3090 et
3395 3033 3494 3087 ﬁlii
3527 3030 3672 3099 ejus,

2084 3153 2204 3193 cum
2237 3137 2444 3191 elevata
2474 3134 2680 3190 fuerint
2707 3141 2910 3195 castra,
2934 3141 2990 3186 et
3017 3131 3296 3200 deponent
3320 3126 3530 3189 velum,
3559 3137 3670 3192 quo

2087 3238 2346 3300 teguntur
2378 3236 2588 3290 sancta,
2630 3236 2687 3281 et
2735 3225 2986 3294 operient
3029 3239 3096 3278 ex
3132 3222 3248 3291 ipso
3303 3218 3425 3274 velo
3477 3232 3670 3271 arcani

2085 3321 2413 3376 testamenti.
2437 3339 2456 3372 ι
2490 3319 2557 3373 Ει
2586 3327 2708 3388 post
2747 3317 2864 3371 hzec
2899 3325 3108 3383 septem
3159 3313 3409 3384 quaedam
3450 3310 3671 3377 species

2081 3420 2496 3474 enumerantur,
2526 3423 2646 3479 qua:
2677 3406 3072 3478 przecipiuntur
3106 3402 3332 3473 operiri.
3385 3399 3580 3454 Primo
3617 3397 3667 3449 in

2080 3502 2233 3565 loco,
2271 3510 2328 3555 ut
2376 3502 2619 3556 omnium
2667 3498 2960 3569 pretiosior
3009 3497 3124 3564 ipsa
3165 3510 3294 3548 arca
3346 3489 3668 3545 testamenti

2080 3593 2360 3664 operiatur
2386 3592 2505 3648 velo
2530 3607 2637 3661 quo
2670 3591 2823 3662 prius
2854 3588 3158 3650 velabatur,
3191 3584 3283 3639 sed
3315 3592 3370 3638 ct
3400 3579 3548 3652 pelle
3575 3580 3670 3633 de.

2079 3700 2242 3756 super
2295 3683 2646 3746 byacinthina
2702 3693 2932 3754 tegatur.
2985 3680 3222 3734 Additur
3283 3676 3450 3732 etiam
3517 3673 3667 3727 aliud

2079 3779 2322 3833 velamen
2373 3777 2605 3847 desuper
2661 3774 3103 3846 liyacintltiuum.
3150 3769 3400 3824 Secundo
3435 3767 3495 3821 in
3544 3765 3670 3818 loco

2080 3881 2263 3921 mensa
2308 3867 2572 3936 operitur.
2624 3864 2811 3920 Tertio
2862 3861 3277 3919 candelabrum.
3319 3857 3534 3924 Quarto
3585 3855 3665 3908 al-

2080 3971 2194 4013 tare
2227 3973 2475 4013 aureum.
2515 3957 2716 4024 Quinto
2749 3971 2877 4009 vasa
2909 3952 3227 4008 ministerii.
3258 3951 3425 4005 Sexto
3474 3947 3665 4018 operi-

2057 4059 2319 4122 omentum
2362 4047 2550 4103 altaris
2583 4063 2704 4102 cum
2746 4045 3072 4115 quibusdam
3120 4041 3441 4098 velamentis
3490 4055 3669 4109 appo-

2079 4141 2242 4193 nitur.
2275 4139 2520 4210 Septimo
2548 4139 2600 4193 in
2648 4138 2768 4192 loco
2797 4137 3042 4206 operitur
3070 4143 3124 4190 et
3172 4133 3404 4194 labrum,
3433 4140 3494 4185 et
3530 4131 3665 4183 nihil

2080 4231 2272 4282 horum
2304 4229 2545 4282 omnium
2576 4229 2776 4282 nttdutn
2813 4225 3165 4295 relinquitur,
3195 4232 3288 4276 aut
3322 4222 3664 4276 revelatum.

2078 4321 2319 4391 Denique
2345 4321 2564 4375 additur
2588 4321 2752 4374 etiam
2781 4329 3110 4389 praeceptum
3145 4313 3486 4382 huiusmodi:
3515 4331 3534 4364 ι
3564 4311 3670 4365 Νο-

2077 4415 2196 4480 lite,
2245 4415 2420 4485 inquit
2463 4414 2535 4479 ”,
2581 4411 2953 4467 exterminare
2986 4411 3052 4464 de
3099 4409 3242 4462 tribu
3295 4421 3390 4461 sua
3443 4404 3664 4473 plebem

2073 4505 2268 4558 Caath.
2296 4523 2314 4556 ι
2356 4503 2473 4570 Quo
2522 4503 2735 4558 scilicet
2783 4499 3231 4558 exterminandas
3274 4512 3395 4552 esse
3437 4512 3504 4550 se
3550 4497 3664 4548 sci-

386 4612 486 4652 nas
534 4612 662 4652 vero
694 4598 1053 4663 tabernaculi,
1103 4607 1157 4652 et
1199 4597 1356 4654 bases
1395 4601 1533 4670 ejus,
1565 4613 1618 4656 et
1645 4616 1797 4657 seras
1825 4602 1961 4672 (67),
1997 4631 2041 4684 Β
2077 4607 2217 4661 rent,
2253 4597 2296 4652 si
2336 4595 2476 4651 forte
2505 4598 2570 4651 ad
2618 4597 2734 4651 hac
2771 4595 3036 4650 movenda
3071 4608 3266 4648 manus
3311 4605 3437 4668 suas
3475 4590 3670 4642 mitte-

386 4696 446 4739 nt
470 4696 685 4756 porteut
719 4687 812 4742 ﬁlii
846 4688 1060 4744 Merari.
1092 4687 1300 4745 idcirco
1332 4700 1388 4745 et
1415 4691 1469 4744 in
1508 4693 1859 4748 recensendis
1881 4694 1965 4748 eis

386 4781 734 4850 designanter
764 4779 1048 4852 Scriptura
1106 4791 1530 4850 commemorat,
1579 4794 1637 4840 ut
1676 4798 1963 4840 recensea-

384 4882 472 4926 tnr
504 4873 678 4928 virtus
719 4871 916 4930 Merari
952 4892 966 4928 :
1001 4874 1202 4930 virtute
1240 4877 1386 4932 enim
1417 4867 1566 4947 'opus
1598 4886 1682 4933 est
1722 4877 1790 4932 ad
1832 4894 1961 4949 por-

385 4966 576 5020 tandas
610 4966 912 5035 hujusmodi
955 4968 1217 5026 sarcinas.

449 5057 505 5112 2.
537 5057 644 5112 Sed
663 5059 944 5113 redeamus
970 5060 1262 5129 aliquando
1283 5061 1350 5116 ad
1379 5061 1686 5130 apostolum
1712 5061 1961 5128 Paulum,

379 5146 470 5215 qui
501 5147 617 5203 haec
668 5149 848 5203 omnia
891 5149 1062 5206 libero
1092 5151 1202 5220 jam
1233 5160 1288 5205 et
1339 5152 1576 5207 revelato
1609 5152 1774 5223 283
1801 5155 1961 5208 oculo

383 5244 582 5299 mentis
635 5241 941 5312 aspiciens,
980 5251 1034 5296 ct
1081 5242 1280 5297 veteris
1322 5243 1656 5298 Testameuti
1710 5245 1956 5300 velamen

379 5332 666 5402 abjicieus,
703 5335 778 5388 ait
806 5334 872 5401 “,
919 5335 1045 5405 quia
1083 5335 1232 5402 prior
1268 5336 1494 5406 populus
1536 5337 1588 5390 in
1644 5336 1954 5407 huiusmodi

449 5469 494 5502 ¹⁶
522 5467 680 5524 Num.
713 5485 795 5532 III,
829 5471 918 5526 I7.
995 5472 1036 5504 ¹¹
1077 5471 1236 5527 lIebr.
1281 5473 1408 5540 vut',
1437 5475 1492 5530 5.

474 5587 563 5667 βὸ)
588 5587 769 5667 _Codex
808 5591 991 5667 Sancti
1022 5591 1367 5657 Tltcodorici,
1403 5615 1421 5647 ι
1458 5596 1818 5667 principatum
1843 5597 1960 5654 sin-

382 5659 713 5731 guliqnique
745 5663 965 5716 ordines
995 5659 1475 5731 consequerentur;
1511 5687 1530 5718 ι

453 5730 565 5804 (ῥεῖ)
595 5729 741 5804 Idem
767 5734 956 5804 codex.
994 5751 1013 5782 ι
1049 5729 1296 5804 exemplo
1325 5735 1514 5794 Caath.
1557 5755 1576 5790 ι

453 5799 566 5866 (67)
589 5799 764 5881 _Codd.
804 5803 1148 5881 Ebroicensis
1178 5799 1232 5860 et
1265 5806 1542 5879 Sagiensis
1566 5823 1686 5881 pro,
1719 5827 1737 5862 ί
1777 5819 1830 5865 et
1861 5824 1948 5865 se-

383 5880 500 5931 ras,
537 5887 555 5921 ι
589 5869 789 5936 legunt,
821 5891 837 5923 ι
875 5889 937 5928 ac
971 5877 1249 5931 semissas.
1292 5895 1313 5929 ι

1572 5477 1617 5508 ¹²
1655 5475 1811 5530 Num.
1857 5491 1929 5541 Iv,
1961 5475 2017 5531 ἓ.

2075 4701 2218 4755 rent,
2254 4691 2354 4745 nisi
2410 4691 2835 4758 unumquodque
2880 4703 3068 4744 eorum
3124 4687 3276 4759 prius
3317 4703 3347 4739 a
3396 4685 3665 4740 sacerdo-

2073 4782 2218 4838 tibus
2251 4781 2435 4836 fuissel
2467 4784 2764 4837 obtectum.

2143 4876 2198 4930 5.
2239 4875 2393 4929 Nunc
2437 4891 2568 4946 ergo
2607 4875 2894 4929 redeamus
2923 4873 2992 4927 ad
3042 4872 3184 4927 istud
3240 4867 3660 4926 tabernaculum

2075 4968 2332 5023 Ecclesia:
2380 4968 2471 5022 Dei
2515 4969 2774 5031 viventis,
2803 4976 2858 5022 et
2902 4966 3181 5021 videamus
3224 4965 3504 5035 quomodo
3540 4963 3664 5015 [nec

2073 5061 2282 5131 singula
2319 5060 2600 5114 observari
2637 5071 2888 5127 oporteat
2919 5060 2970 5114 iu
3005 5059 3246 5114 Ecclesia
3277 5057 3371 5111 Dei
3410 5074 3438 5110 a
3473 5070 3662 5108 sacer-

2072 5152 2294 5208 dotibus
2325 5152 2552 5208 Christi.
2591 5151 2647 5207 Si
2677 5154 2804 5222 quis
2837 5170 2966 5209 vero
3001 5155 3256 5209 sacerdos
3285 5163 3370 5207 est
3398 5152 3487 5208 cui
3522 5164 3658 5203 vasa

2071 5261 2252 5312 sacra,
2283 5247 2332 5299 id
2371 5255 2474 5310 est,
2511 5247 2894 5317 mysteriorum
2941 5248 3222 5318 sapientia:
3255 5255 3471 5301 secreta
3504 5259 3660 5298 com-

2070 5339 2232 5393 missa
2280 5346 2443 5404 sunt,
2487 5338 2660 5392 discat
2709 5338 2902 5404 exiis,
2951 5349 3006 5393 et.
3045 5338 3331 5401 observet,
3376 5335 3658 5408 quomodo

3007 5475 3050 5506 ’⁸
3089 5473 3251 5539 ibid.,
3282 5473 3372 5528 18.

2143 5597 2254 5669 (bS)
2295 5596 2475 5653 Codex
2512 5597 2699 5653 Sancti
2745 5596 3089 5662 Theudorici,
3125 5614 3144 5648 ι
3178 5595 3592 5669 tentationibm.
3623 5612 3648 5649 ι

2068 5668 2240 5722 Paulo
2281 5681 2399 5736 post
2449 5683 2638 5724 omnes
2689 5683 2846 5728 mss.,
2892 5687 2910 5718 ι
2939 5669 3147 5736 accipe,
3196 5668 3406 5736 inquit,
3451 5680 3650 5719 nurne-

2068 5756 2208 5794 rum.
2237 5759 2253 5790 ι
2293 5740 2452 5794 Libb.
2493 5740 2652 5803 editi,
2689 5757 2707 5788 ι
2739 5740 3004 5806 accipiat,
3054 5739 3257 5808 inquit,
3290 5752 3596 5790 numerum.
3621 5754 3643 5786 ι

2137 5811 2254 5880 (69)
2295 5811 2477 5864 Codex
2516 5810 2702 5865 Sancti
2745 5808 3096 5876 Theudorici,
3125 5829 3144 5860 ε
3177 5809 3244 5864 ab
3278 5825 3386 5862 uno
3419 5824 3557 5860 anno
3586 5816 3648 5860 et

2098 5476 2140 5507 “
2179 5477 2336 5543 ibid.,
2365 5475 2420 5531 5.
2499 5474 2545 5506 ³⁸
2582 5474 2739 5530 Num.
2767 5489 2841 5541 IV,
2872 5474 2926 5529 5.

2063 5895 2246 5948 Sttpm.
2276 5901 2294 5934 ι
