3798 6384
493 335 600 391 603

500 552 720 607 tradere
747 549 1009 618 portanda
1056 553 1110 605 in
1153 550 1422 616 humeris,
1462 559 1520 604 et
1559 550 1866 605 cervicibus
1911 550 2084 620 impoo

497 644 697 699 nenda.
732 642 871 699 Cum
915 643 1062 698 enim
1109 656 1177 698 ex
1222 641 1408 696 verbis
1451 641 1698 713 mysticis
1743 641 1982 706 eruditi,
2029 651 2086 695 et

493 734 718 804 perfecti
747 749 960 804 quoque
983 735 1238 789 doctores
1263 749 1426 805 opera
1457 732 1670 802 populis
1695 731 2006 803 iniungunt,
2031 741 2087 786 et

493 826 650 896 plebs
683 827 797 897 agit
845 826 1062 896 quidem
1089 835 1146 880 et
1189 824 1376 895 implet
1407 839 1527 894 quae
1577 824 1926 889 mandantur,
1976 839 2084 879 non

497 931 680 974 tamen
704 933 894 974 eorum
919 935 1042 989 qua:
1063 929 1328 990 geruntur
1353 917 1603 985 intelligit
1626 917 1890 973 rationem
1916 935 1930 970 :
1955 917 2085 986 quid

494 1010 644 1065 aliud
675 1011 906 1081 geritur,
932 1010 1038 1065 nisi
1060 1017 1248 1080 operta
1269 1017 1323 1063 et
1349 1008 1521 1063 velata
1548 1009 1744 1062 Sancta
1771 1015 2084 1062 sanctorum

497 1118 661 1172 super
691 1103 949 1158 humeros
977 1101 1302 1170 portantur?
1348 1100 1416 1154 Et
1437 1109 1496 1155 ut
1522 1100 1701 1154 adhuc
1741 1097 2086 1154 manifestius

491 1211 615 1267 qua:
651 1195 907 1250 dicuntur
933 1195 1208 1260 advertas,
1247 1192 1508 1264 exemplis
1541 1201 1593 1246 te
1618 1207 1682 1246 ex
1717 1191 1916 1246 divinis
1938 1192 2085 1245 volu-

497 1286 735 1341 minibus
778 1284 1038 1338 adhibitis
1108 1283 1549 1338 informabimus.
1607 1281 1822 1353 Moyses
1885 1281 2085 1336 intelli-

497 1381 660 1446 gebat
689 1377 811 1432 sine
849 1375 1017 1430 dubio
1041 1390 1162 1444 qnze
1184 1385 1331 1431 esset
1362 1389 1488 1428 vera
1523 1374 1892 1438 circumcisio,
1923 1374 2078 1429 intel-

493 1471 694 1540 ligebat
718 1471 861 1542 quod
890 1480 1036 1526 esset
1063 1485 1249 1526 verum
1273 1469 1500 1535 Pascha,
1529 1467 1732 1523 sciebat
1757 1482 1876 1537 quae
1901 1479 2086 1524 essent

495 1577 637 1617 verte
673 1561 1008 1628 Neomenizc,
1035 1569 1091 1616 et
1126 1577 1246 1631 qua:
1273 1573 1399 1614 vera
1429 1558 1666 1614 Sabbata
1694 1579 1708 1614 :
1736 1569 1791 1615 et
1813 1575 1936 1614 eum
1970 1561 2086 1616 bme

494 1653 677 1706 omnia
711 1652 1066 1708 intellexisset
1110 1653 1164 1705 in
1204 1650 1422 1719 spiritu,
1461 1649 1645 1705 verbis
1673 1647 1854 1706 tanien
1897 1667 1958 1706 ea
1991 1665 2088 1720 per

496 1757 676 1796 rerum
719 1741 1082 1811 corporalium
1123 1742 1330 1811 species
1387 1739 1944 1811 adurnbratiouesque
1987 1756 2084 1797 ve-

496 1834 642 1888 labat
686 1851 700 1888 :
751 1844 806 1888 et
858 1849 979 1888 cum
1041 1833 1206 1886 sciret
1264 1845 1454 1885 verum
1519 1830 1726 1887 Pascha
1788 1832 2080 1887 immolan-

495 1928 622 1979 dum
664 1939 786 1980 esse
827 1924 1144 1988 Christum,
1193 1937 1348 1977 ovem
1402 1923 1744 1992 corporalem
1799 1923 2082 1978 immolare

497 2017 714 2071 mandat
772 2017 824 2070 in
881 2015 1115 2071 Pascha.
1165 2015 1409 2084 Cumque
1472 2013 1639 2069 sciret
1690 2014 1834 2068 diem
1885 2015 2079 2069 festum

495 2108 580 2177 agi
647 2107 844 2161 debere
905 2105 958 2160 in
1027 2106 1236 2176 azymis
1297 2105 1634 2159 sinceritatis
1702 2114 1757 2160 et
1809 2105 2079 2170 veritatis,

455 2209 676 2264 ,tamen
732 2199 797 2254 de
850 2197 1040 2253 farina;
1109 2199 1319 2268 azymis
1382 2198 1733 2269 praecipiebat
1794 2199 1880 2267 agi
1939 2199 2082 2253 diem

494 2289 710 2346 festum.
777 2290 904 2346 "th
974 2306 1105 2362 ergo
1156 2301 1210 2344 et
1269 2291 1576 2360 huiusmodi
1649 2301 1805 2346 erant
1882 2293 2082 2346 Sancta

494 2389 843 2446 sanctorum,
905 2395 1028 2450 qua:
1086 2394 1207 2435 cuin
1268 2379 1478 2451 Moyses
1539 2380 1807 2450 portanda
1866 2381 2084 2437 caeteris

496 2472 769 2532 traderet.
837 2470 890 2526 id
931 2481 1017 2526 est
1056 2471 1218 2526 rebus
1258 2480 1315 2526 et
1359 2469 1618 2540 operibus
1667 2470 1958 2540 implenda,
1987 2486 2082 2526 co-
2151 2473 2154 2476 ’

497 2573 682 2633 operta
723 2572 902 2617 tamen
934 2577 998 2616 ea
1025 2570 1079 2617 et
1109 2562 1285 2617 velata
1323 2563 1598 2617 communi
1629 2577 1938 2618 sermonum
1971 2571 2084 2618 tra-

497 2654 658 2707 debat
679 2653 916 2723 eloquio.
943 2652 1162 2708 Humeri
1188 2662 1368 2709 autem
1394 2655 1538 2725 quod
1567 2668 1792 2725 operum
1822 2654 2082 2710 indicium

499 2755 750 2811 teneant,
795 2747 848 2800 in
889 2745 1073 2801 multis
1110 2745 1408 2815 Scriptura:
1455 2760 1600 2816 saepe
1653 2747 1786 2802 locis
1838 2747 2086 2802 ostendi-

499 2853 642 2892 mus.
672 2838 779 2893 Sed
816 2847 872 2892 et
921 2839 974 2892 in
1010 2838 1403 2894 ecclesiasticis
1439 2838 1915 2894 observationibus
1961 2848 2087 2894 sunt

500 2928 757 2981 nonnulla
807 2928 1148 2999 bujusmodi,
1193 2944 1314 2999 quae
1354 2930 1608 2986 omnibus
1652 2930 1868 3000 quidem
1905 2929 2086 2985 facere

500 3035 722 3092 necesse
766 3028 881 3084 est,
921 3035 1023 3076 nec
1066 3029 1244 3076 tamen
1289 3022 1428 3076 ratio
1465 3036 1654 3076 eorum
1697 3021 1952 3077 omnibus
1992 3037 2086 3092 pa-

501 3121 594 3166 tet.
612 3088 755 3202 ματη
785 3111 949 3182 quod,
995 3112 1144 3166 verbi
1175 3112 1369 3181 gratia,
1405 3127 1580 3181 genua
1612 3112 1884 3170 ﬂectimus
1919 3088 2084 3168 oran-

499 3210 603 3268 tes,
633 3213 688 3258 et
713 3204 855 3273 quod
882 3217 947 3259 ex
971 3203 1225 3259 omnibus
1251 3203 1375 3258 caeli
1405 3203 1577 3275 plagis
1601 3205 1667 3259 ad
1701 3205 1873 3261 solam
1905 3206 2086 3262 orien-

503 3295 570 3347 tis
602 3303 811 3363 parten:
861 3295 1110 3350 conversi
1156 3294 1463 3350 orationem
1509 3294 1782 3350 fundimus
1811 3296 1948 3367 (7i),
1979 3312 2083 3352 non

502 3382 662 3438 facile
706 3384 958 3454 cuiquam
1018 3394 1147 3454 puto
1209 3385 1424 3439 ratione
1469 3393 1833 3454 compertum.
1883 3387 1988 3442 Sed
2031 3399 2087 3443 et

501 3474 667 3545 285
695 3475 1053 3532 Eucharistias
1082 3478 1200 3532 sive
1228 3475 1592 3546 percipienda:
1611 3477 1726 3533 sive
1749 3493 1815 3534 eo
1849 3478 1954 3533 ritu
1978 3495 2086 3549 quo

504 3570 717 3639 geritur
765 3571 1136 3640 explicanihe,
1185 3571 1270 3625 vel
1320 3585 1508 3626 eorum
1561 3585 1682 3640 quae
1729 3583 1995 3646 geruntur
2032 3572 2084 3626 in

501 3662 775 3734 baptismo
805 3664 1121 3726 verborum,
1157 3672 1544 3733 gestorumque
1569 3673 1624 3717 et
1652 3663 1902 3718 ordinum
1924 3673 2088 3731 atque

505 3752 998 3820 interrogationum
1024 3766 1090 3805 ac
1122 3751 1536 3821 responsionum
1565 3752 1690 3821 quis
1719 3751 1882 3806 facile
1917 3752 2090 3822 expli-

502 3855 588 3899 cet
613 3842 922 3898 rationem?
952 3842 1012 3896 Et
1047 3851 1227 3896 tamen
1261 3843 1444 3895 omnia
1479 3843 1596 3897 brec
1619 3852 1806 3912 operta
1835 3851 1890 3897 et
1912 3843 2088 3898 velata

506 3943 792 4004 portamus
825 3946 988 4001 super
1029 3934 1290 3986 humeros
1324 3943 1544 3987 nostros
1577 3949 1593 3990 :
1637 3949 1761 3988 cum
1794 3935 1867 3988 ita
1899 3934 2086 4004 imple-

503 4041 626 4081 mus
647 4039 710 4081 ea
739 4034 795 4079 et
827 4025 1202 4094 exsequimur,
1252 4035 1308 4081 ut
1342 4039 1372 4078 a
1406 4041 1602 4096 magno
1645 4027 1900 4096 pontiﬁce
1927 4037 2088 4096 atque

504 4119 626 4190 ejus
659 4118 785 4173 (iliis
813 4118 1008 4172 tradita
1043 4127 1098 4171 et
1124 4119 1508 4172 commendata
1555 4120 1912 4190 suscepimus.
1937 4119 2088 4177 Cun-

507 4220 596 4266 cta
624 4213 742 4266 baae
771 4225 906 4281 ergo
929 4220 984 4265 et
1015 4211 1207 4265 borum
1245 4209 1446 4265 similia
1491 4225 1615 4265 eum
1658 4213 1900 4282 gerimus
1921 4253 1938 4278 ,
1990 4228 2091 4268 nec

511 4314 691 4358 tamen
722 4319 911 4360 eorum
937 4305 1285 4374 assequimur
1315 4305 1607 4370 rationem,
1635 4305 1879 4362 levamus
1908 4307 2092 4362 hume-

508 4400 586 4456 ris
617 4401 818 4456 nostris
843 4409 899 4456 et
942 4410 1228 4472 portamus
1261 4400 1518 4470 adoperta
1559 4411 1611 4456 et
1653 4404 1868 4458 obtecta
1910 4403 2089 4460 divina

1972 331 2295 392 ontcsms
3541 349 3601 407 ιω

493 461 656 518 debet
681 460 918 532 singula,
961 469 1018 515 et
1059 469 1247 531 operta
1293 460 1511 516 caeteris
1559 459 1742 516 minus
1781 459 2078 530 capacibus
2105 463 2154 519 Α
2183 458 2298 514 haec
2327 468 2384 513 et
2431 457 2746 530 operienda,
2794 455 2885 513 ubi
2932 457 3142 514 caeteris
3185 457 3289 514 dari
3326 471 3441 518 eaet
3462 463 3502 519 ia
3525 483 3606 539 opu.

2188 549 2423 620 proferri
2458 553 2599 606 ratio
2621 549 2950 621 poposcerit.

2255 639 2312 694 2.
2345 637 2472 695 Post
2497 640 2612 694 bzec
2641 639 2844 695 dicitur
2883 637 2949 692 de
2979 635 3178 692 Levitis
3209 652 3225 690 :
3257 639 3337 708 qui
3371 656 3610 712 operentur:

2187 729 2451 786 vicesimo
2501 733 2694 800 quinto
2727 745 2871 784 anno
2901 740 2956 785 et
2987 745 3147 800 supra
3194 746 3348 800 usque
3370 736 3423 789 ad
3443 739 3611 810 quinqu.

2187 820 2456 890 gesimum
2499 837 2726 876 annum.
2766 839 2784 874 t
2819 819 3030 886 Omnis,
3069 821 3236 890 inquit
3259 821 3330 885 ",
3367 827 3442 894 qui
3462 833 3614 896 procedi

2188 914 2255 968 ad
2287 929 2424 983 opus
2447 929 2675 984 operum
2704 922 2762 969 et
2800 916 2866 967 ad
2909 927 3073 982 opera
3105 927 3221 982 qua:
3247 924 3484 983 portantur
3505 922 3614 976 uber.

2190 1005 2367 1060 naculi
2404 1005 2728 1060 testimonii.
2763 1022 2782 1056 1
2821 1004 3069 1059 Observa
3124 1004 3176 1057 in
3221 1005 3300 1059 his
3337 1005 3619 1066 distinctionem

2193 1111 2509 1151 sermonum
2539 1097 2738 1153 divina:
2777 1097 3095 1166 Scriptum.
3122 1097 3218 1152 Ubi
3250 1098 3524 1168 deoperibus
3543 1104 3622 1158 lilio-

2191 1205 2312 1244 rum
2352 1189 2523 1244 lsrael
2557 1189 2824 1259 loquitur,
2865 1205 2973 1246 non
3012 1191 3142 1245 dicit
3174 1205 3325 1260 opera
3351 1206 3543 1261 operum.
3569 1197 3627 1252 sed

2189 1280 2301 1336 sola
2328 1295 2515 1350 opera.
2555 1279 2658 1336 Ubi
2689 1294 2820 1336 vero
2847 1283 2916 1337 de
2940 1281 3128 1337 omciis
3162 1282 3456 1347 Levitarum,
3485 1300 3556 1338 non
3577 1287 3627 1339 di-

2187 1374 2263 1427 cit
2297 1373 2408 1427 sola
2433 1387 2625 1442 opera,
2661 1374 2754 1428 sed
2785 1388 2948 1443 Opera
2982 1387 3225 1444 operum.
3257 1373 3393 1427 Sicut
3428 1375 3537 1428 enim
3556 1388 3632 1434 sunt

2187 1466 2432 1534 quaedam
2463 1475 2676 1530 sancta,
2704 1476 2834 1520 sunt
2861 1476 3040 1519 autem
3074 1476 3130 1520 et
3175 1465 3271 1520 alia
3318 1475 3472 1520 saneta
3498 1481 3634 1524 sancto-

2191 1573 2349 1614 rum:
2382 1557 2455 1611 ita
2483 1566 2610 1612 sunt
2645 1556 2892 1626 quaedam
2924 1573 3113 1628 opera,
3153 1567 3206 1610 et
3253 1556 3344 1610 alia
3391 1573 3522 1627 opt-ra
3556 1575 3635 1629 ope-

2189 1664 2332 1704 rum.
2385 1646 2540 1703 Unde
2573 1648 2792 1702 videtur
2840 1648 2971 1702 mihi
3015 1650 3142 1718 quia
3190 1648 3385 1720 Moyses
3427 1650 3495 1702 ubi
3529 1655 3639 1705 sensit

2188 1758 2308 1798 esse
2359 1742 2609 1811 quaedam
2666 1756 2835 1811 opera
2883 1741 3118 1796 visibilia
3150 1741 3639 1812 quidem,sedqnibu

2186 1832 2639 1888 inessetinterior
2668 1833 2773 1886 alia
2799 1833 3023 1903 mystica
3055 1841 3112 1886 et
3137 1832 3337 1887 occulta
3369 1832 3640 1901 intelligentia,

2186 1927 2302 1980 ba'e
2334 1941 2442 1981 non
2476 1925 2653 1980 solum
2696 1939 2887 1995 opera,
2916 1925 3010 1979 sed
3045 1939 3208 1994 opera
3241 1939 3442 1995 operum
3477 1924 3641 1990 dixerit;

2185 2031 2306 2084 qua:
2329 2031 2460 2072 vero
2490 2016 2824 2080 communia,
2857 2025 2910 2070 et
2937 2015 3224 2085 praesentis
3272 2014 3429 2070 solum
3472 2017 3646 2084 temporis

2184 2124 2350 2179 Opera
2385 2109 2676 2174 intellexit,
2701 2110 2816 2164 haec
2839 2107 3013 2163 solum
3036 2123 3204 2177 opera
3233 2107 3648 2163 norninarerit.Sunt

2185 2216 2316 2271 ergo
2352 2202 2600 2270 quasdam
2649 2215 2816 2270 opera
2865 2210 3092 2265 operum
3141 2213 3262 2269 qua:
3297 2215 3389 2271 ego
3452 2209 3552 2268 puto
3573 2215 3650 2255 este

2187 2293 2369 2347 omnia
2408 2295 2547 2358 haec,
2573 2293 2639 2347 de
2669 2292 2866 2361 quibus
2893 2292 2975 2348 vel
3011 2291 3062 2346 in
3111 2293 3357 2362 praesenti
3390 2292 3651 2366 lectionc,rel

2191 2385 2246 2438 in
2289 2385 2473 2439 Exodo
2519 2395 2574 2438 et
2609 2383 2823 2438 exteris
2860 2383 2997 2438 locis
3039 2383 3142 2437 sub
3169 2383 3400 2452 .occultis
3435 2384 3655 2454 praecipitur

2189 2475 2494 2546 mysteriis,
2517 2483 2572 2529 et
2598 2489 2694 2544 pro
2729 2483 2887 2544 parte
2909 2475 2963 2529 in
2999 2476 3276 2542 praesenti,
3311 2489 3400 2545 pro
3438 2486 3558 2543 parte
3574 2488 3654 2527 vero

2193 2567 2480 2636 explendis
2535 2568 2587 2622 in
2645 2566 2911 2622 futurum.
2967 2567 3098 2632 Quae
3133 2577 3334 2634 tamen,
3385 2579 3437 2621 ut
3480 2566 3657 2627 diximus,

2189 2674 2356 2729 opera
2399 2673 2648 2728 operum,
2696 2674 2804 2713 non
2839 2657 3085 2724 cuilibet,
3124 2659 3222 2714 sed
3255 2659 3440 2713 Levitis
3473 2656 3572 2712 solis
3589 2665 3659 2708 tra-

2190 2754 2364 2808 denda
2403 2753 2749 2810 mandantur.
2780 2753 2846 2807 Et
2880 2754 3025 2809 inter
3062 2755 3278 2810 Levitas
3301 2754 3435 2822 ipsos
3462 2767 3544 2806 non
3564 2751 3664 2821 prius

2189 2847 2256 2899 ad
2297 2845 2413 2900 haec
2444 2859 2608 2914 opera
2648 2844 2934 2914 quisquam
2982 2854 3254 2908 vocatur.
3302 2845 3396 2898 nisi
3429 2843 3664 2896 a'vicesimo

2190 2935 2404 2990 demum
2441 2943 2495 2989 et
2517 2927 2712 3004 quinto
2740 2948 2883 2989 anno
2909 2936 3036 2988 vita:
3063 2947 3178 2987 suae
3210 2948 3375 3003 usque
3398 2933 3454 2985 ad
3481 2932 3668 3000 quinqua-

2189 3027 2478 3096 gesimum.
2517 3024 2623 3080 Sed
2659 3042 2767 3080 non
2801 3033 2954 3080 caret
2997 3033 3344 3080 sacramento
3378 3038 3438 3078 ne
3475 3021 3566 3092 ipse
3591 3020 3670 3090 qui-

2190 3119 2312 3174 dem
2341 3118 2530 3188 viginti
2561 3118 2802 3188 quinque
2827 3126 2882 3171 et
2907 3115 3302 3188 quinquaginta
3321 3128 3545 3171 numerus
3557 3128 3672 3166 anno-

2194 3225 2336 3267 rum.
2358 3209 2490 3264 Nam
2526 3212 2580 3264 in
2617 3209 2806 3278 viginti
2833 3210 3075 3280 quinque
3107 3223 3360 3271 numero,
3391 3209 3675 3277 quinquenn-

2194 3316 2353 3357 suum
2403 3301 2669 3373 perfectio
2703 3301 3032 3368 declaratur,
3079 3302 3154 3356 ita
3193 3314 3247 3354 ut
3278 3299 3540 3370 quinquies
3564 3299 3678 3368 quint

2194 3405 2575 3451 numerentur.
2608 3395 2766 3463 Quod
2819 3394 3010 3464 utique
3052 3394 3260 3448 indicat
3306 3407 3424 3448 eum
3467 3389 3609 3445 vocari
3637 3387 3680 3440 ad

2193 3503 2358 3557 opera
2392 3501 2620 3556 operum
2647 3487 2698 3540 in
2734 3487 2997 3556 mysterio
3025 3483 3375 3557 peragenda,
3407 3482 3487 3553 qui
3511 3496 3563 3536 ex
3583 3479 3681 3533 omni

2194 3587 2347 3650 parte
2383 3577 2760 3647 multiplicatis
2789 3587 2844 3632 et
2868 3576 3177 3647 puriﬁcatis
3215 3576 3457 3632 sensibus
3485 3572 3685 3628 invenitur
3753 3587 3761 3599 ι

2195 3685 2321 3726 esse
2382 3671 2674 3740 perfectus.
2731 3669 3223 3741 Quinquagesimus
3281 3678 3452 3724 autem
3503 3674 3688 3719 nomen»

2195 3758 2337 3827 quod
2396 3758 2733 3814 remissionis
2763 3767 2814 3813 et
2848 3758 3202 3830 indulgentia:
3233 3768 3416 3816 teneat
3453 3766 3688 3811 sacramen-

2197 3861 2330 3914 tum,
2369 3850 2421 3905 in
2457 3850 2642 3906 multis
2672 3851 3085 3922 Seripturarurn
3115 3851 3253 3907 locis
3309 3864 3447 3919 saepe
3491 3856 3538 3901 et
3569 3848 3691 3898 abun-

2197 3943 2386 3998 danter
2409 3943 2772 4000 ostendimus.
2817 3943 2956 3997 Nam
2990 3951 3043 3998 et
3071 3943 3536 4014 quinquagesitnus
3571 3948 3695 3991 annus

2195 4044 2282 4090 est
2310 4037 2399 4105 qui
2429 4046 2486 4091 et
2503 4035 2756 4104 jubilaeus
2783 4035 2985 4090 dicitur
3024 4040 3166 4106 apud
3201 4035 3470 4101 Hebraeos,
3497 4034 3542 4085 in
3563 4035 3696 4100 quoet

2199 4127 2606 4195 possessionum
2635 4140 2690 4183 et
2721 4127 3003 4182 servitutis
3033 4137 3088 4182 et
3127 4127 3298 4183 debiti
3329 4127 3387 4182 fit
3419 4125 3641 4188 remissio,
3661 4129 3699 4174 et

2198 4219 2694 4290 quinquagesimus
2718 4221 2836 4275 dies
2863 4231 2987 4291 post
3008 4219 3221 4276 Pascha
3253 4221 3423 4276 festus
3458 4217 3647 4273 traditur
3663 4213 3699 4264 in

2199 4311 2337 4382 lege.
2363 4311 2470 4365 Sed
2498 4319 2554 4365 et
2585 4310 2846 4365 Dominus
2876 4311 2928 4364 in
2974 4309 3276 4381 Evangelia
3310 4325 3432 4365 cum
3457 4303 3702 4378 parabolae

3635 1760 3639 1797 ἰ

3635 1874 3640 1897 Ι

3635 1942 3641 1990 ἱ

3635 2032 3646 2070 ἱ

3635 2116 3648 2162 1

3635 2215 3650 2254 Β

3635 2292 3651 2345 l

3639 2399 3655 2435 ι’

3635 2490 3654 2527 υ

3635 2581 3657 2627 io

3635 2672 3659 2705 Ι.

3635 2765 3664 2804 l3

3635 2855 3664 2892 ιο

3635 2945 3668 2982 ιο

3635 3020 3670 3073 ll-

3635 3129 3672 3166 ο.

2199 4403 2542 4459 remissionis
2568 4404 2789 4458 doceret
2831 4412 2887 4458 et
2933 4402 3314 4474 indulgentiae,
3342 4402 3588 4458 debitores
3608 4407 3706 4465 quos

508 4493 792 4564 mysteria,
849 4493 955 4548 nisi
1009 4493 1132 4563 quis
1179 4492 1252 4548 sit
1285 4491 1430 4548 inter
1469 4510 1569 4548 nos
1604 4494 1783 4549 Aaron
1817 4505 1912 4550 aut
1949 4495 2092 4552 filius
2124 4519 2167 4572 ι)
2201 4495 2520 4562 introducit,
2551 4511 2717 4550 unum
2743 4495 2797 4550 in
2827 4495 3242 4565 quinquaginta,
3269 4503 3326 4549 et
3347 4493 3503 4548 alium
3527 4489 3574 4543 in
3593 4484 3708 4555 quin-

507 4594 714 4652 Aaron,
749 4585 947 4654 quibus
979 4586 1081 4640 ista
1106 4585 1428 4641 conceditur
1449 4587 1588 4640 nuda
1617 4597 1671 4640 et
1697 4588 1936 4641 revelata
1967 4603 2090 4658 per-

510 4675 742 4745 spicere.
781 4675 858 4730 lta
885 4687 1067 4732 tamen
1087 4680 1499 4751 conceditur,ut
1529 4678 1706 4734 sciant
1734 4678 1834 4734 sibi
1861 4679 2090 4733 velanda

607 4769 652 4802 ⁸⁸
683 4768 842 4824 Num.
877 4785 955 4835 tv,
985 4771 1076 4825 4⁸7.

585 4861 698 4928 (71)
739 4861 818 4914 Ad
851 4861 1020 4916 solum
1051 4865 1266 4918 orientis
1305 4875 1503 4930 partem
1530 4863 1764 4918 conversi
1796 4863 2088 4918 orationem

514 4931 810 5004 fundimus.
859 4931 1003 5004 Idem
1059 4935 1218 4988 docet
1252 4934 1516 5004 Origenes
1563 4937 1666 4989 sub
1710 4935 1871 4987 linem
1922 4935 2089 4989 libelli

519 5002 594 5056 De
635 5003 892 5074 oratione.
911 5000 1069 5074 ‘ldem
1102 5005 1288 5059 videre
1318 5000 1401 5059 est
1432 5006 1572 5074 apud
1602 5005 1936 5059 Clementem
1968 5006 2094 5060 Ale-

516 5072 850 5145 xandrinum
898 5070 1092 5145 Strom.
1121 5091 1214 5139 vtt,
1243 5085 1293 5130 ei
1326 5070 1478 5145 apud
1500 5086 1780 5130 auctorem
1813 5074 2019 5140 Quam.
2045 5087 2094 5129 et

517 5158 751 5214 respons.
778 5143 846 5214 aid
879 5144 1240 5214 prthodoxos,
1284 5143 1426 5214 resp.
1453 5146 1577 5208 118,
1617 5147 1706 5199 tibi
1758 5147 1885 5214 ait:
1918 5146 1991 5199 Τὸ
2037 5145 2096 5198 δὲ

515 5206 666 5312 έθόςι
691 5213 820 5298 παρ’
871 5206 946 5266 ὧν
969 5206 1236 5312 ,ἴετλτὶφεί
1274 5219 1332 5312 ἠὶ
1354 5206 1658 5312 Ἐλκκῖηέςίξ
1690 5215 1750 5268 τὸ
1769 5213 2056 5312 Ωεῠχεξθςι
2082 5256 2096 5278 ,

517 5283 669 5358 παρὰ
699 5283 904 5358 τρύτῳν
931 5283 1210 5358 εἰληφέναι
1245 5283 1338 5340 xei.
1365 5287 1425 5340 τὸ
1457 5283 1558 5340 ποῦ
1606 5283 1899 5358 εὔχεσθαί
1925 5286 2100 5340 Τοῦτο

516 5354 574 5409 δὲ
601 5353 757 5426 ’παρὰ
787 5353 896 5408 τῶν
918 5353 1091 5425 ἁγίων
1118 5357 1453 5412 ἀποστόλων.
1495 5353 1703 5412 lievera
1745 5357 1814 5410 ab
1840 5358 2100 5426 apostolis

522 5426 663 5479 hunc
680 5425 934 5482 Ecclesia:
948 5443 1152 5480 rnorem
1180 5429 1438 5482 traditum
1454 5443 1571 5483 esse
1585 5429 1741 5482 ducet
1756 5425 2098 5480 auctorCon-

520 5497 857 5550 rtitutionum
912 5499 1322 5564 npostoficnrum
1366 5497 1458 5552 lib.
1491 5515 1557 5563 11,
1605 5513 1724 5566 cap.
1753 5497 1840 5555 57.
1875 5513 1928 5564 p.
1954 5497 2058 5550 207
2085 5513 2100 5550 :

523 5566 630 5638 Καὶ
659 5566 972 5638 μετὰγτοῦτο
999 5566 1305 5638 συμφώνως
1325 5567 1564 5632 ἅπαντες
1589 5566 1983 5638 ἐξαναστάντες
2007 5567 2103 5619 καὶ

522 5637 608 5709 ἐπ’
634 5637 899 5709 ἀνατολὰς
924 5637 1381 5709 κατᾳνοήσαντες,
1413 5641 1551 5709 μετὰ
1577 5638 1674 5709 τὴν
1695 5637 1804 5691 τῶν
1837 5653 2107 5709 κατηχρψ-

526 5704 699 5778 μένων
721 5709 813 5761 καὶ
853 5707 964 5778 τὴνγ
987 5708 1097 5778 τῶν
1137 5704 1540 5778 μετανοούύτων
1563 5704 1760 5775 eadem,
1802 5704 2105 5778 προᾳεῖίξάτ

524 5767 735 5830 ὰυωσαν
759 5779 834 5851 τῷ
857 5767 996 5850 Θέᾦ,
1019 5777 1096 5852 τῷ
1119 5767 1472 5850 ἕπιϐεϐηκότι
1507 5767 1719 5834 ἐπίτδν
1748 5767 1983 5840 ⁷οὑὸωὸν
2011 5767 2106 5838 ἑοῦ

2201 4587 2377 4659 gentis
2403 4585 2571 4642 fuisse
2597 4587 2839 4643 denariis
2867 4588 3001 4642 dicit
3043 4585 3334 4642 obnoxios.
3367 4577 3708 4652 Quiuquagillla

2202 4689 2388 4734 autem
2436 4689 2492 4734 et
2523 4680 2809 4750 quingenti
2837 4687 3103 4750 cognatus
3135 4686 3219 4732 est
3243 4689 3516 4730 numerus.
3539 4664 3712 4726 [κωύκ

2197 4867 2257 4918 οὐ
2269 4863 2450 4938 pauci},
2493 4863 2635 4938 mlta
2667 4861 2950 4938 ἀνειτολὰς,
2981 4857 3515 4938 ᾂπυμιιμγησκόμεὶθοξ
3550 4847 3716 4938 καὶ

2199 4920 2625 5007 ἁράαξᾳξνομῆς
2672 4932 2762 4985 τοῦ
2807 4920 2947 5007 iter}
2984 4920 3261 5007 ᾁναῖεοῖᾲξ
3281 4920 3608 5007 ιπιξιραᾷε-ίσου.ζ
3630 4920 3717 5007 ὃθεξ

2201 4992 2478 5076 ὁἏῖρῶτὸς
2518 4992 2814 5076 ’ᾶῦθρωπος
2842 5003 3130 5076 eiii-agnae;
3291 5072 3303 5076 _
3325 4992 3532 5076 ὲῇτολὴν
3550 5035 3563 5057 ν
3581 4992 3717 5076 ξφεως

2203 5072 2506 5148 συμϐουλίᾳ
2535 5072 2800 5138 πειᾰθεὶς,
2829 5072 3128 5148 ἀπεϐλήθη.
3166 5091 3184 5123 r
3211 5072 3416 5126 Deinde
3438 5072 3610 5148 cuncti
3628 5075 3718 5148 pi-

2208 5135 2342 5201 rifer
2381 5135 2797 5214 consurgentes,
2827 5153 2882 5198 et
2926 5145 2979 5198 in
3024 5135 3292 5214 orientem
3326 5135 3720 5214 contemplantes.

2207 5217 2442 5289 egressis
2465 5205 2870 5289 cate‘chnme'nis
2911 5222 2966 5289 et
2991 5212 3404 5289 prenitentibus,
3425 5216 3567 5289 orent
3589 5205 3716 5289 De“?!

2208 5281 2299 5355 qui
2336 5287 2580 5340 ascteudit
2629 5300 2789 5354 super
2837 5281 3033 5338 cmluut
3093 5282 3217 5356 ouili
3264 5282 3333 5334 ad
3374 5281 3640 5356 orientem,

2213 5334 2579 5412 recordantes
2610 5334 2915 5423 a'di'iimin"
2943 5334 3366 5423 possesSionegmg
3401 5343 3611 5423 paradisi
3628 5379 3642 5404 ν
3671 5334 3722 5423 id

2205 5430 2470 5482 orientem
2503 5427 2614 5490 siti,
2647 5417 2790 5479 unde
2821 5417 3028 5492 primus
3060 5423 3244 5485 homo,
3275 5421 3371 5476 Dei
3398 5417 3724 5492 mandatque-

2207 5481 2404 5564 glceto,
2450 5481 2742 5566 persuasus
2769 5481 3000 5566 consilio
3044 5481 3570 5566 serpentis._ejectus
3595 5481 3723 5566 fuit.»

2211 5561 2594 5620 Verumtamen
2627 5581 2743 5621 tuos
2793 5561 3386 5633 iullecleudircorporis
3426 5561 3728 5633 versua_||:‘_

2213 5615 2455 5692 sane};
2473 5615 3075 5706 'gn‘e'..;"'..‘m.'"nan."
3103 5615 3364 5690 δίιιὲοηί
3418 5639 3573 5684 serto.
3607 5621 3633 5676 ‘t
3673 5615 3730 5680 01

2211 5706 2408 5764 Christi
2441 5706 2647 5774 Nolim,
2678 5721 2726 5765 c.
2752 5705 2804 5766 4ο
