3914 6514
64 404 140 463 ὓύ5

62 523 172 579 enim

65 617 138 669 ,ηπ
180 612 305 676 parte
331 607 577 650 numerus
603 590 713 645 iste
754 599 1003 645 sacratus
1035 586 1115 642 lit.
1146 585 1363 676 Septem
1399 582 1547 676 enim

60 674 313 772 septimanis
338 688 377 742 si
402 684 630 738 addatur
660 682 820 772 unius
844 677 1052 734 numeri
1076 675 1363 772 perfectio,
1390 674 1549 742 quin-

62 766 260 863 quaginta
296 776 479 833 faciunt
517 774 658 828 dics.
692 771 961 826 Similiter
992 778 1047 824 et
1074 766 1419 838 septuaginta
1470 778 1549 868 se-

58 862 260 953 ptimanis
300 872 338 925 si
376 868 609 921 addatur
647 865 807 919 unius
860 862 1079 919 decedat
1127 862 1545 919 consummatio,

60 949 216 1030 iaciunt
249 964 569 1035 quingentos.
606 956 757 1024 Quod
791 967 847 1010 et
887 955 931 1009 si
979 951 1347 1008 abundantius
1376 949 1550 1002 adhuc

53 1067 327 1122 sacramenta
354 1051 746 1121 quinquaginta
781 1058 837 1101 et
872 1049 1291 1116 quingentorum
1338 1041 1545 1096 muneri

52 1160 189 1229 placet
211 1147 456 1216 colligere,
486 1143 748 1196 habemus
780 1148 835 1193 et
872 1139 923 1193 in
950 1139 1053 1194 hoc
1089 1139 1204 1207 ipso
1234 1136 1325 1204 qui
1360 1135 1411 1188 in
1436 1150 1549 1188 tua-

50 1228 174 1305 nibus
194 1252 264 1297 εει
290 1238 636 1292 Numerorum
672 1232 809 1286 libro
844 1233 907 1297 ‘9,
939 1230 1024 1285 ubi
1055 1232 1122 1285 de
1157 1228 1392 1283 hostium
1422 1240 1547 1294 spo-

50 1341 113 1393 liis
138 1334 323 1405 quidam
348 1326 560 1397 quidem
595 1323 830 1378 oﬂ'erunt
875 1324 929 1376 in
972 1322 1112 1375 dona
1149 1320 1242 1374 Dei
1282 1319 1549 1388 quinqua-

44 1431 279 1503 gesimam.
317 1418 657 1491 portionem,
735 1416 825 1485 qui
882 1430 989 1469 non
1048 1418 1430 1483 processerunt
1482 1408 1548 1462 ad

45 1522 216 1581 bellum,
235 1514 430 1584 quidam
459 1523 590 1563 vero
607 1506 1121 1578 quingentesimam;
1152 1511 1207 1557 et
1232 1503 1415 1571 utique
1443 1514 1548 1554 non

43 1616 232 1672 inaniter
250 1606 509 1665 etiamhie
549 1603 1028 1674 quinquagesimus
1072 1608 1120 1654 et
1170 1595 1543 1668 quingentesi-

41 1719 133 1758 mus
159 1712 392 1755 numerus
422 1695 676 1749 habetur.
730 1692 835 1747 Sed
869 1701 923 1744 et
957 1690 1010 1743 in
1044 1688 1243 1744 Genesi
1282 1688 1369 1741 ubi
1406 1687 1547 1741 Deus

42 1792 262 1849 tractabat
301 1790 361 1843 de
411 1786 749 1855 indulgentia
783 1782 1144 1839 Sodomorum
1172 1781 1217 1835 si
1249 1780 1388 1835 forte
1424 1794 1546 1848 pos-

1166 367 1233 422 IN
1273 361 1608 421 NUMEROS
1645 357 1928 417 HOMlLlA
1967 356 2036 413 V.

210 499 561 581 quinquaginta
615 495 820 552 facium
871 492 1217 565 quingentos.
1248 492 1355 546 Sed
1396 499 1450 545 et
1484 504 1548 541 ex
1580 490 1626 545 Α
1652 475 2878 581 niunt,propitiatorium'nominarunt-Atqui
2923 485 3221 581 ine-ruerint

3116 360 3221 417 σου

1653 575 2050 631 multitudinem
2095 569 2357 634 scientiae,
2405 580 2461 622 et
2516 569 2859 625 abundantes
2909 571 3131 627 divitias
3165 574 3219 627 in

1651 668 1930 737 agnitione
1988 665 2103 729 Dei,
2137 662 2417 718 cherubim
2452 662 2679 731 intelligi
2721 675 2967 731 possunt.
3013 666 3221 722 Cheru-

1650 762 1761 817 bim
1794 772 2022 827 namque
2053 757 2103 810 iu
2144 764 2329 810 nostra
2361 754 2542 825 lingua
2584 755 2867 809 multitudo
2888 761 3116 813 scientia:
3144 762 3223 814 in-

1652 861 2004 921 terpretatur.
2035 847 2139 903 Sed
2186 849 2283 902 hos
2329 860 2547 911 omnes,
2596 846 2687 915 qui
2725 861 2820 913 per
2851 849 2963 903 haec
3008 844 3218 921 sin'gula

1651 960 1770 1015 quae
1820 958 1981 1014 supra
2041 948 2356 995 enumerata
2413 948 2538 993 sunt
2588 940 2961 1011 designantur,
3016 946 3219 1013 portari

1651 1052 1873 1093 necesse
1895 1045 1996 1099 est,
2038 1043 2092 1089 et
2125 1032 2329 1103 portari
2365 1032 2414 1085 in
2451 1032 2708 1087 humeris.
2737 1032 2888 1087 Unde
2932 1035 3219 1106 fortassis,

1653 1142 1711 1186 ut
1746 1146 1846 1201 ego
1895 1131 2111 1200 opinor,
2158 1128 2335 1199 angeli
2385 1130 2475 1198 qui
2530 1129 2768 1182 ordinati
2824 1141 2947 1185 sunt
3003 1146 3222 1205 propter

1651 1239 1767 1286 eos,
1809 1223 1902 1291 qui
1948 1222 2321 1276 luereditatem
2370 1222 2593 1290 capiunt
2627 1220 2818 1276 salutis
2848 1224 2918 1286 ²²,
2955 1227 3054 1295 ipsi
3087 1228 3217 1293 sint,

1650 1315 1743 1384 qui
1794 1314 2041 1382 singulos
2067 1326 2254 1366 eorum
2309 1327 2446 1381 quos
2498 1328 2654 1381 supra
2706 1314 2944 1371 diximus
2978 1328 3218 1387 portant.

1651 1403 1786 1457 Cum
1817 1402 1959 1456 enim
1982 1401 2218 1455 solutum
2247 1402 2409 1455 fuerit
2440 1405 2848 1459 tabernaculum
2874 1408 2995 1473 hoc,
3028 1419 3081 1463 et
3107 1423 3222 1463 coe-

1651 1494 1890 1563 perimus
1920 1493 2031 1563 {72)
2066 1494 2273 1561 ingredi
2318 1496 2383 1547 ad
2415 1494 2503 1548 illa
2544 1505 2728 1549 sancta
2757 1536 2769 1559 ,
2814 1508 2868 1552 et
2897 1515 3122 1570 pergere
3152 1504 3219 1555 ad

1649 1582 1826 1639 locum
1862 1584 2323 1654 repromissionis,
2347 1585 2382 1639 ii
2410 1586 2501 1655 qui
2526 1602 2656 1642 vere
2690 1591 2864 1643 sancti
2893 1600 3038 1654 sunt,
3067 1602 3122 1645 et
3163 1592 3218 1645 in

1650 1676 1854 1730 sanctis
1884 1683 2195 1729 sanctorum
2227 1675 2513 1743 habentur,
2536 1680 2742 1749 angelis
2764 1682 2880 1735 sine
2906 1683 3066 1736 dubio
3092 1685 3219 1738 sub-

1652 1767 1997 1822 vectantibus
2025 1767 2307 1830 incedunt,
2331 1776 2385 1823 et
2411 1785 2691 1839 nsquequo
2712 1773 3007 1843 requiescat
3040 1775 3222 1829 taber-

38 1896 130 1941 sent
150 1886 204 1938 ad
232 1896 323 1937 ven
351 1895 430 1934 am
461 1848 774 1947 pervenire,
802 1876 1109 1945 huiusmodi
1158 1873 1540 1944 mysteriorum
1580 1848 1622 1901 Β
1651 1864 1897 1919 naculum
1932 1869 2044 1933 Dei,
2070 1874 2357 1935 portantur
2382 1866 2434 1918 in
2459 1866 2702 1919 humeris
2727 1874 2782 1916 et
2805 1867 3143 1923 extolluntur
3166 1871 3219 1924 in

38 1974 242 2029 conscius
268 1970 570 2039 patriarcha
600 1968 873 2022 Abraham
915 1982 944 2020 a
967 1963 1417 2034 quinquagesimo
1450 1979 1543 2016 nu-

36 2080 150 2119 mero
176 2063 350 2131 incipit
397 2074 497 2129 pro
545 2058 877 2128 indulgentia
919 2058 1275 2110 Sodomorum
1314 2054 1544 2108 Domino

36 2155 305 2223 supplicare,
331 2163 383 2205 et
412 2151 547 2205 dicit
573 2150 621 2182 "
658 2164 673 2201 :
708 2169 726 2201 ι
762 2148 821 2203 Si
873 2148 1077 2201 inventi
1131 2146 1332 2199 fuerint
1380 2145 1542 2213 quin-

35 2246 239 2315 quaginta
273 2244 322 2297 in
350 2243 589 2309 civitate,
622 2257 726 2296 non
762 2240 999 2296 salvabis
1026 2224 1249 2309 propier
1280 2238 1545 2308 quinqua-

35 2340 145 2405 ginta
170 2336 454 2389 civitatem?
492 2353 511 2385 ι

80 2431 123 2482 5.
144 2430 235 2483 Sed
262 2429 323 2480 ad
352 2428 693 2498 propositum
744 2437 1101 2483 revertamur.
1147 2425 1374 2497 Oportet
1417 2438 1546 2494 ergo

35 2520 199 2587 aperari
228 2517 435 2572 Levitas
484 2519 540 2572 in
594 2519 798 2572 sanctis
826 2533 997 2586 usque
1048 2517 1113 2571 ad
1148 2516 1543 2585 quinquaginta

36 2626 177 2674 annos,
194 2608 465 2664 inferiores
491 2611 714 2678 quidem
738 2624 924 2679 opera,
951 2609 1205 2681 meliores
1228 2623 1357 2661 vero
1380 2620 1543 2675 opera

36 2718 203 2767 iperum
248 2719 261 2755 :
301 2704 491 2757 horum
550 2714 729 2757 autem
785 2704 1139 2773 superiores,
1206 2701 1544 2771 spiritalibus

36 2794 180 2848 alﬁciis
199 2794 487 2860 deservire,
527 2804 581 2850 et
613 2796 840 2849 introire
876 2797 929 2849 in
967 2794 1165 2849 Sancta
1206 2802 1543 2855 sanctorum,

36 2886 170 2953 ibique
194 2887 394 2954 operire
425 2902 553 2956 qua:
575 2887 868 2951 operienda
894 2896 1040 2949 sunt,
1086 2896 1141 2940 et
1174 2885 1390 2941 tradere
1420 2884 1545 2937 liliis

36 2976 155 3030 Santi:
181 2978 435 3046 portanda
472 2978 740 3043 humeris,
764 2986 818 3033 et
842 2978 1092 3033 manibus
1122 2974 1544 3034 evehenda.Sed

36 3077 63 3120 ξι
89 3069 281 3139 reliquis
312 3070 610 3139 unicuique
642 3070 938 3125 secundum
968 3085 1032 3125 ea
1072 3086 1193 3140 qua:
1236 3069 1347 3137 jam
1381 3083 1545 3136 supe-

36 3159 109 3213 ~ius
133 3176 259 3230 saepe
275 3161 502 3216 disserta
535 3172 661 3216 sunt
684 3163 1025 3218 ordinantur.
1058 3159 1260 3217 Verum
1284 3175 1351 3214 ne
1381 3159 1545 3213 nimia

1649 1957 1916 2013 manibus.
1944 1958 2097 2024 Quod
2123 1959 2458 2027 prospiciens
2486 1958 2538 2010 in
2565 1958 2757 2026 spiritu
2779 1957 3048 2029 Propheta
3073 1962 3224 2016 dice-

1646 2046 1741 2100 bat
1770 2047 1814 2078 ”
1847 2065 1861 2101 :
1902 2065 1922 2098 ι
1952 2048 2217 2114 Quoniam
2249 2049 2457 2118 angelis
2492 2050 2605 2103 suis
2657 2051 2931 2106 mandavit
2964 2053 3027 2107 de
3057 2064 3130 2119 te,
3163 2064 3223 2107 ut

1648 2137 1700 2191 in
1727 2138 1975 2193 manibus
2003 2139 2193 2194 tollant
2225 2150 2296 2207 te,
2334 2157 2400 2196 ne
2441 2140 2580 2196 forte
2625 2139 2869 2197 oﬂ'endas
2889 2145 2955 2199 ad
2986 2146 3219 2214 lapidem

1647 2230 1838 2298 pedem
1864 2240 2032 2284 tuum.
2067 2250 2086 2283 ι
2120 2231 2272 2298 Quod
2305 2235 2519 2301 quidem
2560 2236 2759 2289 dictum
2791 2237 3000 2304 putavit
3034 2238 3224 2293 diabo-

1647 2319 1729 2373 lus
1760 2320 1825 2373 de
1862 2320 2145 2377 Salvatore
2175 2324 2573 2392 accipiendum,
2601 2328 2693 2379 sed
2730 2336 2962 2381 caecatos
2992 2329 3220 2393 malitia,

1648 2427 1756 2467 non
1785 2413 2056 2468 intellexit
2088 2415 2304 2484 eloquia
2334 2416 2547 2470 Domini
2574 2417 2829 2487 mystica.
2867 2417 3053 2488 Neque
3077 2421 3219 2473 enim

1650 2502 1899 2581 Salvator
1931 2521 2083 2581 meus
2105 2508 2312 2575 angelis
2350 2509 2648 2578 indigebat,
2691 2520 2749 2563 ut
2783 2525 2887 2563 non
2924 2509 3223 2566 oll‘endcret

1648 2595 1715 2649 ad
1749 2578 1979 2664 lapidem
2002 2578 2197 2665 pedem
2238 2613 2417 2653 suum.
2445 2598 2687 2667 Namque
2719 2600 3082 2654 calumniatur
3107 2602 3224 2654 dia-

1648 2683 1803 2740 bolus
1821 2685 2159 2753 Scripturam
2176 2687 2438 2751 divinam,
2456 2688 2545 2757 qui
2565 2689 2675 2743 hac
2694 2690 2758 2743 de
2778 2688 2935 2743 Salva
2946 2694 3059 2745 tore
3078 2692 3221 2746 dicta

1648 2779 1974 2848 protulerit:
2011 2794 2120 2835 non
2146 2782 2213 2833 de
2242 2780 2356 2845 illo,
2392 2783 2484 2835 sed
2519 2782 2585 2835 de
2603 2782 2854 2837 omnibus
2887 2785 3091 2839 sanctis
3122 2787 3227 2841 hoe

1648 2869 1867 2932 dicitur,
1897 2868 2023 2940 quia
2049 2870 2261 2939 angelis
2292 2871 2405 2935 sujs
2436 2872 2715 2926 mandavit
2748 2873 3000 2944 Deuspro
3027 2877 3226 2946 populo

1648 2976 1768 3025 suo,
1800 2971 1859 3015 ut
1890 2978 1995 3017 non
2020 2961 2258 3017 oﬂ'endat
2285 2966 2352 3016 ad
2390 2964 2621 3033 lapidem
2659 2967 2852 3034 pedem
2894 2983 3073 3022 suum.
3116 2968 3223 3023 Sed

1648 3062 1704 3107 et
1736 3053 1920 3106 omnia
1953 3068 2073 3122 quae
2100 3054 2154 3107 in
2190 3054 2294 3108 hoc
2331 3056 2551 3122 .psalmo
2601 3057 2803 3125 scripta
2859 3068 3006 3123 sunt,
3055 3060 3224 3126 justis

1651 3146 1964 3214 quibusque
1993 3145 2168 3213 magis
2195 3161 2357 3214 quam
2393 3147 2661 3203 Salvatori
2688 3151 3041 3203 conveniunt.
3066 3150 3226 3206 Libe-

36 3268 109 3306 m
141 3227 588 3322 owimemormn
621 3254 1163 3322 velamenmwmque
1201 3252 1409 3307 cautela
1456 3252 1550 3306 de-
1576 3227 1620 3250 ”
1655 3248 1736 3290 rat
1760 3238 1902 3291 enim
1939 3238 2199 3293 Dominus
2226 3255 2253 3292 a
2291 3238 2471 3303 ruina,
2513 3249 2569 3294 et
2624 3241 2897 3296 daemonio
2925 3245 3229 3302 meridiano

35 3345 331 3411 perationem
363 3347 662 3416 quamdam
689 3356 741 3401 et
773 3347 1089 3403 maestitiam
1130 3354 1353 3414 generet
1393 3342 1548 3397 audi-

35 3435 204 3502 oribus,
247 3451 411 3508 pauca
452 3437 636 3506 aliqua
669 3452 786 3505 quae
813 3446 868 3492 et
911 3438 1065 3492 nobis
1094 3435 1333 3506 pandere
1372 3443 1545 3488 tutum

41 3527 86 3586 it,
112 3538 158 3579 et
186 3528 332 3583 vobis
362 3527 446 3582 fas
489 3530 567 3582 sit
606 3529 873 3596 aSpicere,
922 3529 1181 3598 quoniam
1214 3528 1454 3597 quidem,
1490 3535 1550 3579 ut

36 3618 132 3672 rius
167 3621 420 3684 diximus,
463 3634 639 3691 genus
674 3620 853 3689 regale
897 3630 953 3674 et
996 3619 1378 3681 sacerdotium,
1415 3632 1547 3686 gens

37 3722 162 3765 aucta
204 3722 255 3767 et
304 3714 543 3783 populus
591 3713 643 3765 in
679 3713 1039 3782 acquisitione
1079 3712 1206 3766 dicti
1257 3725 1443 3764 sumus
1475 3711 1545 3774 ¹¹,

36 3804 185 3866 perire
230 3805 592 3859 tentabimus.
627 3802 1004 3873 lntelliga‘tuus
1047 3816 1176 3871 ergo
1221 3802 1544 3856 tabernacu-

36 3909 94 3944 nn
122 3894 402 3951 testimonii
453 3908 649 3950 omnes
692 3902 937 3957 sanctos,
966 3892 1058 3961 qui
1089 3893 1188 3946 sub
1221 3901 1545 3946 testamento

36 3984 77 4036 ei
103 3995 377 4039 censentur
404 4003 418 4037 :
457 3996 517 4039 et
545 3985 597 4038 in
635 3983 735 4037 hoc
760 3982 1108 4037 tabernaculo
1131 3995 1252 4036 esse
1282 3981 1543 4049 quosdam

36 4074 225 4129 elsiores
249 4077 462 4131 meritis
484 4085 544 4130 et
577 4074 751 4144 gratia
782 4073 1129 4142 superiores:
1166 4080 1221 4126 et
1248 4086 1314 4125 ex
1346 4071 1410 4125 iis
1449 4072 1548 4124 ali-

36 4179 114 4218 uos
148 4167 358 4236 quidem
400 4166 796 4221 candelabrum
830 4162 959 4229 dici,
994 4163 1139 4231 ipsos
1171 4161 1311 4215 forte
1335 4171 1549 4230 aposto-

36 4269 85 4319 is,
109 4257 189 4323 qui
222 4256 541 4311 illuminant
566 4257 893 4311 accedentes
937 4253 1003 4306 ad
1038 4254 1230 4307 Deum.
1261 4251 1371 4307 Sed
1404 4261 1457 4306 et
1499 4250 1543 4304 si

36 4346 71 4398 ui
98 4347 177 4402 alii
214 4360 357 4413 sunt,
392 4350 489 4419 qui
526 4350 579 4403 in
626 4350 729 4403 hoc
776 4346 1126 4402 tabernaculo
1163 4345 1258 4400 Dei
1295 4346 1548 4400 ouiuibus

36 4441 393 4506 igredietttibus
428 4440 680 4496 scientia:
725 4448 780 4494 et
823 4439 1086 4493 doctrina:
1137 4436 1318 4491 lumen
1364 4447 1547 4492 osten-

1657 3344 1765 3382 non
1800 3328 2170 3393 Salvatorem,
2204 3332 2348 3398 quod
2383 3330 2524 3385 absit
2553 3345 2582 3384 a
2612 3332 2767 3388 nobis
2799 3334 2872 3387 ita
2905 3334 3223 3404 intelligere,

1650 3418 1745 3471 sed
1778 3434 1994 3472 omnem
2024 3419 2255 3487 justum.
2303 3419 2444 3474 Justi
2471 3423 2616 3475 enim
2670 3431 2815 3487 sunt,
2845 3426 2938 3494 qui
2988 3426 3227 3497 indigent

1653 3510 1924 3579 adjutorio
1955 3512 2270 3580 angelorum
2306 3513 2420 3578 Dei,
2462 3514 2537 3567 uti
2573 3530 2640 3569 ne
2669 3530 2698 3569 a
2728 3516 3065 3573 daemonibus
3100 3521 3227 3573 sub-

1654 3612 1909 3667 ruantur,
1965 3612 2020 3656 et
2074 3617 2144 3657 ne
2193 3603 2356 3657 corda
2419 3619 2608 3659 eorum
2661 3609 2855 3677 sagitta
2906 3609 3120 3663 volante
3170 3612 3223 3664 in

1653 3695 1892 3749 tenebris
1923 3696 2285 3750 terebrentur.
2316 3696 2419 3749 Per
2454 3696 2602 3766 ipsos
2644 3700 2865 3770 angelos
2896 3703 2997 3756 sub
3034 3706 3225 3758 eodem

1650 3787 1909 3856 mysterio
1932 3786 2135 3841 Paulus
2158 3788 2454 3855 portandos
2486 3804 2606 3844 esse
2637 3794 2901 3860 quosdam
2938 3794 3228 3850 confirmat

1650 3878 1703 3931 in
1740 3879 1973 3932 nubibus
1999 3893 2120 3932 cum
2151 3879 2283 3934 dicit
2311 3879 2355 3911 ³⁸
2385 3897 2398 3932 :
2446 3898 2464 3931 ι
2498 3879 2604 3935 Sed
2634 3892 2689 3936 et
2724 3899 2823 3937 nos
2850 3885 2940 3952 qui
2972 3885 3225 3952 vivimus,

1652 3970 1744 4037 qui
1776 3968 1969 4038 reliqui
2003 3984 2214 4033 sumus,
2243 3970 2403 4025 simul
2435 3988 2557 4026 cum
2588 3974 2700 4028 illis
2745 3975 3020 4044 rapiemur
3051 3978 3102 4031 in
3135 3995 3230 4031 tut-

1650 4064 1807 4119 hibus
1835 4064 2049 4118 obviam
2089 4064 2307 4120 Christo
2342 4065 2393 4118 in
2422 4080 2570 4119 aera.
2604 4084 2624 4117 ›
2664 4065 2973 4136 Rapiuntur
3008 4085 3136 4140 ergo
3158 4070 3231 4125 ab

1651 4156 1856 4225 angelis
1886 4156 1919 4210 ii
1946 4156 2034 4224 qui
2059 4155 2276 4224 penitus
2305 4158 2518 4226 purgati
2571 4168 2627 4212 et
2661 4158 2804 4215 leves
2836 4160 3010 4215 ellecti
3038 4171 3165 4217 sunt
3198 4178 3229 4217 a

1652 4250 1882 4306 delictis.
1912 4251 2208 4306 Portantur
2246 4267 2378 4306 vero
2405 4252 2441 4306 ii
2467 4255 2557 4323 qui
2592 4254 2866 4324 aliquibus
2899 4259 3075 4312 adhuc
3096 4258 3227 4313 reli—

1652 4344 1793 4411 quiis
1823 4355 2253 4414 praegravantur.
2282 4342 2580 4399 Portantur
2603 4360 2732 4401 vero
2759 4356 2814 4401 et
2837 4348 3104 4403 columme
3146 4358 3229 4403 ta-

1655 4437 1929 4490 bernaculi
1957 4452 1986 4490 a
2017 4436 2369 4505 quibusdam,
2396 4445 2453 4491 et
2501 4435 2664 4502 atria,
2695 4447 2750 4491 et
2779 4448 2976 4493 caetera
3026 4454 3146 4508 qua;
3196 4454 3226 4493 a

36 4542 119 4599 uit,
158 4549 347 4590 omnes
380 4536 475 4591 isti
509 4533 897 4590 candelabrum
939 4533 1225 4601 mysticum
1262 4531 1542 4586 nominen-
1578 4530 1620 4584 D
1650 4528 1933 4596 Scriptura
1985 4527 2325 4583 referuntur.
2391 4525 2691 4583 Portantur
2753 4540 2930 4583 autetn
2994 4545 3098 4585 non
3159 4532 3231 4586 ab

36 4638 84 4676 ir.
108 4626 202 4680 Alii
228 4628 338 4682 sint
372 4642 573 4681 mensa
628 4640 807 4690 sacra,
850 4624 1066 4681 scilicet
1106 4624 1418 4693 quicunque
1448 4624 1549 4678 ha-

36 4726 97 4770 ent
117 4734 275 4788 panes
316 4721 435 4787 Dei,
464 4730 526 4776 et
548 4719 802 4776 reﬁciunt
827 4733 890 4774 ac
918 4728 1147 4788 pascunt
1180 4718 1390 4773 animas
1424 4733 1551 4773 esu-

35 4822 169 4868 entes
205 4814 513 4883 justitiam.
546 4814 650 4870 Alii
684 4814 794 4868 sint
834 4814 1006 4869 altare
1058 4812 1290 4881 incensi,
1322 4811 1552 4881 quicun-

36 4919 77 4958 te
108 4907 452 4964 orationibus
488 4918 549 4963 et
584 4907 808 4979 jejuniis
843 4908 930 4961 die
962 4921 1027 4962 ac
1066 4914 1226 4961 nocte
1271 4914 1469 4960 vacant
1499 4904 1549 4957 in

35 4998 157 5067 lliplO
180 4999 296 5065 Dei,
318 5009 563 5056 orantes
596 5000 892 5071 non~286
914 4999 1088 5055 solum
1114 5014 1209 5069 pro
1227 4997 1559 5068 semetipsis,

36 5091 58 5142 ι]
90 5100 135 5144 et
182 5107 279 5158 pro
330 5094 604 5149 universo
649 5092 869 5161 populo.
894 5091 934 5145 Ii
970 5105 1099 5144 vero
1137 5087 1334 5157 quibus
1360 5102 1558 5143 arcana

35 5186 213 5249 isteria
230 5186 477 5242 credidit
496 5183 1064 5248 Deus,etoccultorum
1080 5180 1429 5250 providentiae
1446 5194 1557 5234 sua:

36 5274 276 5332 diciorum
332 5286 560 5333 secreta
621 5275 915 5341 commisit,
951 5288 1075 5327 arca
1115 5272 1419 5325 testamenti
1460 5269 1551 5325 Dei

37 5372 310 5437 pellantur.
337 5373 529 5428 Porro
560 5370 650 5439 qui
676 5384 798 5424 cum
822 5368 969 5423 omni
1003 5364 1196 5419 liducia
1227 5364 1321 5433 per
1343 5362 1551 5416 hostias

36 5476 204 5529 ecum,
263 5462 850 5535 supplicationumque
882 5456 1131 5511 victimas
1163 5455 1329 5508 Deum
1382 5450 1548 5506 homi-

35 5554 118 5609 bus
150 5559 550 5627 repropitiant,
593 5565 644 5611 et
675 5569 775 5624 pro
818 5550 1032 5606 delictis
1070 5546 1246 5619 populi
1300 5545 1540 5599 interve-

1134 5683 1178 5714 ²¹
1214 5682 1230 5737 l
1260 5681 1404 5736 Petr.
1430 5696 1491 5747 ιι,
1512 5678 1564 5734 9.

39 5694 76 5721 "
102 5690 254 5747 Num.
291 5709 454 5747 xui.
548 5693 589 5723 ¹⁰
621 5692 756 5747 Gen.
783 5703 940 5750 XVIII,
965 5684 1059 5738 '24.

1641 5682 1685 5712 ²²
1720 5679 1882 5737 Hebr.
1920 5698 1955 5746 ι,
1985 5681 2062 5735 14.
2143 5682 2186 5713 ³³
2210 5681 2351 5741 Psal.
2386 5698 2494 5747 χοι,
2534 5683 2619 5738 ll.

1650 4619 1934 4682 lsraelitis,
1966 4619 2060 4673 sed
2089 4634 2117 4672 a
2164 4617 2393 4682 Levitis,
2453 4620 2756 4673 secundum
2815 4621 2959 4675 hunc
3004 4636 3227 4677 sensum

1649 4725 1809 4780 quem
1835 4712 1886 4765 in
1922 4722 2240 4766 transcursu
2269 4711 2518 4764 videmur
2546 4710 2695 4764 brevi
2729 4713 3044 4780 contigisse,
3066 4715 3233 4768 relin-

1648 4814 1880 4874 quentes
1909 4805 2163 4859 sensibus
2187 4805 2519 4868 auditorum,
2547 4814 2603 4859 ut
2630 4808 2674 4860 si
2696 4808 2819 4876 quis
2836 4808 2901 4861 de
2932 4806 2997 4860 iis
3023 4806 3230 4875 majore

1650 4896 1920 4951 desiderio
1946 4894 2283 4965 ﬂagraverit,
2320 4896 2583 4949 accendat
2609 4897 2709 4951 sibi
2751 4898 2928 4952 lumen
2966 4899 3227 4963 scientiae,

1661 4999 1717 5044 et
1768 4988 1971 5057 majora
2046 4989 2235 5043 horum
2286 4990 2443 5044 oculo
2500 4991 2899 5059 perspicaciore
2954 4990 3227 5059 conjiciat.

1662 5079 1830 5135 Nobis
1870 5089 2050 5134 autem
2080 5081 2349 5135 concedat
2381 5080 2663 5145 Dominus,
2713 5091 2769 5133 ιιι
2800 5098 2827 5135 a
2883 5081 3080 5134 talibus
3105 5096 3235 5147 ope-

1660 5172 1819 5226 rariis
1851 5172 2050 5241 portati
2079 5181 2132 5225 et
2152 5171 2449 5235 sublevati,
2479 5172 2778 5225 liberemur
2803 5180 2857 5226 et
2880 5171 3234 5226 defendamur

1656 5280 1685 5317 a
1717 5264 1909 5333 sagitta
1937 5264 2154 5319 volante
2186 5265 2240 5318 in
2277 5265 2549 5330 tenebris,
2599 5274 2654 5317 et
2683 5279 2710 5317 a
2742 5265 2917 5330 ruina,
2953 5274 3006 5319 et
3030 5266 3231 5320 dzemo-

1652 5360 1745 5415 nio
1770 5357 2092 5426 meridiano,
2134 5374 2202 5411 ne
2230 5357 2368 5413 forte
2398 5358 2740 5412 olfendamus
2771 5358 2837 5413 ad
2864 5357 3092 5426 lapidem
3130 5370 3257 5425 pe-l

1650 5451 1771 5505 dem
1802 5460 2074 5516 nostrttm,
2111 5465 2392 5521 usquequo
2420 5456 2803 5521 perveniamus
2839 5452 2905 5506 ad
2946 5451 3121 5505 locum
3152 5463 3233 5502 re.

1649 5544 2033 5613 promissionis
2084 5554 2424 5610 sanctorum,
2472 5560 2569 5617 per
2606 5546 2881 5602 Christum
2936 5544 3226 5599 Dominum

2698 5682 2743 5713 "
2774 5680 2791 5734 l
2823 5680 3015 5735 Thess.
3043 5694 3115 5743 tv,
3145 5677 3231 5735 l6.

36 5831 143 5901 {72)
186 5834 356 5903 31.55.,
405 5854 425 5886 ι
478 5832 830 5904 coeperimus.
873 5850 890 5883 ι
929 5828 1087 5885 Libl).
1127 5826 1286 5891 editi,
1336 5843 1354 5878 t
1389 5825 1671 5895 cwpituus.
1704 5828 1742 5877 ἰ
