3914 6548
656 369 760 423 607

2111 367 2434 425 ORIGENIS
3798 364 3866 417 ω

659 498 924 549 nostrum,
959 503 1042 543 ειη
1073 497 1158 544 est
1182 489 1358 544 honor
1383 498 1440 545 et
1461 489 1750 561 imperium
1795 489 1908 560 (75)
1949 490 2002 545 in
2045 491 2237 546 sa'cula
2268 493 2312 548 Α
2343 487 2604 558 inquit",
2647 500 2812 556 super
2866 499 2960 540 eos
3003 483 3247 553 spiritus,
3284 479 3744 551 prophetaverunt
3781 499 3864 534 ori:-

656 575 1002 632 szcculorum.
1031 579 1223 634 Amen.

1243 693 1523 750 IIOMILIA
1558 695 1645 750 VI.

655 781 740 861 De
771 801 831 836 eo
869 788 1011 854 quod
1037 788 1292 854 scriptum
1324 799 1398 861 est
1435 805 1453 842 :
1490 808 1508 838 ‹
1545 789 1690 842 Exiit
1729 789 1939 861 Moyses
1963 797 2032 845 ad
2064 809 2227 861 pepu-

722 856 854 928 lum,
888 876 906 906 ι
947 867 993 910 et
1029 861 1091 911 de
1121 860 1449 928 septuaginta
1487 856 1899 928 presbyterisJet
1929 863 1992 916 de
2013 856 2235 917 Αἲιιὶὸο-

727 926 894 994 piam,
943 944 1101 990 quam
1136 927 1343 997 Moyses
1367 931 1562 998 accepit
1600 926 1839 986 tutorem.

725 1035 776 1091 1.
809 1034 970 1091 Plura
996 1038 1150 1092 nobis
1174 1038 1336 1092 simul
1376 1040 1602 1094 recitata
1634 1051 1780 1106 sunt,
1810 1053 1864 1098 et
1889 1045 1954 1099 de
1983 1047 2234 1103 omnibus

653 1126 721 1181 iis
755 1127 961 1190 dicere.
995 1145 1096 1184 nec
1127 1131 1393 1200 temporis
1427 1132 1689 1200 brevitas,
1721 1149 1819 1191 nec
1850 1139 2229 1207 mysteriorum

654 1219 970 1286 magnitudo
1001 1223 1293 1290 permittit.
1341 1223 1554 1278 Licebit
1598 1234 1781 1280 tamen
1819 1242 1883 1281 ex
1919 1229 2231 1300 ingentibus

653 1311 861 1379 campis
907 1328 1109 1382 paucos
1145 1314 1398 1372 ﬂosculos
1439 1317 1640 1388 legere,
1697 1329 1752 1374 et
1810 1337 1917 1375 non
1967 1334 2228 1391 quantum

652 1415 784 1469 ager
816 1405 1102 1471 exuberat,
1134 1407 1228 1462 sed
1259 1418 1525 1477 quantum
1553 1410 1805 1465 odoratui
1853 1413 2084 1467 sufﬁciat
2111 1431 2232 1470 car-

652 1507 802 1561 pere.
839 1493 1067 1551 Sicutet
1095 1512 1215 1552 cum
1245 1500 1366 1567 quis
1414 1501 1628 1554 accedit
1671 1501 1740 1553 ad
1793 1501 2018 1567 fontem,
2045 1522 2149 1561 non
2179 1509 2227 1562 ei

655 1595 863 1638 tantum
903 1586 1124 1644 haurire
1169 1605 1393 1646 necesse
1442 1602 1558 1658 est,
1603 1605 1867 1666 quantum
1905 1613 2041 1653 vena
2077 1600 2228 1656 dives

651 1671 927 1742 effuderit,
959 1679 1052 1730 sed
1088 1691 1350 1747 quantum
1397 1694 1614 1740 arentes
1641 1687 1730 1740 siti
1777 1688 1988 1757 mitiget
2018 1689 2226 1752 fauces.

655 1780 722 1818 ne
777 1766 918 1822 forte
949 1767 1070 1838 plus
1096 1768 1248 1838 justo
1288 1783 1524 1842 sumpta,
1576 1777 1670 1831 fiat
1742 1781 1948 1847 potanti
1994 1781 2226 1837 salubris

653 1858 796 1910 unda
822 1860 1111 1928 pernicies.
1136 1880 1156 1914 ι
1175 1863 1242 1917 Et
1263 1865 1418 1929 exiit,
1441 1869 1614 1935 inquit
1640 1870 1706 1934 ⁸⁵,
1733 1869 1945 1941 Moyses
1972 1871 2038 1924 ad
2058 1886 2226 1941 popu-

654 1948 783 2015 lum,
807 1959 860 2004 et
897 1951 1108 2008 locutus
1134 1964 1217 2008 est
1253 1956 1318 2008 ad
1347 1971 1470 2010 eum
1500 1960 1665 2015 verba
1713 1961 1949 2016 Domini.
1999 1981 2018 2014 ι
2051 1963 2231 2018 Donec

652 2044 815 2098 verba
835 2044 1041 2100 Domini
1074 2049 1224 2102 audit
1255 2049 1466 2120 Moyses
1488 2060 1544 2105 ct
1573 2053 1640 2106 ab
1663 2054 1780 2123 ipso
1814 2057 2057 2124 docetur,
2085 2058 2231 2112 intus

647 2146 754 2205 est,
774 2139 897 2192 etin
926 2138 1279 2196 interioribus
1295 2142 1546 2196 consistit
1565 2154 1730 2213 atque
1749 2146 1800 2199 in
1825 2147 2036 2202 intimis
2057 2162 2231 2204 secre-

652 2228 722 2282 tis
778 2228 1032 2285 habetur.
1077 2231 1177 2286 Ubi
1233 2248 1361 2288 vero
1398 2233 1578 2286 turbis
1633 2235 1875 2305 loquitur
1909 2245 1963 2289 et
1997 2236 2229 2305 pupulis,

649 2320 922 2376 ministrat
953 2324 998 2378 ei
1033 2327 1122 2391 qui
1166 2325 1312 2380 intus
1343 2342 1448 2380 non
1484 2337 1664 2397 potest
1717 2342 1886 2392 Stare,
1916 2329 2069 2384 exire
2097 2328 2233 2382 dici-

651 2423 740 2468 tur
786 2415 955 2470 foras.
992 2416 1129 2483 Quid
1173 2433 1301 2488 ergo
1349 2420 1540 2474 forma:
1578 2420 1702 2475 talis
1732 2422 1976 2475 continet
2013 2421 2230 2476 sermo?

648 2505 804 2571 Quod
835 2509 1016 2563 omnis
1037 2510 1252 2574 doctor,
1284 2521 1336 2565 et
1361 2514 1620 2583 magister
1642 2513 1902 2568 Ecclesia:
1929 2514 1975 2567 si
2014 2514 2081 2567 de
2107 2528 2234 2582 pro-

652 2597 993 2654 fundioribus
1045 2604 1322 2672 mysteriis
1357 2603 1561 2672 aliquid
1592 2615 1842 2670 moveat,
1891 2605 1935 2659 si
1972 2621 2229 2659 arcanum

650 2690 780 2758 quid
812 2701 867 2745 et
903 2695 1241 2748 reconditum
1271 2695 1337 2750 de
1372 2695 1464 2751 Dei
1513 2698 1780 2766 sapientia
1819 2697 2054 2767 proferant
2090 2699 2232 2752 inter

653 2785 949 2852 perfectos,
989 2785 1162 2842 donec
1217 2788 1271 2841 in
1325 2789 1609 2858 profundis
1658 2790 1914 2846 sensibus
1955 2801 2228 2856 versatur,

652 2876 800 2932 intus
829 2892 971 2943 esse,
1005 2889 1062 2934 ct
1112 2879 1164 2932 iu
1217 2879 1571 2936 interioribus
1614 2884 1918 2938 consistere
1971 2883 2231 2938 dicendus

650 2978 754 3023 est.
782 2969 916 3024 Cum
947 2986 1074 3026 vero
1099 2971 1340 3040 loquitur
1361 2973 1428 3026 ad
1474 2976 1681 3040 turbas,
1708 2985 1766 3029 et
1791 2990 1851 3028 ea
1879 2974 2084 3043 profert
2112 2990 2232 3044 qua:

649 3063 925 3118 sufﬁciant
961 3065 1026 3119 iis
1053 3065 1143 3134 qui
1189 3065 1324 3119 foris
1369 3075 1519 3132 sunt,
1553 3075 1608 3121 et
1650 3082 1770 3137 quae
1809 3077 1989 3137 potest
2039 3070 2229 3137 vulgus

2341 597 2456 637 nes.
2501 600 2520 632 ι
2563 579 2718 648 Quod
2745 579 2910 642 dixit,
2940 579 3068 647 quia
3097 590 3385 632 assumens
3407 578 3473 628 de
3501 573 3699 641 spiritu
3725 571 3862 643 lleysi.

2337 677 2484 731 dedit
2520 676 2860 744 septuaginta
2895 673 3207 727 senioribus
3249 669 3535 738 spiritum,
3572 680 3676 720 non
3721 666 3779 719 ita
3811 671 3862 721 is-

2340 765 2549 834 telligas
2580 763 2739 834 quasi
2801 762 3143 816 materialem
3197 759 3433 827 aliquam
3489 771 3863 824 corporeae:

2336 857 2697 911 substantiam
2728 854 2985 910 auferens
3016 855 3158 908 Deus
3191 869 3220 906 a
3250 851 3438 922 Moyse
3479 851 3537 902 in
3589 853 3860 918 septuaginta

2336 950 2571 1004 secuerit
2601 949 2903 1018 portiones,
2942 958 2997 1002 et
3032 947 3104 1001 ita
3141 946 3434 1014 unicuique
3479 944 3756 998 seniorum
3781 949 3860 998 exi-

2335 1058 2496 1110 guam
2529 1041 2856 1110 particulam
2895 1041 3127 1094 dederit.
3181 1038 3405 1108 lmpium
3465 1046 3561 1091 est
3615 1036 3684 1088 ita
3723 1037 3859 1090 mea

2334 1148 2465 1204 gere
2503 1143 2754 1187 naturam
2793 1131 3029 1201 Spiritus
3072 1129 3268 1184 sancti.
3302 1127 3408 1182 Sed
3447 1127 3575 1196 hoc
3605 1125 3748 1177 tundo
3769 1127 3858 1194 figu-

2335 1238 2450 1278 ram
2486 1223 2698 1290 mystici
2736 1221 2893 1292 hujus
2917 1220 3188 1276 sermonis
3218 1219 3470 1281 adverte,
3497 1217 3662 1286 quasi
3693 1215 3856 1288 liqu

2334 1324 2385 1369 et
2415 1315 2641 1384 spiritus
2669 1314 2763 1384 qui
2794 1322 2914 1368 erat
2953 1312 3005 1366 in
3047 1310 3266 1382 Moyse,
3310 1307 3621 1364 clarissimi
3653 1309 3856 1371 Cttjttsalm

2335 1407 2552 1462 luminis
2615 1405 2784 1461 fuerit
2843 1406 3102 1472 lucerna,
3159 1419 3226 1458 ex
3261 1418 3368 1472 qua
3398 1401 3553 1454 alias
3591 1403 3856 1467 septuaginta

2335 1501 2588 1554 lucernas
2632 1496 2950 1552 accenderit
2993 1495 3136 1550 Deus
3165 1534 3181 1558 ,
3215 1494 3281 1547 ad
3307 1507 3454 1561 quas
3490 1492 3570 1544 ita
3616 1491 3858 1560 principia

2332 1592 2482 1646 illius
2528 1590 2752 1644 luminis
2805 1587 3068 1658 Splendor
3124 1585 3482 1656 pervenerit,
3530 1593 3593 1636 ut
3633 1583 3858 1650 origo'qa

2332 1682 2553 1736 luminis
2584 1674 2730 1734 nihil
2755 1678 2934 1734 damni
2969 1692 3038 1731 ex
3067 1676 3399 1732 conuuercio
3426 1673 3778 1729 derivationis
3800 1691 3858 1728 ar-

2331 1773 2559 1841 ceperit.
2587 1772 2653 1826 Et
2689 1771 2791 1826 hoc
2821 1768 2980 1824 modo
3009 1769 3094 1838 pie
3123 1765 3452 1836 intelligitur
3482 1763 3635 1834 quod
3665 1764 3857 1829 scriptas

2263 1836 2304 1889 Β
2333 1836 2416 1919 est
2457 1865 2538 1929 ⁸³,
2574 1882 2593 1916 ‹
2631 1863 2757 1932 quia
2801 1836 3024 1916 abstulit
3061 1859 3322 1914 Dominus
3369 1859 3439 1912 de
3487 1856 3684 1926 spiritu
3723 1855 3856 1926 lays.

2333 1966 2389 2011 et
2421 1955 2576 2010 dedit
2611 1956 2958 2025 septuaginta
2991 1953 3318 2008 senioribus.
3345 1968 3365 2003 ι

2403 2048 2457 2102 5.
2485 2045 2590 2103 Sed
2619 2047 2904 2102 videamus
2945 2045 3076 2116 quid
3114 2053 3198 2098 est
3225 2043 3370 2112 quod
3393 2043 3479 2097 ait
3507 2042 3563 2096 in
3592 2058 3855 2111 cornequ

2337 2141 2479 2196 tibus
2505 2154 2520 2194 :
2551 2159 2569 2192 t
2604 2139 2672 2193 Et
2705 2140 2998 2209 requievit,
3034 2140 3208 2209 inquit
3240 2137 3284 2170 ³³
3304 2179 3319 2202 ,
3352 2151 3530 2205 super
3554 2151 3648 2190 eos
3674 2138 3853 2205 Spiritus.

2333 2243 2388 2288 et
2417 2233 2814 2303 prophetarum
2834 2246 3047 2286 omnes.
3078 2251 3096 2282 ι
3132 2231 3509 2300 Requiescere
3535 2229 3765 2297 spiritum
3787 2248 3850 2281 ur;

2335 2328 2388 2382 in
2417 2327 2834 2396 quibuscuuque
2860 2325 3170 2379 hominibus
3200 2323 3429 2393 legimus
3469 2339 3486 2374 :
3518 2322 3615 2375 sed
3641 2322 3689 2374 in
3712 2336 3854 2374 sanes

2332 2431 2388 2476 et
2436 2421 2634 2476 beatis.
2677 2419 2994 2489 chuicscit
3026 2419 3173 2472 enim
3223 2419 3456 2488 spiritus
3494 2417 3593 2470 Dei
3634 2416 3681 2467 iu
3723 2415 3773 2467 iis
3795 2430 3838 2482 εἶθ.

2335 2514 2536 2569 mundo
2566 2520 2693 2566 sunt
2727 2513 2890 2566 corde
2913 2553 2928 2577 ,
2961 2522 3017 2566 et
3050 2511 3103 2565 in
3137 2512 3203 2565 iis
3233 2512 3323 2579 qui
3373 2510 3675 2579 puriﬁcaut
3705 2509 3854 2559 animas

2334 2619 2459 2658 suas
2493 2620 2523 2658 a
2566 2612 2792 2672 peccato
2830 2619 2844 2656 :
2879 2602 3024 2658 sicut
3062 2604 3372 2658 ccontrario
3401 2618 3525 2656 non
3560 2602 3790 2654 inhabitat
3819 2602 3852 2650 is

2332 2712 2562 2767 corpore
2618 2695 2839 2752 subdito
2891 2695 3171 2765 peccatis,
3229 2694 3450 2748 etiamsi
3499 2692 3750 2747 habitarit
3787 2693 3852 2743 aii-

2333 2788 2551 2858 quaudo
2575 2787 2730 2843 ineo.
2750 2784 2868 2840 Non
2895 2786 3040 2840 enim
3073 2794 3250 2856 potest
3284 2783 3537 2854 Spiritus
3569 2781 3850 2848 sanctum;

2333 2879 2671 2934 consortium
2718 2878 2827 2948 pati
2875 2887 2929 2933 ct
2978 2878 3296 2932 societatem
3338 2877 3586 2946 spiritus
3615 2874 3851 2927 tnali.t‘.ex.

2338 2981 2447 3026 tum
2482 2981 2569 3026 est
2606 2971 2752 3026 enim
2812 2971 3020 3040 peccati
3081 2979 3324 3039 tempore
3385 2971 3594 3024 adesse
3649 2969 3695 3021 in
3743 2972 3849 3022 me

2334 3062 2763 3132 uniuscujusque
2818 3063 3068 3131 spiritum
3123 3061 3359 3126 malum,
3414 3069 3481 3114 et
3531 3076 3688 3130 agere
3725 3071 3849 3130 panos;

651 3155 862 3219 audire,
901 3155 1048 3211 foras
1078 3157 1278 3212 dicitur
1316 3157 1520 3224 exisse,
1559 3169 1614 3213 et
1661 3159 1806 3228 loqui
1858 3160 1925 3214 ad
1971 3161 2226 3230 populum
2256 3173 2298 3228 ο
2333 3169 2484 3208 ευίιει
2522 3153 2621 3208 (ἶυὶ
2653 3155 2843 3223 utique
2875 3169 2998 3209 Cum
3031 3153 3186 3209 Ῑοουε
3213 3154 3410 3218 dim".
3465 3163 3529 3208 ει
3583 3153 3798 3222 ιἐείρίιεῖ
3831 3169 3846 3200 ³

651 3251 815 3304 verba
846 3251 1076 3305 Domini.
1115 3251 1229 3305 Hoc
1261 3251 1420 3306 video
1450 3263 1505 3307 et
1555 3253 1782 3308 Paulum
1821 3253 2034 3322 fecisse,
2066 3265 2121 3310 et
2146 3257 2228 3310 in-

654 3352 740 3396 tus
788 3345 1008 3412 quidem
1062 3344 1254 3409 fuisse,
1293 3361 1416 3400 cum
1473 3346 1679 3401 diceret
1710 3348 1756 3378 ³⁸
1790 3370 1802 3403 ;
1842 3367 1861 3399 r
1895 3347 2227 3418 Sapientiam

650 3441 829 3488 autem
861 3433 1136 3504 loquimur
1175 3439 1318 3491 inter
1364 3439 1657 3505 perfectos,
1688 3438 2010 3507 sapientiam
2044 3452 2226 3496 autem

652 3539 760 3578 non
797 3524 960 3591 hujus
986 3527 1202 3592 tnnndi,
1238 3542 1413 3596 neque
1448 3530 1754 3599 principum
1791 3529 1951 3598 hujus
2001 3533 2226 3598 mundi,

644 3615 737 3686 qui
789 3617 1160 3672 destrueutur.
1209 3619 1317 3674 Sed
1349 3618 1623 3689 loquimur
1674 3621 1768 3675 Dei
1817 3624 2141 3691 sapientiam
2175 3626 2228 3680 in

647 3707 908 3778 mysterio
931 3707 1331 3772 absconditam,
1358 3726 1521 3780 quam
1556 3725 1716 3764 nemo
1739 3711 2043 3781 principum
2073 3712 2231 3782 lmjus

649 3799 837 3852 mundi
867 3801 1138 3868 cognovit.
1181 3819 1198 3851 ο
1246 3799 1406 3855 Vides
1442 3803 1714 3869 quomodo
1747 3803 1892 3857 intus
1923 3812 2026 3866 est,
2057 3813 2114 3858 et
2150 3807 2229 3859 iu-

650 3899 804 3943 terna
835 3898 997 3957 atque
1022 3907 1222 3945 arcana
1247 3892 1446 3947 divina:
1492 3894 1777 3963 sapientiai
1811 3905 2061 3963 penetrat
2083 3895 2229 3950 Pau-

651 3979 760 4044 lus,
793 3995 912 4035 cum
944 3981 1058 4035 haec
1089 3982 1352 4050 loquitur.
1377 3984 1509 4037 Cum
1535 3994 1718 4038 autem
1748 3987 1994 4052 procedit
2042 3988 2108 4040 ad
2138 4003 2232 4056 po-

650 4071 1000 4141 pulum,audi
1025 4073 1152 4142 quid
1185 4074 1424 4142 loquitur
1454 4075 1498 4106 ²⁷
1533 4093 1549 4130 :
1581 4077 1748 4146 287
1784 4096 1803 4128 ι
1837 4077 2025 4132 Omnis
2049 4093 2230 4133 sermo

653 4163 828 4216 malus
869 4164 936 4218 de
961 4180 1057 4217 ore
1079 4175 1264 4220 vestro
1292 4181 1399 4220 non
1423 4169 1720 4235 procedat;
1759 4188 1779 4221 ι
1815 4179 1869 4224 et
1901 4187 1915 4224 :
1950 4188 1968 4221 ι
2012 4168 2114 4237 Qui
2141 4169 2228 4224 fu-

651 4254 898 4320 rabatur,
923 4252 1037 4322 jam
1080 4271 1183 4308 non
1221 4255 1534 4321 foretur“;
1577 4277 1597 4310 ι
1634 4266 1689 4312 et
1721 4273 1736 4311 :
1769 4276 1788 4308 ι
1846 4257 2231 4328 Unusquisque

650 4346 736 4400 vir
768 4362 996 4402 uxorem
1047 4362 1200 4402 suam
1247 4349 1446 4404 habeat
1474 4352 1552 4417 ης
1599 4369 1620 4406 r
1655 4361 1748 4407 et:
1787 4369 1806 4403 r
1841 4351 2230 4423 Unusquisque

647 4441 958 4508 proximum
1013 4455 1173 4495 suum
1231 4442 1375 4497 sicut
1428 4443 1665 4513 seipsum
1717 4443 2013 4510 diligat”;
2061 4465 2080 4498 ι
2127 4457 2224 4500 et:

653 4554 673 4587 ι
716 4533 1067 4605 [Ιιιοίμιωίιυθ
1096 4535 1293 4589 mulier
1327 4536 1501 4589 virum
1534 4552 1691 4590 suum
1728 4538 1928 4592 habeat
1951 4538 2017 4591 ⁸⁸.
2047 4556 2065 4589 ι
2099 4537 2226 4593 Haac
2259 4525 2301 4578 Ῑ)

654 4639 709 4684 et
734 4629 779 4685 si
808 4645 913 4699 qua
943 4629 1252 4698 huiusmodi
1294 4639 1459 4697 sunt,
1488 4629 1692 4685 Paulus
1729 4631 2023 4685 secundum
2080 4631 2225 4703 Moy-

650 4722 726 4777 sis
755 4723 979 4776 formam
1016 4721 1164 4778 foras
1186 4725 1394 4787 exiens,
1435 4724 1501 4776 ad
1535 4723 1793 4794 populum
1824 4722 2088 4791 loquitur.

719 4815 774 4870 2.
813 4813 921 4869 Sed
955 4816 1237 4870 videamus
1270 4828 1324 4870 et
1350 4817 1494 4870 aliud
1523 4826 1722 4886 caput,
1759 4819 1811 4872 in
1844 4832 1950 4887 quo
1991 4817 2228 4872 refertur

647 4905 795 4975 quod
837 4907 1177 4975 septuaginta
1230 4906 1376 4961 viros
1423 4907 1650 4975 elegerit
1694 4908 1908 4979 Moyses
1939 4925 2004 4963 ex
2037 4910 2220 4965 senio-

651 5000 802 5054 ribus
849 5000 1028 5069 populi
1069 5013 1123 5054 et
1181 5001 1432 5056 habuerit
1483 5017 1578 5057 eos
1626 5013 1752 5057 ante
1803 5002 2221 5057 tabernaculum

651 5091 970 5154 testimonii,
1007 5102 1062 5145 et
1110 5093 1174 5146 de
1219 5095 1413 5161 spiritu
1447 5094 1615 5165 Moysi
1651 5095 1926 5164 accipiens
1956 5095 2096 5148 Deus
2128 5095 2223 5150 de-

649 5185 790 5240 derit
825 5185 1165 5254 septuaginta
1198 5187 1527 5254 senioribus,
1557 5206 1575 5239 ι
1599 5197 1650 5241 et
1683 5204 1805 5244 cum
1847 5190 2221 5258 requievisset,

742 5326 789 5356 ”
820 5322 980 5398 Num.
1013 5343 1088 5388 χι,
1116 5324 1203 5378 24.
1311 5328 1356 5398 ξε
1384 5326 1400 5379 l
1427 5327 1618 5389 C0l'.ll,
1654 5327 1686 5382 6
1716 5339 1772 5382 et
1806 5344 1960 5398 scqq.

645 5413 704 5462 v,
726 5398 816 5452 '53.
893 5398 936 5430 ⁸³
968 5397 984 5449 l
1017 5397 1145 5451 Cor.
1180 5411 1274 5461 vn,
1305 5397 1360 5451 2.

723 5538 836 5615 (75)
877 5539 930 5594 In
965 5541 1197 5615 vulgatis
1218 5539 1544 5615 editiouibus
1568 5541 1721 5615 deest
1743 5561 1760 5591 ι
1791 5553 1846 5615 et
1877 5544 2215 5615 imperium,»

655 5612 808 5681 quod
821 5610 1110 5681 suppletur
1138 5627 1169 5664 e
1191 5611 1380 5665 codice
1415 5611 1598 5681 Sancti
1627 5610 1974 5668 'l'lteodorici.

725 5679 838 5752 (74)
876 5679 1000 5735 Non
1035 5683 1175 5735 enim
1223 5688 1393 5750 potest
1439 5680 1670 5750 Spiritus
1700 5696 1947 5748 sanctus,
1989 5696 2096 5740 etc.
2134 5683 2226 5739 Sic

657 5751 768 5803 fere
805 5751 1030 5806 llermas
1065 5752 1159 5806 lib.
1192 5769 1251 5817 ll,
1285 5754 1525 5807 mandat.
1563 5753 1618 5815 5,
1655 5768 1776 5820 pag.
1808 5753 1915 5807 47:
1949 5773 1966 5805 ι
2001 5757 2151 5821 Quod
2180 5758 2224 5809 si

657 5823 936 5877 iracundia
987 5823 1588 5906 aliquasupcrvcncrit
1618 5863 1633 5891 ,
1668 5827 1931 5881 continuo
1989 5826 2227 5897 Spiritus

2037 5331 2080 5360 ιτ
2121 5329 2316 5398 Eplies.

1455 5398 1498 5429 ³²
1529 5398 1687 5453 Num.
1721 5415 1798 5465 XI,
1833 5400 1925 5454 25.
1999 5400 2043 5432 ³³
2071 5401 2180 5455 ibid
2256 5399 2300 5430 "'

2335 3247 2488 3301 nobis
2524 3261 2620 3316 per
2666 3246 3026 3316 cogitationes
3069 3246 3280 3310 malas,
3340 3255 3397 3299 et
3444 3244 3848 3311 concupiscentiae

2333 3338 2616 3408 pessimas,
2655 3339 3034 3403 contristatus,
3070 3347 3146 3402 et,
3181 3347 3241 3390 ut
3295 3337 3368 3390 ita
3397 3337 3591 3392 dicam
3617 3378 3634 3399 ,
3675 3351 3849 3400 coangu-

2333 3441 2511 3485 status
2560 3431 2779 3500 fugatur
2817 3430 2885 3483 de
2930 3430 3085 3484 nobis
3115 3427 3352 3497 Spiritus
3396 3437 3650 3482 sanctus.
3690 3427 3850 3493 Proper

2333 3523 2474 3592 quod
2502 3533 2557 3578 et
2589 3523 2882 3592 Apostolus
2920 3522 3100 3577 sciens
3149 3521 3266 3576 haec
3297 3521 3370 3574 ita
3406 3521 3684 3583 accidere,
3723 3535 3851 3571 niese-

2333 3618 2425 3673 bat
2454 3617 2645 3671 dicens
2683 3635 2696 3671 :
2734 3634 2752 3667 ι
2783 3614 2962 3670 Nolite
2990 3615 3318 3670 contristare
3340 3612 3616 3683 Spiritum
3647 3625 3847 3668 sant-tur.

2335 3710 2387 3763 in
2436 3724 2543 3779 quo
2595 3708 2794 3778 signati
2845 3709 2978 3762 estis
3018 3708 3072 3761 in
3105 3708 3191 3762 die
3239 3706 3662 3776 redemptionis.
3691 3703 3848 3773 rigua:

2333 3811 2624 3870 peccantes
2663 3801 3060 3854 contristamus
3112 3800 3376 3870 Spiritum
3416 3810 3674 3853 sanctum
3710 3816 3722 3850 :
3753 3797 3846 3863 justi

2336 3911 2463 3948 vero
2524 3902 2750 3962 agentes
2807 3902 2862 3948 ct
2919 3901 3125 3954 sancte,
3187 3891 3431 3960 requiem
3483 3891 3536 3945 ei
3568 3891 3848 3960 pannrsia
3892 3943 3893 3952 χ

2334 3986 2507 4039 nobis.
2539 3984 2695 4041 Unde
2734 3993 2789 4040 et
2828 3985 2978 4054 r:uod
3012 3999 3158 4038 nunc
3189 3984 3267 4038 ait
3299 3982 3364 4037 de
3393 3983 3742 4052 Septuaginta
3766 3999 3848 4048 ριει

2331 4082 2591 4151 sbyteris,
2622 4082 2751 4152 quia
2794 4082 3067 4151 requievit
3127 4083 3180 4136 in
3245 4083 3326 4137 eis
3368 4083 3611 4152 spiritus
3639 4123 3654 4144 .
3697 4081 3834 4132 haec
3892 4091 3893 4102 ‘

2331 4175 2455 4228 vita:
2481 4189 2670 4230 eorum
2704 4184 2759 4229 et
2787 4175 3020 4230 virtutes
3069 4176 3348 4246 exposuit.
3376 4175 3633 4246 Denique
3658 4176 3758 4243 Qui:
3786 4189 3850 4238 M-

2333 4265 2492 4319 ritate
2519 4266 2698 4321 cordis
2723 4280 2913 4320 eorum
2943 4276 2999 4321 et
3024 4266 3343 4321 sinceritate
3365 4269 3599 4330 mentis,
3643 4276 3775 4334 atque
3798 4279 3848 4312 ia-
3892 4271 3893 4340 ξ

2335 4357 2644 4427 telligentia
2706 4358 3011 4426 capacitate
3065 4359 3334 4428 requievit
3397 4358 3647 4429 Spiritus
3689 4371 3846 4412 δείδιας
3892 4379 3893 4424 ξ

2333 4451 2588 4503 continuo
2618 4459 2671 4504 et
2692 4449 2953 4519 operatur
2987 4450 3040 4504 in
3077 4451 3179 4515 eis,
3213 4465 3313 4506 nec
3344 4453 3525 4506 otium
3554 4453 3763 4522 patitur,
3789 4451 3844 4498 ait
3892 4461 3893 4480 ι

2333 4542 2594 4611 operandi
2639 4543 2868 4596 materia
2905 4543 3066 4612 digna
3099 4545 3432 4612 suppeditat.
3472 4544 3721 4598 Aitenim
3892 4561 3893 4564 η

2334 4642 2490 4701 ptura
2529 4650 2541 4686 :
2573 4649 2590 4682 ι
2625 4632 2692 4686 Ει
2729 4632 2998 4700 requievit
3028 4633 3080 4687 in
3106 4633 3188 4687 eis
3217 4633 3445 4704 Spiritus
3473 4641 3530 4686 et
3559 4633 3844 4702 prophetare-

2335 4731 2478 4776 runt.
2517 4741 2536 4774 ι
2589 4720 2645 4775 In
2683 4723 2937 4776 oumibus
2975 4737 3110 4792 ergo
3153 4723 3245 4792 qui
3291 4724 3746 4793 prophetaverunt
3788 4733 3844 4770 re-

2333 4816 2538 4885 quievit
2582 4815 2819 4886 Spiritus
2856 4825 3100 4883 sanctus,
3133 4834 3233 4872 nec
3259 4827 3441 4871 tamen
3477 4817 3532 4868 in
3563 4817 3731 4882 aliquo
3749 4814 3846 4877 ipso-

2335 4924 2454 4962 rum
2488 4909 2558 4962 ita
2594 4910 2863 4979 requievit
2893 4911 3037 4966 sicut
3070 4912 3122 4965 in
3155 4910 3472 4964 Salvatore.
3502 4907 3723 4976 PrOpter
3751 4905 3846 4970 que-3
3892 4929 3893 4940 ι

2332 5010 2386 5054 et
2421 5002 2685 5070 scriptum
2719 5015 2798 5058 est
2829 5003 2896 5058 de
2934 5019 2998 5057 eo
3025 5004 3093 5069 ³⁵,
3130 5004 3254 5073 quia
3295 5020 3314 5054 ι
3339 5003 3513 5058 exibit
3548 5005 3693 5068 virga
3715 5001 3768 5050 de
3792 5008 3845 5045 η·

2333 5091 2454 5145 dice
2485 5090 2638 5146 Jesse
2671 5101 2728 5147 et
2766 5093 2864 5148 flos
2913 5095 2979 5149 de
3033 5097 3217 5149 radice
3268 5095 3386 5162 ejus
3425 5093 3686 5147 ascendet
3713 5097 3757 5140 et
3789 5099 3844 5136 rc-

2336 5187 2577 5256 quicscet
2605 5203 2769 5258 super
2799 5205 2922 5243 cum
2963 5189 3185 5257 spiritus
3222 5188 3337 5255 Dei,
3375 5188 3602 5257 spiritus
3629 5180 3844 5252 sapienti!
3892 5181 3893 5220 ι

2349 5344 2422 5389 tv,
2450 5327 2539 5382 9.9.
2614 5327 2676 5398 7’3
2706 5327 2837 5382 ibid.
2861 5367 2881 5398 ε
2910 5326 3003 5380 28.
3078 5326 3123 5358 ”
3149 5325 3169 5381 ι
3193 5323 3319 5381 Cor.
3347 5340 3446 5390 τη,
3471 5324 3526 5377 2.
3627 5320 3670 5351 ⁸⁸
3699 5315 3840 5385 Epké-

2329 5399 2459 5453 ibid.
2537 5398 2580 5430 ³⁸
2613 5397 2714 5452 Isa.
2745 5413 2821 5465 χι,
2859 5396 2913 5462 2,
2940 5398 2992 5451 5.

2331 5551 2586 5616 sanctus,
2634 5543 2727 5612 qtti
2771 5543 2826 5596 in
2872 5551 2939 5616 te
2972 5549 3090 5616 est,
3139 5537 3559 5616 angustiabitnr,
3609 5545 3658 5589 et
3690 5539 3840 5616 quifit

2329 5610 2696 5676 discederefi
2736 5622 2843 5666 etc.
2884 5611 3094 5664 Similia
3147 5624 3361 5678 quoque
3412 5610 3602 5678 videre
3629 5614 3703 5657 est
3741 5613 3837 5678 θρίξ

2331 5685 2591 5739 llilarium
2617 5675 2681 5754 ad
2709 5684 2846 5753 psal.
2879 5675 3242 5754 cxvttt,__ap'ud
3271 5675 3649 5754 Optatum-iii):
3671 5675 3837 5752 ipim“
3892 5681 3893 5754 ᾗ

2330 5755 2588 5819 medium,
2624 5744 3024 5823 Hieronymum
3053 5744 3164 5823 lib.
3192 5765 3228 5802 tt
3263 5744 3834 5823 odtversusjoriniunéff'

2610 5805 2742 5881 alios
2764 5805 2799 5876 -εν
2824 5805 2951 5878 item
2985 5821 3211 5877 Coustit.
3241 5820 3464 5890 oportet.
3496 5817 3581 5871 lib.
3619 5829 3684 5878 ιι,
3713 5826 3751 5864 c.
3776 5805 3834 5859 ἳῗ.
