3914 6512
1148 391 1218 447 IN
1250 382 1585 445 NUMEROS
1626 378 1919 435 "OMILIA
1953 375 2044 430 Vl.

1294 508 1523 578 spiritus
1554 508 1594 566 Α
1629 512 1739 565 tur,
1771 515 1875 554 non
1902 498 1968 552 de
2006 492 2210 564 Spiritu
2240 496 2429 544 sancto
2463 485 2674 541 loculus
2719 484 2812 547 sit,
2850 480 2943 536 sed
2986 478 3052 534 de
3098 478 3213 546 spi-

40 442 115 500 609

39 573 78 617 et
110 546 382 609 intellectus,
410 519 633 600 Spiritus
668 520 877 579 consilii
912 524 968 572 et
1004 513 1243 577 virtutis,

269 639 317 685 et
362 620 578 694 pietatis
612 656 628 677 .
704 623 759 670 et
833 608 1064 679 replebit
1124 619 1250 660 eum
1303 601 1529 670 Spiritus

42 688 208 795 inituris
259 711 479 773 Domini.
510 726 530 760 ι
608 703 717 759 Sed
795 701 1026 754 fortasse
1084 694 1214 749 dicit
1264 688 1463 759 aliquis
1516 704 1530 741 ε

192 807 389 879 amplius
458 795 743 854 ostendisti
813 790 1075 859 scriptum
1136 786 1204 840 de
1271 782 1534 845 Christo,

40 928 162 990 quam
216 906 274 959 de
317 894 529 964 reliquis
620 886 952 943 hominibus.
1020 881 1174 936 Sicut
1251 877 1395 931 enim
1472 874 1539 928 de

44 965 212 1066 ἔπιθι-ῖς
240 995 419 1049 dictum
453 993 557 1047 est,
588 980 715 1050 quia
753 974 1016 1044 requievit
1063 983 1226 1038 super
1288 981 1380 1021 eos
1407 1004 1422 1029 ,
1464 965 1540 1017 ita

107 1098 159 1149 de
179 1087 433 1144 Salvatore
464 1075 671 1130 dictum
700 1078 804 1131 est,
834 1086 853 1119 ι
890 1061 1187 1132 requiescit
1225 1072 1390 1127 super
1417 1070 1540 1107 eum

43 1189 217 1261 spiritus
247 1174 351 1230 Dei.
384 1189 402 1222 ι
444 1166 551 1222 Sed
582 1164 705 1218 vide
732 1161 856 1230 quia
904 1172 1068 1227 supra
1126 1152 1331 1207 nullum
1377 1147 1540 1202 alium

42 1241 217 1348 spiritus
264 1264 345 1321 Dei
392 1255 728 1327 requievisse
793 1245 1133 1319 septemplici
1184 1244 1289 1298 hac
1341 1241 1545 1294 virtute

43 1330 325 1427 describitur,
358 1368 455 1424 per
490 1347 632 1419 quod
672 1345 805 1416 {sine
851 1340 1017 1396 dubio
1064 1339 1178 1406 ipsa
1235 1334 1322 1389 illa
1377 1330 1547 1387 divini

42 1461 230 1533 Spiritus
248 1444 563 1506 substantia,
597 1454 718 1509 quae
748 1435 876 1506 quia
909 1447 1017 1487 uno
1051 1429 1273 1485 nomine
1308 1442 1413 1482 non
1450 1439 1547 1494 po-

44 1519 184 1612 terat,
230 1536 447 1597 diversis
495 1530 778 1588 vocabulis
827 1525 1168 1594 explanatur,
1205 1519 1552 1590 requiescere

40 1656 171 1709 super
193 1635 380 1703 virgam
410 1641 529 1696 qua:
559 1624 627 1678 de
660 1622 829 1690 stirpe
858 1618 1013 1673 Jcsse
1044 1614 1384 1685 procederet,
1422 1623 1553 1679 pro-

42 1703 265 1807 phetatur.
313 1720 495 1776 llabeo
529 1725 581 1771 et
614 1714 758 1768 aliud
808 1709 1178 1768 testimonium
1218 1720 1325 1774 quo
1360 1703 1556 1757 docere

42 1794 216 1899 possum
245 1820 291 1872 in
324 1813 550 1869 Domino
576 1818 630 1863 et
666 1806 955 1861 Salvatore
988 1816 1119 1873 meo.
1144 1798 1406 1867 Spiritqu
1440 1794 1556 1848 exi-

44 1921 126 1975 mio
154 1911 363 1984 quodam
412 1916 632 1973 genere,
672 1908 724 1952 et
758 1897 914 1965 longe
964 1893 1122 1948 aliter
1172 1887 1510 1958 requievisse
1541 1923 1557 1948 ,

42 2032 169 2087 quam
200 2010 422 2067 refertur
452 2004 507 2058 in
543 1997 775 2054 caeteris.
812 1994 957 2051 Dicit
996 1992 1140 2047 enim
1179 1988 1419 2044 Joannes
1458 1983 1563 2036 Ba—

42 2080 174 2179 ptista
206 2103 265 2157 de
301 2115 363 2155 eo
397 2097 444 2129 ³⁸
476 2113 490 2149 :
535 2113 553 2146 ι
593 2093 695 2160 Qui
727 2089 880 2144 misit
910 2101 997 2140 me
1022 2084 1299 2152 baptizare
1323 2080 1375 2132 in
1402 2091 1562 2146 aqua,

44 2167 113 2252 ille
135 2193 246 2249 mihi
276 2187 410 2244 dixit
441 2202 456 2240 :
487 2181 665 2252 Super
703 2194 863 2248 quem
912 2174 1118 2229 videris
1162 2170 1414 2240 spiritum
1468 2167 1565 2220 des

42 2287 379 2344 scandentem,
433 2286 489 2332 ct
540 2283 851 2330 manentem
903 2269 956 2322 iu
1002 2282 1108 2331 eo,
1150 2282 1168 2315 ι
1217 2264 1330 2332 ipse
1359 2268 1464 2314 est.
1508 2256 1565 2311 Si

44 2379 229 2433 dixisset
272 2392 288 2424 ι
320 2371 575 2440 spiritum
618 2363 1044 2421 descendentem
1068 2398 1082 2420 ,
1120 2376 1138 2409 ι
1192 2364 1246 2409 et
1280 2367 1387 2406 non
1418 2349 1570 2403 addi—

44 2471 177 2523 disset
219 2483 235 2515 σ
264 2468 573 2517 manentem
626 2458 687 2510 in-
723 2470 807 2517 eo,
840 2470 858 2503 ι
913 2449 1049 2504 nihil
1085 2444 1416 2517 prmcipuum
1462 2454 1573 2509 prae

46 2558 221 2615 caneris
242 2557 443 2609 habere
475 2552 768 2604 videretur.
808 2544 963 2598 Nunc
1000 2550 1179 2594 autem
1206 2534 1429 2598 addidit,
1460 2551 1478 2583 ι
1519 2540 1575 2586 et

45 2659 303 2706 manentem
336 2647 385 2699 in
431 2657 521 2709 eo,
562 2661 581 2693 ι
620 2648 677 2693 ut
706 2646 856 2692 esset
907 2635 1011 2688 hoc
1054 2632 1267 2701 signum
1304 2628 1357 2680 in
1387 2624 1579 2678 Salva-

48 2753 171 2803 ture,
200 2737 332 2809 quod
373 2736 434 2788 in
470 2733 617 2789 nullo
664 2729 774 2784 alio
822 2732 1007 2795 posset
1048 2719 1284 2776 ostendi.
1322 2718 1398 2772 De
1431 2715 1579 2769 nullo

48 2834 163 2887 enim
191 2808 445 2897 scriptum
482 2835 568 2881 est
594 2864 610 2890 ,
658 2821 785 2891 quia
828 2816 1090 2873 manserit
1127 2813 1180 2867 in
1230 2824 1296 2865 eo
1342 2808 1580 2877 Spiritus

52 2932 256 2977 sanctus.
283 2920 347 2975 Et
382 2933 453 2973 ne
485 2917 609 2987 quis
642 2928 730 2970 me
756 2918 907 2983 putet
939 2908 993 2962 in
1024 2906 1127 2960 hoc
1163 2905 1425 2971 derogare
1460 2913 1577 2969 pro-

50 3012 215 3081 ihetis,
248 3011 424 3066 sciunt
458 3009 562 3078 ipsi
604 3006 729 3076 quia
771 3017 881 3058 non
927 3000 1007 3055 eis
1032 2998 1255 3063 derogo,
1289 2988 1585 3062 prreferens

52 3106 117 3159 eis
164 3103 435 3158 Dominum
489 3112 669 3154 meum
723 3095 908 3151 Jesum
958 3090 1260 3145 Christum.
1320 3080 1587 3137 Recolunt

49 3196 167 3250 enim
195 3191 384 3263 singuli
414 3191 561 3245 dicta
588 3202 708 3251 sua,
735 3196 788 3239 et
814 3180 1098 3240 inveniunt
1136 3175 1278 3247 quod
1325 3174 1393 3228 de
1439 3169 1586 3226 nullo

52 3290 136 3341 alio
160 3288 349 3341 dictum
384 3293 473 3339 est
504 3282 548 3314 ³⁷
570 3323 585 3349 ,
625 3280 747 3349 quia
783 3296 802 3329 ι
835 3282 1117 3347 peccatum
1153 3284 1259 3323 non
1313 3266 1459 3331 fecit,
1487 3277 1588 3317 nec

50 3382 268 3433 iuventus
299 3386 381 3432 est
408 3375 571 3430 dolus
612 3373 667 3426 in
717 3384 813 3425 ore
862 3365 1000 3435 cius.
1039 3382 1057 3416 ν
1097 3362 1232 3429 Quia
1267 3358 1412 3415 enim
1439 3354 1589 3410 solus

51 3481 117 3525 cst
158 3473 267 3526 sine
314 3476 567 3539 peccato,
613 3465 702 3535 qui
745 3467 1027 3533 peccatum
1068 3471 1172 3510 non
1205 3452 1361 3515 fecit,
1387 3448 1592 3503 idcirco

53 3566 95 3618 in
119 3566 221 3635 ipso
256 3566 371 3620 solo
408 3561 618 3617 mansit
658 3568 713 3613 et
761 3552 1060 3626 permansit
1086 3548 1339 3617 Spiritus.
1367 3544 1423 3597 Si
1448 3540 1592 3596 enim

51 3658 146 3724 ipse
176 3658 349 3711 estde
380 3668 496 3723 quo
542 3648 824 3719 singulare
864 3641 1072 3711 aliquid
1112 3651 1166 3693 et
1208 3636 1468 3692 eximium
1516 3633 1597 3685 di-

50 3750 181 3811 citur,
208 3749 307 3802 hoc
344 3745 495 3816 quod
544 3756 706 3810 supra
745 3736 978 3792 diximus
1008 3732 1133 3801 quia
1161 3736 1440 3798 peccatum
1490 3737 1595 3776 non

50 3839 175 3902 fecit,
204 3847 416 3893 constat
475 3834 717 3901 reliquos
768 3839 956 3881 omnes
1002 3823 1175 3876 fuisse
1219 3820 1318 3873 sub
1352 3822 1597 3885 peccato.

54 3933 100 3985 Si
138 3947 316 3988 omnes
344 3971 359 3996 ,
414 3925 733 3984 necessario
786 3931 843 3977 et
887 3917 1200 3990 prophetas.
1234 3912 1303 3966 Et
1334 3906 1604 3978 quomodo

50 4024 310 4079 conveniet
336 4032 395 4077 ut
434 4031 683 4088 tempore
722 4013 929 4085 peccati
967 4006 1236 4063 mansisse
1269 4003 1322 4056 in
1352 4001 1433 4055 eis
1458 4000 1607 4053 dica—

53 4132 157 4171 mus
177 4116 437 4186 Spiritum
479 4121 732 4166 sanctum
760 4124 774 4159 :
807 4111 900 4157 aut
933 4101 976 4155 si
1028 4098 1121 4152 tibi
1173 4091 1490 4149 incredibile
1526 4078 1607 4142 vi.-

50 4180 546 4277 detur-prophetas
590 4208 878 4269 postquam
928 4196 1256 4259 acceperant
1286 4182 1453 4253 288
1500 4180 1612 4249 spi-

54 4301 195 4353 ritum
248 4301 501 4369 potuisse
545 4307 771 4363 peccare
800 4328 815 4353 ,
887 4287 952 4343 ad
998 4285 1140 4338 hunc
1180 4281 1355 4349 ipsum
1394 4275 1611 4345 Moysen

49 4408 190 4460 quem
220 4392 495 4445 habemus
531 4387 582 4440 in
618 4382 871 4438 manibus
902 4383 1236 4431 revertamur
1258 4410 1271 4431 ,
1308 4367 1400 4436 qui
1432 4370 1616 4433 utique

52 4484 299 4537 maximus
329 4490 418 4537 est
447 4489 507 4534 et
537 4474 771 4531 eximius
801 4469 1215 4541 prophetarum.
1268 4460 1387 4528 Ipse
1440 4457 1505 4509 de
1559 4467 1620 4508 se

47 4577 239 4642 scribit,
268 4587 326 4629 et
348 4569 733 4628 testimonium
762 4565 853 4618 dat
884 4562 951 4615 de
978 4554 1294 4623 semetipso,
1331 4549 1456 4619 quia
1500 4560 1618 4615 pec-

47 4670 234 4722 caverit
274 4668 329 4722 in
368 4681 437 4720 eo
469 4676 583 4734 quo
615 4660 756 4713 dixit
784 4655 830 4687 ³⁸
867 4669 882 4706 :
912 4670 931 4703 ι
962 4647 1160 4703 Audite
1192 4657 1298 4708 me,
1334 4635 1617 4694 increduli.

46 4760 281 4832 Nunquid
323 4761 393 4814 de
438 4730 600 4828 petra
648 4754 752 4807 ista
798 4745 1105 4819 producere
1134 4737 1292 4793 vobis
1328 4730 1623 4800 poterimus

48 4859 264 4925 aquam?
303 4876 322 4908 ι
357 4856 420 4909 lu
451 4854 527 4907 iis
552 4851 697 4906 enim
732 4844 896 4902 dictis
922 4856 1028 4896 non
1054 4830 1421 4894 sanctificavit
1450 4826 1627 4880 Domi-

48 4970 161 5005 num
190 4953 241 5005 in
278 4964 428 5019 aqua
458 4937 912 5001 contradictionis
957 4951 971 4988 :
1014 4931 1066 4986 id
1103 4937 1208 4990 est,
1239 4938 1346 4978 non
1378 4927 1461 4974 est
1496 4918 1629 4970 lisus

50 5046 95 5098 in
131 5045 331 5097 virtute
387 5040 516 5103 Dei,
550 5045 605 5091 et
636 5048 741 5088 non
771 5028 944 5092 dixit,
972 5022 1099 5094 quia
1137 5025 1334 5088 potens
1364 5021 1447 5067 est
1487 5009 1629 5063 Deus

48 5140 106 5190 de
133 5149 286 5207 petra
327 5137 437 5189 hac
469 5131 704 5185 educere
735 5123 892 5179 vobis
938 5130 1133 5187 aquam
1162 5152 1178 5177 ,
1223 5110 1319 5164 sed
1366 5101 1520 5174 quasi
1564 5112 1631 5151 ex

52 5230 355 5283 difﬁdentia:
384 5224 677 5293 cujusdam
712 5214 1009 5287 fragilitate
1064 5201 1364 5276 respondit,
1397 5197 1585 5250 dicens
1616 5205 1631 5242 :

56 5343 71 5374 ι
106 5322 361 5392 Nunquid
399 5317 711 5390 poterimus
752 5311 907 5366 vobis
950 5308 1018 5362 de
1060 5313 1216 5372 petra
1263 5296 1361 5348 hac
1405 5289 1637 5343 educere

54 5417 281 5484 aquam?
317 5434 337 5466 ι
383 5412 536 5479 Quia
569 5422 698 5479 ergo
729 5410 1017 5476 peccatum
1049 5395 1099 5450 ei
1136 5394 1189 5447 in
1221 5388 1290 5441 iis
1331 5380 1514 5438 verbis
1551 5390 1640 5429 re-

55 5518 266 5577 putatur
295 5524 325 5562 a
357 5505 479 5561 Deo
505 5542 523 5567 ,
551 5475 759 5556 certum
791 5502 876 5550 est
916 5488 1063 5560 quod
1094 5485 1210 5540 hinc
1238 5492 1361 5534 cum
1390 5475 1640 5540 loquere-

1157 5601 1201 5632 ³⁸
1228 5596 1385 5652 Num.
1415 5605 1509 5654 xx,
1544 5583 1630 5637 10.

1590 1856 1633 1911 Β

120 5624 346 5683 “Joan.
378 5641 425 5687 ἰ,
459 5622 558 5677 55.
660 5617 701 5648 δ’
736 5615 840 5669 lsa.
872 5624 987 5673 Llll,
1027 5606 1079 5660 9.

58 5712 149 5758 xu,
174 5696 228 5750 2.

127 5790 237 5857 ('75)
290 5785 507 5857 carent
534 5796 584 5857 ⁸ιι

60 5846 169 5924 filo,
199 5846 308 5914 etc.
345 5854 500 5910 Hinc
534 5846 584 5902 iu
616 5846 793 5902 libello

588 5778 760 5831 itidem
806 5778 1037 5841 peccato,
1085 5778 1175 5816 nec
1205 5769 1378 5841 tamenn
1418 5759 1644 5815 tempore

828 5842 903 5895 De
926 5825 1160 5893 oratione
1198 5829 1297 5885 sub
1330 5825 1489 5879 linem
1519 5830 1645 5873 sua-

3108 354 3212 410 6l0

1636 594 1743 648 ritu
1775 590 2003 662 peccati.
2038 583 2190 651 Quod
2238 582 2283 636 si
2328 578 2627 648 Scriptura:
2676 573 2988 631 testimonio
3030 579 3216 626 tantus

1641 661 1904 755 propheta
1947 678 2159 748 Moyses
2200 670 2510 727 ostenditur
2545 668 2837 735 aliquando
2876 663 3132 720 habuisse
3163 661 3215 714 in

1639 791 1699 830 se
1734 773 1988 846 spiritum
2021 768 2141 829 Dei,
2169 761 2468 832 aliquando
2496 776 2626 817 vero
2645 774 2751 811 non
2779 756 3056 819 habuisse,
3090 768 3222 822 pec-

1644 867 1751 922 cati
1782 864 1995 919 scilicet
2019 870 2283 927 temporc,
2313 864 2521 910 certmn
2550 860 2634 905 est
2664 849 2788 918 quia
2815 856 2868 902 et
2894 849 2959 901 de
2990 846 3222 915 reliquis

1645 956 1924 1029 prophetis
1954 952 2152 1007 similis
2185 949 2357 1002 forma
2396 943 2625 998 tenenda
2661 941 2753 997 sit.
2787 938 2925 1005 Quid
2960 947 3139 991 autem
3170 946 3228 991 et

1647 1052 1713 1106 de
1749 1047 1915 1102 David
1950 1043 2163 1099 dicam?
2204 1040 2295 1110 qui
2332 1052 2429 1108 pro
2469 1034 2675 1104 Spiritu
2717 1040 2928 1094 sancto,
2964 1040 3224 1099 tanquam

1648 1144 1738 1213 qui
1772 1157 1800 1195 a
1828 1155 1888 1195 se
1912 1137 2083 1208 possit
2107 1132 2336 1197 auferri,
2369 1139 2491 1184 orat
2515 1143 2583 1182 ne
2607 1124 2888 1180 auferatur
2909 1131 2964 1177 et
2984 1122 3114 1176 dicit
3141 1122 3185 1153 "
3212 1138 3229 1176 :

1655 1253 1674 1286 ι
1707 1232 1783 1287 Ne
1814 1229 2071 1302 projicias
2103 1241 2190 1280 me
2214 1240 2242 1278 a
2268 1222 2407 1277 facie
2438 1230 2552 1286 tua,
2586 1228 2643 1273 et
2676 1216 2942 1286 Spiritum
2977 1222 3227 1266 sanctum

1655 1336 1803 1381 tuum
1837 1337 1904 1376 ne
1934 1320 2153 1374 auferas
2185 1332 2213 1370 a
2251 1330 2359 1369 me.
2393 1332 2412 1365 ι
2448 1311 2506 1366 ln
2545 1305 2901 1377 sequentibus
2947 1316 3080 1358 vero
3110 1310 3231 1353 tan-

1655 1432 1818 1487 quam
1853 1430 1951 1486 pro
1992 1412 2148 1482 culpa
2195 1409 2432 1463 ablatum
2476 1420 2504 1458 a
2553 1418 2613 1458 se
2646 1414 2842 1456 munus
2875 1395 3150 1465 reposcit,
3181 1399 3238 1447 et

1656 1508 1829 1563 dicit:
1855 1483 1875 1557 ξ
1913 1503 2096 1559 Redde
2121 1500 2252 1555 mihi
2279 1497 2523 1552 lzetitiam
2555 1490 2815 1547 salutaris
2843 1488 2944 1553 tui,
2968 1496 3022 1540 et
3044 1483 3238 1554 spiritu

1658 1598 1947 1672 principali
1974 1595 2235 1651 confirma
2267 1606 2374 1645 me.
2409 1609 2427 1642 ι
2469 1588 2610 1654 Quid
2647 1599 2775 1639 vero
2817 1580 2984 1635 etiam
3031 1579 3096 1633 de
3147 1574 3246 1629 Sa-

1659 1696 1873 1749 lomone
1912 1684 2372 1745 commemorem?
2421 1695 2581 1749 quem
2629 1677 2815 1745 utique
2853 1687 3014 1727 nemo
3052 1669 3243 1732 dicet,

1662 1795 1755 1840 aut
1783 1785 1901 1840 sine
1935 1782 2142 1851 Spiritu
2182 1786 2378 1833 sancto
2413 1772 2695 1845 judicasse
2731 1767 2961 1836 judicia,
2992 1764 3077 1818 vel
3107 1771 3247 1816 tem-

1664 1881 1809 1950 plum
1850 1876 2079 1931 Domino
2122 1868 2543 1929 construxisse;
2585 1870 2676 1916 aut
2723 1874 2915 1914 rursus
2961 1858 3013 1910 in
3058 1864 3248 1910 sancto

1668 1972 1876 2043 Spiritu
1912 1964 2251 2021 daemonibus
2294 1960 2491 2027 templa
2542 1956 2757 2013 fecisse,
2791 1962 2884 2005 aut
2915 1949 3098 2017 impiis
3130 1962 3251 1999 mu-

1669 2066 1894 2120 lieribus
1926 2061 2145 2115 ﬂexisse
2177 2058 2349 2111 latera
2378 2067 2496 2108 sua.
2524 2050 2697 2103 Etiam
2732 2046 2818 2100 ille
2843 2043 3127 2113 propheta,
3158 2038 3250 2109 qui

1670 2159 1720 2211 in
1770 2156 1928 2209 tertio
1981 2153 2292 2221 Regnorum
2335 2146 2471 2199 libro
2523 2144 2575 2195 in
2621 2137 2808 2194 Bethcl
2862 2135 3177 2188 mittebatur
3219 2145 3249 2183 a

1671 2250 1922 2310 Domino,
1966 2246 2019 2299 in
2061 2241 2256 2310 spiritu
2300 2239 2488 2305 utique
2543 2232 2661 2292 Dei,
2706 2228 2873 2282 verba
2903 2224 2999 2278 Dei
3043 2222 3256 2275 locutus

1671 2353 1754 2399 est
1780 2341 1825 2373 ⁸ο
1852 2357 1866 2394 :
1898 2352 2003 2392 non
2041 2345 2221 2388 tamen
2266 2333 2320 2385 in
2360 2327 2556 2397 spiritu
2591 2322 2687 2376 Dei
2718 2316 3111 2389 praevaricatus
3136 2326 3258 2365 esse

1673 2439 2008 2503 praeceptum
2038 2423 2252 2478 Domini
2278 2417 2583 2476 credendus
2611 2420 2717 2475 est,
2746 2424 2854 2479 quo
2877 2408 3061 2474 jussus
3088 2405 3263 2456 fuerat

1679 2539 1787 2578 non
1817 2519 2148 2574 manducare
2180 2527 2372 2583 panem
2420 2510 2474 2562 in
2522 2502 2735 2567 Bethel,
2774 2506 2997 2569 propter
3027 2494 3170 2563 quod
3206 2500 3262 2545 et

1680 2630 1709 2669 a
1741 2615 1894 2669 leone
1930 2609 2216 2681 perimitur
2247 2605 2314 2657 “.
2353 2600 2459 2656 Sed
2511 2598 2730 2666 longum
2769 2602 2850 2647 est
2892 2592 2970 2643 ire
3018 2601 3115 2655 per
3157 2584 3267 2637 sin-

1680 2705 1856 2776 gulos.
1898 2703 2009 2772 Ego
2044 2708 2226 2752 autem
2258 2695 2387 2748 licet
2422 2706 2527 2745 non
2575 2695 2967 2755 usquequaque
3022 2689 3267 2747 pronun-

1684 2797 1810 2851 tiem
1835 2836 1849 2859 ,
1884 2802 2015 2863 puto
2053 2802 2232 2843 tamen
2269 2784 2410 2856 quod
2464 2783 2573 2836 sint
2624 2775 2884 2833 nonnulla
2928 2773 3090 2826 etiam
3121 2781 3270 2822 corn-

1686 2886 1933 2943 munium
1988 2881 2275 2937 hominum
2311 2884 2482 2946 gesta,
2513 2886 2633 2939 quze
2661 2865 2910 2938 quamvis
2938 2868 3162 2933 peccato
3184 2872 3271 2911 ca—

1688 2985 1863 3041 reant,
1892 2990 1999 3030 non
2036 2983 2212 3027 tamen
2244 2969 2404 3039 digna
2448 2964 2740 3018 videantur
2770 2956 2971 3025 quibus
3006 2953 3272 3005 interesse

1688 3079 1942 3142 putemus
1972 3064 2233 3133 Spiritqu
2266 3067 2536 3114 sanctum.
2588 3052 2654 3107 Ut
2710 3047 2862 3103 verbi
2906 3046 3081 3116 gratia
3120 3042 3273 3096 dixe-

1692 3162 1818 3223 rim,
1848 3153 2119 3213 connubia
2147 3149 2367 3220 quidem
2397 3144 2632 3216 legitima
2674 3145 2863 3195 carent
2892 3134 3108 3204 quidem
3144 3144 3275 3200 pec-

1694 3219 1817 3306 cato
1849 3290 1864 3316 ,
1916 3261 2017 3301 nec
2050 3219 2231 3297 tamen
2282 3249 2523 3305 tempore
2558 3232 2646 3287 illo
2683 3227 2795 3300 (75)
2825 3240 2932 3294 quo
2960 3219 3276 3291 coniugales

1694 3311 1860 3398 actus
1903 3346 2170 3408 geruntur
2210 3326 2497 3400 praesentia
2537 3321 2714 3378 sancti
2767 3317 3006 3386 Spiritus
3036 3311 3276 3372 dabitur,

1695 3432 1912 3490 etiamsi
1957 3426 2220 3498 propheta
2250 3435 2371 3477 esse
2401 3418 2674 3479 videatur,
2706 3410 2799 3482 qui
2833 3406 3012 3463 ollicio
3039 3416 3272 3471 genera-

1699 3525 1864 3581 tionis
1891 3494 2240 3589 obsequitur.
2275 3513 2381 3567 Sed
2410 3518 2464 3563 et
2489 3508 2593 3562 alia
2625 3505 2776 3573 plura
2822 3508 2967 3559 sunt,
2995 3497 3047 3549 in
3078 3494 3278 3562 quibus

1699 3616 1897 3681 sufﬁcit
1926 3612 2041 3668 sola
2067 3611 2149 3664 vis
2182 3609 2443 3665 humana,
2488 3610 2544 3653 et
2582 3609 2757 3664 neque
2794 3605 2882 3646 res
2930 3586 3163 3653 indiget,
3189 3596 3286 3633 ne-

1700 3723 1807 3779 que
1838 3709 1997 3763 decet
2028 3702 2219 3757 adesse
2264 3691 2609 3767 praesentiam
2662 3686 2901 3756 Spiritus
2946 3676 3143 3734 sancti.
3176 3672 3285 3727 Sed

1704 3803 1756 3857 in
1804 3801 1920 3855 haec
1968 3810 2066 3865 per
2111 3801 2402 3846 excessum
2432 3780 2725 3853 quemdam
2760 3770 3117 3832 incurrimus,
3157 3764 3285 3816 dum

1706 3892 1994 3950 ostendere
2020 3884 2292 3946 volumus,
2327 3892 2488 3947 super
2520 3872 2696 3927 solum
2738 3866 3051 3925 Dominum,
3081 3866 3135 3912 et
3168 3855 3290 3910 Sal-

1709 3996 1953 4040 vatorcm
1998 3993 2175 4034 meum
2206 3974 2390 4029 Jesum
2445 3965 2716 4023 mansisse
2768 3971 2984 4025 semper
3032 3950 3289 4020 spiritum

1713 4080 1829 4145 Dei,
1860 4077 1913 4131 in
1953 4071 2168 4130 caeteris
2213 4074 2397 4120 autem
2435 4057 2693 4113 omnibus
2722 4048 2955 4111 sanctis,
2987 4055 3043 4100 et
3073 4045 3213 4097 sicut
3234 4040 3290 4092 in

1717 4133 2067 4239 Septuaginta
2129 4156 2456 4217 senioribus,
2488 4164 2516 4202 a
2551 4144 2751 4216 quibus
2792 4137 2943 4194 verbi
2978 4133 3138 4202 hujus
3170 4142 3295 4198 pro-

1717 4220 1844 4239 w'r'
1920 4220 1950 4237 υ

1715 4261 1879 4318 cessit
1923 4252 2231 4313 exordium,
2261 4241 2597 4314 requievisse
2639 4243 2846 4289 tantum
2885 4227 3137 4298 spiritum
3176 4220 3292 4281 Dei,

1720 4362 1776 4409 et
1799 4356 2081 4421 operatum
2113 4355 2233 4398 esse
2262 4340 2313 4393 in
2355 4345 2600 4404 tempore
2629 4343 2716 4390 eo,
2746 4337 2853 4393 quo
2878 4317 3205 4388 expediebat
3232 4313 3301 4365 iis

1721 4405 1988 4516 per'quos
2034 4434 2390 4505 operabatur,
2436 4435 2491 4482 et
2538 4421 2667 4478 utile
2696 4425 2818 4474 erat
2863 4415 2951 4479 iis,
2975 4409 3170 4479 quibus
3200 4405 3302 4459 mi-

1650 4550 1694 4604 ι)
1724 4534 2082 4592 nistrabatur.

1797 4629 1850 4681 4.
1879 4624 1984 4679 Sed
2012 4631 2066 4676 et
2109 4618 2163 4672 in
2200 4605 2655 4679 consequentibus
2698 4596 2946 4654 continet
2984 4590 3145 4647 lectio
3183 4600 3305 4656 qua:

1730 4677 1953 4775 rec—itala
2017 4721 2142 4775 est,
2194 4708 2339 4777 quod
2382 4677 2595 4769 Moyses
2650 4690 3042 4758 [Ethiopissam
3089 4677 3309 4736 duxerit

1731 4771 2235 4872 uxorem,etMaria
2256 4805 2423 4862 atque
2450 4794 2632 4846 Aaron
2663 4777 3000 4838 detraxerint
3026 4775 3094 4828 de
3124 4771 3308 4840 Moyse

1734 4918 1832 4957 cur
1863 4860 2262 4963 AtithiOpissam
2295 4860 2533 4943 duxerit,
2585 4886 2639 4931 et
2691 4871 2842 4927 aiunt
2867 4869 2911 4900 "
2946 4884 2961 4921 :
2998 4884 3017 4918 ι
3052 4860 3309 4932 Nunquid

1737 4993 1838 5047 soli
1869 4987 2037 5059 Moysi
2061 4953 2277 5037 locutus
2304 4986 2386 5031 est
2416 4966 2717 5028 Dominus?
2743 4963 2936 5018 Nonne
2972 4966 3026 5013 et
3049 4955 3204 5009 nobis
3236 4953 3315 5005 lo-

1738 5094 1895 5140 cutus
1926 5045 2049 5135 est?
2077 5075 2144 5129 Et
2171 5071 2413 5132 audivit,
2465 5061 2677 5131 inquit,
2724 5053 3008 5111 Dominus.
3042 5066 3059 5099 ι
3088 5045 3153 5099 Et
3186 5049 3313 5112 post

1741 5178 1855 5232 haec
1875 5172 2161 5240 jub‘etcos
2194 5161 2346 5218 exire
2398 5156 2464 5210 ad
2515 5145 2924 5207 tabernaculum
2976 5131 3312 5194 testimonii,

1947 5225 2029 5317 ibi
2073 5254 2276 5328 judicio
2327 5248 2559 5319 quodam
2592 5241 2777 5297 habito
2808 5237 3029 5305 leprosa
3082 5225 3315 5281 ellicitur

1742 5359 1911 5415 Maria
1960 5365 2129 5422 usque
2172 5348 2238 5403 ad
2290 5355 2499 5399 certum
2541 5347 2789 5405 tempus,
2832 5338 2886 5384 et
2917 5327 3000 5382 sic
3030 5326 3319 5377 revocatur

1747 5454 1814 5507 ad
1846 5403 2060 5505 castra:
2089 5437 2244 5508 Quod
2270 5444 2330 5491 ut
2363 5403 2803 5501 compendiosius
2830 5418 3181 5488 explicemus,
3208 5403 3319 5457 bla-

1757 5572 1799 5603 ³⁹
1824 5562 2049 5625 Psal.u,
2083 5555 2171 5613 l5.
2247 5552 2294 5585 ’⁵⁸
2325 5550 2391 5607 lll
2424 5549 2555 5615 llcg.
2589 5557 2708 5598 xm.
2784 5536 2826 5567 ⁶¹
2870 5531 3000 5589 ibid.
3076 5523 3122 5556 “
3161 5519 3321 5573 Num.

1753 5737 1844 5791 det
1872 5742 1929 5787 ut
1961 5730 2116 5785 locus
2144 5722 2232 5777 ubi
2268 5712 2645 5787 conjugalibus
2684 5701 2892 5761 actibus
2928 5693 3087 5748 datur
3119 5696 3281 5754 opera
3306 5720 3323 5747 ,

1754 5803 1986 5862 orationi
2016 5814 2122 5855 non
2151 5796 2456 5864 deputetur.
