3914 6598
645 406 742 461 (ill

2140 402 2461 459 emensus
3735 425 3795 481 ες,

649 525 794 576 riam
828 518 1062 573 dicimus
1086 515 1318 572 formam
1347 516 1605 572 habuisse
1632 517 1804 587 plebis
1829 519 2054 590 prioris;
2081 518 2225 590 Moy-
2255 522 2303 580 Α
2333 520 2444 573 veri
2479 519 2746 585 videmus,
2786 529 2842 575 et
2879 519 3063 577 dicere
3087 522 3132 554 δ’
3166 542 3179 578 :
3215 542 3234 577 ι
3276 523 3486 582 Sedens
3513 531 3794 597 adversusln-

653 629 778 676 seu,
810 613 860 664 id
897 619 982 666 est
1040 610 1210 677 legem
1254 609 1466 663 Domini
1501 611 1764 667 transisse
1802 612 1868 666 ad
1895 613 2220 666 connnhium

647 701 1000 772 Ethiopissa:
1033 699 1198 767 hujus
1223 713 1343 768 qua:
1383 715 1451 755 ex
1477 703 1734 769 gentibus
1761 713 2086 774 congregata
2117 713 2220 758 est.

645 795 802 852 Hanc
839 809 970 868 ergo
1011 796 1246 868 Moyses,
1296 797 1348 850 id
1402 807 1519 862 est,
1571 796 1656 851 lex
1703 797 1965 866 spiritalis
2015 797 2225 867 accepit

657 903 884 943 uxorem
923 907 936 943 :
970 899 1024 944 et
1053 904 1150 959 pro
1197 890 1301 945 hoc
1340 890 1485 944 facto
1515 887 1680 942 Maria
1703 928 1718 954 ,
1753 904 1873 958 quae
1903 904 2046 945 nunc
2071 904 2226 961 syna-

647 994 786 1051 goga
821 990 929 1048 est,
970 981 1306 1050 indignatur,
1347 991 1402 1036 et
1440 982 1696 1044 detrahit,
1733 996 1838 1035 una
1869 997 1991 1037 cum
2018 982 2222 1049 Aaron,

647 1087 772 1128 cum
821 1075 1203 1129 sacerdotibus
1253 1073 1470 1129 scilicet
1516 1082 1573 1129 et
1622 1073 1933 1129 Pharisteis.
1993 1074 2228 1146 Derogat

645 1180 779 1236 ergo
809 1180 982 1234 usque
1024 1167 1076 1221 in
1115 1167 1440 1222 hodiernum
1494 1165 1663 1238 Moysi
1713 1167 1997 1240 nobiscum
2043 1170 2224 1237 posito

647 1257 802 1326 plebs
843 1258 971 1325 illa,
1009 1269 1063 1313 et
1101 1269 1259 1328 turpe
1309 1259 1357 1314 ei
1401 1259 1612 1314 videtur
1639 1300 1654 1323 ,
1682 1259 1808 1328 quia
1857 1259 2225 1316 circumcisio-

649 1365 772 1405 nem
801 1352 987 1405 carnis
1014 1367 1119 1405 non
1157 1352 1316 1405 docet
1336 1352 1474 1420 apud
1507 1366 1627 1416 nos,
1662 1366 1762 1406 nec
1787 1353 2221 1408 observationem

647 1440 898 1508 Sabbati,
943 1459 1041 1499 nec
1078 1443 1391 1500 Neomenim
1413 1483 1428 1509 ,
1478 1459 1580 1500 nec
1615 1445 1885 1500 sacrificia
1918 1448 2219 1516 sanguinis,

646 1535 742 1588 sed
796 1535 1273 1590 circumcisionem
1325 1537 1507 1591 cordis
1537 1576 1553 1600 ,
1601 1545 1656 1591 et
1699 1539 1958 1606 peccandi
2004 1540 2174 1594 otium
2202 1580 2219 1606 ,

651 1626 878 1697 diesque
910 1627 1081 1684 festos
1112 1629 1164 1682 in
1193 1630 1402 1699 azymis
1433 1631 1765 1685 sinceritatis
1787 1641 1841 1685 et
1866 1631 2137 1698 veritatis,
2169 1643 2224 1688 et

644 1719 915 1774 sacriﬁcia
941 1721 1133 1785 laudis,
1162 1733 1215 1776 et
1247 1738 1349 1775 non
1373 1722 1482 1790 jam
1517 1726 1806 1792 pecudum,
1840 1728 1936 1780 sed
1964 1727 2218 1781 vitiorum

642 1811 776 1864 εωᾱί
809 1812 1059 1866 victimas
1108 1822 1311 1867 monet.
1353 1812 1569 1867 Judieat
1619 1829 1748 1884 ergo
1781 1818 1844 1871 de
1872 1817 1937 1872 iis
1974 1819 2135 1884 Deus,
2168 1827 2224 1872 et

2331 622 2467 666 trem
2523 620 2671 665 tuum
2730 614 3078 678 detrahebas,
3105 625 3161 670 et
3207 619 3480 673 adversus
3513 620 3654 679 lilium
3680 639 3794 694 mus

2328 713 2431 758 tum
2459 705 2702 770 ponebas
2741 706 3082 760 scandalum.
3128 726 3146 758 ι
3195 709 3469 764 Similiter
3515 727 3666 769 autem
3700 735 3734 773 et
3765 730 3793 781 ξ,

2327 793 2430 847 alio
2469 796 2678 864 psalmo
2708 811 2774 852 ex
2799 810 3032 863 persona
3055 797 3186 866 justi
3217 801 3453 856 scientis
3483 803 3576 859 hoc
3597 806 3680 862 Deo
3699 826 3790 880 qua

2326 887 2565 942 maxime
2623 888 2916 958 displicere
2967 891 3273 946 dicitur”:
3319 911 3339 944 ε
3388 893 3710 956 Deli-ahenum
3741 927 3791 962 α.

2325 980 2468 1034 culte
2497 981 2762 1036 adversus
2797 983 3104 1050 proximqu
3159 1000 3321 1038 suum
3371 977 3790 1059 persequebanm

2328 1070 2393 1126 iis
2427 1072 2594 1142 igitur
2631 1074 2886 1130 omnibus
2945 1075 3144 1129 divina:
3184 1075 3492 1147 Scriptura:
3534 1092 3789 1156 sermonibus,

2329 1165 2472 1219 velut
2489 1165 2680 1235 gladiis
2702 1166 3024 1236 quibusdam
3053 1170 3313 1238 utrinque
3339 1171 3538 1236 acutis,
3561 1175 3790 1242 obtreuans,

2327 1252 2610 1318 fratribus,
2665 1265 2720 1309 et
2752 1256 3051 1324 derogandi
3107 1259 3323 1312 Sanctis
3348 1259 3536 1316 vitium
3567 1279 3786 1329 resecem;

2324 1343 2495 1413 chra
2535 1346 2679 1399 enim
2723 1347 3083 1417 consequitur
3133 1349 3553 1418 derogantes-et
3585 1361 3788 1432 eacologn,

2326 1439 2376 1493 id
2408 1448 2514 1505 est,
2543 1438 2902 1515 maleloquos.
2935 1439 3064 1496 Post
3097 1441 3214 1497 haec
3239 1450 3430 1498 autem
3455 1458 3484 1497 a
3518 1450 3788 1512 moralibossl

2324 1532 2744 1600 intelligentiam
2787 1533 3074 1604 mysticam
3121 1543 3492 1590 transeamus.
3542 1537 3788 1605 Quamdiu

2324 1625 2376 1679 in
2419 1627 2703 1695 superiore
2755 1635 2990 1680 tractatu
3036 1642 3208 1698 pauca
3231 1629 3351 1698 jam
3384 1627 3523 1685 dicta
3555 1631 3784 1700 sianum

2322 1731 2442 1785 quae
2481 1716 2719 1772 defuisse
2781 1717 3052 1781 videntur,
3111 1719 3403 1774 addemus.
3448 1705 3789 1801 Yideamusergt

2323 1808 2448 1876 quis
2469 1815 2552 1861 est
2580 1807 2672 1876 qui
2715 1808 2943 1879 derogat
2977 1809 3175 1880 Moysi,
3205 1811 3332 1879 quis
3361 1811 3428 1865 de
3469 1827 3531 1866 eo
3559 1816 3790 1893 malum;

646 1903 869 1970 nuptias
901 1903 1248 1972 Ethiopissre
1282 1907 1574 1958 confirmat
1606 1922 1621 1958 :
1658 1918 1711 1960 et
1741 1906 1960 1977 Moysen
2002 1910 2219 1979 quidem

2328 1909 2434 1954 tur.
2468 1897 2583 1952 Non
2610 1899 2783 1954 solum
2817 1899 3010 1968 Judaei,
3043 1901 3137 1956 sed
3169 1910 3224 1957 et
3257 1903 3528 1966 haeretici,
3560 1908 3635 1974 qui
3658 1886 3787 1966 παρἠι.

644 1993 881 2049 libenter
907 2009 1028 2050 cum
1056 2010 1122 2050 ea
1152 1996 1397 2050 habitare
1421 1997 1571 2061 sinit,
1602 2014 1666 2054 ac
1695 2002 2036 2069 requiescere
2069 2022 2084 2056 :
2113 2003 2222 2056 Ma-

647 2086 784 2139 rian'i
825 2101 954 2140 vero
998 2084 1150 2153 ejicit
1187 2097 1342 2142 extra
1379 2097 1583 2154 castra,
1619 2101 1673 2145 et
1703 2108 1866 2161 porro
1894 2093 2025 2148 facit
2055 2111 2084 2149 a
2138 2104 2222 2150 ta-

641 2174 938 2233 bernaculo
964 2178 1284 2242 testimonii,
1307 2193 1428 2233 cum
1455 2197 1562 2250 qua
1585 2183 1805 2252 cjicitur
1828 2185 1990 2240 etiam
2016 2186 2218 2242 Aaron.

638 2267 864 2337 Insuper
913 2277 1092 2322 autem
1145 2279 1200 2324 et
1253 2269 1468 2340 leprosa
1518 2271 1749 2328 elIicitur
1784 2274 1972 2330 Maria.
2025 2277 2222 2348 Aspice

640 2374 785 2414 nunc
833 2361 901 2414 ad
955 2360 1102 2414 illam
1152 2359 1399 2429 plebem,
1432 2375 1489 2415 et
1517 2363 1643 2418 vidc
1682 2374 1883 2432 quanta
1925 2367 1979 2420 in
2021 2367 2108 2420 illa
2126 2353 2223 2422 ἐει

639 2451 784 2518 lepra
838 2450 1067 2517 peccati,
1119 2460 1321 2519 quanta
1383 2451 1754 2522 intelligentia:
1783 2455 1976 2524 caligo,
2016 2469 2220 2526 quanta

637 2541 1000 2595 observantiae
1044 2540 1288 2607 fmditas,
1327 2551 1530 2611 quanta
1567 2544 1848 2613 turpitudo
1869 2558 2219 2616 conspectus.

640 2630 1033 2688 Verumtamen
1086 2635 1204 2690 hate
1251 2633 1400 2704 lepra
1451 2651 1560 2690 non
1602 2645 1866 2707 perpetuo
1899 2651 2220 2708 permanet,

638 2722 734 2772 sed
767 2718 857 2774 ubi
893 2722 1195 2790 septimana
1229 2722 1491 2792 compleri
1543 2725 1773 2794 eruperit
1817 2729 2028 2794 mundi,
2066 2745 2223 2785 revo-

637 2811 856 2866 cabitur
884 2813 950 2865 ad
983 2821 1184 2867 castra.
1239 2813 1295 2867 In
1331 2815 1438 2868 fine
1478 2815 1624 2869 enim
1659 2817 1843 2871 mttndi
1876 2833 2000 2872 cum
2040 2820 2219 2890 pleni-

641 2904 772 2956 tudo
814 2904 1058 2974 gentium
1093 2905 1384 2970 introierit,
1437 2914 1568 2961 tunc
1611 2910 1776 2962 etiam
1825 2911 2005 2965 omnis
2054 2911 2222 2967 Israel

638 2994 943 3049 salvabitur
973 2995 1040 3062 ”,
1071 3006 1124 3050 et
1157 3007 1284 3052 tunc
1320 3005 1404 3052 est
1436 3013 1559 3052 cum
1589 2999 1828 3054 cessabit
1859 3000 2005 3071 lepra
2037 3004 2103 3058 de
2135 3003 2220 3058 fa-

641 3087 727 3142 cie
748 3086 936 3144 Mariae
971 3107 985 3142 :
1027 3090 1256 3158 recipiet
1286 3091 1432 3145 enim
1473 3091 1642 3148 decus
1690 3094 1840 3161 fidei,
1875 3105 1932 3149 et
1970 3095 2223 3165 splendo-

2324 1991 2530 2060 cipiunt
2562 1991 2728 2061 legem
2760 2001 2813 2046 et
2835 1993 3148 2062 prophetas,
3173 1995 3346 2048 etiam
3373 1994 3470 2062 ipsi
3504 1996 3727 2056 detrahunt
3751 2009 3785 2060 ές

2324 2083 2527 2153 Moyse.
2555 2082 2793 2152 Denique
2816 2084 2994 2138 solent
3026 2084 3074 2138 ei
3113 2084 3279 2139 etiam
3339 2086 3538 2140 crimen
3574 2089 3782 2160 impingere,

2324 2179 2587 2240 dicentes,
2622 2176 2748 2245 quia
2787 2175 3060 2231 homicida
3087 2177 3188 2231 fuit
3215 2177 3783 2248 Meyses,interfecite.ia

2322 2268 2674 2340 Egyptium:
2707 2277 2763 2324 ct
2791 2267 2895 2322 alia
2922 2269 3114 2334 tnulta,
3139 2269 3227 2325 vel
3266 2270 3324 2324 in
3354 2270 3544 2339 ipsum,
3573 2274 3640 2327 vel
3661 2276 3695 2326 in
3715 2294 3783 2344 pm-

2323 2364 2512 2434 phetas
2563 2364 2884 2432 blaspheme
2926 2378 3024 2418 ore
3067 2365 3431 2419 concinnant.
3469 2363 3558 2419 isti
3597 2381 3692 2437 ergo
3712 2374 3780 2436 qui:

2323 2456 2620 2510 detrahunt
2672 2455 2862 2525 Moysi,
2918 2457 3122 2512 habent
3163 2457 3380 2526 lepram
3417 2457 3468 2510 in
3502 2459 3648 2511 anima
3678 2474 3781 2513 suaet

2324 2555 2450 2600 sunt
2482 2546 2534 2601 in
2577 2549 2796 2603 homine
2827 2549 3090 2603 interiore
3135 2548 3366 2617 leprosi,
3405 2559 3457 2603 et
3488 2549 3592 2603 ideo
3616 2551 3781 2605 habeats!

2322 2647 2476 2691 extra
2505 2648 2687 2693 castra
2726 2639 2986 2694 Ecclesia:
3016 2639 3132 2693 Dei.
3168 2639 3302 2694 Sive
3362 2653 3490 2710 ergo
3514 2641 3699 2694 haeretici
3722 2643 3779 2694 sia

2322 2727 2414 2793 qui
2445 2727 2706 2797 derogant
2755 2727 2951 2798 Moysi,
2986 2727 3104 2781 sive
3134 2728 3200 2781 de
3245 2728 3496 2782 Ecclesia
3537 2728 3626 2781 sint
3650 2729 3779 2797 quide-

2325 2819 2550 2873 trahunt
2592 2819 2873 2886 fratribus,
2907 2829 2963 2874 et
3005 2819 3146 2874 male
3192 2819 3496 2890 loquuntur
3531 2819 3587 2873 de
3615 2823 3777 2888 proximis

2323 2911 2457 2975 suis,
2495 2926 2686 2967 omnes
2715 2913 2806 2982 qui
2837 2914 2940 2968 hoc
2956 2913 3090 2967 vitio
3123 2922 3379 2983 aguntur,
3409 2913 3700 2967 dubitandum
3720 2928 3777 2965 nos

2323 3012 2409 3056 est
2429 3002 2558 3071 quin
2585 3002 2781 3072 leprosi
2809 3004 2918 3057 sint
2941 3003 2995 3057 in
3020 3003 3200 3058 anima
3225 3018 3358 3059 sua.
3391 3002 3458 3058 Et
3484 3001 3623 3057 Maria
3646 3005 3773 3071 quidem
3834 2999 3835 3072 ς

2324 3093 2722 3149 interveniente
2751 3094 2932 3150 Aaron
2960 3092 3216 3164 pontifice
3247 3093 3482 3163 septima
3517 3093 3590 3147 die
3611 3105 3775 3146 curatur:
3834 3083 3835 3106 ‘

640 3193 756 3234 rem
779 3179 981 3234 Christi
1015 3181 1310 3250 agnitionis
1333 3185 1583 3255 accipiet,
1611 3193 1666 3240 et
1694 3187 2014 3242 restituetur
2037 3189 2215 3244 vultus
2249 3220 2299 3282 ο
2329 3202 2427 3243 nos
2486 3201 2616 3241 vero
2652 3186 2698 3242 si
2758 3185 3177 3241 obtrectationis
3245 3185 3387 3240 vitio
3435 3183 3712 3282 inciderimus

637 3272 778 3341 ejus,
819 3288 943 3327 cum
987 3273 1083 3328 fiet
1131 3284 1359 3347 uterque
1393 3293 1535 3333 unus
1572 3294 1725 3350 grex,
1759 3288 1975 3336 etunus
2009 3289 2214 3350 pastor.

637 3363 694 3417 In
723 3379 830 3433 quo
859 3379 987 3420 vere
1024 3366 1313 3423 dicendum
1349 3381 1434 3425 est
1471 3371 1516 3402 “
1548 3389 1562 3425 :
1611 3389 1629 3422 ‹
1658 3371 1702 3427 Ο
1733 3371 1964 3428 altitudo
2002 3373 2222 3428 divitia-

638 3472 760 3510 rum
792 3459 1092 3526 sapientiaz,
1126 3469 1181 3514 et
1207 3462 1452 3517 scientiae
1492 3464 1608 3528 Dei,
1650 3482 1668 3515 ι
1704 3465 1797 3534 qui
1833 3465 1904 3519 ita
1948 3467 2224 3522 conclusit

635 3561 828 3604 omnes
863 3550 966 3603 sub
1005 3560 1279 3618 peccato,
1341 3562 1398 3608 ut
1455 3555 1713 3610 omnibus
1781 3556 2108 3613 misereatur
2166 3559 2218 3612 in

634 3634 854 3691 Christo
884 3636 1014 3692 .lesu
1063 3640 1288 3695 Domino
1319 3652 1527 3710 nostro,
1567 3645 1653 3698 cui
1699 3654 1784 3699 est
1814 3644 1986 3716 gloria
2036 3646 2088 3702 in
2119 3661 2221 3702 sae-

633 3729 752 3784 cula
780 3731 1044 3787 szeculoru
1054 3749 1129 3788 m.
1163 3735 1360 3791 Amen.

1115 3850 1281 3921 239
1313 3850 1592 3908 IIOMILIA
1625 3853 1738 3911 vu.

635 3939 867 3995 Rursum
892 3941 956 3995 de
978 3940 1336 4010 xEthiopissa,
1357 3954 1418 4019 Aet
1464 3947 1527 3997 de
1550 3947 1708 4019 _l__epra
1767 3947 1956 4002 Mante
1982 3964 2102 4019 qua:
2129 3965 2221 4003 su-

1251 4015 1516 4082 perfuerat
1548 4017 1615 4069 “’.

706 4103 863 4158 Sicut
903 4106 1212 4175 Apostolus
1239 4105 1468 4170 dicit“,
1508 4125 1527 4158 t
1561 4107 1686 4162 llrec
1728 4109 1910 4164 omnia
1945 4110 1998 4165 in
2048 4111 2220 4182 figura

634 4197 1028 4266 contingebant
1055 4198 1182 4263 illis,
1209 4199 1412 4266 scripta
1447 4207 1575 4252 sunt
1605 4209 1788 4256 autem
1823 4212 2045 4272 propter
2076 4219 2221 4258 corn-

637 4285 992 4340 monitionem
1024 4297 1265 4340 nostram
1297 4302 1312 4339 :
1357 4307 1374 4339 ι
1417 4304 1604 4356 quaero
1626 4289 1756 4359 quid
1777 4293 2220 4347 commonitionis

634 4377 968 4448 accipiamus
1017 4394 1085 4434 ex
1129 4393 1194 4434 eo
1227 4380 1369 4448 quod
1413 4380 1612 4436 lectum
1657 4391 1740 4436 cst
1767 4383 1941 4451 nobis,
1972 4384 2098 4453 quia
2127 4386 2219 4438 de-v

635 4479 921 4524 traxerunt
947 4470 1130 4524 Aaron
1161 4480 1214 4524 et
1238 4469 1403 4525 Maria
1442 4474 1510 4527 de
1537 4472 1741 4543 Moyse,
1769 4484 1824 4529 et
1857 4485 2079 4543 propter
2111 4476 2217 4532 hoc

2325 3277 2763 3346 animaelepram,
2807 3289 2977 3344 usque
3009 3274 3077 3328 ad
3116 3275 3277 3329 finem
3338 3272 3622 3340 septimana
3653 3272 3774 3328 mundi.

2325 3369 2378 3424 id
2411 3377 2517 3432 est,
2553 3380 2726 3436 usque
2763 3366 2832 3421 ad
2894 3364 3324 3420 resurrectionis
3361 3373 3557 3432 tempus
3597 3361 3726 3429 leprosi
3744 3363 3771 3412 in

2324 3462 2506 3516 anima
2546 3461 2986 3531 permanebimus
3025 3457 3161 3530 (76),
3210 3468 3266 3512 et
3307 3454 3772 3512 immundimisidna

2322 3553 2620 3625 ptenitendi
2651 3561 2866 3622 tempus
2888 3561 2994 3616 est,
3018 3551 3391 3621 corrigantur,
3428 3557 3481 3605 et
3517 3547 3702 3602 conversi
3737 3547 3771 3596 at

2327 3647 2613 3702 Dominum
2652 3643 2861 3712 Jesum,
2906 3658 2970 3698 ac
3007 3644 3384 3714 supplicantes
3422 3643 3466 3696 ei
3504 3656 3584 3709 per
3603 3639 3772 3707 peniten-

2325 3740 2458 3793 tiam
2495 3751 2788 3808 purgemur
2836 3735 2904 3788 ab
2959 3734 3303 3788 intmunditia
3333 3732 3491 3801 lepra:
3516 3736 3681 3783 nostra.
3709 3724 3772 3793 Ep

2326 3839 2508 3882 autem
2536 3835 2666 3895 puto
2689 3823 2834 3894 quod
2865 3837 2968 3877 non
2993 3822 3141 3876 solus
3163 3820 3252 3875 ille
3269 3818 3498 3890 populus
3522 3817 3652 3887 prior,
3671 3826 3771 3880 aegr:

2324 3921 2425 3976 soli
2466 3918 2744 3981 haeretici,
2780 3916 2846 3970 de
2891 3915 3090 3984 quibus
3127 3929 3290 3983 supra
3348 3906 3774 3966 trtemoravimu,dc-
3834 3935 3835 3953 η

2327 4015 2553 4068 trahunt
2597 4011 2662 4066 de
2720 4008 2935 4079 Moyse;
2993 4009 3086 4061 sed
3117 4019 3174 4062 et
3209 4006 3392 4063 omnis
3418 4003 3502 4072 qui
3534 4000 3687 4067 scripta
3707 3995 3772 4059 tius
3834 4040 3835 4044 η

2327 4105 2465 4161 male
2496 4103 2772 4172 intelligit,
2805 4114 2861 4159 et
2885 4099 2976 4173 qui
3032 4098 3360 4169 spiritalem.
3391 4096 3546 4164 legem
3585 4087 3771 4143 carnaliter

2325 4198 2574 4265 suscipit,
2601 4193 2774 4266 Moysi
2798 4196 3041 4263 derogat,
3067 4191 3193 4260 quia
3221 4191 3288 4244 de
3326 4187 3497 4242 verbis
3527 4184 3770 4276 spiritant-
3834 4230 3835 4276 ι

2327 4291 2521 4345 naliter
2557 4288 2804 4343 homines
2824 4287 3001 4341 docet.
3029 4283 3274 4340 Audistis
3297 4280 3428 4351 quid
3454 4277 3542 4333 sibi
3564 4271 3699 4345 judicii
3717 4271 3769 4317 at»
3834 4271 3835 4323 ἒ

2327 4390 2653 4435 trectatores
2689 4386 2744 4432 et
2785 4374 3104 4444 maleloqui,
3136 4385 3192 4427 et
3227 4371 3361 4441 quid
3403 4363 3694 4425 damnationis
3721 4373 3768 4408 κ-

2323 4474 2542 4541 quiraut
2569 4487 2582 4522 :
2610 4469 2794 4524 audite
2849 4483 2991 4522 nunc
3040 4476 3096 4520 et
3121 4474 3388 4534 quantum
3421 4456 3626 4515 beneficii
3658 4451 3767 4505 conle-

634 4563 869 4632 correpti
917 4572 1064 4627 sunt,
1107 4561 1279 4618 Maria
1329 4578 1457 4618 vero
1503 4564 1672 4618 etiam
1705 4565 1918 4636 leprosa
1963 4567 2212 4624 edicitur.
2244 4567 2295 4627 ι)
2325 4575 2446 4618 tam
2491 4563 2580 4629 iis.
2627 4561 2830 4630 (ιυὶυυε
2883 4559 3213 4614 οδιτεοίθηῑο
3261 4554 3531 4621 Ν¹³¹¹Ψ¹³¹⁰
3573 4548 3768 4599 imm“

2325 4667 2502 4712 tantas
2526 4655 2712 4709 laudes
2755 4654 2920 4708 Deum
2977 4649 3184 4704 dixisse
3210 4649 3279 4702 de
3325 4645 3498 4715 Moyse
3534 4639 3767 4693 larualem.
3834 4639 3835 4687 l

634 4651 810 4711 Tanta
838 4665 1018 4711 autem
1055 4655 1156 4709 fuit
1202 4669 1334 4710 cura
1374 4657 1743 4726 correptionis
1787 4658 1976 4729 hujus,
2002 4667 2061 4714 ut
2088 4659 2216 4714 dum

637 4742 804 4799 Maria
845 4747 1156 4816 septimamc
1185 4758 1394 4818 tempus
1413 4749 1664 4820 eXpleret
1697 4753 1751 4804 itt
1786 4752 1959 4821 lepra,
1986 4751 2218 4821 populus

637 4837 734 4894 Dei
780 4855 884 4893 non
937 4851 1123 4911 ageret
1171 4843 1276 4897 iter
1301 4845 1368 4898 ad
1411 4854 1612 4899 terram
1645 4847 2108 4915 repromissionis,
2150 4861 2218 4902 ne

637 4931 1049 4986 tabernaculum
1080 4935 1376 4989 testimonii
1401 4946 1736 4991 moveretur.
1775 4935 1961 4991 Primo
2002 4938 2216 4992 interim

640 5037 889 5089 moneor,
939 5033 994 5078 et
1037 5024 1247 5079 utiliter
1289 5041 1354 5080 ac
1398 5029 1715 5083 necessario
1767 5044 1990 5084 moneor
2021 5045 2087 5083 ex
2118 5030 2217 5086 hoc

641 5114 784 5169 facto
817 5129 881 5170 ne
897 5116 1177 5171 detraham
1211 5117 1386 5185 fratri,
1416 5135 1484 5174 ne
1506 5120 1645 5176 male
1671 5121 1862 5190 loquar
1887 5121 1954 5176 de
1975 5122 2222 5192 proximo

642 5223 784 5272 meo,
824 5223 889 5262 ne
910 5209 1149 5277 aperiam
1189 5223 1250 5264 os
1277 5225 1455 5264 meum
1488 5211 1555 5266 ad
1583 5212 1959 5280 derogandum
1990 5227 2095 5268 non
2131 5227 2221 5268 so-

641 5299 752 5353 lum
785 5302 1012 5364 sanctis,
1039 5301 1134 5356 sed
1168 5312 1223 5356 et
1246 5302 1579 5372 quibuslibet
1603 5305 2036 5374 proximismeis.
2060 5303 2221 5361 Vides

640 5404 844 5464 quanta
877 5410 941 5449 ex
971 5395 1074 5449 hoc
1097 5396 1508 5465 indignatioDei
1541 5396 1728 5460 fuerit,
1750 5407 1949 5464 quanta
1981 5398 2220 5452 vindicta

639 5487 994 5554 processerit.
1037 5485 1286 5555 Denique
1325 5489 1610 5542 adversum
1651 5496 1930 5556 peccatum
1976 5487 2118 5541 istud
2153 5488 2222 5542 si-

640 5578 752 5632 mili
792 5578 1162 5647 indignatione
1213 5580 1378 5634 etiam
1427 5581 1478 5633 in
1524 5579 1753 5635 Psalmis
1780 5580 1946 5635 Deum
1977 5595 2221 5634 commo-

711 5671 756 5702 "
786 5672 940 5726 item.
968 5688 1044 5734 χι,
1067 5671 1156 5737 25,
1179 5672 1268 5726 26.
1360 5671 1406 5705 ⁸⁸
1445 5673 1573 5728 ibid.
1603 5673 1692 5726 ⁸55.
1797 5671 1841 5703 δ’
1877 5671 2036 5727 Nutu.
2073 5687 2172 5729 xu.

641 5739 686 5773 “
709 5741 870 5798 Num.
918 5758 1018 5809 ιιι,
1049 5742 1084 5797 5
1109 5755 1166 5796 et
1210 5760 1371 5815 seqq.

2251 5672 2298 5705 “
2330 5673 2350 5727 ι
2379 5672 2507 5728 Cor.
2536 5687 2592 5739 ι,
2618 5671 2705 5725 Η.

2321 4757 2552 4821 quantas
2585 4761 2729 4801 nunc
2779 4745 2887 4798 dici
2929 4744 3198 4805 videmus,
3232 4739 3448 4809 quando
3479 4736 3538 4788 ab
3559 4725 3764 4786 horninibu:

2320 4841 2368 4893 ei
2401 4840 2716 4908 derogatnm
2739 4843 2843 4892 est.

2392 4931 2446 4987 2.
2479 4930 2616 4984 Audi
2649 4943 2780 4998 ergo
2811 4928 2866 4981 in
2905 4924 3372 4995 consequentibus
3404 4917 3520 4988 quid
3547 4913 3708 4971 referat,
3732 4915 3763 4958 et

2323 5025 2520 5094 quibus
2567 5023 2784 5091 Moysen
2830 5019 3082 5074 laudibus
3127 5015 3318 5072 eﬂ‘erat
3367 5011 3577 5082 Spiritus
3611 5011 3761 5058 sanctas

2328 5136 2347 5169 ι
2381 5117 2443 5172 Et
2479 5113 2786 5174 descendit,
2818 5110 2995 5180 inquit
3019 5108 3093 5175 δ’,
3131 5107 3393 5163 Dominus
3421 5105 3469 5158 in
3502 5099 3690 5184 columna
3711 5103 3763 5184 ut?

2325 5211 2430 5270 bis,
2458 5219 2515 5262 et
2555 5206 2706 5261 stetit
2742 5205 2809 5258 ad
2847 5177 3047 5258 ostium
3095 5197 3428 5255 tabernaculi
3470 5177 3762 5248 teSIinumii.Et

2325 5301 2501 5356 vocati
2530 5309 2659 5352 sunt
2689 5298 2870 5351 Aaron
2923 5302 2979 5349 et
3032 5293 3200 5348 Maria
3258 5273 3758 5346 ctsteteruntamlnm

2325 5395 2464 5449 dixit
2485 5394 2550 5447 ad
2583 5407 2677 5446 eos
2703 5408 2717 5444 :
2743 5387 2940 5444 Audite
2966 5385 3131 5440 verba
3165 5399 3308 5440 mea.
3350 5381 3404 5436 Si
3439 5364 3758 5439 lueritprupltt'u

2325 5489 2450 5558 quis
2482 5495 2726 5542 vestrum
2756 5483 2995 5548 Domini,
3033 5481 3086 5535 in
3116 5477 3412 5534 visionibus
3447 5473 3491 5527 ei
3511 5461 3756 5558 agnos?”

2326 5549 2379 5634 ill
2413 5579 2621 5634 somnis
2643 5577 2838 5647 loquar
2876 5575 2950 5639 ci,
2983 5589 3090 5627 non
3125 5573 3268 5626 sicut
3307 5567 3617 5623 famulo-meo
3641 5549 3752 5648 31055."

2819 5668 2862 5702 ’⁸⁷
2888 5666 3032 5723 Psal.
3066 5680 3217 5731 ηυξ,
3251 5665 3343 5719 20.
3446 5657 3484 5690 “
3524 5649 3631 5708 Psal.
3662 5651 3751 5702 ανδ

709 5834 821 5908 (‘76)
853 5834 1005 5903 Mss.,
1043 5854 1062 5888 ι
1096 5838 1564 5907 permanebitnus.
1603 5859 1622 5892 ι
1656 5837 1813 5894 Libb.
1843 5838 1997 5907 editi,
2034 5855 2055 5890 ε
2093 5852 2220 5909 peni

2327 5849 2500 5892 emus.
2513 5854 2530 5885 ι
