3914 6528
78 327 161 388 6‘3
1210 316 1279 372 ΙΝ
1316 314 1653 376 NUMEROS
1687 316 1974 375 HOMILIA
2027 319 2142 382 VH.
3202 334 3302 393 6N

91 442 225 519 quiin
271 440 373 492 tota
402 434 563 490 domo
607 448 726 489 mea
776 431 955 490 fidelis
991 442 1102 498 est,
1131 450 1192 490 os
1224 436 1291 491 ad
1325 450 1387 490 os
1416 435 1609 507 loquor
1636 443 1687 501 Α
1713 434 1841 506 legi,
1882 438 1977 492 sed
2001 439 2174 494 simus
2222 454 2328 495 non
2391 441 2571 498 solum
2618 445 2897 503 auditores
2940 446 3095 519 legis,
3127 452 3224 505 sed
3251 461 3300 504 et

88 542 139 597 ad
155 553 272 602 eum,
301 535 349 587 in
376 529 580 601 Specie.
609 536 664 582 et
690 542 798 583 non
830 529 882 583 in
916 529 1229 599 aenigmate,
1269 537 1322 582 et
1370 528 1603 598 gloriam
1713 528 1974 595 factores,
2016 542 2075 583 ut
2100 546 2224 585 cum
2256 531 2374 601 ipso
2408 532 2589 604 Moyse
2646 539 3057 606 conglorificari
3089 558 3302 600 merea-

88 628 259 689 llomini
280 623 422 678 vidit.
455 621 523 675 Et
551 636 725 691 quare
758 636 865 675 non
894 620 1155 674 timuistis
1191 619 1487 676 detrahere
1524 621 1607 676 fa-
1712 635 1855 676 mur.
1881 621 1993 691 Ego
2058 632 2237 677 autem
2302 632 2434 694 puto
2469 628 2613 694 quod
2658 639 2712 683 et
2743 631 2816 685 illi
2849 634 3135 689 materiam
3165 648 3303 705 pra:-

85 725 200 782 mm
227 733 332 775 meo
372 713 583 785 Moysi?
616 713 685 768 Et
734 713 811 767 ira
854 712 1061 767 furoris
1094 711 1311 769 Domini
1348 713 1491 769 facta
1523 724 1608 770 est
1710 722 1859 766 Stant
1890 714 1957 767 ad
1992 715 2364 785 derogandum
2398 720 2590 789 Moysi,
2621 723 2737 790 qui,
2776 726 2925 781 verbi
2958 742 3150 796 causa,
3174 747 3298 785 cum

84 830 217 886 super
246 810 374 874 illos,
423 807 822 866 discesserunt.
870 814 926 858 et
961 802 1137 859 nubes
1176 804 1425 859 discessit
1454 820 1483 859 a
1522 814 1602 859 ta-
1714 803 1916 875 legitur
1943 807 2080 864 liber
2134 808 2383 877 Levitiei,
2408 811 2492 867 vel
2538 814 2700 868 lectio
2746 814 3139 886 Numerorum,
3183 838 3292 879 non

81 901 350 967 bernaculo,
398 908 453 954 et
504 911 634 952 ecce
682 895 851 949 Maria
905 894 1047 951 facta
1097 905 1183 950 est
1209 895 1422 966 leprosa
1462 896 1603 952 sicut
1707 899 2004 954 ostendunt
2053 904 2325 970 quomodo
2369 905 2483 961 haec
2530 922 2649 976 quae
2681 907 2733 961 in
2762 913 3052 982 aenigmate
3095 917 3299 986 scripta

80 1001 172 1054 nix.
204 1015 221 1049 ι
250 992 431 1065 Videte
457 990 587 1060 quid
618 990 719 1053 sibi
745 1002 920 1058 paena:
951 986 1291 1043 contulerint
1322 989 1601 1043 obtrecta-
1709 998 1859 1056 sunt,
1884 992 2109 1065 intelligi
2144 1011 2240 1064 per
2268 999 2505 1065 speciem
2530 1001 2788 1068 debeant,
2823 1005 2877 1059 id
2913 1017 3018 1075 est,
3056 1011 3145 1079 qui
3188 1027 3296 1068 non

77 1102 214 1150 tores,
255 1082 373 1153 quid
420 1094 551 1135 vero
584 1080 659 1134 illi
692 1080 778 1134 cui
832 1079 1300 1144 obtrectaverant,
1332 1080 1602 1150 quaesive-
1707 1082 2027 1150 spiritaliter
2051 1100 2115 1139 ea
2145 1102 2267 1157 qua:
2301 1091 2352 1143 in
2394 1090 2513 1161 lege
2560 1092 2815 1164 leguntur
2855 1110 3160 1167 exponunt.
3189 1101 3297 1159 Ne-

76 1184 164 1239 rint
190 1175 366 1233 laudis.
423 1171 538 1228 Sibi
596 1171 1015 1242 turpitudinem,
1072 1171 1150 1225 illi
1217 1171 1599 1241 splendorem;
1707 1175 1953 1229 cessario
1983 1177 2127 1232 enim
2148 1181 2240 1248 qui
2277 1184 2504 1237 audiunt
2540 1184 2700 1240 ritum
2742 1190 3163 1261 sacrificiorum,
3212 1199 3299 1253 vel

70 1272 155 1327 sibi
178 1268 387 1337 gemam,
414 1262 489 1316 illi
513 1261 743 1329 gloriam
768 1276 783 1325 ;
812 1261 915 1315 sibi
968 1260 1342 1330 opprobrium,
1386 1261 1460 1315 illi
1490 1279 1606 1317 tna-
1707 1264 2072 1323 Sabbatorum
2101 1271 2531 1342 observantiam,
2556 1278 2637 1332 vel
2675 1290 2999 1337 caeterorum
3027 1286 3288 1344 similium

70 1355 395 1431 gnificentiam
463 1353 855 1423 quaesiverunt.
924 1350 1319 1406 Verumtamen
1383 1351 1600 1422 Moyses
1707 1355 1761 1412 in
1809 1359 2047 1415 ecclesia
2104 1362 2348 1429 recitari,
2391 1366 2764 1439 oll‘enduntur,
2807 1382 2863 1427 et
2893 1374 3080 1431 dicunt
3110 1396 3123 1431 :
3154 1378 3295 1445 Quid

65 1451 339 1521 priusquam
362 1443 636 1513 acciperet
663 1440 1078 1510 IEthiopissam,
1105 1456 1209 1495 non
1228 1454 1312 1498 est
1330 1446 1599 1513 scriptum
1708 1450 1811 1504 hoc
1844 1466 2069 1508 necesse
2116 1464 2204 1510 est
2248 1456 2301 1511 in
2360 1459 2594 1515 ecclesia
2636 1460 2777 1533 legi?
2811 1462 2929 1531 Quo
2971 1468 3130 1525 nobis
3165 1487 3295 1541 pro-

63 1543 167 1614 quia
190 1541 237 1595 in
261 1537 437 1607 specie
484 1535 699 1591 locutus
748 1534 821 1589 sit
850 1534 899 1588 ei
946 1534 1109 1599 Deus,
1141 1544 1195 1589 et
1222 1551 1327 1591 non
1370 1536 1424 1591 in
1464 1538 1599 1591 :eni-
1706 1551 1830 1596 sunt
1856 1554 2124 1615 praecepta
2147 1546 2476 1617 Judaica,et
2498 1556 2666 1623 spreti
2690 1558 2871 1627 pepuli
2897 1534 3296 1619 observan-tiae?

59 1643 215 1705 gmate
246 1647 261 1683 :
296 1629 389 1685 sed
423 1628 514 1683 ubi
542 1629 757 1707 accepit
817 1626 1236 1697 Ethiopissam,
1289 1638 1414 1685 tunc
1466 1630 1601 1685 dicit
1707 1631 1834 1689 Haec
1858 1633 2165 1694 Iudaeorum
2222 1651 2374 1705 sunt,
2432 1653 2488 1698 et
2520 1642 2690 1701 Judaei
2721 1649 2785 1703 de
2812 1650 2878 1706 iis
2916 1654 3167 1710 viderint.
3212 1655 3295 1713 Ne
3368 1667 3373 1671 ‘

58 1724 113 1775 de
131 1736 187 1776 eo
219 1720 373 1782 Deus,
418 1719 547 1789 quia
582 1737 601 1770 ι
641 1733 704 1773 os
738 1719 803 1773 ad
827 1734 888 1772 os
920 1718 1116 1788 loquar
1139 1720 1204 1774 ad
1221 1732 1368 1785 eum,
1394 1720 1445 1818 in
1477 1735 1602 1788 spe-
1634 1808 1669 1818 Ἀ
1706 1741 1837 1795 ergo
1851 1726 2159 1797 hujusmodi
2176 1730 2503 1787 oll'endicula
2531 1738 2870 1795 auditoribus
2885 1747 3291 1818 accidant(77).

58 1813 140 1870 cie,
161 1820 209 1864 et
232 1824 329 1863 nun
362 1808 418 1862 in
448 1808 760 1878 aenigmate.
795 1826 814 1859 ι
848 1807 1005 1863 Modo
1037 1812 1185 1863 enim
1223 1826 1344 1864 cum
1383 1808 1596 1881 Moyses
1633 1808 1671 1861 Β
1700 1815 1878 1871 danda
1923 1832 2088 1887 opera
2134 1831 2218 1876 est
2244 1824 2309 1876 ad
2340 1825 2624 1880 scientiam
2671 1828 2840 1901 legis,
2886 1843 2941 1887 et
2980 1807 3281 1893 secundum

53 1900 176 1953 venit
200 1898 261 1951 ad
291 1912 407 1963 nos.
430 1906 483 1951 θι
519 1896 848 1966 coniunctus
878 1906 962 1951 est
991 1899 1121 1954 huic
1148 1910 1349 1955 nostra:
1377 1899 1595 1955 Λῖιιιὶοο
1704 1907 1809 1962 hoc
1858 1910 2001 1978 quod
2049 1912 2315 1981 spiritalis
2362 1925 2448 1971 est
2478 1917 2588 1983 lex,
2621 1896 2972 1994 intelligenda
3014 1938 3071 1982 et
3098 1930 3290 1999 expla-

53 1991 206 2060 pissze,
235 1991 313 2043 lex
354 1989 448 2044 Dei
476 1987 588 2057 jam
625 2005 730 2044 non
773 1990 824 2044 in
858 1991 1069 2061 figuris,
1091 2002 1146 2047 et
1175 1992 1227 2045 in
1262 1993 1594 2063 imaginibus
1703 1998 1879 2052 nanda
1909 2012 2034 2055 sunt
2059 2006 2243 2060 omnia
2258 2022 2380 2076 quae
2406 2011 2681 2080 leguntur,
2702 2028 2767 2068 ne
2794 1987 3081 2073 doctorum
3098 1987 3288 2085 causa,

50 2085 165 2137 sicut
190 2083 348 2152 prius,
380 2082 478 2136 sed
512 2082 564 2137 in
599 2082 715 2153 ipsa
755 2084 938 2152 specie
961 2084 1212 2139 veritatis
1236 2088 1588 2154 agnoscitur;
1702 2089 1811 2146 imo
1839 2083 2046 2148 desidia
2076 2107 2131 2150 et
2158 2098 2506 2170 negligentia,
2536 2104 2604 2158 ab
2646 2105 2914 2176 imperitis
2951 2119 3007 2164 et
3053 2082 3289 2169 indoctis

50 2186 215 2243 etqure
233 2175 374 2244 prius
437 2174 489 2227 in
538 2173 827 2244 aenigmate
879 2175 1326 2245 designabantur,
1363 2192 1506 2232 nunc
1538 2179 1591 2232 in
1699 2179 1991 2252 derogetur
2013 2183 2181 2257 Moysi
2203 2206 2218 2255 ;
2240 2190 2335 2243 sed
2367 2173 2755 2250 convertamur
2777 2198 2842 2252 ad
2876 2199 3187 2269 Dominum,
3223 2215 3285 2259 ut

48 2266 198 2334 specie
234 2274 287 2320 et
349 2264 586 2319 veritate
641 2264 1004 2334 complentur.
1044 2264 1110 2319 Et
1162 2266 1286 2321 ideo
1344 2267 1454 2333 ille,
1498 2271 1591 2340 qui
1699 2271 1909 2327 auferat
1939 2290 1969 2328 a
2018 2278 2175 2333 nobis
2215 2282 2460 2338 velamen
2517 2284 2747 2355 litterae;
2780 2298 2972 2345 utnon
3011 2264 3286 2349 nobisvde-

46 2352 222 2420 species
276 2350 576 2421 figurarum
626 2362 681 2407 et
730 2354 1078 2425 aenigmatum
1128 2357 1454 2431 disserebat,
1508 2360 1594 2414 di-
1699 2361 1891 2421 formis
1920 2368 2099 2425 vultus
2123 2370 2319 2442 Moysi,
2366 2376 2460 2429 sed
2507 2350 2780 2445 gloriosus
2813 2394 2877 2436 ac
2916 2383 3144 2440 decorus
3193 2399 3290 2452 ap-

44 2445 104 2497 cit
130 2445 169 2475 “
199 2462 211 2497 :
242 2462 259 2495 ι
304 2442 527 2499 Scimus
552 2454 734 2499 autem
768 2449 1028 2516 quoniam
1062 2459 1246 2520 patres
1266 2452 1438 2506 nostri
1473 2467 1591 2507 om-
1698 2464 1909 2523 pareat,
1942 2458 2015 2512 ita
2048 2469 2106 2514 ut
2147 2478 2255 2517 non
2300 2464 2475 2519 solum
2510 2442 2625 2522 non
2669 2470 3066 2539 obtrectemus,
3105 2475 3200 2529 sed
3228 2442 3287 2530 et

44 2550 121 2588 nes
141 2534 231 2589 sub
251 2537 390 2589 nube
420 2536 671 2604 fuerunt,
698 2548 755 2593 et
783 2555 976 2594 omnes
1020 2540 1075 2595 in
1105 2541 1290 2613 Moyse
1327 2545 1590 2613 baptizati
1699 2562 1797 2616 pro
1811 2551 2182 2619 magnitudine
2206 2571 2485 2626 sensuum,
2515 2560 2731 2617 laudem
2749 2564 2796 2617 ei
2823 2574 2876 2619 et
2905 2565 3131 2636 gloriam
3154 2582 3288 2623 con-

38 2636 145 2681 sunt
193 2626 242 2681 in
297 2628 448 2683 nube
481 2637 537 2683 et
564 2629 617 2682 in
656 2630 816 2697 mari,
845 2639 899 2686 et
924 2647 1113 2690 omnes
1134 2636 1378 2691 eamdem
1408 2651 1590 2692 escam
1698 2637 1961 2697 feramus.
1994 2662 2013 2695 ι
2047 2644 2113 2699 Ει
2173 2647 2255 2702 ira
2303 2649 2508 2706 furoris
2560 2652 2774 2709 Domini
2815 2626 2957 2711 facta
2987 2667 3072 2713 est
3122 2676 3288 2731 super

38 2720 299 2789 spiritalem
342 2722 839 2788 manducaverunt,
883 2733 940 2779 et
982 2741 1173 2802 omnes
1207 2730 1456 2785 eumdem
1489 2746 1590 2801 po-
1699 2730 1840 2799 illos,
1869 2743 1923 2788 et
1954 2735 2351 2806 discesserunt,
2384 2751 2441 2797 et
2474 2744 2650 2799 nubes
2684 2747 2914 2802 recessit
2960 2763 2988 2801 a
3031 2720 3287 2806 taberna—

38 2821 130 2867 tum
162 2814 461 2883 spiritalem
490 2814 767 2869 biberunt.
811 2815 1075 2874 Bibebant
1110 2829 1291 2876 autem
1329 2824 1394 2877 de
1426 2824 1591 2891 spiri-
1697 2823 1844 2889 culo,
1873 2835 1928 2880 et
1944 2842 2073 2885 ecce
2109 2829 2280 2886 Maria
2320 2832 2465 2888 facta
2508 2844 2590 2890 est
2620 2835 2833 2905 leprosa
2882 2838 3026 2894 sicut
3055 2839 3146 2895 nix
3179 2838 3281 2897 “.s

35 2905 111 2959 tali
134 2918 496 2976 consequente
517 2922 610 2963 eos
632 2917 808 2976 petra.
850 2909 1011 2965 Petra
1052 2921 1235 2967 autem
1274 2922 1397 2969 erat
1430 2914 1590 2970 Cltri-
1698 2914 1783 2971 ira
1814 2916 2013 2975 furoris
2058 2922 2271 2977 Domini
2326 2923 2559 2980 efﬁcitur
2606 2941 2770 2996 super
2814 2941 2947 2994 eos,
2992 2930 3085 2998 qui
3144 2930 3288 2987 male

31 3005 142 3053 stus.
176 3016 195 3051 ι
225 2998 383 3055 Vides
442 3000 711 3069 quomodo
759 3002 1045 3072 aenigmata
1084 3003 1220 3075 legis
1260 3004 1463 3062 Paui‘us
1488 3008 1588 3063 ab-
1695 3009 2014 3081 loquuntur,
2045 3025 2099 3069 et
2160 3015 2479 3073 detrahunt.
2522 3017 2917 3077 Verumtamen
2947 3026 3088 3092 quod
3122 3025 3285 3092 dicit,

30 3088 187 3153 solvit,
216 3100 268 3143 et
321 3091 546 3160 species
584 3095 933 3167 aenigmatum
966 3095 1145 3162 docet,
1180 3104 1234 3151 et
1285 3097 1418 3152 dicit
1460 3100 1587 3169 quia
1627 3173 1654 3178 Α
1703 3120 1723 3155 ι
1756 3112 1810 3159 et
1850 3105 2026 3160 nubes
2080 3111 2315 3163 recessit
2370 3126 2399 3163 τι
2442 3110 2829 3178 tabernaculo,
2863 3125 2919 3168 et
2946 3129 3074 3170 ecce
3112 3114 3285 3171 Maria

31 3195 157 3251 petra
185 3184 232 3238 in
264 3186 565 3256 aenigmate
610 3198 728 3244 erat
774 3189 914 3259 apud
946 3188 1208 3259 Moysem,
1231 3190 1397 3260 290
1431 3200 1584 3247 ante-
1615 3173 1658 3231 ο
1693 3191 1839 3248 facta
1870 3205 1957 3250 est
1991 3196 2206 3267 leprosa
2262 3200 2408 3254 sicut
2437 3201 2551 3267 nix,
2582 3221 2601 3254 ι
2641 3173 3098 3260 considerandum
3159 3206 3286 3260 dili-

28 3289 164 3350 quam
190 3276 519 3347 iungeretur
550 3278 676 3334 huic
702 3289 905 3335 nostra:
932 3279 1301 3349 Ethiopissae.
1338 3280 1490 3336 Nunc
1536 3281 1590 3336 in
1699 3286 1923 3355 gentius
1950 3298 2053 3355 est,
2086 3289 2228 3357 quod
2283 3290 2437 3359 prius
2477 3292 2685 3347 recedit
2713 3293 2909 3360 nubes,
2934 3304 2988 3350 et
3023 3297 3098 3351 ita
3135 3298 3285 3367 lepra

27 3368 181 3435 specie
228 3379 385 3437 petra
436 3368 698 3425 Christus
770 3378 876 3425 est.
936 3368 1090 3425 Nunc
1139 3372 1284 3427 enim
1328 3387 1391 3427 os
1430 3373 1496 3426 ad
1529 3386 1591 3427 os
1697 3378 1975 3447 repletur:
2014 3390 2070 3434 ut
2096 3381 2421 3436 ostendatur
2451 3383 2578 3451 quia
2608 3385 2775 3439 etiam
2807 3386 2853 3441 si
2897 3397 2979 3441 est
3011 3389 3065 3442 in
3099 3389 3283 3459 aliquo

26 3458 237 3528 loquitur
262 3477 362 3532 per
418 3462 609 3531 legem
652 3462 815 3518 Deus.
848 3463 1019 3518 Antea
1066 3464 1118 3517 in
1152 3464 1438 3533 aenigmate
1490 3463 1593 3519 fuit
1694 3469 1872 3539 gratia
1902 3472 2078 3526 sancti
2109 3471 2371 3541 Spiritus,
2392 3484 2447 3527 et
2473 3475 2772 3543 obtrectat,
2805 3485 2860 3532 et
2904 3478 3166 3547 detrahit,
3194 3494 3297 3537 re-r

24 3552 293 3619 baptismtts
318 3554 372 3607 in
409 3557 563 3610 nube
596 3564 651 3609 et
704 3557 756 3609 in
792 3555 957 3619 mari,
986 3571 1131 3610 nunc
1154 3565 1333 3610 autem
1372 3556 1425 3609 in
1456 3569 1584 3625 spe-
1693 3562 1839 3616 cedit
1861 3562 1930 3618 ab
1959 3578 2023 3618 eo
2052 3572 2171 3632 post
2205 3565 2689 3634 obtrectationem,
2718 3578 2773 3623 et
2804 3568 2884 3624 sic
2919 3571 3281 3643 lepra.reple-

20 3647 88 3699 cie
117 3648 457 3715 regeneratio
517 3657 599 3703 est
637 3650 690 3703 in
726 3663 865 3718 aqua
908 3658 963 3703 et
1004 3650 1058 3706 in
1114 3648 1324 3718 Spiritu
1364 3658 1581 3725 sancto.
1690 3664 1781 3710 tur
1814 3656 1997 3710 anima
2030 3658 2170 3728 ejus.
2207 3657 2342 3712 Nam
2372 3660 2673 3730 etpopulus
2698 3661 2787 3715 ille
2819 3662 2968 3731 prior
3000 3664 3186 3719 habuit
3213 3668 3268 3722 in

21 3737 152 3794 Tunc
178 3741 228 3794 in
275 3740 578 3811 aenigmate
620 3749 743 3795 erat
770 3756 967 3794 manna
1019 3742 1197 3805 CibUS,
1233 3756 1376 3796 nunc
1407 3750 1589 3796 autem
1691 3765 1751 3805 se
1796 3752 2032 3821 gratiam
2077 3752 2196 3819 Dei,
2257 3754 2350 3808 sed
2394 3763 2679 3823 postquam
2719 3756 2772 3809 in
2820 3771 3007 3810 verum
3056 3757 3279 3829 Moysen

17 3828 59 3881 in
86 3832 256 3899 specie
311 3847 451 3889 caro
512 3831 673 3888 Verbi
711 3832 803 3887 Dei
839 3838 923 3887 est
969 3846 1132 3885 verus
1168 3832 1344 3898 cibus,
1370 3834 1510 3887 sicut
1536 3842 1590 3889 et
1690 3841 1983 3897 Dominum
2045 3854 2291 3899 nostrum
2351 3843 2538 3901 Jesum
2589 3845 2871 3902 Christum
2915 3828 3281 3906 extenderunt

16 3923 111 3990 ipse
142 3924 265 3980 dicit
288 3927 360 3993 “,
395 3928 535 3997 quia
574 3945 592 3978 ι
623 3926 759 3982 Caro
797 3940 918 3980 mea
975 3939 1107 3981 vere
1150 3935 1235 3981 est
1290 3927 1481 3993 cibus,
1535 3936 1589 3983 et
1689 3935 1899 4006 linguas
1935 3937 2283 4007 blasphemiae
2307 3954 2439 4002 suae,
2478 3940 2734 3996 discessit
2768 3940 2967 3998 abillis
3000 3944 3189 4007 nubes,
3224 3954 3281 3998 et

22 4019 220 4087 sanguis
248 4035 413 4075 meus
448 4034 584 4075 vere
610 4029 696 4075 est
736 4029 916 4089 potus.
948 4037 968 4071 ι
1004 4020 1094 4075 Sic
1119 4033 1248 4089 ergo
1284 4034 1399 4089 1am
1445 4036 1589 4075 nunc
1690 4028 1940 4082 transivit
1967 4028 2033 4081 ad
2067 4043 2166 4083 nos
2191 4028 2245 4082 in
2280 4041 2520 4086 montem
2554 4031 2857 4096 excelsum,
2879 4048 3001 4087 cum
3023 4034 3281 4091 Salvator

15 4104 195 4178 Moyses
223 4112 368 4181 apud
398 4127 507 4167 nos
537 4113 767 4180 positus,
804 4119 857 4166 et
883 4110 1010 4165 huic
1039 4110 1398 4180 IEthiopissce
1448 4126 1561 4166 con

1735 4130 1875 4175 oster
1898 4122 2323 4178 transformatus
2356 4134 2462 4189 est,
2496 4132 2549 4178 et
2581 4125 2752 4178 nubes
2785 4118 3055 4194 reTnlgens
3084 4123 3281 4182 obum-

16 4200 218 4268 unctus,
255 4204 343 4259 vel
405 4206 535 4276 ipse
579 4206 646 4260 ad
681 4221 798 4270 nos,
826 4207 911 4262 vel
941 4207 1084 4263 Deus
1134 4210 1199 4262 ad
1258 4208 1431 4277 ipsum
1479 4222 1583 4261 non
1687 4209 1868 4265 bravit
1921 4214 2215 4284 discipulos
2264 4213 2411 4283 ejus,
2468 4222 2523 4268 et
2551 4216 2699 4269 venit
2733 4229 2834 4269 vox
2878 4217 2944 4270 de
2982 4216 3152 4283 nube,
3188 4218 3275 4272 di-

16 4290 224 4361 loquitur
256 4294 312 4349 in
338 4296 670 4367 aenigmate,
706 4300 800 4353 sed
828 4298 880 4351 in
924 4299 1126 4368 specie.
1161 4299 1257 4355 His
1282 4310 1459 4355 autem
1496 4299 1586 4353 ad-
1687 4318 1817 4358 cens
1842 4304 1930 4358 ’δε
1968 4323 1987 4357 ι
2030 4305 2127 4361 llic
2185 4316 2271 4362 est
2325 4306 2497 4362 Filius
2545 4322 2701 4361 meus
2758 4307 3171 4374 dilectissimus,
3223 4310 3278 4364 in

16 4384 130 4440 litur
162 4406 174 4441 :
212 4407 230 4439 ι
280 4388 351 4443 Et
413 4389 680 4459 gloriam,
745 4392 925 4462 inquit
971 4393 1039 4456 η,
1093 4392 1303 4447 Domini
1360 4394 1518 4448 vidit.
1559 4412 1577 4445 ο
1686 4411 1796 4467 quo
1835 4397 1968 4451 tnihi
2026 4397 2166 4453 bene
2214 4399 2542 4469 complaeui.
2574 4417 2593 4451 ι
2633 4397 2759 4453 Post
2802 4400 2902 4453 hoc
2927 4414 3057 4469 ergo
3102 4400 3275 4456 Maria

15 4474 212 4539 )nando
252 4481 402 4536 vidit
456 4481 680 4552 Moyses
724 4483 952 4554 gloriam
1014 4484 1273 4539 Domini?
1303 4484 1413 4555 Ego
1459 4493 1584 4539 tunc
1616 4485 1827 4577 1)facta
1886 4498 1970 4542 est
2019 4490 2230 4559 leprosa
2287 4488 2427 4544 sicut
2461 4489 2577 4546 nix.
2621 4489 2801 4546 Donec
2831 4491 3021 4546 aderat
3074 4492 3268 4557 nubes,

15 4568 122 4632 lico.
154 4572 382 4640 quando
421 4572 859 4630 transformatus
893 4584 977 4630 est
1003 4574 1263 4630 Dominus
1287 4577 1340 4630 in
1377 4585 1579 4640 monte,
1616 4568 1654 4577 ”
1695 4578 1858 4633 Maria
1894 4595 1997 4635 non
2024 4590 2144 4635 erat
2197 4581 2434 4650 leprosa,
2468 4582 2562 4636 sed
2609 4597 2732 4637 cum
2766 4583 3041 4637 discessit.
3076 4582 3263 4637 Donec

15 4669 42 4711 et
68 4663 254 4720 aderat
283 4667 333 4720 ei
366 4666 600 4738 Moyses
632 4681 753 4721 cum
774 4667 910 4733 Elia,
939 4677 995 4723 et
1023 4667 1476 4737 colloquebantur
1510 4669 1583 4723 ei.
1693 4668 1836 4722 enim
1862 4669 2103 4723 visitatio
2132 4669 2226 4723 Dei
2253 4678 2373 4724 erat
2402 4671 2454 4725 in
2488 4672 2685 4741 populo
2719 4671 2833 4737 illo,
2884 4687 2991 4726 non
3039 4682 3160 4726 erat
3192 4672 3273 4725 le-

16 4750 49 4805 it
76 4755 191 4812 ideo
229 4768 389 4814 recte
430 4762 492 4813 in
551 4759 1008 4829 consequentibus
1056 4758 1304 4828 adiungit
1337 4760 1383 4791 ⁸³
1421 4778 1434 4814 :
1466 4777 1485 4810 ι
1521 4760 1586 4814 Et
1693 4775 1907 4829 prosus.
1962 4761 2063 4816 Ubi
2118 4776 2250 4816 vero
2293 4763 2571 4828 discessit,
2622 4764 2915 4833 ignominia
2957 4764 3140 4818 vultus
3191 4765 3277 4818 sui

16 4858 143 4909 [uare
168 4863 274 4903 non
308 4850 591 4905 timuistis
620 4851 909 4905 detrahere
945 4850 1148 4905 famulo
1172 4863 1293 4904 meo
1326 4849 1535 4921 Moysi?
1561 4870 1579 4903 ι
1692 4853 1934 4907 contexit
1959 4867 2105 4908 eum.
2142 4854 2249 4910 Sed
2276 4864 2331 4909 et
2379 4870 2478 4910 nos
2511 4856 2800 4911 timeamus
2829 4871 2897 4911 ne
2917 4854 3058 4911 Sorte
3078 4854 3282 4925 effuge-

16 4933 126 5000 luod
149 4939 457 4996 evidenter
487 4941 682 5011 utique
708 4942 774 4996 ad
808 4956 905 4998 eos
939 4942 1143 4996 dictum
1184 4941 1456 5011 dirigitur,
1490 4943 1587 5012 qui
1692 4959 1813 4998 mus
1852 4961 1880 4998 a
1936 4947 2092 5001 nobis
2138 4947 2281 5001 hanc
2329 4949 2529 5002 nubem
2597 4947 2738 5003 male
2790 4948 3083 5017 loquendo,
3138 4947 3280 5001 male

15 5022 264 5095 ivangelia
295 5031 542 5098 quidem
572 5032 851 5102 suscipere
880 5032 1155 5097 videntur,
1185 5032 1451 5101 derogant
1485 5047 1586 5086 au-
1694 5037 1924 5105 agendo,
1954 5039 2096 5093 male
2125 5040 2411 5111 cogitando
2439 5057 2453 5094 :
2481 5049 2536 5095 et
2565 5049 2693 5095 tunc
2726 5040 3011 5109 apparebit
3042 5040 3096 5093 in
3120 5038 3278 5094 nobis

16 5132 81 5170 em
112 5118 312 5191 Moysi,
342 5132 405 5177 et
438 5123 645 5177 merito
683 5135 1007 5194 arguuntur,
1049 5124 1179 5193 quia
1224 5139 1348 5179 cum
1375 5124 1586 5179 discant
1692 5126 1841 5197 lepra
1874 5130 2108 5198 peccati,
2140 5147 2262 5187 cum
2292 5132 2605 5188 deseruerit
2631 5147 2731 5186 nos
2771 5131 2944 5202 gratia
2977 5132 3095 5185 Dei.

19 5223 72 5261 er
96 5209 474 5282 Evangelium
540 5216 687 5283 quod
728 5214 946 5286 Moyses
993 5232 1099 5270 una
1141 5231 1264 5270 cum
1306 5216 1425 5270 Elia
1451 5216 1586 5270 vidit
1763 5219 1816 5273 '5.
1846 5236 1864 5269 ι
1904 5220 1970 5274 Ει
1995 5223 2234 5292 respexit
2263 5222 2443 5279 Aaron
2475 5225 2542 5278 ad
2558 5223 3031 5288 Mariam,‘etecce
3052 5230 3173 5277 erat
3198 5220 3279 5275 le-

16 5299 198 5358 loriam
226 5304 486 5372 Domini,
510 5304 615 5373 legi
635 5315 688 5360 et
710 5308 987 5377 prophetis
1010 5308 1271 5362 ausisunt
1292 5308 1581 5378 derogare.
1691 5323 1869 5379 prosa.
1902 5313 1965 5367 Et
1995 5315 2131 5369 dixit
2157 5316 2340 5370 Aaron
2372 5316 2437 5370 ad
2462 5316 2685 5379 Moysen
2726 5335 2739 5370 :
2780 5316 3001 5379 Precor,
3029 5314 3272 5374 domine,

15 5390 42 5441 lt
63 5392 181 5448 ideo
208 5410 314 5450 nos
340 5412 462 5452 non
502 5395 856 5453 detrahamus
900 5397 1091 5469 Moysi,
1121 5413 1222 5454 nec
1246 5399 1573 5469 derogemus
1689 5415 1757 5455 ne
1786 5403 2083 5459 contuleris
2116 5406 2169 5460 in
2196 5422 2295 5462 nos
2335 5418 2643 5478 peccatum,
2697 5405 2957 5476 quoniam
3002 5399 3277 5473 ignoravi-
3308 5490 3313 5491 γ

45 5558 86 5590 ⁸⁸
126 5562 302 5619 lCor.
346 5582 410 5633 x,
444 5566 473 5619 1
514 5572 574 5619 et
596 5578 749 5634 seqq.
822 5566 867 5597 ⁸¹
909 5564 1063 5620 Joan.
1105 5581 1178 5630 vr,
1230 5566 1321 5621 56.
1394 5564 1623 5620 “Num.
1663 5581 1759 5631 xu,
1796 5568 1847 5621 8.
1960 5567 2007 5600 ⁸³
2031 5567 2164 5623 ibid.
2239 5568 2285 5602 “
2316 5568 2446 5625 ibid.
2500 5569 2555 5631 9,
2605 5568 2693 5622 10.
2731 5567 2775 5599 ⁸⁵
2818 5565 3007 5621 Matth.
3042 5577 3177 5626 xv",
3218 5559 3271 5627 5,

43 5679 154 5805 377)
194 5682 395 5742 Codex
462 5697 578 5739 ms.
639 5683 1002 5752 Ebroicensis,
1041 5701 1059 5736 ι
1090 5683 1402 5739 accidant.»
1431 5682 1609 5740 Codex
1665 5683 1851 5743 Sancti
1881 5686 2229 5762 Theodorici,
2266 5706 2286 5742 ι
2320 5689 2663 5761 contingant.
2700 5707 2729 5772 o_
2752 5686 2874 5744 Lib.
2935 5686 3090 5754 editi,
3126 5701 3146 5738 ι
3182 5697 3271 5740 ac-

78 5765 188 5805 ant.
221 5789 236 5805 .

16 5765 188 5809 edant.
219 5789 236 5819 ι
