3914 6512
589 316 698 372 615

2037 311 2363 368 ORlGENlS

3754 319 3844 373 6115

591 453 713 492 mus
742 436 885 506 quod
933 435 1302 506 peccavimus.
1360 434 1437 490 Ne
1471 435 1567 491 ﬁat
1607 436 1789 490 simile
1836 435 1948 507 (78)
1978 437 2161 500 morti,
2192 444 2239 499 Α
2269 437 2414 490 dicat
2444 435 2693 492 meliores
2727 437 2820 507 qui
2851 438 3049 493 mortui
3089 448 3216 494 sunt
3250 438 3482 502 mundo,
3522 445 3580 492 et
3611 451 3708 490 eos
3733 453 3839 503 pro-

589 541 646 585 et
673 545 729 582 ut
757 530 980 583 aborsus
1003 529 1210 596 ejectus
1265 529 1332 582 de
1363 529 1519 582 vulva
1573 530 1784 594 matris,
1832 539 1886 583 et
1931 529 2166 582 comedit

588 620 867 674 dimidium
890 617 1073 671 carnis
1095 615 1214 685 ejus
1240 618 1304 670 ³⁸.
1329 636 1348 670 ι
1371 617 1498 671 Vult
1520 618 1572 672 in
1598 618 1698 674 hoc
1714 617 2003 672 ostendere
2021 619 2164 687 quod

588 710 924 782 populusille
951 709 1220 764 formatus
1248 709 1465 778 quidem
1495 708 1660 762 fuerit
1693 709 1745 762 in
1784 708 1939 761 vulva
1972 708 2164 762 matris

588 819 698 858 sua:
741 817 1049 875 synagoga,
1102 817 1208 856 non
1269 811 1448 854 tamen
1489 803 1776 870 pervenire
1816 801 2054 870 potuerit
2095 801 2163 852 ad

587 896 889 965 perfectum
912 906 968 950 et
1001 897 1274 965 integrum
1306 907 1540 964 partum.
1587 893 1738 947 Sicut
1768 895 1911 948 enim
1939 895 2164 946 ahorsus

563 983 940 1058 ’imperfectus
985 997 1042 1042 et
1093 987 1489 1055 incompositus
1532 996 1612 1041 est
1639 996 1823 1054 partus
1851 1003 1863 1038 :
1895 986 1966 1038 ita
1999 994 2054 1038 et
2078 984 2166 1038 ille

589 1081 819 1153 populus
878 1080 1157 1150 aliquanto
1207 1081 1426 1150 quidem
1495 1089 1735 1148 tempore
1767 1078 1906 1131 intra
1951 1076 2162 1130 vulvam

588 1175 806 1236 matris.
834 1175 937 1227 hoc
958 1181 1062 1235 est,
1089 1173 1232 1226 intra
1271 1187 1559 1242 synagogze
1602 1171 1994 1226 institutionem
2021 1167 2165 1237 posi-

589 1275 677 1319 tus
708 1264 804 1318 fuit
834 1283 847 1318 :
876 1265 968 1319 sed
1014 1264 1254 1333 peccatis
1310 1263 1796 1326 intercedentibus,
1832 1259 2051 1313 formari
2095 1259 2164 1310 ad

589 1359 885 1428 integrum,
925 1355 1296 1423 viviﬁcarique
1343 1369 1447 1407 non
1484 1354 1661 1423 potuit
1695 1371 1708 1406 :
1737 1362 1789 1406 et
1814 1351 1934 1404 ideo
1966 1349 2160 1419 abjecli

587 1458 715 1504 sunt
741 1447 886 1501 velut
917 1447 1142 1502 aborsus
1171 1444 1521 1514 imperfectus
1570 1454 1626 1499 et
1667 1444 2008 1505 immaturus,
2038 1455 2165 1510 pec-

587 1550 711 1594 cato
737 1539 947 1593 scilicet
993 1545 1354 1591 consumente
1401 1536 1708 1595 dimidimn,
1743 1544 1802 1587 ut
1846 1534 1944 1598 ait,
1974 1534 2162 1587 carnis

587 1634 728 1702 eius.
763 1635 856 1687 Est
884 1643 1063 1686 tamen
1093 1629 1365 1684 interdum
1408 1639 1462 1682 et
1494 1627 1722 1681 ahorsus
1763 1627 1956 1683 bonus.
1985 1626 2164 1680 Bonus

588 1735 771 1778 autem
807 1723 1032 1776 aborsus
1053 1719 1256 1773 dicitur
1294 1732 1415 1771 cum
1451 1716 1575 1771 aliis
1616 1728 1987 1785 comparatur,
2021 1715 2159 1768 sicut

587 1827 642 1871 et
675 1815 1028 1869 Ecclesiastes
1058 1812 1134 1865 ait
1158 1811 1202 1842 ⁵⁷
1237 1828 1250 1864 :
1285 1827 1303 1860 ι
1347 1810 1410 1863 Et
1433 1809 1541 1862 dixi
1570 1807 1785 1863 :Bonus
1817 1819 1901 1862 est
1933 1808 2162 1861 aborsus

587 1907 761 1976 magis
793 1919 956 1973 quam
989 1902 1101 1955 ille.
1135 1919 1154 1954 ι
1184 1900 1287 1967 Qui
1319 1901 1451 1955 ille?
1485 1917 1503 1950 ι
1542 1901 1642 1965 Qui
1675 1899 1726 1952 in
1773 1898 2034 1960 vanitate,
2077 1897 2163 1950 in-

584 1999 792 2070 quit”,
817 1995 1015 2050 incedit
1043 2003 1098 2049 et
1138 1993 1193 2048 in
1240 1993 1481 2047 tenebris
1521 1992 1780 2045 ambulat.
1817 2010 1836 2044 ι
1872 1990 1987 2044 Non
2031 2003 2162 2058 ergo

584 2089 827 2144 absolute
861 2087 1062 2140 bonum
1110 2084 1243 2139 dicit
1286 2084 1565 2145 aborsum,
1623 2083 1716 2136 sed
1749 2082 1951 2135 bonum
1990 2080 2161 2149 magis

585 2195 745 2250 quam
763 2179 952 2242 vitam,
974 2191 1095 2245 qua:
1127 2175 1181 2229 in
1211 2177 1453 2230 vanitate
1479 2174 1716 2238 ducitur,
1748 2184 1802 2228 et
1832 2173 1886 2226 in
1924 2172 2162 2225 tenebris

583 2271 923 2342 ignorantiae.
968 2268 1037 2322 Et
1083 2267 1143 2322 ﬁt
1189 2268 1332 2336 apud
1371 2282 1496 2321 eum
1531 2266 1781 2335 quaedam
1825 2263 2162 2332 comparatio

581 2362 943 2434 singulorum.
1002 2359 1312 2413 Dicitenim
1341 2368 1397 2415 et
1448 2358 1576 2412 alibi
1623 2358 1737 2426 ipse
1778 2355 2156 2416 Ecclesiastes,

582 2453 755 2506 honos
807 2463 932 2503 esse
987 2455 1230 2501 mortuos
1284 2447 1454 2515 magis
1524 2461 1688 2515 quam
1770 2446 2014 2499 viventes
2089 2444 2156 2494 ".

579 2541 792 2610 Quibus
862 2556 1051 2594 rursus
1125 2540 1168 2594 si
1233 2553 1515 2609 compares
1588 2539 1879 2602 aborsttm,
1957 2538 2156 2591 bonum

578 2651 703 2692 esse
760 2633 911 2686 dicas
949 2631 1064 2701 (79)
1111 2644 1278 2698 super
1325 2641 1635 2699 utrumque.
1697 2628 1754 2684 Si
1801 2643 1935 2699 ergo
1978 2631 2160 2683 consi.

581 2730 742 2784 deret
799 2725 891 2795 qui
953 2731 1080 2778 sunt
1100 2722 1232 2788 vivi,
1269 2730 1325 2776 et
1374 2723 1466 2792 qui
1499 2730 1628 2776 sunt
1688 2720 1907 2786 mortui,
1958 2721 2157 2788 quibus

582 2822 811 2875 aborsus
866 2815 1064 2881 melior.
1131 2813 1203 2867 sit
1260 2822 1361 2881 pro
1427 2829 1494 2867 eo
1542 2812 1684 2881 quod
1738 2827 1809 2867 ne
1859 2812 2159 2882 gustaverit

578 2911 738 2982 391
780 2907 998 2978 quidem
1028 2905 1152 2958 vita:
1181 2905 1363 2957 mundi
1407 2904 1564 2973 hujus
1599 2903 1836 2970 auspicia
1859 2943 1875 2968 ,
1916 2903 2158 2958 invenies

578 3019 698 3072 quae
746 3003 856 3057 sint
903 3001 955 3057 in
1015 2999 1412 3072 comparatione
1467 2995 1569 3048 ista
1606 2993 1959 3061 ,dill‘erentize.
2009 2993 2155 3048 Con-

576 3095 755 3148 sidera
799 3109 930 3164 ergo
977 3093 1104 3162 quia
1153 3107 1260 3147 non
1306 3089 1439 3143 alios
1483 3085 1574 3153 Libi
1627 3086 1926 3141 nominavit
1979 3087 2158 3140 viven-

577 3195 698 3252 tes,
737 3187 838 3240 nisi
876 3187 942 3241 de
988 3185 1187 3255 quibus
1231 3183 1433 3237 dicitur
1490 3179 1543 3234 in
1592 3177 1821 3234 Psalmis
1882 3181 1962 3234 ὀε
1990 3197 2009 3230 ι
2047 3180 2154 3236 Ve-

576 3287 884 3333 rumtamen
946 3278 1160 3330 vanitas
1208 3274 1386 3330 onmis
1441 3273 1602 3326 homo
1662 3270 1872 3328 vivens.
1920 3289 1940 3322 ι
1989 3271 2148 3326 Omni

577 3386 707 3442 ergo
735 3371 955 3426 homine
1009 3370 1099 3439 qui
1159 3369 1210 3422 in
1262 3367 1497 3422 vanitate
1527 3365 1680 3419 vivit.
1717 3363 1832 3418 Non
1859 3365 2006 3419 enim
2033 3381 2156 3420 om-

576 3463 661 3518 nis
697 3464 804 3516 vita
853 3463 906 3516 in
950 3461 1189 3515 vanitate
1246 3469 1352 3525 est,
1418 3459 1510 3514 sed
1546 3458 1635 3512 illa
1678 3459 1786 3513 vita
1819 3473 1938 3527 quae
1961 3474 2156 3514 secun-

573 3556 700 3608 dum
745 3569 965 3610 carnem
1014 3562 1134 3619 est,
1171 3563 1226 3606 et
1267 3553 1560 3607 secundum
1614 3565 1830 3606 errores
1884 3566 1948 3606 ac
1998 3551 2153 3604 volu-

573 3655 750 3715 ptates
776 3645 982 3709 saaculi,
1031 3645 1146 3698 haec
1191 3651 1274 3698 est
1313 3644 1420 3698 vita
1451 3625 1710 3696 vanitatis
1737 3641 1880 3711 (80),
1909 3651 1960 3697 et
1989 3657 2154 3711 super

574 3739 715 3792 hanc
759 3745 843 3791 est
876 3736 1058 3791 omnis
1097 3734 1186 3804 qui
1229 3733 1358 3789 huic
1399 3733 1524 3787 vitae
1567 3741 1814 3786 mortuus
1838 3741 1953 3798 est,
1977 3741 2027 3786 et
2059 3733 2150 3800 qui

569 3831 706 3886 dicit
731 3830 774 3862 ⁶¹
819 3845 834 3883 :
882 3847 903 3880 ι
949 3828 1076 3882 Mihi
1114 3837 1293 3882 autem
1333 3827 1566 3881 mundus
1601 3824 1896 3881 crucifixus
1943 3837 2059 3891 est,
2097 3836 2153 3882 et

569 3936 671 3992 ego
704 3919 932 3984 mundo;
983 3938 1002 3971 ι
1038 3929 1090 3974 et
1121 3919 1188 3972 de
1223 3932 1330 3986 quo
1361 3917 1558 3971 dicitur
1586 3918 1631 3949 ⁸⁸
1673 3935 1686 3971 :
1725 3935 1743 3968 ι
1785 3916 1977 3971 Mortui
2017 3931 2150 3985 ergo

569 4011 706 4067 estis
735 4025 858 4064 cum
886 4009 1127 4064 Christo.
1177 4026 1196 4060 ι
1232 4005 1325 4060 lsti
1356 4020 1490 4074 ergo
1519 4006 1767 4060 meliores
1794 4014 1950 4070 sunt,
1983 4021 2147 4074 quam

573 4101 648 4154 illi
695 4101 964 4156 viventes.
1008 4098 1114 4153 Sed
1158 4113 1325 4168 super
1362 4100 1461 4152 hos
1495 4111 1617 4151 esse
1657 4097 1853 4152 dicitur
1887 4098 2146 4164 aborsus,

571 4192 697 4262 quia
740 4191 871 4247 licet
911 4191 1131 4246 venisse
1167 4191 1414 4246 videatur
1448 4189 1502 4242 in
1545 4203 1738 4250 carne,
1783 4189 1926 4243 nulla
1967 4201 2146 4243 tamen
2211 4191 2214 4194 ’

572 4283 829 4338 vanitatis
849 4283 974 4337 vita;
1002 4283 1160 4352 hujus
1184 4283 1412 4352 sumpsit
1439 4281 1613 4336 initia.
1643 4280 1941 4334 lntroducit
1965 4292 2144 4336 tamen

571 4374 927 4430 Ecclesiastes
956 4383 1013 4429 et
1043 4375 1208 4427 alium
1243 4372 1534 4441 quemdam
1556 4411 1573 4436 ,
1602 4382 1658 4424 ut
1693 4371 1934 4434 videtur,
1979 4372 2143 4426 etiam

2268 525 2478 580 nuntiet
2503 525 2789 582 inferiores
2815 530 2906 597 qui
2935 529 3121 584 vivunt
3151 530 3392 584 mundo?
3420 529 3559 583 Nam
3589 530 3633 582 si
3667 541 3843 581 secun-

2266 619 2394 671 dum
2442 618 2679 672 litteram
2731 621 2866 675 velis
2908 621 3240 691 intelligere,
3282 622 3564 690 quomodo
3604 621 3840 673 laudandi

2266 721 2394 764 sunt
2447 712 2646 766 mortui
2697 712 2871 782 magis
2920 727 3080 782 quam
3125 715 3409 768 viventes?
3438 713 3689 767 Laudari
3715 716 3840 764 enim

2267 802 2404 857 Solet
2447 805 2569 872 quis
2615 803 2668 856 in
2721 818 2788 857 eo
2831 806 2972 873 quod
3002 805 3279 859 voluntate
3315 805 3457 859 bona
3493 815 3550 858 et
3581 807 3842 872 proposin

2264 893 2437 962 egerit
2488 894 2623 965 (81).
2675 894 2820 950 Mors
2867 908 3046 949 autem
3092 897 3195 949 ista
3231 897 3584 961 communis,
3631 897 3760 948 nulli
3787 915 3840 950 ex

2266 985 2577 1051 voluntate,
2624 1000 2725 1040 nec
2759 1001 2823 1040 ex
2865 988 3147 1057 proposito
3191 991 3359 1045 venit.
3398 989 3698 1056 Quomodo
3727 1005 3840 1057 erga

2268 1077 2463 1146 dignus
2494 1076 2654 1132 laude
2683 1079 2958 1132 videbitur
2985 1080 3038 1133 in
3069 1095 3136 1136 eo
3159 1083 3283 1149 quis
3313 1083 3459 1150 quod
3491 1093 3697 1134 contra
3733 1097 3838 1149 pro-

2268 1169 2499 1235 positum
2532 1169 2769 1237 patitur?
2799 1170 3059 1240 Alioquin
3091 1172 3401 1226 laudabitur
3425 1184 3481 1227 et
3515 1173 3736 1226 Pharao
3763 1190 3836 1225 rex

2266 1258 2514 1329 Egypti,
2547 1260 2636 1328 qui
2661 1262 2976 1316 submersus
2997 1270 3080 1317 est
3114 1263 3167 1316 in
3203 1277 3392 1329 mare,
3436 1279 3611 1333 super
3647 1263 3837 1324 Moses.

2267 1351 2358 1418 qui
2433 1351 2499 1403 de
2570 1351 2706 1404 mari
2778 1353 2933 1406 vivus
3002 1353 3176 1408 evasit
3216 1355 3283 1409 ⁸⁸.
3349 1352 3750 1406 Laudabuntur
3796 1365 3840 1405 et

2265 1439 2502 1511 Egyptii
2533 1441 2623 1510 qui
2664 1442 2861 1496 mortui
2895 1450 3021 1496 sunt
3043 1442 3095 1496 in
3127 1445 3316 1512 aquis,
3348 1444 3529 1514 magis
3563 1459 3731 1511 quam
3762 1460 3838 1512 po-

2267 1535 2423 1601 pulus
2454 1533 2580 1599 Dei,
2613 1535 2704 1603 qui
2737 1534 2989 1589 transivit
3025 1548 3124 1603 per
3161 1536 3366 1589 siccum
3395 1536 3451 1589 in
3485 1535 3675 1588 medio
3700 1539 3836 1588 mari-

2265 1625 2382 1680 l‘on
2407 1641 2536 1696 ergo
2563 1627 2634 1680 ita
2667 1627 2965 1696 intelligas.
2997 1629 3090 1682 sed
3117 1629 3256 1682 scito
3286 1635 3339 1682 te
3368 1627 3712 1680 laudandum
3741 1642 3836 1679 esse

2269 1730 2539 1773 mortuum
2583 1734 2705 1774 cum
2753 1721 2994 1790 potueris
3040 1721 3224 1774 dicere
3263 1721 3307 1751 “
3345 1735 3362 1772 :
3404 1737 3424 1770 ι
3460 1718 3696 1774 Christo
3724 1734 3836 1770 eou-

2270 1812 2565 1867 cruciﬁxus
2618 1828 2760 1867 sum.
2818 1814 2954 1868 Vivo
3000 1819 3178 1866 autem
3219 1812 3331 1882 jam
3386 1828 3498 1865 non
3539 1828 3682 1881 ego,
3731 1814 3836 1862 vim

2269 1912 2449 1956 autem
2492 1903 2544 1956 in
2578 1917 2665 1956 me
2697 1902 2965 1958 Christus.
3008 1921 3026 1954 ι
3065 1903 3120 1956 Si
3163 1903 3491 1957 renuntiasti
3540 1901 3772 1962 seculo,
3804 1905 3835 1954 si

2270 1993 2516 2062 ahjecisti
2549 1994 2675 2048 vitia
2700 2034 2715 2058 ,
2769 1997 2814 2049 si
2855 1996 2965 2063 jam
3009 2010 3116 2048 non
3163 1996 3404 2048 moveris
3431 1994 3506 2047 ad
3539 2006 3836 2062 peccatum.

2269 2087 2363 2138 sed
2401 2095 2649 2140 mortuus
2687 2101 2746 2140 es
2787 2095 3014 2156 peccato
3040 2125 3053 2150 ,
3103 2087 3298 2142 melior
3335 2102 3398 2140 es
3441 2101 3617 2154 quam
3653 2087 3738 2138 ille
3765 2089 3836 2152 qui

2270 2177 2402 2229 vivit
2433 2186 2680 2245 peccato,
2700 2187 2752 2230 et
2778 2179 2884 2232 erit
2911 2178 2962 2231 in
2995 2186 3045 2232 te
3069 2193 3215 2232 mors
3243 2178 3342 2231 ista
3376 2177 3705 2231 laudabilis.
3731 2175 3838 2227 δέω

2268 2284 2366 2337 pro
2399 2280 2573 2323 morte
2608 2269 2710 2324 hac
2740 2268 3012 2324 communi
3039 2309 3053 2333 ,
3091 2280 3208 2336 Qua:
3237 2269 3355 2339 lege
3393 2279 3614 2323 natura
3652 2269 3842 2321 unicui-

2268 2373 2373 2426 que
2398 2359 2579 2422 venit,
2610 2374 2769 2414 nemo
2799 2358 3072 2414 laudatur.
3104 2357 3229 2413 lla’c
3262 2360 3389 2414 licet
3422 2376 3528 2428 per
3550 2375 3838 2416 excessum.

2267 2451 2688 2504 commemorari
2737 2463 2918 2505 tamen
2955 2454 3192 2520 oportuit
3223 2453 3276 2506 in
3311 2467 3376 2505 eo
3401 2451 3530 2504 loco
3559 2452 3654 2505 ubi
3684 2467 3841 2505 senae

2268 2545 2361 2598 Dei
2395 2542 2620 2597 Mariam
2661 2558 2759 2613 pro
2785 2544 2938 2614 culpa
2977 2543 3431 2609 obtrectationis,
3474 2554 3532 2597 et
3567 2560 3671 2612 pro
3708 2545 3839 2611 plet:

2266 2635 2628 2704 correptionis
2682 2637 2937 2690 ahorsum
2985 2636 3118 2690 dicit
3161 2636 3453 2700 effectam,
3503 2648 3564 2687 ut
3598 2637 3841 2688 οειειιόε-

2268 2741 2448 2780 remus
2488 2726 2613 2795 quia
2666 2734 2750 2780 est
2794 2736 2852 2785 et
2892 2727 3292 2796 vituperabilis,
3342 2737 3430 2780 est
3479 2736 3538 2779 et
3568 2727 3840 2780 laudabilis

2266 2817 2516 2872 aborsus.
2573 2816 2816 2886 Denique
2858 2819 3024 2872 etiam
3069 2818 3358 2889 Apostolus
3405 2819 3599 2873 sciens
3647 2823 3701 2873 in
3741 2821 3838 2872 istis

2265 2909 2463 2978 quibus
2507 2923 2670 2979 supra
2710 2908 2946 2962 diximus
2988 2911 3270 2964 ordinibus
3299 2925 3424 2964 esse
3462 2910 3712 2980 aliquem
3742 2910 3835 2963 las-

2265 3001 2500 3055 dabilem
2539 3001 2771 3054 aborsus
2807 3000 3054 3056 ordinem
3077 3042 3091 3066 ,
3125 3002 3290 3055 etiam
3333 3001 3402 3054 de
3435 3002 3740 3068 semetipso
3771 3001 3836 3052 dai-

2263 3093 2340 3147 cit
2368 3093 2411 3124 ⁸⁷
2449 3111 2465 3148 :
2509 3109 2528 3141 ι
2563 3089 2866 3145 Novissime
2898 3100 3076 3145 autem
3113 3092 3356 3146 omnium
3395 3101 3671 3161 tanquam
3697 3093 3832 3144 aber-

2263 3185 2373 3239 tivo
2411 3185 2558 3238 visus
2590 3193 2753 3238 estet
2789 3184 2955 3250 mihi;
2992 3203 3010 3236 ι
3047 3200 3208 3255 super
3239 3186 3495 3238 viventes
3538 3199 3602 3239 se
3636 3185 3830 3252 quidem

2261 3283 2316 3331 et
2352 3288 2517 3344 super
2552 3284 2828 3340 mortuos,
2863 3282 2982 3342 post
3009 3290 3105 3329 eos
3134 3284 3310 3329 tamen
3345 3276 3437 3345 qui
3471 3277 3711 3328 necdum
3739 3277 3834 3326 luti

2259 3377 2387 3422 sunt
2412 3407 2428 3431 ,
2469 3381 2782 3421 mnuerans.
2811 3365 2895 3420 Fit
2928 3353 3060 3437 ergo
3090 3367 3223 3422 sicut
3259 3369 3495 3422 aborsus
3518 3368 3712 3422 Maria.
3738 3368 3834 3420 Sea

2259 3458 2403 3512 enim
2451 3459 2628 3528 potuit
2670 3457 2898 3528 populus
2940 3459 3028 3512 ille
3071 3459 3139 3513 ad
3175 3458 3482 3529 perfectum
3528 3459 3756 3514 humari
3789 3464 3832 3512 in

2260 3548 2374 3620 lege
2399 3588 2417 3612 ,
2471 3549 2613 3603 sicut
2650 3558 2704 3602 et
2747 3541 2942 3602 Paulus
2987 3549 3303 3618 prommtiat
3340 3549 3612 3604 dicens“
3642 3569 3657 3602 :
3689 3571 3709 3601 ι

2264 3641 2465 3694 minem
2498 3639 2643 3694 enim
2673 3640 2738 3693 ad
2778 3638 3076 3706 perfectum
3109 3639 3333 3692 adduxit
3367 3639 3478 3694 lex.
3533 3659 3551 3692 ι
3607 3641 3833 3710 Benigne

2257 3740 2314 3787 et
2344 3733 2482 3786 idem
2531 3731 2819 3801 Apostolus
2854 3733 2919 3786 de
2951 3729 3275 3800 quibusdam
3311 3746 3455 3800 quos
3493 3747 3523 3786 a
3557 3733 3674 3788 ﬁde
3699 3735 3832 3788 dela-

2261 3838 2389 3892 psos
2421 3834 2475 3878 et
2504 3823 2719 3878 velutin
2746 3823 2998 3880 aborsum
3017 3839 3308 3880 conversos
3334 3827 3403 3880 ad
3431 3824 3698 3895 perfecta!
3725 3843 3832 3880 rur-

2256 3933 2376 3972 sum
2413 3917 2713 3972 nativitatis
2760 3914 3006 3971 instituta
3057 3918 3391 3986 reparabat.
3429 3919 3514 3972 ait
3545 3921 3592 3952 "
3634 3941 3648 3974 :
3695 3939 3716 3971 σ
3757 3921 3832 3972 Yt-

2258 4007 2368 4060 lioli
2423 4007 2574 4072 mei,
2626 4021 2764 4075 quos
2818 4007 3015 4060 iterum
3061 4009 3311 4076 parturio
3355 4009 3534 4063 donec
3575 4008 3832 4064 formetur

2254 4097 2508 4154 Christus
2540 4099 2591 4152 in
2627 4099 2803 4154 vobis.
2838 4116 2858 4151 ι

2321 4190 2376 4244 4.
2413 4208 2431 4241 ι
2472 4189 2538 4243 Ει
2565 4191 2921 4260 proclamavit
2955 4189 3170 4262 Moyses
3191 4190 3259 4245 ad
3281 4190 3578 4246 Dominum
3605 4195 3826 4249 dicens:

2253 4282 2396 4337 Dens
2431 4282 2566 4354 (82),
2591 4299 2783 4353 precor
2809 4293 2881 4348 te,
2911 4299 3040 4338 sana
3068 4299 3186 4338 eam
3215 4285 3283 4336 ⁷⁸.
3341 4303 3362 4336 ι
3393 4284 3458 4338 Et
3481 4302 3655 4353 quem
3685 4303 3832 4355 ορα-

2253 4375 2400 4428 tebat
2421 4391 2584 4429 orare
2611 4376 2678 4429 ad
2714 4376 3004 4431 Dominum
3043 4391 3142 4444 pro
3171 4377 3407 4430 sanitate
3435 4380 3626 4448 populi
3665 4381 3826 4438 illius,

569 4465 674 4518 isto
699 4463 1001 4528 meliorem,
1023 4462 1090 4516 de
1121 4475 1231 4530 quo
1255 4461 1387 4514 dicit
1417 4478 1430 4514 :
1461 4460 1506 4491 “
1539 4479 1557 4512 ι
1597 4458 1921 4529 EtOptimus
1946 4471 2031 4514 est
2056 4475 2147 4516 su-
2182 4471 2226 4526 ι)
2254 4465 2358 4519 nisi
2419 4465 2676 4536 Moysen?
2721 4465 2933 4536 Moyses
2979 4474 3096 4520 orat
3141 4482 3237 4534 pro
3282 4467 3407 4521 illis.
3458 4469 3524 4522 Et
3559 4469 3712 4524 forte
3741 4475 3826 4523 hoc

567 4569 665 4622 per
696 4554 793 4610 hos
831 4554 965 4610 duos
996 4553 1089 4623 qui
1117 4552 1356 4606 nondum
1385 4563 1542 4605 natus
1569 4563 1688 4617 est;
1723 4568 1742 4602 ι
1776 4551 1878 4605 hoc
1905 4561 2018 4618 est,
2045 4551 2140 4620 qui

566 4657 636 4698 ne
670 4643 736 4697 ad
762 4643 1172 4699 conclusionem
1199 4640 1417 4710 quidem
1453 4639 1620 4692 vulvae
1651 4637 1883 4692 carnalis
1921 4647 1975 4692 et
2010 4652 2138 4692 eor-

564 4749 746 4804 poreze
787 4733 1082 4788 nativitatis
1108 4733 1258 4788 venit
1295 4730 1568 4800 injuriam.
1605 4727 1712 4783 Sed
1740 4738 1793 4782 et
1828 4727 1932 4782 hoc
1962 4728 2138 4797 ipsum

562 4826 707 4895 quod
751 4823 884 4878 dicit
926 4824 1289 4880 Ecclesiastes
1320 4825 1408 4878 οδε
1443 4839 1461 4872 ι
1498 4818 1736 4874 Laudavi
1769 4833 1956 4872 omnes
1987 4833 2136 4872 mor-

561 4925 685 4971 tuos
736 4915 908 4984 magis
955 4930 1116 4984 quam
1165 4917 1352 4978 vivos,
1395 4922 1450 4968 et
1498 4928 1592 4967 eos
1615 4911 1711 4982 qui
1751 4911 1935 4965 vivunt
1967 4927 2138 4980 usque

562 5022 744 5074 nunc,
786 5025 806 5058 ι
845 5006 1112 5075 quomodo
1146 5021 1252 5059 non
1283 5005 1564 5060 evidenter
1604 5002 1842 5058 ostendit
1873 5003 2018 5071 quod
2043 5017 2137 5057 eos

631 5169 677 5200 “
709 5167 972 5231 Num.xn,
1032 5168 1098 5221 10
1148 5178 1198 5220 et
1247 5180 1400 5234 seqq.
1475 5167 1520 5201 ⁸⁷
1549 5163 1730 5220 Eccle.
1773 5179 1851 5227 vi,
1885 5164 1939 5217 5.
2015 5164 2062 5196 ⁵⁸
2092 5165 2144 5219 ib

631 5288 632 5291 η
663 5240 749 5293 11.
825 5239 868 5270 ⁶²
895 5239 1105 5293 Coloss.
1128 5253 1206 5296 Ill,
1231 5238 1284 5292 5.
1361 5237 1405 5268 ⁸³
1426 5236 1602 5290 Eccle.
1623 5251 1675 5291 tv
1695 5275 1708 5297 ,
1737 5235 1792 5289 5.
1867 5234 1914 5266 ⁸⁸
1942 5233 2151 5299 ἰΙιίιΙ.,⁴ἐ

2263 5129 2317 5219 ι..
2382 5169 2428 5199 ⁸³
2453 5170 2630 5225 Eccle.
2659 5188 2729 5236 iv,
2767 5174 2826 5229 9..

2265 5237 2309 5268 “
2335 5237 2502 5295 Exod.
2538 5258 2648 5298 XIV.
2726 5243 2826 5299 “G

558 5255 632 5306 γι,
663 5240 749 5293 11.
825 5239 868 5270 ⁶²
895 5239 1105 5293 Coloss.
1128 5253 1206 5296 ιιι,
1231 5238 1284 5292 5.
1361 5237 1405 5268 ⁸³
1426 5236 1602 5290 Eecle.
1623 5251 1675 5291 tv
1695 5235 1792 5306 L5.

553 5304 905 5374 “lleluuvn,
930 5309 1018 5362 19.
1093 5307 1136 5339 ⁸³
1163 5306 1339 5362 Galat.
1371 5323 1444 5373 tv,
1469 5307 1554 5362 19.
1629 5307 1674 5338 ⁷ο
1699 5304 1974 5372 Nutn.xu,
2000 5307 2088 5360 15.

619 5471 738 5548 (78)
760 5473 1133 5548 Matiuscrjpti,
1169 5472 1425 5548 tﬂsimile.
1463 5489 1482 5523 ι
1521 5470 1674 5548 Libb.
1707 5470 1866 5548 editi,
1911 5469 2126 5548 «simi-

553 5536 639 5611 lis,
677 5567 694 5598 ι
720 5536 894 5610 ἰιιαιθ,
938 5536 1061 5600 cuin
1118 5544 1170 5598 itt
1201 5541 1392 5596 Grzeco
1429 5551 1578 5596 textu
1603 5542 1812 5610 legatur
1835 5541 1965 5593 ὡσεὶ
1987 5536 2122 5594 ἴσον.

622 5617 733 5686 ('79)
770 5615 924 5686 Libb.
958 5615 1116 5686 editi,
1152 5632 1172 5664 ι
1211 5614 1375 5686 dicat,
1434 5631 1465 5686 si
1499 5614 1591 5667 sed
1626 5627 1800 5686 Διιιεε..
1853 5630 1872 5663 ι
1901 5614 2070 5686 dicas.
2100 5629 2118 5662 ι

625 5681 735 5746 (80)
763 5685 945 5740 Codex
979 5685 1376 5739 Bellovacensis
1405 5702 1424 5735 ι
1455 5685 1568 5737 haec
1588 5681 1699 5738 vita
1718 5692 1798 5735 est
1825 5683 2057 5736 vanitas.
2099 5698 2118 5731 ι

583 5753 769 5808 Codex
795 5756 1152 5815 Ehroicensis
1188 5777 1206 5810 ι
1250 5759 1363 5814 lure
1401 5769 1481 5816 est
1522 5757 1651 5814 vitm
1692 5756 1920 5817 vanitas.
1974 5774 1992 5808 ι

2249 4565 2370 4611 erat
2398 4559 2539 4624 quod
2573 4573 2695 4612 cum
2739 4558 2966 4614 Domino
2992 4557 3117 4612 Jesu
3148 4559 3370 4614 Christo
3394 4561 3825 4631 collmluebatur,

2250 4664 2371 4703 cum
2399 4649 2452 4703 in
2486 4659 2671 4705 monte
2699 4650 3118 4705 transformatus
3149 4659 3273 4717 est,
3308 4662 3501 4721 petens
3534 4656 3614 4707 ab
3646 4671 3752 4715 eo.
3779 4669 3826 4706 ut

2249 4756 2373 4794 cum
2405 4740 2684 4810 plenitudo
2707 4744 2946 4810 gentium
2977 4744 3274 4807 introisset,
3307 4755 3438 4799 tunc
3465 4748 3656 4800 omnis
3678 4747 3824 4801 lsrrt

2249 4830 2431 4885 salvus
2482 4831 2660 4886 ﬁeret.
2706 4851 2726 4884 ι
2774 4832 2841 4885 Ει
2887 4833 3028 4887 dixit
3057 4834 3316 4888 Dominus
3350 4835 3419 4888 ad
3459 4835 3692 4905 Moysen
3725 4855 3740 4889 :
3775 4839 3822 4888 Si

2249 4931 2407 4987 pater
2447 4920 2564 4990 ejus
2607 4921 2910 4991 exspuisset
2953 4925 3005 4978 in
3049 4923 3240 4979 faciem
3279 4925 3433 4994 ejus,
3471 4943 3662 4982 nonne
3706 4944 3821 4982 em-

2247 5011 2494 5066 bcsceret
2542 5025 2748 5083 septem
2795 5015 3024 5069 diebus?
3055 5015 3349 5086 Separetur
3389 5029 3606 5086 septem
3645 5021 3824 5073 didm

2900 5173 2944 5204 ⁸⁸
2979 5173 3122 5227 Psal.
3155 5188 3365 5227 xxxviii
3389 5215 3403 5235 .
3432 5175 3486 5228 6.
3568 5180 3616 5209 ⁶ι
3653 5179 3822 5232 Cat...

2265 5237 2309 5268 “
2335 5237 2502 5295 Exod.
2538 5258 2648 5298 xnv.
2726 5243 2963 5299 “Galat.
2987 5260 3055 5311 tt,
3086 5244 3170 5310 l9,
3203 5248 3296 5297 20.
3375 5245 3588 5302 "lCor
3609 5288 3628 5313 ,
3664 5267 3751 5312 xv,
3775 5259 3819 5304 έ.

2267 5473 2422 5598 die?!
2663 5475 2861 5598 ,Sancti
2896 5477 3242 5542 Theodorici,
3277 5496 3298 5531 ι
3348 5481 3544 5550 egerit.
3606 5498 3630 5533 ι
3670 5480 3818 5538 ωδ.

2236 5555 2363 5598 eam
2401 5564 2422 5596 ι
2467 5555 2626 5612 gerit.
2663 5566 2682 5599 ι

2235 5683 2246 5695 ⁸
2305 5615 2418 5682 (82)
2453 5614 2612 5695 l.i_hb.
2659 5616 2816 5695 editi,
2857 5635 2878 5669 ι
2915 5617 3058 5673 Deus
3088 5634 3262 5686 meus,
3307 5638 3328 5672 ι
3372 5621 3467 5676 sed
3501 5621 3554 5676 in
3595 5638 3734 5676 mss.
3766 5637 3815 5674 et

2233 5687 2287 5739 in
2321 5697 2465 5742 textu
2499 5687 2688 5743 Graeco
2719 5688 2892 5758 deest,
2933 5706 2952 5740 ι
2991 5704 3159 5745 meus.
3198 5709 3218 5743 ι
