3914 6506
173 362 262 418 Gl?
1315 354 1382 409 IN
1421 353 1757 410 NUMEROS
1796 353 2077 408 HOMILIA
2120 354 2234 410 VII.

3313 357 3416 410 0ιεῖ

172 488 308 536 extra
343 480 556 538 castra,
604 478 810 541 etpost
844 469 960 524 haec
1007 470 1255 526 introibit
1285 463 1352 528 τί.
1391 492 1408 524 ›
1449 472 1587 538 Quid
1619 481 1730 532 est.
1763 477 1808 534 A
1849 487 2124 539 meorum,
2175 491 2335 546 quam
2382 492 2480 548 ego
2532 478 2598 532 de
2643 477 2764 532 filiis
2808 477 2970 533 Israel
3021 477 3072 530 in
3121 479 3421 547 possessio-

171 572 209 628 si
237 574 386 639 pater
416 565 532 635 ejus
559 564 868 633 exspuisset
894 563 945 616 in
979 560 1174 618 faciem
1201 562 1316 632 ejus
1337 603 1352 628 ,
1389 564 1735 618 erubesceret

171 673 357 734 septem
397 658 626 715 diebus?
675 657 899 711 Mariam
941 657 1060 712 loco
1103 673 1389 730 synagogae
1420 658 1732 727 posuimus,

173 756 286 812 huic
324 751 536 820 exspuit
591 758 744 820 pater
775 749 891 818 ejus
926 748 977 803 in
1008 748 1224 804 faciem.
1267 747 1490 819 Signum
1528 748 1735 817 repudii

169 861 242 908 est
269 851 316 903 in
343 847 537 902 faciem
563 846 810 916 conspui.
846 844 1091 914 Denique
1115 845 1168 897 in
1200 843 1315 912 lege
1344 843 1604 912 scriptum
1629 851 1732 904 est,

170 945 247 998 ubi
269 943 486 1013 jubetur
512 949 570 994 ιιι
605 939 805 994 relictae
831 938 1065 1010 proximi
1099 937 1380 1007 proximus
1405 935 1571 989 nubat
1598 934 1732 1004 (83),

167 1035 207 1091 si
236 1033 456 1088 voluerit
497 1033 777 1102 proximus
820 1030 1103 1099 repudiare
1146 1026 1491 1097 coniugium,
1536 1034 1594 1078 ut
1627 1023 1737 1080 dis-

167 1122 428 1178 ealceatus
479 1121 530 1174 in
578 1119 776 1174 faciem
818 1128 1182 1187 conspuatur,
1226 1126 1278 1170 et
1312 1117 1412 1171 hoc
1442 1117 1622 1171 datum
1653 1125 1734 1170 est

167 1213 301 1267 velut
337 1213 548 1282 signum
589 1211 822 1279 repudii.
865 1210 1003 1264 llinc
1040 1224 1169 1278 ergo
1206 1207 1394 1274 Maria,
1430 1207 1481 1260 id
1511 1216 1616 1270 est,
1647 1221 1736 1275 po.

166 1305 318 1378 pnlus
348 1305 436 1358 ille
469 1318 594 1358 cum
624 1302 968 1372 repudiatur,
998 1317 1024 1354 a
1064 1299 1172 1354 Deo
1201 1299 1422 1369 conspui
1455 1299 1507 1354 iu
1539 1299 1731 1355 faciem

164 1399 372 1453 dicitur.
395 1395 667 1449 Habemus
687 1405 737 1449 et
765 1396 816 1448 in
841 1395 946 1448 alio
978 1394 1094 1447 loco
1123 1392 1540 1462 signifieantiarn
1568 1393 1730 1462 spuli,

161 1504 273 1544 eum
301 1488 431 1543 dicit
456 1487 623 1541 Isaias
648 1488 694 1518 ⁷³
726 1503 739 1539 :
782 1504 800 1537 ι
841 1486 1044 1541 Omnes
1073 1495 1266 1554 gentes
1294 1485 1440 1540 sicut
1462 1493 1627 1552 guttae
1659 1485 1732 1539 si-

162 1579 301 1643 tulae,
330 1577 758 1648 etsicutsputmn
778 1583 1035 1644 repntata:
1057 1582 1205 1628 sunt.
1233 1592 1252 1624 ι
1277 1571 1588 1628 Ostenditur
1605 1585 1732 1640 ergo

162 1673 350 1738 inhoe,
377 1673 519 1741 quod
544 1670 710 1726 etiam
739 1669 966 1741 populus
1000 1667 1090 1723 ille
1111 1668 1253 1723 sicut
1277 1675 1465 1738 gentes
1494 1674 1728 1728 eceterae,

61 1803 69 1811 -
159 1781 272 1832 qua:
298 1774 358 1817 ut
378 1773 592 1832 sputum
621 1771 964 1833 reputantur.
985 1759 1229 1829 abiectus
1251 1768 1354 1814 est.
1373 1759 1436 1814 Et
1467 1773 1652 1814 revera
1684 1756 1728 1812 si

1848 579 1976 621 nem
2019 566 2086 630 ⁷⁵,
2123 585 2141 617 ι
2175 577 2228 621 et
2272 568 2506 638 reliqua,
2546 569 2602 624 in
2644 571 2840 639 quibus
2879 571 2946 626 de
2995 571 3423 640 exploratoribus

1847 665 2009 712 teme
2037 668 2304 723 narratur,
2333 661 2424 730 qni
2452 660 2600 714 missi
2628 661 2941 716 renuntiant
2963 663 3106 732 quod
3134 670 3277 716 terra
3302 663 3422 732 qui-

1849 748 1972 804 dem
2001 750 2069 804 sit
2104 751 2242 805 bona
2286 762 2340 806 et
2371 752 2726 818 admirabilis;
2773 754 3020 808 habitant
3045 764 3225 809 autem
3271 755 3324 809 in
3361 772 3424 810 ea

1850 835 1941 890 filii
1975 839 2269 910 gigantum,
2297 840 2349 895 in
2381 858 2609 910 quorum
2651 845 3033 912 conspectibus
3064 845 3294 914 populus
3329 843 3423 898 Dci

1837 934 1992 1002 quasi
2039 936 2262 988 locustte
2297 933 2607 989 videantur.
2652 933 2718 988 Et
2761 931 2942 1001 plures
2983 935 3196 1004 quidem
3230 936 3422 1005 despe—

1839 1036 1960 1079 rant
1988 1040 2046 1081 se
2070 1042 2229 1097 posse
2257 1025 2457 1082 salvari
2484 1041 2512 1080 a
2547 1025 2674 1082 filiis
2699 1026 2975 1097 gigantum
3008 1044 3020 1080 :
3057 1026 3217 1084 Jesus
3243 1038 3423 1084 tamen

1837 1132 1943 1171 non
1984 1118 2272 1187 desperat,
2301 1119 2393 1174 sed
2427 1118 2716 1174 confirmat
2747 1119 2927 1190 populi
2964 1119 3122 1173 fidem
3162 1135 3282 1174 eum
3316 1120 3416 1175 Ca-

1835 1207 1943 1275 leb,
1977 1210 2067 1280 qui
2101 1210 2277 1265 estde
2312 1211 2452 1265 tribu
2483 1209 2643 1278 Juda,
2675 1219 2731 1265 et
2755 1211 2945 1266 dicunt
2976 1211 3022 1242 ⁷⁸
3060 1230 3073 1265 :
3107 1230 3126 1264 ι
3164 1212 3220 1268 Si
3247 1213 3426 1282 diligi‘.

1836 1315 1934 1356 nos
1983 1302 2142 1368 Deus,
2199 1302 2505 1358 introducet
2545 1318 2641 1358 nos
2693 1303 2744 1357 in
2782 1313 2982 1359 terram
3019 1306 3186 1358 hanc.
3234 1325 3252 1357 ι
3291 1306 3423 1374 Qua:

1835 1403 1917 1449 est
1947 1409 2075 1465 ergo
2109 1404 2254 1448 terra
2282 1396 2380 1450 ista
2404 1396 2700 1450 secundum
2728 1395 3030 1465 spiritalem
3061 1396 3421 1460 intellectum,

1835 1502 1955 1556 qum
1985 1495 2128 1541 terra
2158 1488 2375 1556 quidem
2411 1497 2600 1542 sancta
2632 1499 2740 1555 est,
2772 1496 2825 1542 et
2859 1497 3004 1543 terra
3042 1489 3201 1554 bona,
3235 1489 3327 1543 sed
3357 1490 3425 1542 ab

1837 1578 2019 1645 impiis
2053 1577 2370 1633 habitatur?
2404 1576 2504 1644 Qui
2541 1588 2669 1634 sunt
2695 1595 2825 1648 ergo
2856 1579 2943 1634 isti
2981 1579 3185 1643 hostes,
3208 1580 3296 1647 qui
3332 1580 3424 1633 ha-

1834 1670 2012 1724 bitant
2058 1671 2112 1723 in
2163 1679 2306 1724 terra
2359 1671 2716 1725 sanctorum?
2759 1669 2823 1724 Et
2861 1671 3133 1740 quomodo
3175 1670 3423 1740 ejicicndi

1835 1770 1980 1827 sunt,
2018 1771 2077 1814 ut
2108 1760 2215 1816 illis
2250 1760 2443 1831 ejectis
2475 1763 2650 1816 sancti
2690 1760 2990 1816 succedant
3032 1760 3086 1814 in
3125 1759 3299 1816 locum
3337 1775 3426 1814 eo-

157 1857 465 1912 eonsidcres
495 1857 755 1912 honorem
781 1855 928 1909 illum
962 1855 1223 1924 priorem,
1248 1870 1370 1911 cum
1400 1852 1732 1923 pontificalis
1764 1828 1806 1882 Β
1838 1853 1996 1906 rum?
2027 1851 2334 1907 Redeamus
2363 1853 2429 1908 ad
2463 1852 2757 1924 Evangelia
2781 1893 2796 1918 ,
2836 1853 3122 1907 redeamus
3167 1852 3232 1907 ad
3277 1852 3426 1922 Apo-

159 1949 293 2018 apud
325 1963 420 2003 eos
458 1949 589 2002 ordo
620 1947 890 2011 florebat,
928 1962 1051 2000 cum
1089 1946 1319 2018 insignia
1353 1942 1693 1998 sacerdotum
1715 1981 1730 2006 ,

155 2051 270 2090 eum
303 2034 544 2089 Levitica
570 2035 894 2098 ministeria,
923 2049 1046 2089 eum
1082 2034 1338 2103 majestas
1365 2031 1576 2102 templi,
1609 2046 1732 2085 cum

155 2125 488 2197 praphetalis
519 2126 774 2195 splendor
795 2167 810 2190 ,
846 2136 900 2180 et
932 2141 1052 2180 cum
1084 2126 1400 2180 caelestibus
1432 2139 1596 2194 super
1627 2132 1733 2177 ter-

157 2232 265 2269 ram
295 2217 590 2271 consortiis
623 2217 936 2282 utebantur,
969 2218 1091 2286 quis
1121 2217 1298 2272 honor
1325 2215 1424 2270 fuit
1457 2216 1584 2270 ille?
1613 2231 1732 2284 qua:

156 2308 322 2379 gloria
343 2310 366 2363 ?
387 2309 450 2363 Et
477 2325 690 2364 rursum
718 2310 761 2365 si
793 2324 933 2363 nunc
966 2310 1202 2380 aspicias
1233 2319 1436 2378 quanto
1471 2309 1732 2362 dedecore

155 2401 493 2466 horrescant,
525 2403 644 2456 sine
672 2402 899 2471 templo,
925 2402 1042 2456 sine
1071 2401 1262 2466 altari,
1293 2399 1411 2455 sine
1439 2398 1729 2464 sacriﬁcio,

153 2493 265 2546 sine
292 2492 592 2563 propheta,
621 2493 739 2547 sine
763 2493 1102 2552 sacerdotio.
1133 2493 1249 2548 sine
1281 2492 1384 2546 ulla
1416 2493 1622 2548 caelesti
1656 2493 1733 2546 vi-

153 2585 443 2652 sitatione,
494 2586 723 2655 dispersi
769 2601 864 2656 per
905 2601 1122 2640 onmem
1169 2595 1365 2640 terram
1409 2585 1733 2657 profugique

155 2679 397 2733 viventes
447 2692 462 2731 :
502 2679 623 2748 quis
657 2693 764 2733 non
797 2679 1078 2733 evidenter
1106 2687 1368 2748 agnoscat
1397 2679 1539 2747 quod
1595 2693 1730 2732 cou-

158 2772 303 2842 spuit
335 2780 486 2840 pater
512 2771 657 2826 illius
696 2772 747 2826 in
785 2771 980 2826 faciem
1005 2770 1142 2841 ejus,
1173 2779 1227 2825 et
1258 2769 1496 2840 perfudit
1529 2771 1732 2824 vultum

151 2877 346 2918 eorum
394 2863 726 2934 ignominia?
780 2864 995 2933 Septem
1032 2877 1164 2934 ergo
1213 2864 1406 2918 diebus
1450 2871 1735 2932 separatur

150 2968 303 3010 extra
349 2965 550 3011 castra.
592 2955 838 3010 Diximus
871 2954 1035 3008 etiam
1072 2955 1126 3008 in
1158 2953 1528 3025 superioribus
1550 2993 1564 3017 ,
1589 2951 1735 3022 quod

150 3061 359 3118 scptem
417 3049 534 3105 dies
599 3050 687 3104 isti
740 3050 1096 3121 septimanam
1147 3049 1331 3103 mundi
1390 3046 1546 3102 istius
1591 3046 1736 3101 desi-

1835 1945 2053 1999 stolum.
2100 1942 2389 2016 Evangelia
2435 1946 2643 1999 sanctis
2685 1944 3015 2014 promittunt
3056 1959 3220 2016 regna
3251 1944 3426 2000 cmlow

1837 2052 1978 2090 rum.
2029 2037 2320 2106 Apostolus
2364 2038 2490 2092 dicit
2524 2039 2566 2068 ⁷⁷
2615 2059 2626 2093 ;
2675 2056 2693 2087 ι
2745 2037 2938 2091 Nostra
2983 2046 3161 2092 autem
3199 2051 3426 2092 conver-

1835 2129 1974 2182 satio
1998 2128 2048 2181 in
2078 2128 2231 2183 caelis
2263 2138 2364 2183 est.
2405 2147 2423 2180 ι
2462 2129 2516 2182 lu
2549 2127 2701 2184 cretis
2735 2143 2863 2199 ergo
2881 2137 2976 2183 “est
3009 2127 3162 2183 locus
3194 2129 3427 2184 haeredi-

1841 2219 1990 2286 tatis,
2011 2220 2104 2288 qui
2139 2221 2474 2289 promittitur
2498 2222 2723 2275 sanctis.
2758 2219 2823 2272 Et
2850 2219 2979 2289 quid
3004 2229 3261 2288 putamus
3283 2221 3424 2290 quod

1839 2309 2021 2364 nullus
2070 2325 2215 2365 nunc
2267 2311 2613 2367 adversarius
2653 2311 2725 2365 sit
2771 2309 2824 2363 in
2880 2309 2964 2364 his
3011 2309 3147 2365 locis
3179 2325 3298 2380 qua:
3331 2313 3427 2366 tibi

1839 2402 2266 2469 promittuntur,
2313 2418 2471 2472 quem
2519 2410 2572 2455 tu
2613 2401 2736 2456 inde
2772 2400 2972 2456 debeas
3005 2402 3296 2471 pugnando
3336 2403 3429 2458 de-

1837 2492 2035 2562 pellere
2054 2492 2286 2564 (86-87),
2317 2502 2376 2547 ut
2405 2493 2541 2547 liber
2569 2493 2635 2547 ad
2659 2506 2721 2546 ea
2754 2506 2875 2562 qua:
2909 2491 3004 2545 tibi
3034 2492 3430 2560 promittuntur

1837 2585 1954 2639 loca
1987 2587 2205 2640 evolare
2230 2585 2448 2656 possis?
2475 2585 2538 2638 Et
2561 2584 2832 2655 quomodo
2857 2584 2990 2638 dicit
3007 2583 3268 2638 Dominus
3287 2584 3332 2615 ⁷⁸
3353 2602 3372 2636 ι
3397 2600 3431 2638 a

1837 2677 2025 2733 diebus
2048 2677 2274 2733 Joannis
2300 2680 3005 2748 Baptistre,rqniatregnum
3031 2678 3295 2734 cmlorum
3320 2677 3428 2730 vim

1837 2772 2040 2840 patitur
2063 2810 2078 2836 ,
2105 2781 2160 2826 et
2181 2772 2288 2826 vim
2317 2771 2615 2827 inferentes
2646 2772 2865 2842 rapiunt
2893 2773 3045 2827 illud.
3082 2791 3102 2824 ι
3133 2770 3250 2827 Nisi
3281 2771 3428 2826 enim

1838 2872 2019 2917 essent
2051 2864 2248 2934 quibus
2277 2865 2360 2918 vis
2395 2863 2546 2918 fieret
2571 2905 2584 2929 ,
2617 2877 2900 2934 nunquam
2941 2871 3130 2919 essent
3172 2863 3265 2932 qui
3301 2861 3432 2916 inde

1838 2952 2031 3022 depelli
2058 2962 2111 3008 et
2142 2954 2355 3008 extrudi
2383 2953 2684 3019 deberent,
2713 2968 2992 3023 nunquam
3023 2953 3303 3009 diceretur
3333 2967 3432 3021 per

1837 3045 1948 3099 vim
1999 3044 2362 3114 diripiendum
2413 3060 2533 3100 esse
2595 3060 2820 3116 regnum
2865 3045 3158 3100 caelorum.
3211 3044 3279 3098 Et
3326 3044 3430 3099 nisi

152 3149 339 3208 gneut.
381 3141 436 3195 in
475 3142 773 3210 septimana
801 3143 946 3196 enim
986 3143 1235 3205 dierum,
1273 3147 1535 3194 creatura:
1568 3139 1735 3194 totius
1763 3171 1804 3227 Ο
1841 3146 2025 3193 εεεειιι
2065 3153 2188 3192 eum
2234 3139 2430 3206 quibus
2480 3147 2762 3192 certamen
2814 3138 2975 3193 nobis
3013 3147 3162 3192 esset
3194 3153 3255 3192 ac
3288 3153 3428 3206 pra;-

151 3232 384 3289 visibilis
412 3235 733 3289 substantia:
760 3235 1012 3288 videntur
1040 3248 1160 3288 esse
1186 3233 1462 3303 productae
1485 3232 1552 3284 ⁷³.
1584 3230 1735 3285 Τιιιιε

147 3323 288 3376 ειιίιιι
323 3339 446 3392 qua:
475 3338 578 3376 non
607 3335 784 3389 erant,
817 3323 956 3376 facta
984 3324 1146 3394 292
1176 3333 1322 3378 sunt.
1351 3323 1406 3376 ln
1431 3323 1734 3391 septimana

143 3429 273 3470 vero
311 3416 479 3470 totius
515 3416 698 3469 mundi
721 3455 736 3478 ,
773 3424 982 3470 secreta
1014 3414 1250 3484 quadam
1283 3423 1338 3468 et
1373 3415 1480 3467 Deo
1511 3413 1610 3467 soli
1643 3427 1738 3466 eo-

147 3509 292 3577 gnita
323 3507 750 3576 dispensatione,
782 3523 901 3578 quae
938 3518 1064 3561 tunc
1090 3505 1354 3575 producta
1375 3514 1536 3568 sunt,
1567 3502 1738 3572 expli-

146 3610 370 3654 cantur.
405 3599 624 3654 lnterim
658 3599 712 3654 in
754 3601 856 3654 hac
901 3599 1205 3669 septimana
1250 3611 1355 3666 qua
1397 3603 1737 3665 sequestrata

146 3705 229 3751 est
262 3695 462 3759 Maria,
489 3710 593 3747 non
627 3702 911 3748 moventur
941 3701 1118 3747 castra
1157 3690 1388 3743 filiorum
1419 3689 1582 3744 Israel
1602 3730 1617 3756 ,
1644 3690 1738 3744 sed

143 3796 292 3842 stant
330 3804 441 3841 uno
467 3788 518 3840 in
553 3787 671 3841 loco
703 3785 982 3850 conclusi,
1011 3793 1063 3838 et
1091 3783 1268 3838 nullus
1302 3791 1382 3836 est
1414 3782 1492 3836 eis
1518 3781 1739 3835 omnino

149 3880 468 3951 profectus,
502 3879 673 3933 donec
707 3877 995 3931 mundetur
1029 3874 1194 3928 Maria
1226 3889 1252 3926 a
1288 3874 1431 3941 lepra
1475 3889 1595 3926 sua.

216 3973 273 4029 5.
316 3991 337 4022 ε
384 3972 449 4025 Et
491 3980 610 4040 pOSt
649 3971 798 4034 haec,
827 3969 1002 4036 inquit
1034 3966 1379 4036 7‘,pront0vit
1416 3965 1640 4034 populus
1671 3979 1738 4019 ex

146 4067 428 4130 Aseroth,
466 4074 520 4119 et
551 4061 917 4118 consederunt
947 4062 1000 4115 in
1028 4061 1244 4115 deserto
1277 4058 1511 4113 Pharan.
1549 4076 1566 4108 ι
1605 4060 1740 4112 Asc-

145 4161 273 4216 rotlt
306 4161 704 4227 interpretatur
729 4156 915 4209 domus
940 4153 1172 4224 perfecta
1204 4152 1338 4222 (8i).
1371 4150 1742 4204 Proficiscitnr

144 4268 278 4324 ergo
327 4251 560 4322 populus
593 4257 876 4318 postquam
921 4245 1090 4300 Maria
1136 4254 1359 4314 purgata
1393 4253 1510 4310 est,
1559 4259 1589 4296 a
1642 4242 1740 4294 do-

147 4345 340 4400 mibus
390 4340 678 4412 perfectis,
721 4348 776 4393 et
823 4338 971 4392 venit
1012 4337 1063 4390 in
1102 4335 1352 4400 Pharao,
1393 4333 1534 4404 quod
1575 4333 1741 4385 inter-

144 4445 405 4507 pretatur
453 4452 508 4488 os
563 4432 764 4487 uisibile
808 4430 941 4503 (85).
990 4428 1118 4482 Mihi
1161 4428 1376 4482 videtur
1419 4441 1479 4480 os
1523 4423 1742 4480 visibile

1839 3231 2008 3296 lium,
2060 3242 2333 3300 nunquam
2382 3231 2590 3286 diceret
2628 3231 2922 3301 Apostolus
2963 3230 3008 3261 ⁷⁸
3051 3245 3066 3284 :
3122 3248 3142 3282 ι
3191 3228 3308 3284 Non
3346 3240 3432 3284 est

1843 3324 1996 3379 nobis
2041 3324 2354 3378 colluctatio
2392 3324 2657 3379 adversus
2698 3339 2920 3380 carnem
2964 3332 3020 3379 et
3065 3323 3429 3394 sanguinem,

1841 3417 1936 3472 sed
1989 3417 2252 3471 adversus
2306 3416 2646 3485 principatus
2695 3425 2748 3471 et
2802 3423 3130 3485 potestates,
3172 3415 3432 3470 adversus

1845 3506 2028 3561 mundi
2052 3507 2214 3574 hujus
2239 3516 2510 3574 rectores,
2542 3509 2894 3561 tenebrarum
2925 3506 3140 3569 harum,
3170 3506 3430 3560 adversus

1843 3585 2103 3667 spiritalia
2137 3600 2393 3667 nequitiae
2424 3599 2477 3652 in
2509 3598 2849 3653 etnlestibus.
2887 3617 2904 3650 ι
2939 3598 3011 3652 De
3038 3597 3237 3666 quibus
3265 3596 3431 3651 etiam

1843 3691 1973 3744 illud
2024 3691 2119 3746 Dei
2179 3691 2385 3745 dictum
2429 3691 2688 3745 divinitus
2725 3705 2819 3758 per
2862 3689 3183 3760 prophetam
3233 3687 3434 3742 intelli-

1842 3781 2071 3851 gendum
2104 3782 2336 3846 videtur,
2361 3781 2453 3836 ubi
2484 3780 2629 3834 ait8°
2663 3797 2674 3832 :
2710 3797 2728 3830 ι
2769 3779 2834 3831 Ει
2867 3777 3176 3832 inebriatus
3204 3784 3288 3831 est
3316 3774 3433 3846 gla-

1845 3875 1968 3930 dius
2024 3891 2178 3930 meus
2223 3876 2274 3928 iu
2321 3873 2483 3930 coelo.
2540 3893 2558 3926 ι
2601 3872 2833 3927 Necesse
2869 3879 2953 3925 est
2991 3884 3120 3940 ergo
3156 3868 3432 3940 spiritales

1846 3966 2113 4035 nequitias
2139 3983 2260 4035 qua:
2293 3967 2346 4020 in
2376 3967 2694 4020 cmlestibtts
2715 3978 2838 4020 esse
2867 3965 3146 4028 dicuntur,
3182 3960 3274 4031 qui
3307 3971 3434 4014 sunt

1846 4056 1956 4110 veri
2001 4055 2328 4123 Cbananaei,
2365 4056 2511 4110 vinci
2552 4055 2647 4108 abs
2688 4064 2775 4121 te,
2811 4062 2867 4107 ut
2908 4053 3193 4124 expeditus
3226 4051 3292 4105 ad
3323 4065 3435 4106 coe-

1846 4145 2000 4201 lestia
2054 4162 2219 4217 regna
2263 4147 2500 4202 transire
2531 4146 2741 4216 possis,
2777 4155 2836 4198 ut
2869 4153 2921 4198 tu
2955 4158 3052 4215 pro
3082 4143 3187 4197 illis
3222 4141 3435 4198 habites

1846 4235 1940 4291 ibi.
1983 4235 2132 4291 Scito
2175 4247 2352 4292 tamen
2401 4238 2646 4307 gigantes
2696 4251 2790 4292 eos
2837 4250 2977 4291 esse.
3026 4234 3191 4306 Gigas
3234 4234 3434 4290 dicitur

1844 4328 2021 4382 Omnis
2050 4329 2142 4397 qui
2178 4330 2442 4385 adversus
2471 4329 2639 4383 Deum
2687 4329 2910 4382 resistit.
2943 4327 3270 4394 Quicunque
3304 4341 3434 4396 ergo

1846 4423 2168 4477 adversatur
2200 4423 2332 4485 Deo,
2367 4433 2421 4477 et
2453 4426 2764 4477 contrarius
2786 4431 2870 4477 est
2902 4422 3148 4485 veritati,
3181 4420 3324 4489 quod
3355 4420 3434 4475 illi

144 4543 316 4599 posse
370 4525 627 4594 intelligi,
673 4523 818 4595 quod
866 4520 1100 4577 Verbum
1137 4535 1264 4575 caro
1298 4518 1500 4574 factum
1535 4529 1654 4581 est,
1687 4527 1739 4573 et
1773 4521 1816 4576 D
1846 4515 2216 4585 principaliter
2246 4513 2491 4579 faciunt,
2528 4514 2728 4568 merito
2760 4513 2914 4583 gigas
2955 4511 3278 4583 appellatur.
3312 4511 3433 4566 Tibi

144 4618 450 4675 invisibilis
477 4618 705 4671 visibilis
737 4615 996 4680 efleetus;
1033 4620 1086 4668 et
1117 4612 1219 4666 hoc
1246 4610 1563 4681 significari,
1595 4609 1738 4678 quod

142 4719 515 4781 posteaquam
549 4705 673 4760 finis
709 4714 764 4760 et
802 4701 1064 4772 perfectio
1098 4700 1339 4755 onmium
1369 4712 1488 4766 qua:
1516 4712 1642 4766 erga
1677 4694 1740 4749 il-

145 4803 260 4856 lurn
315 4800 578 4870 populum
622 4797 853 4868 gerenda
889 4794 1136 4856 fuerant,
1163 4789 1330 4854 venit,
1354 4798 1482 4843 tunc
1511 4786 1739 4853 transit,

145 4904 204 4947 et
237 4894 394 4947 venit
418 4891 484 4946 ad
513 4907 656 4955 eum,
689 4903 849 4958 quem
882 4885 1112 4941 Verbum
1136 4899 1354 4941 carnern
1385 4881 1591 4936 factum
1617 4890 1742 4934 ante

144 5002 260 5041 non
291 4983 552 5040 credidit.
594 5002 612 5034 ι
641 4982 709 5036 Ει
735 4980 947 5035 locutus
975 4987 1059 5032 est
1089 4975 1348 5031 Dominus
1380 4973 1446 5027 ad
1480 4973 1741 5042 Moysen,

146 5078 350 5134 dicens
392 5094 408 5130 :
448 5075 596 5131 Mitte
619 5075 792 5142 viros,
825 5081 877 5126 et
905 5069 1251 5126 considerent
1289 5075 1492 5121 terram
1523 5063 1743 5119 Chana-

1848 4621 1977 4677 ergo
2024 4616 2314 4669 praestatur
2345 4615 2406 4660 ut
2437 4605 2669 4660 devictis
2701 4603 3018 4675 gigantibus
3053 4604 3222 4658 intres
3258 4603 3311 4657 in
3345 4619 3432 4659 re-

1848 4714 2013 4768 gnum
2071 4699 2214 4768 quod
2271 4699 2348 4753 illi
2404 4698 2796 4768 perdiderunt,
2857 4705 2916 4749 ut
2967 4695 3255 4766 impleatur
3290 4697 3436 4764 quod

1848 4791 2111 4861 scriptum
2162 4799 2245 4846 est
2281 4806 2296 4844 :
2351 4809 2370 4842 ‹
2422 4789 2554 4856 Quis
2582 4790 2817 4859 accipiet
2847 4803 2876 4842 a
2908 4788 3124 4859 gigante
3156 4788 3366 4857 spolia?
3412 4805 3430 4839 ι

1849 4880 2007 4936 Unde
2037 4891 2094 4935 et
2131 4880 2388 4935 Dominus
2425 4881 2643 4936 dicebat
2677 4881 2728 4934 in
2762 4879 3055 4950 Evangelio
3084 4879 3128 4910 ⁸⁸
3157 4897 3170 4932 :
3204 4897 3221 4930 ι
3264 4877 3437 4933 Nemo

1851 4981 2030 5044 potest
2086 4973 2312 5026 introire
2358 4971 2410 5024 in
2454 4971 2672 5026 domum
2708 4971 2865 5025 fortis
2891 5010 2906 5033 ,
2952 4984 3006 5024 et
3044 4970 3276 5039 diripere
3308 4984 3434 5022 Vasa

1853 5065 1970 5134 ejus
1992 5105 2006 5131 ,
2036 5065 2136 5120 nisi
2167 5065 2322 5137 prius
2371 5065 2677 5136 alligaverit
2711 5063 2946 5132 fortem;
2982 5083 3000 5117 ι
3035 5063 3126 5133 qui
3157 5063 3280 5118 licet
3309 5078 3438 5132 pro-

222 5247 272 5276 “
309 5219 444 5298 ibid.
496 5244 544 5274 τ’
577 5241 680 5296 lsa.
715 5256 804 5302 XL,
834 5239 918 5294 15.
976 5237 1022 5269 ⁷³
1061 5236 1197 5291 Gen.
1231 5244 1329 5289 tet
1357 5249 1416 5286 ιι.
1490 5233 1536 5263 ⁷⁵
1565 5230 1724 5284 Num.

1845 5227 1956 5295 ,16.
2031 5227 2079 5259 ⁷⁸
2107 5225 2437 5302 Νιιιῐιηιιὶιιη
2471 5226 2520 5302 |_,
2547 5224 2603 5280 2.
2680 5223 2919 5302 Ἶβιιῐιι.
2954 5238 3066 5291 XIV,
3095 5220 3150 5275 8.
3227 5221 3271 5252 ⁷⁷
3306 5218 3437 5274 Ριιῐ-

145 5319 247 5390 lip.
285 5331 353 5370 ιιι
378 5353 394 5379 ,
418 5313 509 5367 20.
586 5313 632 5344 ⁷⁸
665 5298 853 5365 Matth.
887 5325 964 5374 ιιι,
996 5307 1083 5362 12.
1113 5308 1159 5338 ⁷⁹
1195 5305 1394 5375 Ephes.
1420 5319 1495 5369 vl,
1523 5302 1614 5357 12.
1693 5304 1736 5333 ⁸⁸³

1845 5321 1875 5354 ι.
1911 5314 2110 5365 xxxiv,
2152 5298 2206 5351 5.

224 5413 354 5484 (8'5)
409 5409 590 5465 Codex
633 5408 691 5464 S.
734 5405 1091 5484 Theoderici,
1143 5422 1161 5454 ί
1212 5401 1466 5484 derelicta
1515 5398 1746 5479 proximi

146 5471 420 5556 proximo
448 5484 654 5556 nubat._
674 5498 693 5530 ι
721 5473 1278 5556 _Codd._Ebroice_nsis
1299 5482 1352 5528 et
1376 5471 1746 5533 Belvacensis,

150 5544 174 5608 ἱ
213 5555 473 5609 relictam
505 5549 734 5620 proximi
771 5544 1266 5620 proximus‘nnbat.
1313 5562 1331 5594 ι

228 5608 359 5695 (Si)
395 5608 1007 5695 Aserothin‘terpretatur
1033 5616 1219 5695 domus
1249 5613 1506 5695 perfecta.
1528 5608 1620 5695 Sic
1652 5609 1744 5695 ita-

147 5680 295 5750 beiit
320 5680 454 5746 mss.
481 5694 536 5745 In
563 5689 726 5745 editis
756 5680 852 5757 pro
884 5704 902 5734 σ
934 5686 1171 5757 perfecta
1200 5703 1218 5735 ι
1249 5680 1446 5750 legitur
1469 5680 1742 5757 perfectae.

141 5777 280 5825 -ιςςττ
349 5780 368 5812 ι
421 5763 642 5824 atrium,
704 5777 724 5810 ι
757 5751 912 5813 ἰἸιιιδ.
934 5751 1165 5812 Ὁοιιειι·.
1192 5762 1374 5814 nn‘m
1405 5771 1423 5803 ι
1464 5751 1599 5805 atria
1636 5769 1654 5800 ι
1687 5757 1746 5802 ει

146 5834 566 5908 synecdochice
625 5851 643 5882 ι
694 5828 888 5885 domus
930 5847 950 5873 ι
1001 5825 1300 5897 significari
1352 5832 1574 5894 potest:
1612 5835 1750 5890 quo-

380 5928 652 5988 PATBOL.
687 5926 801 5987 Gn.
836 5923 981 5984 ΧΗ.

2279 5297 2322 5329 ⁸⁸
2364 5296 2557 5351 Matth.
2589 5310 2664 5349 XII
2703 5295 2795 5349 ‘29.

1865 5396 2026 5450 modo
2061 5395 2184 5450 inde
2216 5394 2332 5448 erui
2377 5393 2548 5463 possit
2587 5409 2606 5443 ι
2649 5390 2842 5446 domus
2889 5388 3158 5459 perfecta,
3202 5404 3220 5437 ι
3267 5382 3439 5437 fateor

1857 5481 1945 5520 me
1973 5480 2076 5519 non
2111 5466 2313 5519 videre.

1927 5535 2040 5618 (εξ)
2082 5534 2347 5616 ΡΙιηναη,
2382 5533 2519 5614 (ιιιοᾴ
2567 5533 2945 5618 interpretittur
2974 5523 3305 5618 ei‘visibik.
3355 5522 3432 5575 Ex

1852 5597 2221 5669 nD‘ni'rnirum
2257 5623 2275 5656 ι
2311 5597 2558 5667 όε,”οιίε,
2593 5622 2610 5654 ι
2645 5597 2849 5658 ειΠΝἾ
2885 5615 2902 5648 ι
2925 5597 3091 5669 γνὶιιὶι.
3130 5614 3150 5646 ι

1931 5675 2148 5748 (86-87)
2176 5675 2332 5748 Libb.
2360 5659 2489 5729 editi
2533 5659 2555 5723 ι
2603 5686 2762 5748 quem
2813 5679 2866 5722 tu
2905 5668 3105 5748 debeas
3150 5659 3436 5734 pugnando

1857 5744 2147 5814 evincere,
2185 5765 2204 5798 ι
2232 5747 2324 5802 sed
2361 5759 2494 5800 mss.
2522 5753 2581 5798 ut
2609 5744 2660 5796 in
2689 5750 2872 5794 nostro
2904 5745 3075 5792 textu.

3030 5896 3109 5955 E3")
