  <div class='ocr_page' id='page_1' title='image "/cluster/home/n/w/nwhite01/storage/ocr_20150623/12/hvd.32044019207638/313.png"; bbox 0 0 3914 6530; ppageno 0'>
   <div class='ocr_carea' id='block_1_1' title="bbox 461 358 2007 458">
    <p class='ocr_par' dir='ltr' id='par_1_1' title="bbox 461 388 2007 458">
     <span class='ocr_line' id='line_1_1' title="bbox 461 388 2007 458; baseline -0.008 -2"><span class='ocrx_word' id='word_1_1' title='bbox 461 400 564 458; x_wconf 72' lang='lat' dir='ltr'><strong>ﬁlii</strong></span> <span class='ocrx_word' id='word_1_2' title='bbox 1936 388 2007 446; x_wconf 76' lang='lat' dir='ltr'><strong>Ol</strong></span> 
     </span>
    </p>
   </div>
   <div class='ocr_carea' id='block_1_2' title="bbox 2195 358 3741 458">
    <p class='ocr_par' dir='ltr' id='par_1_2' title="bbox 2195 358 3741 445">
     <span class='ocr_line' id='line_1_2' title="bbox 2195 358 3741 445; baseline -0.003 0"><span class='ocrx_word' id='word_1_3' title='bbox 2195 389 2258 445; x_wconf 89' lang='lat' dir='ltr'><strong>ts</strong></span> <span class='ocrx_word' id='word_1_4' title='bbox 2405 358 2408 360; x_wconf 68' lang='grc'><em>’</em></span> <span class='ocrx_word' id='word_1_5' title='bbox 3640 387 3741 441; x_wconf 65' lang='lat' dir='ltr'><strong>seu</strong></span> 
     </span>
    </p>
   </div>
   <div class='ocr_carea' id='block_1_3' title="bbox 459 503 3744 589">
    <p class='ocr_par' dir='ltr' id='par_1_3' title="bbox 459 503 3744 589">
     <span class='ocr_line' id='line_1_3' title="bbox 459 503 3744 589; baseline -0.005 -16"><span class='ocrx_word' id='word_1_6' title='bbox 459 525 583 589; x_wconf 83' lang='lat' dir='ltr'><strong>pter</strong></span> <span class='ocrx_word' id='word_1_7' title='bbox 605 513 910 586; x_wconf 83' lang='lat' dir='ltr'><strong>superbiam</strong></span> <span class='ocrx_word' id='word_1_8' title='bbox 930 526 1086 568; x_wconf 89' lang='lat' dir='ltr'><strong>suam</strong></span> <span class='ocrx_word' id='word_1_9' title='bbox 1107 525 1138 566; x_wconf 92' lang='lat' dir='ltr'><strong>a</strong></span> <span class='ocrx_word' id='word_1_10' title='bbox 1165 509 1324 566; x_wconf 92' lang='lat' dir='ltr'><strong>domo</strong></span> <span class='ocrx_word' id='word_1_11' title='bbox 1348 508 1684 577; x_wconf 63' lang='lat' dir='ltr'><strong>coelestijam</strong></span> <span class='ocrx_word' id='word_1_12' title='bbox 1713 509 1780 564; x_wconf 89' lang='lat' dir='ltr'><strong>sit</strong></span> <span class='ocrx_word' id='word_1_13' title='bbox 1807 507 2036 578; x_wconf 88' lang='lat' dir='ltr'><strong>ejectus,</strong></span> <span class='ocrx_word' id='word_1_14' title='bbox 2068 511 2112 568; x_wconf 87' lang='lat' dir='ltr'><strong>A</strong></span> <span class='ocrx_word' id='word_1_15' title='bbox 2141 507 2405 563; x_wconf 89' lang='lat' dir='ltr'><strong>adversus</strong></span> <span class='ocrx_word' id='word_1_16' title='bbox 2463 505 2728 576; x_wconf 79' lang='lat' dir='ltr'><strong>spiritalia</strong></span> <span class='ocrx_word' id='word_1_17' title='bbox 2762 505 3022 577; x_wconf 84' lang='lat' dir='ltr'><strong>nequitiae</strong></span> <span class='ocrx_word' id='word_1_18' title='bbox 3069 505 3123 560; x_wconf 90' lang='lat' dir='ltr'><strong>in</strong></span> <span class='ocrx_word' id='word_1_19' title='bbox 3169 503 3517 561; x_wconf 66' lang='lat' dir='ltr'><strong>caelestibus.</strong></span> <span class='ocrx_word' id='word_1_20' title='bbox 3556 525 3573 556; x_wconf 76' lang='grc' dir='ltr'>ι</span> <span class='ocrx_word' id='word_1_21' title='bbox 3615 504 3744 559; x_wconf 84' lang='lat' dir='ltr'><strong>Pro-</strong></span> 
     </span>
    </p>
   </div>
   <div class='ocr_carea' id='block_1_4' title="bbox 461 596 3744 669">
    <p class='ocr_par' dir='ltr' id='par_1_4' title="bbox 461 596 3744 669">
     <span class='ocr_line' id='line_1_4' title="bbox 461 596 3744 669; baseline -0.006 -1"><span class='ocrx_word' id='word_1_22' title='bbox 461 621 518 668; x_wconf 88' lang='lat' dir='ltr'><strong>tu</strong></span> <span class='ocrx_word' id='word_1_23' title='bbox 543 621 719 666; x_wconf 88' lang='lat' dir='ltr'><strong>tamen</strong></span> <span class='ocrx_word' id='word_1_24' title='bbox 747 609 848 664; x_wconf 86' lang='lat' dir='ltr'><strong>nisi</strong></span> <span class='ocrx_word' id='word_1_25' title='bbox 872 608 1071 663; x_wconf 82' lang='lat' dir='ltr'><strong>viceris</strong></span> <span class='ocrx_word' id='word_1_26' title='bbox 1101 606 1286 669; x_wconf 88' lang='lat' dir='ltr'><strong>illum,</strong></span> <span class='ocrx_word' id='word_1_27' title='bbox 1312 620 1417 660; x_wconf 92' lang='lat' dir='ltr'><strong>non</strong></span> <span class='ocrx_word' id='word_1_28' title='bbox 1451 603 1704 659; x_wconf 89' lang='lat' dir='ltr'><strong>introibis</strong></span> <span class='ocrx_word' id='word_1_29' title='bbox 1737 604 1789 657; x_wconf 91' lang='lat' dir='ltr'><strong>in</strong></span> <span class='ocrx_word' id='word_1_30' title='bbox 1819 603 2038 657; x_wconf 88' lang='lat' dir='ltr'><strong>domum</strong></span> <span class='ocrx_word' id='word_1_31' title='bbox 2145 606 2328 667; x_wconf 90' lang='lat' dir='ltr'><strong>pterea</strong></span> <span class='ocrx_word' id='word_1_32' title='bbox 2364 606 2416 652; x_wconf 87' lang='lat' dir='ltr'><strong>et</strong></span> <span class='ocrx_word' id='word_1_33' title='bbox 2443 601 2579 653; x_wconf 86' lang='lat' dir='ltr'><strong>hanc</strong></span> <span class='ocrx_word' id='word_1_34' title='bbox 2611 612 2850 668; x_wconf 79' lang='lat' dir='ltr'><strong>pugnam</strong></span> <span class='ocrx_word' id='word_1_35' title='bbox 2880 596 3184 667; x_wconf 76' lang='lat' dir='ltr'><strong>spiritalem</strong></span> <span class='ocrx_word' id='word_1_36' title='bbox 3210 607 3375 666; x_wconf 91' lang='lat' dir='ltr'><strong>atque</strong></span> <span class='ocrx_word' id='word_1_37' title='bbox 3410 597 3744 650; x_wconf 69' lang='lat' dir='ltr'><strong>invisibile!!!</strong></span> 
     </span>
    </p>
   </div>
   <div class='ocr_carea' id='block_1_5' title="bbox 462 691 3744 765">
    <p class='ocr_par' dir='ltr' id='par_1_5' title="bbox 462 691 3744 765">
     <span class='ocr_line' id='line_1_5' title="bbox 462 691 3744 765; baseline -0.004 -10"><span class='ocrx_word' id='word_1_38' title='bbox 462 702 639 756; x_wconf 86' lang='lat' dir='ltr'><strong>fortis.</strong></span> <span class='ocrx_word' id='word_1_39' title='bbox 693 698 802 754; x_wconf 87' lang='lat' dir='ltr'><strong>Nec</strong></span> <span class='ocrx_word' id='word_1_40' title='bbox 859 697 1002 753; x_wconf 85' lang='lat' dir='ltr'><strong>vinci</strong></span> <span class='ocrx_word' id='word_1_41' title='bbox 1053 696 1259 759; x_wconf 90' lang='lat' dir='ltr'><strong>solum,</strong></span> <span class='ocrx_word' id='word_1_42' title='bbox 1302 711 1488 750; x_wconf 82' lang='lat' dir='ltr'><strong>verum</strong></span> <span class='ocrx_word' id='word_1_43' title='bbox 1536 705 1591 749; x_wconf 89' lang='lat' dir='ltr'><strong>et</strong></span> <span class='ocrx_word' id='word_1_44' title='bbox 1634 694 1846 765; x_wconf 86' lang='lat' dir='ltr'><strong>alligari</strong></span> <span class='ocrx_word' id='word_1_45' title='bbox 1891 693 2038 748; x_wconf 91' lang='lat' dir='ltr'><strong>illum</strong></span> <span class='ocrx_word' id='word_1_46' title='bbox 2143 692 2482 762; x_wconf 83' lang='lat' dir='ltr'><strong>pugnaturis,</strong></span> <span class='ocrx_word' id='word_1_47' title='bbox 2517 691 2784 759; x_wconf 81' lang='lat' dir='ltr'><strong>spiritalia</strong></span> <span class='ocrx_word' id='word_1_48' title='bbox 2832 706 3008 755; x_wconf 88' lang='lat' dir='ltr'><strong>arma,</strong></span> <span class='ocrx_word' id='word_1_49' title='bbox 3042 691 3415 745; x_wconf 85' lang='lat' dir='ltr'><strong>etinvisibilia</strong></span> <span class='ocrx_word' id='word_1_50' title='bbox 3463 692 3573 744; x_wconf 89' lang='lat' dir='ltr'><strong>tela</strong></span> <span class='ocrx_word' id='word_1_51' title='bbox 3602 706 3744 742; x_wconf 77' lang='lat' dir='ltr'><strong>com-</strong></span> 
     </span>
    </p>
   </div>
   <div class='ocr_carea' id='block_1_6' title="bbox 463 783 3741 862">
    <p class='ocr_par' dir='ltr' id='par_1_6' title="bbox 463 783 3741 862">
     <span class='ocr_line' id='line_1_6' title="bbox 463 783 3741 862; baseline -0.004 -17"><span class='ocrx_word' id='word_1_52' title='bbox 463 801 695 862; x_wconf 90' lang='lat' dir='ltr'><strong>oportet.</strong></span> <span class='ocrx_word' id='word_1_53' title='bbox 742 791 854 846; x_wconf 88' lang='lat' dir='ltr'><strong>Nisi</strong></span> <span class='ocrx_word' id='word_1_54' title='bbox 900 789 1044 845; x_wconf 91' lang='lat' dir='ltr'><strong>enim</strong></span> <span class='ocrx_word' id='word_1_55' title='bbox 1091 789 1381 859; x_wconf 89' lang='lat' dir='ltr'><strong>alligetur,</strong></span> <span class='ocrx_word' id='word_1_56' title='bbox 1415 789 1832 858; x_wconf 90' lang='lat' dir='ltr'><strong>haudquaquam</strong></span> <span class='ocrx_word' id='word_1_57' title='bbox 1869 796 2039 842; x_wconf 88' lang='lat' dir='ltr'><strong>tutum</strong></span> <span class='ocrx_word' id='word_1_58' title='bbox 2145 783 2316 853; x_wconf 88' lang='lat' dir='ltr'><strong>ponit,</strong></span> <span class='ocrx_word' id='word_1_59' title='bbox 2355 793 2409 839; x_wconf 89' lang='lat' dir='ltr'><strong>et</strong></span> <span class='ocrx_word' id='word_1_60' title='bbox 2458 784 2593 838; x_wconf 90' lang='lat' dir='ltr'><strong>dicit</strong></span> <span class='ocrx_word' id='word_1_61' title='bbox 2637 784 2683 815; x_wconf 82' lang='grc'><strong>⁸⁸</strong></span> <span class='ocrx_word' id='word_1_62' title='bbox 2716 801 2729 836; x_wconf 86' lang='lat'><strong>:</strong></span> <span class='ocrx_word' id='word_1_63' title='bbox 2765 801 2782 833; x_wconf 76' lang='grc' dir='ltr'>ι</span> <span class='ocrx_word' id='word_1_64' title='bbox 2833 783 3049 837; x_wconf 90' lang='lat' dir='ltr'><strong>Induite</strong></span> <span class='ocrx_word' id='word_1_65' title='bbox 3096 799 3194 838; x_wconf 88' lang='lat' dir='ltr'><strong>vos</strong></span> <span class='ocrx_word' id='word_1_66' title='bbox 3226 784 3456 838; x_wconf 89' lang='lat' dir='ltr'><strong>loricam</strong></span> <span class='ocrx_word' id='word_1_67' title='bbox 3505 783 3741 837; x_wconf 76' lang='lat' dir='ltr'><strong>eltarita-</strong></span> 
     </span>
    </p>
   </div>
   <div class='ocr_carea' id='block_1_7' title="bbox 463 876 3742 955">
    <p class='ocr_par' dir='ltr' id='par_1_7' title="bbox 463 876 3742 955">
     <span class='ocr_line' id='line_1_7' title="bbox 463 876 3742 955; baseline -0.004 -16"><span class='ocrx_word' id='word_1_68' title='bbox 463 900 586 939; x_wconf 85' lang='lat' dir='ltr'><strong>esse</strong></span> <span class='ocrx_word' id='word_1_69' title='bbox 635 884 831 955; x_wconf 81' lang='lat' dir='ltr'><strong>puterit</strong></span> <span class='ocrx_word' id='word_1_70' title='bbox 877 883 981 938; x_wconf 91' lang='lat' dir='ltr'><strong>iter</strong></span> <span class='ocrx_word' id='word_1_71' title='bbox 1030 892 1296 937; x_wconf 86' lang='lat' dir='ltr'><strong>nostrum.</strong></span> <span class='ocrx_word' id='word_1_72' title='bbox 1339 881 1490 934; x_wconf 85' lang='lat' dir='ltr'><strong>Nunc</strong></span> <span class='ocrx_word' id='word_1_73' title='bbox 1523 896 1652 951; x_wconf 90' lang='lat' dir='ltr'><strong>ergo</strong></span> <span class='ocrx_word' id='word_1_74' title='bbox 1682 888 1942 948; x_wconf 90' lang='lat' dir='ltr'><strong>quantum</strong></span> <span class='ocrx_word' id='word_1_75' title='bbox 1975 879 2040 932; x_wconf 91' lang='lat' dir='ltr'><strong>ad</strong></span> <span class='ocrx_word' id='word_1_76' title='bbox 2146 878 2214 931; x_wconf 92' lang='lat' dir='ltr'><strong>tis</strong></span> <span class='ocrx_word' id='word_1_77' title='bbox 2239 876 2370 949; x_wconf 86' lang='lat'>(88),</span> <span class='ocrx_word' id='word_1_78' title='bbox 2394 885 2449 930; x_wconf 90' lang='lat' dir='ltr'><strong>et</strong></span> <span class='ocrx_word' id='word_1_79' title='bbox 2489 877 2697 946; x_wconf 81' lang='lat' dir='ltr'><strong>galeam</strong></span> <span class='ocrx_word' id='word_1_80' title='bbox 2727 877 2941 944; x_wconf 89' lang='lat' dir='ltr'><strong>salutis,</strong></span> <span class='ocrx_word' id='word_1_81' title='bbox 2963 885 3018 932; x_wconf 91' lang='lat' dir='ltr'><strong>et</strong></span> <span class='ocrx_word' id='word_1_82' title='bbox 3049 878 3311 932; x_wconf 90' lang='lat' dir='ltr'><strong>assumite</strong></span> <span class='ocrx_word' id='word_1_83' title='bbox 3342 888 3575 931; x_wconf 87' lang='lat' dir='ltr'><strong>scutum</strong></span> <span class='ocrx_word' id='word_1_84' title='bbox 3605 876 3742 936; x_wconf 75' lang='lat' dir='ltr'><strong>fidei,</strong></span> 
     </span>
    </p>
   </div>
   <div class='ocr_carea' id='block_1_8' title="bbox 463 969 3742 1044">
    <p class='ocr_par' dir='ltr' id='par_1_8' title="bbox 463 969 3742 1044">
     <span class='ocr_line' id='line_1_8' title="bbox 463 969 3742 1044; baseline -0.002 -14"><span class='ocrx_word' id='word_1_85' title='bbox 463 974 925 1044; x_wconf 90' lang='lat' dir='ltr'><strong>comparationem</strong></span> <span class='ocrx_word' id='word_1_86' title='bbox 950 973 1222 1037; x_wconf 64' lang='lat' dir='ltr'><strong>humanae,</strong></span> <span class='ocrx_word' id='word_1_87' title='bbox 1257 983 1311 1028; x_wconf 91' lang='lat' dir='ltr'><strong>et</strong></span> <span class='ocrx_word' id='word_1_88' title='bbox 1341 971 1652 1027; x_wconf 67' lang='lat' dir='ltr'><strong>daamonica:</strong></span> <span class='ocrx_word' id='word_1_89' title='bbox 1679 981 1910 1034; x_wconf 87' lang='lat' dir='ltr'><strong>naturae,</strong></span> <span class='ocrx_word' id='word_1_90' title='bbox 1942 984 2042 1025; x_wconf 90' lang='lat' dir='ltr'><strong>nos</strong></span> <span class='ocrx_word' id='word_1_91' title='bbox 2148 971 2321 1040; x_wconf 89' lang='lat' dir='ltr'><strong>inquo</strong></span> <span class='ocrx_word' id='word_1_92' title='bbox 2341 969 2564 1039; x_wconf 84' lang='lat' dir='ltr'><strong>possitis</strong></span> <span class='ocrx_word' id='word_1_93' title='bbox 2586 970 2766 1023; x_wconf 88' lang='lat' dir='ltr'><strong>omnia</strong></span> <span class='ocrx_word' id='word_1_94' title='bbox 2797 983 2826 1024; x_wconf 70' lang='grc' dir='ltr'><strong>ιε</strong></span> <span class='ocrx_word' id='word_1_95' title='bbox 2851 969 2899 1023; x_wconf 90' lang='lat' dir='ltr'><strong>Ia</strong></span> <span class='ocrx_word' id='word_1_96' title='bbox 2922 970 3143 1042; x_wconf 77' lang='lat' dir='ltr'><strong>maligni</strong></span> <span class='ocrx_word' id='word_1_97' title='bbox 3170 971 3337 1038; x_wconf 83' lang='lat' dir='ltr'><strong>ignita</strong></span> <span class='ocrx_word' id='word_1_98' title='bbox 3365 970 3742 1038; x_wconf 75' lang='lat' dir='ltr'><strong>exstinguere.</strong></span> 
     </span>
    </p>
   </div>
   <div class='ocr_carea' id='block_1_9' title="bbox 463 1060 3746 1134">
    <p class='ocr_par' dir='ltr' id='par_1_9' title="bbox 463 1060 3746 1134">
     <span class='ocr_line' id='line_1_9' title="bbox 463 1060 3746 1134; baseline -0.001 -12"><span class='ocrx_word' id='word_1_99' title='bbox 463 1068 684 1122; x_wconf 74' lang='lat' dir='ltr'><strong>locusta:</strong></span> <span class='ocrx_word' id='word_1_100' title='bbox 713 1081 934 1130; x_wconf 90' lang='lat' dir='ltr'><strong>sumus,</strong></span> <span class='ocrx_word' id='word_1_101' title='bbox 971 1061 1126 1119; x_wconf 87' lang='lat' dir='ltr'><strong>etilli</strong></span> <span class='ocrx_word' id='word_1_102' title='bbox 1162 1063 1447 1134; x_wconf 81' lang='lat' dir='ltr'><strong>gigantes;</strong></span> <span class='ocrx_word' id='word_1_103' title='bbox 1481 1072 1535 1117; x_wconf 88' lang='lat' dir='ltr'><strong>et</strong></span> <span class='ocrx_word' id='word_1_104' title='bbox 1563 1061 1836 1132; x_wconf 86' lang='lat' dir='ltr'><strong>pr:ccipue</strong></span> <span class='ocrx_word' id='word_1_105' title='bbox 1866 1061 1910 1116; x_wconf 87' lang='lat' dir='ltr'><strong>si</strong></span> <span class='ocrx_word' id='word_1_106' title='bbox 1945 1062 2043 1117; x_wconf 92' lang='lat' dir='ltr'><strong>du-</strong></span> <span class='ocrx_word' id='word_1_107' title='bbox 2149 1063 2253 1117; x_wconf 87' lang='lat' dir='ltr'><strong>Sed</strong></span> <span class='ocrx_word' id='word_1_108' title='bbox 2285 1070 2340 1116; x_wconf 91' lang='lat' dir='ltr'><strong>et</strong></span> <span class='ocrx_word' id='word_1_109' title='bbox 2372 1060 2610 1131; x_wconf 84' lang='lat' dir='ltr'><strong>gladium</strong></span> <span class='ocrx_word' id='word_1_110' title='bbox 2652 1062 2898 1131; x_wconf 84' lang='lat' dir='ltr'><strong>spiritus,</strong></span> <span class='ocrx_word' id='word_1_111' title='bbox 2931 1063 3130 1133; x_wconf 84' lang='lat' dir='ltr'><strong>inquit,</strong></span> <span class='ocrx_word' id='word_1_112' title='bbox 3162 1064 3450 1128; x_wconf 87' lang='lat' dir='ltr'><strong>assumite,</strong></span> <span class='ocrx_word' id='word_1_113' title='bbox 3495 1063 3746 1131; x_wconf 75' lang='lat' dir='ltr'><strong>quodest</strong></span> 
     </span>
    </p>
   </div>
   <div class='ocr_carea' id='block_1_10' title="bbox 462 1151 3748 1225">
    <p class='ocr_par' dir='ltr' id='par_1_10' title="bbox 462 1151 3748 1225">
     <span class='ocr_line' id='line_1_10' title="bbox 462 1151 3748 1225; baseline -0.002 -12"><span class='ocrx_word' id='word_1_114' title='bbox 462 1157 553 1214; x_wconf 87' lang='lat' dir='ltr'><strong>bia</strong></span> <span class='ocrx_word' id='word_1_115' title='bbox 587 1158 658 1212; x_wconf 89' lang='lat' dir='ltr'><strong>sit</strong></span> <span class='ocrx_word' id='word_1_116' title='bbox 689 1157 823 1213; x_wconf 82' lang='lat' dir='ltr'><strong>fides</strong></span> <span class='ocrx_word' id='word_1_117' title='bbox 853 1165 1036 1212; x_wconf 89' lang='lat' dir='ltr'><strong>nostra</strong></span> <span class='ocrx_word' id='word_1_118' title='bbox 1063 1196 1078 1219; x_wconf 94' lang='lat'><strong>,</strong></span> <span class='ocrx_word' id='word_1_119' title='bbox 1111 1165 1166 1210; x_wconf 85' lang='lat' dir='ltr'><strong>et</strong></span> <span class='ocrx_word' id='word_1_120' title='bbox 1197 1157 1241 1211; x_wconf 87' lang='lat' dir='ltr'><strong>si</strong></span> <span class='ocrx_word' id='word_1_121' title='bbox 1271 1171 1368 1210; x_wconf 93' lang='lat' dir='ltr'><strong>nos</strong></span> <span class='ocrx_word' id='word_1_122' title='bbox 1399 1163 1704 1225; x_wconf 87' lang='lat' dir='ltr'><strong>perterreat</strong></span> <span class='ocrx_word' id='word_1_123' title='bbox 1734 1154 2041 1219; x_wconf 83' lang='lat' dir='ltr'><strong>inﬁdelitas,</strong></span> <span class='ocrx_word' id='word_1_124' title='bbox 2148 1154 2372 1208; x_wconf 77' lang='lat' dir='ltr'><strong>verbum</strong></span> <span class='ocrx_word' id='word_1_125' title='bbox 2414 1151 2526 1206; x_wconf 85' lang='lat' dir='ltr'><strong>Dei.</strong></span> <span class='ocrx_word' id='word_1_126' title='bbox 2567 1172 2584 1204; x_wconf 76' lang='grc' dir='ltr'><strong><em>ι</em></strong></span> <span class='ocrx_word' id='word_1_127' title='bbox 2619 1151 2754 1208; x_wconf 91' lang='lat' dir='ltr'><strong>Cum</strong></span> <span class='ocrx_word' id='word_1_128' title='bbox 2792 1171 2921 1225; x_wconf 84' lang='lat' dir='ltr'><strong>ergo</strong></span> <span class='ocrx_word' id='word_1_129' title='bbox 2967 1156 3165 1212; x_wconf 87' lang='lat' dir='ltr'><strong>talibus</strong></span> <span class='ocrx_word' id='word_1_130' title='bbox 3215 1167 3270 1211; x_wconf 89' lang='lat' dir='ltr'><strong>te</strong></span> <span class='ocrx_word' id='word_1_131' title='bbox 3321 1155 3644 1210; x_wconf 75' lang='lat' dir='ltr'><strong>armaveris</strong></span> <span class='ocrx_word' id='word_1_132' title='bbox 3674 1167 3748 1207; x_wconf 80' lang='lat' dir='ltr'><strong>te-</strong></span> 
     </span>
    </p>
   </div>
   <div class='ocr_carea' id='block_1_11' title="bbox 466 1241 3749 1320">
    <p class='ocr_par' dir='ltr' id='par_1_11' title="bbox 466 1241 3749 1320">
     <span class='ocr_line' id='line_1_11' title="bbox 466 1241 3749 1320; baseline -0.002 -15"><span class='ocrx_word' id='word_1_133' title='bbox 466 1251 542 1305; x_wconf 90' lang='lat' dir='ltr'><strong>iIIi</strong></span> <span class='ocrx_word' id='word_1_134' title='bbox 581 1261 708 1304; x_wconf 89' lang='lat' dir='ltr'><strong>vere</strong></span> <span class='ocrx_word' id='word_1_135' title='bbox 742 1250 986 1320; x_wconf 85' lang='lat' dir='ltr'><strong>gigantes</strong></span> <span class='ocrx_word' id='word_1_136' title='bbox 1017 1257 1209 1313; x_wconf 90' lang='lat' dir='ltr'><strong>erunt,</strong></span> <span class='ocrx_word' id='word_1_137' title='bbox 1235 1256 1289 1304; x_wconf 88' lang='lat' dir='ltr'><strong>et</strong></span> <span class='ocrx_word' id='word_1_138' title='bbox 1317 1264 1415 1303; x_wconf 92' lang='lat' dir='ltr'><strong>nos</strong></span> <span class='ocrx_word' id='word_1_139' title='bbox 1441 1248 1678 1303; x_wconf 65' lang='lat' dir='ltr'><strong>locusta.</strong></span> <span class='ocrx_word' id='word_1_140' title='bbox 1719 1247 1774 1301; x_wconf 90' lang='lat' dir='ltr'><strong>Si</strong></span> <span class='ocrx_word' id='word_1_141' title='bbox 1805 1263 1936 1302; x_wconf 88' lang='lat' dir='ltr'><strong>vero</strong></span> <span class='ocrx_word' id='word_1_142' title='bbox 1959 1262 2045 1301; x_wconf 89' lang='lat' dir='ltr'><strong>se-</strong></span> <span class='ocrx_word' id='word_1_143' title='bbox 2149 1243 2239 1310; x_wconf 91' lang='lat' dir='ltr'><strong>lis,</strong></span> <span class='ocrx_word' id='word_1_144' title='bbox 2268 1258 2502 1314; x_wconf 89' lang='lat' dir='ltr'><strong>sequens</strong></span> <span class='ocrx_word' id='word_1_145' title='bbox 2527 1241 2709 1298; x_wconf 92' lang='lat' dir='ltr'><strong>Jesum</strong></span> <span class='ocrx_word' id='word_1_146' title='bbox 2742 1247 2955 1314; x_wconf 82' lang='lat' dir='ltr'><strong>ducent,</strong></span> <span class='ocrx_word' id='word_1_147' title='bbox 2993 1264 3100 1303; x_wconf 90' lang='lat' dir='ltr'><strong>non</strong></span> <span class='ocrx_word' id='word_1_148' title='bbox 3125 1249 3369 1302; x_wconf 79' lang='lat' dir='ltr'><strong>verearis</strong></span> <span class='ocrx_word' id='word_1_149' title='bbox 3398 1249 3663 1318; x_wconf 82' lang='lat' dir='ltr'><strong>gigantes</strong></span> <span class='ocrx_word' id='word_1_150' title='bbox 3691 1248 3749 1299; x_wconf 87' lang='lat' dir='ltr'><strong>il-</strong></span> 
     </span>
    </p>
   </div>
   <div class='ocr_carea' id='block_1_12' title="bbox 464 1335 3748 1414">
    <p class='ocr_par' dir='ltr' id='par_1_12' title="bbox 464 1335 3748 1414">
     <span class='ocr_line' id='line_1_12' title="bbox 464 1335 3748 1414; baseline -0.002 -18"><span class='ocrx_word' id='word_1_151' title='bbox 464 1359 695 1414; x_wconf 87' lang='lat' dir='ltr'><strong>quamur</strong></span> <span class='ocrx_word' id='word_1_152' title='bbox 743 1341 927 1396; x_wconf 91' lang='lat' dir='ltr'><strong>Jesum</strong></span> <span class='ocrx_word' id='word_1_153' title='bbox 978 1351 1034 1396; x_wconf 88' lang='lat' dir='ltr'><strong>et</strong></span> <span class='ocrx_word' id='word_1_154' title='bbox 1085 1340 1372 1395; x_wconf 87' lang='lat' dir='ltr'><strong>credamus</strong></span> <span class='ocrx_word' id='word_1_155' title='bbox 1418 1342 1596 1395; x_wconf 83' lang='lat' dir='ltr'><strong>verbis</strong></span> <span class='ocrx_word' id='word_1_156' title='bbox 1641 1340 1789 1409; x_wconf 90' lang='lat' dir='ltr'><strong>ejus,</strong></span> <span class='ocrx_word' id='word_1_157' title='bbox 1831 1353 1894 1394; x_wconf 91' lang='lat' dir='ltr'><strong>ac</strong></span> <span class='ocrx_word' id='word_1_158' title='bbox 1942 1338 2044 1394; x_wconf 83' lang='lat' dir='ltr'><strong>fide</strong></span> <span class='ocrx_word' id='word_1_159' title='bbox 2149 1335 2272 1391; x_wconf 89' lang='lat' dir='ltr'><strong>los:</strong></span> <span class='ocrx_word' id='word_1_160' title='bbox 2304 1336 2510 1409; x_wconf 82' lang='lat' dir='ltr'><strong>videbis</strong></span> <span class='ocrx_word' id='word_1_161' title='bbox 2537 1336 2683 1391; x_wconf 91' lang='lat' dir='ltr'><strong>enim</strong></span> <span class='ocrx_word' id='word_1_162' title='bbox 2716 1341 2990 1407; x_wconf 88' lang='lat' dir='ltr'><strong>quomodo</strong></span> <span class='ocrx_word' id='word_1_163' title='bbox 3021 1355 3116 1393; x_wconf 90' lang='lat' dir='ltr'><strong>eos</strong></span> <span class='ocrx_word' id='word_1_164' title='bbox 3142 1339 3234 1393; x_wconf 90' lang='lat' dir='ltr'><strong>tibi</strong></span> <span class='ocrx_word' id='word_1_165' title='bbox 3271 1339 3544 1406; x_wconf 85' lang='lat' dir='ltr'><strong>subjiciet</strong></span> <span class='ocrx_word' id='word_1_166' title='bbox 3573 1338 3748 1391; x_wconf 84' lang='lat' dir='ltr'><strong>Domi-</strong></span> 
     </span>
    </p>
   </div>
   <div class='ocr_carea' id='block_1_13' title="bbox 461 1429 3750 1504">
    <p class='ocr_par' dir='ltr' id='par_1_13' title="bbox 461 1429 3750 1504">
     <span class='ocr_line' id='line_1_13' title="bbox 461 1429 3750 1504; baseline -0.002 -15"><span class='ocrx_word' id='word_1_167' title='bbox 461 1435 584 1504; x_wconf 85' lang='lat' dir='ltr'><strong>ejus</strong></span> <span class='ocrx_word' id='word_1_168' title='bbox 631 1435 972 1500; x_wconf 78' lang='lat' dir='ltr'><strong>repleantur,</strong></span> <span class='ocrx_word' id='word_1_169' title='bbox 1018 1443 1275 1504; x_wconf 87' lang='lat' dir='ltr'><strong>tanquam</strong></span> <span class='ocrx_word' id='word_1_170' title='bbox 1311 1433 1445 1488; x_wconf 87' lang='lat' dir='ltr'><strong>nihil</strong></span> <span class='ocrx_word' id='word_1_171' title='bbox 1476 1443 1631 1488; x_wconf 88' lang='lat' dir='ltr'><strong>erunt</strong></span> <span class='ocrx_word' id='word_1_172' title='bbox 1665 1434 1715 1488; x_wconf 92' lang='lat' dir='ltr'><strong>in</strong></span> <span class='ocrx_word' id='word_1_173' title='bbox 1752 1442 2043 1502; x_wconf 89' lang='lat' dir='ltr'><strong>conspectu</strong></span> <span class='ocrx_word' id='word_1_174' title='bbox 2148 1445 2250 1484; x_wconf 90' lang='lat' dir='ltr'><strong>nus</strong></span> <span class='ocrx_word' id='word_1_175' title='bbox 2299 1429 2498 1484; x_wconf 88' lang='lat' dir='ltr'><strong>Jesus:</strong></span> <span class='ocrx_word' id='word_1_176' title='bbox 2535 1437 2590 1483; x_wconf 90' lang='lat' dir='ltr'><strong>et</strong></span> <span class='ocrx_word' id='word_1_177' title='bbox 2649 1430 2792 1486; x_wconf 86' lang='lat' dir='ltr'><strong>sicut</strong></span> <span class='ocrx_word' id='word_1_178' title='bbox 2850 1441 3034 1495; x_wconf 87' lang='lat' dir='ltr'><strong>patres</strong></span> <span class='ocrx_word' id='word_1_179' title='bbox 3083 1432 3438 1486; x_wconf 79' lang='lat' dir='ltr'><strong>calcaverunt</strong></span> <span class='ocrx_word' id='word_1_180' title='bbox 3502 1430 3750 1485; x_wconf 72' lang='lat' dir='ltr'><strong>cervices</strong></span> 
     </span>
    </p>
   </div>
   <div class='ocr_carea' id='block_1_14' title="bbox 462 1523 3748 1594">
    <p class='ocr_par' dir='ltr' id='par_1_14' title="bbox 462 1523 3748 1594">
     <span class='ocr_line' id='line_1_14' title="bbox 462 1523 3748 1594; baseline -0.002 -13"><span class='ocrx_word' id='word_1_181' title='bbox 462 1525 826 1581; x_wconf 87' lang='lat' dir='ltr'><strong>nostro.Audi</strong></span> <span class='ocrx_word' id='word_1_182' title='bbox 851 1524 992 1578; x_wconf 88' lang='lat' dir='ltr'><strong>enim</strong></span> <span class='ocrx_word' id='word_1_183' title='bbox 1010 1525 1281 1594; x_wconf 90' lang='lat' dir='ltr'><strong>quomodo</strong></span> <span class='ocrx_word' id='word_1_184' title='bbox 1316 1539 1412 1579; x_wconf 91' lang='lat' dir='ltr'><strong>nos</strong></span> <span class='ocrx_word' id='word_1_185' title='bbox 1434 1525 1720 1589; x_wconf 90' lang='lat' dir='ltr'><strong>hortatur,</strong></span> <span class='ocrx_word' id='word_1_186' title='bbox 1764 1533 1818 1578; x_wconf 91' lang='lat' dir='ltr'><strong>et</strong></span> <span class='ocrx_word' id='word_1_187' title='bbox 1868 1523 2040 1578; x_wconf 86' lang='lat' dir='ltr'><strong>dicit:</strong></span> <span class='ocrx_word' id='word_1_188' title='bbox 2149 1524 2413 1592; x_wconf 85' lang='lat' dir='ltr'><strong>gentium,</strong></span> <span class='ocrx_word' id='word_1_189' title='bbox 2443 1523 2516 1578; x_wconf 89' lang='lat' dir='ltr'><strong>ita</strong></span> <span class='ocrx_word' id='word_1_190' title='bbox 2555 1535 2610 1579; x_wconf 92' lang='lat' dir='ltr'><strong>et</strong></span> <span class='ocrx_word' id='word_1_191' title='bbox 2644 1532 2698 1579; x_wconf 91' lang='lat' dir='ltr'><strong>tu</strong></span> <span class='ocrx_word' id='word_1_192' title='bbox 2746 1525 2986 1580; x_wconf 87' lang='lat' dir='ltr'><strong>calcabis</strong></span> <span class='ocrx_word' id='word_1_193' title='bbox 3021 1540 3185 1592; x_wconf 80' lang='lat' dir='ltr'><strong>super</strong></span> <span class='ocrx_word' id='word_1_194' title='bbox 3235 1525 3495 1580; x_wconf 81' lang='lat' dir='ltr'><strong>cervices</strong></span> <span class='ocrx_word' id='word_1_195' title='bbox 3549 1523 3748 1576; x_wconf 56' lang='lat' dir='ltr'><strong>damo-</strong></span> 
     </span>
    </p>
   </div>
   <div class='ocr_carea' id='block_1_15' title="bbox 469 1615 3747 1686">
    <p class='ocr_par' dir='ltr' id='par_1_15' title="bbox 469 1615 3747 1686">
     <span class='ocr_line' id='line_1_15' title="bbox 469 1615 3747 1686; baseline -0 -18"><span class='ocrx_word' id='word_1_196' title='bbox 469 1637 486 1668; x_wconf 77' lang='lat' dir='ltr'><strong>t</strong></span> <span class='ocrx_word' id='word_1_197' title='bbox 518 1617 574 1671; x_wconf 89' lang='lat' dir='ltr'><strong>Si</strong></span> <span class='ocrx_word' id='word_1_198' title='bbox 602 1625 746 1671; x_wconf 87' lang='lat' dir='ltr'><strong>amat</strong></span> <span class='ocrx_word' id='word_1_199' title='bbox 764 1631 861 1671; x_wconf 92' lang='lat' dir='ltr'><strong>nos</strong></span> <span class='ocrx_word' id='word_1_200' title='bbox 887 1617 1048 1680; x_wconf 88' lang='lat' dir='ltr'><strong>Deus,</strong></span> <span class='ocrx_word' id='word_1_201' title='bbox 1077 1615 1384 1670; x_wconf 89' lang='lat' dir='ltr'><strong>introducet</strong></span> <span class='ocrx_word' id='word_1_202' title='bbox 1410 1631 1508 1670; x_wconf 90' lang='lat' dir='ltr'><strong>nos</strong></span> <span class='ocrx_word' id='word_1_203' title='bbox 1531 1616 1583 1669; x_wconf 88' lang='lat' dir='ltr'><strong>itt</strong></span> <span class='ocrx_word' id='word_1_204' title='bbox 1606 1625 1802 1668; x_wconf 89' lang='lat' dir='ltr'><strong>terram</strong></span> <span class='ocrx_word' id='word_1_205' title='bbox 1825 1615 1986 1683; x_wconf 88' lang='lat' dir='ltr'><strong>hanc,</strong></span> <span class='ocrx_word' id='word_1_206' title='bbox 2019 1635 2037 1668; x_wconf 73' lang='grc' dir='ltr'><strong>ι</strong></span> <span class='ocrx_word' id='word_1_207' title='bbox 2149 1631 2298 1670; x_wconf 91' lang='lat' dir='ltr'><strong>num.</strong></span> <span class='ocrx_word' id='word_1_208' title='bbox 2336 1615 2455 1686; x_wconf 88' lang='lat' dir='ltr'><strong>Ipse</strong></span> <span class='ocrx_word' id='word_1_209' title='bbox 2491 1619 2634 1674; x_wconf 91' lang='lat' dir='ltr'><strong>enim</strong></span> <span class='ocrx_word' id='word_1_210' title='bbox 2673 1619 2805 1674; x_wconf 90' lang='lat' dir='ltr'><strong>dicit</strong></span> <span class='ocrx_word' id='word_1_211' title='bbox 2833 1619 2922 1683; x_wconf 92' lang='lat' dir='ltr'><strong>iis,</strong></span> <span class='ocrx_word' id='word_1_212' title='bbox 2947 1619 3038 1686; x_wconf 86' lang='lat' dir='ltr'><strong>qui</strong></span> <span class='ocrx_word' id='word_1_213' title='bbox 3069 1633 3191 1671; x_wconf 91' lang='lat' dir='ltr'><strong>eum</strong></span> <span class='ocrx_word' id='word_1_214' title='bbox 3229 1617 3475 1672; x_wconf 85' lang='lat' dir='ltr'><strong>fideliter</strong></span> <span class='ocrx_word' id='word_1_215' title='bbox 3510 1626 3747 1684; x_wconf 63' lang='lat' dir='ltr'><strong>sequuti:</strong></span> 
     </span>
    </p>
   </div>
   <div class='ocr_carea' id='block_1_16' title="bbox 464 1703 3750 1779">
    <p class='ocr_par' dir='ltr' id='par_1_16' title="bbox 464 1703 3750 1779">
     <span class='ocr_line' id='line_1_16' title="bbox 464 1703 3750 1779; baseline -0.002 -19"><span class='ocrx_word' id='word_1_216' title='bbox 464 1707 722 1779; x_wconf 88' lang='lat' dir='ltr'><strong>quoniam</strong></span> <span class='ocrx_word' id='word_1_217' title='bbox 755 1707 894 1761; x_wconf 89' lang='lat' dir='ltr'><strong>bona</strong></span> <span class='ocrx_word' id='word_1_218' title='bbox 923 1715 1027 1771; x_wconf 91' lang='lat' dir='ltr'><strong>est,</strong></span> <span class='ocrx_word' id='word_1_219' title='bbox 1061 1715 1114 1761; x_wconf 94' lang='lat' dir='ltr'><strong>et</strong></span> <span class='ocrx_word' id='word_1_220' title='bbox 1149 1706 1356 1760; x_wconf 85' lang='lat' dir='ltr'><strong>fructus</strong></span> <span class='ocrx_word' id='word_1_221' title='bbox 1386 1705 1502 1775; x_wconf 91' lang='lat' dir='ltr'><strong>ejus</strong></span> <span class='ocrx_word' id='word_1_222' title='bbox 1541 1703 1827 1759; x_wconf 87' lang='lat' dir='ltr'><strong>mirabilis.</strong></span> <span class='ocrx_word' id='word_1_223' title='bbox 1859 1706 2044 1775; x_wconf 84' lang='lat' dir='ltr'><strong>Typus</strong></span> <span class='ocrx_word' id='word_1_224' title='bbox 2149 1714 2237 1760; x_wconf 92' lang='lat' dir='ltr'><strong>tur</strong></span> <span class='ocrx_word' id='word_1_225' title='bbox 2258 1707 2338 1763; x_wconf 74' lang='grc' dir='ltr'><strong>⁸⁷ε</strong></span> <span class='ocrx_word' id='word_1_226' title='bbox 2377 1726 2395 1758; x_wconf 85' lang='grc'><strong><em>‹</em></strong></span> <span class='ocrx_word' id='word_1_227' title='bbox 2434 1709 2569 1764; x_wconf 88' lang='lat' dir='ltr'><strong>Ecce</strong></span> <span class='ocrx_word' id='word_1_228' title='bbox 2600 1709 2721 1762; x_wconf 87' lang='lat' dir='ltr'><strong>dedi</strong></span> <span class='ocrx_word' id='word_1_229' title='bbox 2757 1709 2911 1762; x_wconf 84' lang='lat' dir='ltr'><strong>vobis</strong></span> <span class='ocrx_word' id='word_1_230' title='bbox 2941 1715 3270 1776; x_wconf 87' lang='lat' dir='ltr'><strong>potestatem</strong></span> <span class='ocrx_word' id='word_1_231' title='bbox 3297 1704 3562 1758; x_wconf 82' lang='lat' dir='ltr'><strong>caleandi</strong></span> <span class='ocrx_word' id='word_1_232' title='bbox 3595 1718 3750 1769; x_wconf 59' lang='lat' dir='ltr'><strong>super</strong></span> 
     </span>
    </p>
   </div>
   <div class='ocr_carea' id='block_1_17' title="bbox 463 1796 3746 1873">
    <p class='ocr_par' dir='ltr' id='par_1_17' title="bbox 463 1796 3746 1873">
     <span class='ocr_line' id='line_1_17' title="bbox 463 1796 3746 1873; baseline -0.003 -17"><span class='ocrx_word' id='word_1_233' title='bbox 463 1805 612 1873; x_wconf 82' lang='lat' dir='ltr'><strong>ergo,</strong></span> <span class='ocrx_word' id='word_1_234' title='bbox 639 1809 690 1856; x_wconf 91' lang='lat' dir='ltr'><strong>et</strong></span> <span class='ocrx_word' id='word_1_235' title='bbox 717 1801 882 1870; x_wconf 78' lang='lat' dir='ltr'><strong>figura</strong></span> <span class='ocrx_word' id='word_1_236' title='bbox 911 1814 1030 1869; x_wconf 75' lang='lat' dir='ltr'><strong>qua:</strong></span> <span class='ocrx_word' id='word_1_237' title='bbox 1061 1797 1340 1868; x_wconf 84' lang='lat' dir='ltr'><strong>praecessit</strong></span> <span class='ocrx_word' id='word_1_238' title='bbox 1365 1798 1416 1850; x_wconf 93' lang='lat' dir='ltr'><strong>in</strong></span> <span class='ocrx_word' id='word_1_239' title='bbox 1444 1796 1712 1866; x_wconf 87' lang='lat' dir='ltr'><strong>patribus,</strong></span> <span class='ocrx_word' id='word_1_240' title='bbox 1742 1797 2045 1866; x_wconf 85' lang='lat' dir='ltr'><strong>completur</strong></span> <span class='ocrx_word' id='word_1_241' title='bbox 2075 1870 2103 1873; x_wconf 88' lang='lat'><strong><em>_</em></strong></span> <span class='ocrx_word' id='word_1_242' title='bbox 2147 1809 2454 1867; x_wconf 87' lang='lat' dir='ltr'><strong>serpentes,</strong></span> <span class='ocrx_word' id='word_1_243' title='bbox 2485 1809 2538 1852; x_wconf 89' lang='lat' dir='ltr'><strong>et</strong></span> <span class='ocrx_word' id='word_1_244' title='bbox 2563 1801 2906 1869; x_wconf 85' lang='lat' dir='ltr'><strong>scorpiones,</strong></span> <span class='ocrx_word' id='word_1_245' title='bbox 2941 1809 2997 1852; x_wconf 92' lang='lat' dir='ltr'><strong>et</strong></span> <span class='ocrx_word' id='word_1_246' title='bbox 3021 1813 3184 1866; x_wconf 85' lang='lat' dir='ltr'><strong>super</strong></span> <span class='ocrx_word' id='word_1_247' title='bbox 3227 1812 3452 1850; x_wconf 88' lang='lat' dir='ltr'><strong>omnem</strong></span> <span class='ocrx_word' id='word_1_248' title='bbox 3492 1796 3746 1847; x_wconf 84' lang='lat' dir='ltr'><strong>virtute</strong></span> 
     </span>
    </p>
   </div>
   <div class='ocr_carea' id='block_1_18' title="bbox 462 1870 3760 1960">
    <p class='ocr_par' dir='ltr' id='par_1_18' title="bbox 462 1870 3760 1960">
     <span class='ocr_line' id='line_1_18' title="bbox 462 1870 3760 1960; baseline -0.003 -12"><span class='ocrx_word' id='word_1_249' title='bbox 462 1895 516 1948; x_wconf 91' lang='lat' dir='ltr'><strong>in</strong></span> <span class='ocrx_word' id='word_1_250' title='bbox 569 1894 746 1948; x_wconf 85' lang='lat' dir='ltr'><strong>nobis.</strong></span> <span class='ocrx_word' id='word_1_251' title='bbox 796 1891 1085 1959; x_wconf 83' lang='lat' dir='ltr'><strong>chcerunt</strong></span> <span class='ocrx_word' id='word_1_252' title='bbox 1134 1890 1211 1944; x_wconf 93' lang='lat' dir='ltr'><strong>illi</strong></span> <span class='ocrx_word' id='word_1_253' title='bbox 1261 1898 1482 1957; x_wconf 77' lang='lat' dir='ltr'><strong>gentes,</strong></span> <span class='ocrx_word' id='word_1_254' title='bbox 1517 1899 1571 1944; x_wconf 89' lang='lat' dir='ltr'><strong>et</strong></span> <span class='ocrx_word' id='word_1_255' title='bbox 1607 1891 1884 1946; x_wconf 88' lang='lat' dir='ltr'><strong>consecuti</strong></span> <span class='ocrx_word' id='word_1_256' title='bbox 1918 1900 2044 1945; x_wconf 87' lang='lat' dir='ltr'><strong>sunt</strong></span> <span class='ocrx_word' id='word_1_257' title='bbox 2075 1870 2116 1925; x_wconf 77' lang='grc' dir='ltr'><strong>Β</strong></span> <span class='ocrx_word' id='word_1_258' title='bbox 2148 1889 2372 1945; x_wconf 91' lang='lat' dir='ltr'><strong>inimici.</strong></span> <span class='ocrx_word' id='word_1_259' title='bbox 2405 1909 2424 1941; x_wconf 69' lang='grc' dir='ltr'><strong><em>ι</em></strong></span> <span class='ocrx_word' id='word_1_260' title='bbox 2463 1891 2586 1946; x_wconf 85' lang='lat' dir='ltr'><strong>Vult</strong></span> <span class='ocrx_word' id='word_1_261' title='bbox 2613 1892 2761 1944; x_wconf 87' lang='lat' dir='ltr'><strong>enim</strong></span> <span class='ocrx_word' id='word_1_262' title='bbox 2794 1905 3012 1960; x_wconf 83' lang='lat' dir='ltr'><strong>semper</strong></span> <span class='ocrx_word' id='word_1_263' title='bbox 3037 1889 3198 1944; x_wconf 90' lang='lat' dir='ltr'><strong>Jesus</strong></span> <span class='ocrx_word' id='word_1_264' title='bbox 3235 1904 3320 1943; x_wconf 91' lang='lat' dir='ltr'><strong>res</strong></span> <span class='ocrx_word' id='word_1_265' title='bbox 3352 1888 3654 1942; x_wconf 85' lang='lat' dir='ltr'><strong>mirabiles</strong></span> <span class='ocrx_word' id='word_1_266' title='bbox 3678 1885 3760 1952; x_wconf 47' lang='lat' dir='ltr'><strong>fa;</strong></span> 
     </span>
    </p>
   </div>
   <div class='ocr_carea' id='block_1_19' title="bbox 463 1979 3744 2051">
    <p class='ocr_par' dir='ltr' id='par_1_19' title="bbox 463 1979 3744 2051">
     <span class='ocr_line' id='line_1_19' title="bbox 463 1979 3744 2051; baseline -0.002 -13"><span class='ocrx_word' id='word_1_267' title='bbox 463 1985 834 2038; x_wconf 72' lang='lat' dir='ltr'><strong>haereditatem</strong></span> <span class='ocrx_word' id='word_1_268' title='bbox 879 1996 1090 2038; x_wconf 90' lang='lat' dir='ltr'><strong>eorum.</strong></span> <span class='ocrx_word' id='word_1_269' title='bbox 1135 1979 1421 2036; x_wconf 91' lang='lat' dir='ltr'><strong>Consecuti</strong></span> <span class='ocrx_word' id='word_1_270' title='bbox 1468 1988 1594 2036; x_wconf 92' lang='lat' dir='ltr'><strong>sunt</strong></span> <span class='ocrx_word' id='word_1_271' title='bbox 1637 1983 1780 2036; x_wconf 91' lang='lat' dir='ltr'><strong>enim</strong></span> <span class='ocrx_word' id='word_1_272' title='bbox 1825 1995 2040 2036; x_wconf 92' lang='lat' dir='ltr'><strong>omnem</strong></span> <span class='ocrx_word' id='word_1_273' title='bbox 2145 1996 2291 2048; x_wconf 91' lang='lat' dir='ltr'><strong>cere,</strong></span> <span class='ocrx_word' id='word_1_274' title='bbox 2321 1982 2432 2036; x_wconf 88' lang='lat' dir='ltr'><strong>vult</strong></span> <span class='ocrx_word' id='word_1_275' title='bbox 2457 1981 2522 2036; x_wconf 89' lang='lat' dir='ltr'><strong>de</strong></span> <span class='ocrx_word' id='word_1_276' title='bbox 2552 1981 2775 2036; x_wconf 90' lang='lat' dir='ltr'><strong>locustis</strong></span> <span class='ocrx_word' id='word_1_277' title='bbox 2806 1982 3025 2037; x_wconf 90' lang='lat' dir='ltr'><strong>vincere</strong></span> <span class='ocrx_word' id='word_1_278' title='bbox 3054 1981 3320 2051; x_wconf 85' lang='lat' dir='ltr'><strong>gigantes,</strong></span> <span class='ocrx_word' id='word_1_279' title='bbox 3351 1989 3410 2034; x_wconf 90' lang='lat' dir='ltr'><strong>et</strong></span> <span class='ocrx_word' id='word_1_280' title='bbox 3443 1980 3521 2032; x_wconf 87' lang='lat' dir='ltr'><strong>de</strong></span> <span class='ocrx_word' id='word_1_281' title='bbox 3551 1980 3620 2032; x_wconf 89' lang='lat' dir='ltr'><strong>iis</strong></span> <span class='ocrx_word' id='word_1_282' title='bbox 3638 1992 3744 2043; x_wconf 64' lang='lat' dir='ltr'><strong>qua</strong></span> 
     </span>
    </p>
   </div>
   <div class='ocr_carea' id='block_1_20' title="bbox 463 2069 3747 2141">
    <p class='ocr_par' dir='ltr' id='par_1_20' title="bbox 463 2069 3747 2141">
     <span class='ocr_line' id='line_1_20' title="bbox 463 2069 3747 2141; baseline -0.002 -13"><span class='ocrx_word' id='word_1_283' title='bbox 463 2085 668 2128; x_wconf 88' lang='lat' dir='ltr'><strong>terram</strong></span> <span class='ocrx_word' id='word_1_284' title='bbox 694 2071 912 2136; x_wconf 79' lang='lat' dir='ltr'><strong>Judzcae,</strong></span> <span class='ocrx_word' id='word_1_285' title='bbox 950 2082 1006 2126; x_wconf 89' lang='lat' dir='ltr'><strong>et</strong></span> <span class='ocrx_word' id='word_1_286' title='bbox 1035 2071 1333 2126; x_wconf 86' lang='lat' dir='ltr'><strong>Jerusalem</strong></span> <span class='ocrx_word' id='word_1_287' title='bbox 1369 2071 1685 2139; x_wconf 86' lang='lat' dir='ltr'><strong>civitatem,</strong></span> <span class='ocrx_word' id='word_1_288' title='bbox 1715 2081 1770 2126; x_wconf 90' lang='lat' dir='ltr'><strong>et</strong></span> <span class='ocrx_word' id='word_1_289' title='bbox 1804 2081 2039 2127; x_wconf 90' lang='lat' dir='ltr'><strong>montem</strong></span> <span class='ocrx_word' id='word_1_290' title='bbox 2146 2073 2198 2127; x_wconf 92' lang='lat' dir='ltr'><strong>in</strong></span> <span class='ocrx_word' id='word_1_291' title='bbox 2231 2074 2389 2128; x_wconf 90' lang='lat' dir='ltr'><strong>terris</strong></span> <span class='ocrx_word' id='word_1_292' title='bbox 2411 2082 2559 2138; x_wconf 91' lang='lat' dir='ltr'><strong>sunt,</strong></span> <span class='ocrx_word' id='word_1_293' title='bbox 2598 2074 2850 2128; x_wconf 71' lang='lat' dir='ltr'><strong>cmlestes</strong></span> <span class='ocrx_word' id='word_1_294' title='bbox 2897 2089 3156 2141; x_wconf 88' lang='lat' dir='ltr'><strong>superare</strong></span> <span class='ocrx_word' id='word_1_295' title='bbox 3192 2072 3508 2141; x_wconf 82' lang='lat' dir='ltr'><strong>nequitias.</strong></span> <span class='ocrx_word' id='word_1_296' title='bbox 3550 2069 3618 2123; x_wconf 84' lang='lat' dir='ltr'><strong>Et</strong></span> <span class='ocrx_word' id='word_1_297' title='bbox 3645 2069 3747 2122; x_wconf 86' lang='lat' dir='ltr'><strong>for-</strong></span> 
     </span>
    </p>
   </div>
   <div class='ocr_carea' id='block_1_21' title="bbox 465 2154 3743 2236">
    <p class='ocr_par' dir='ltr' id='par_1_21' title="bbox 465 2154 3743 2236">
     <span class='ocr_line' id='line_1_21' title="bbox 465 2154 3743 2236; baseline -0.001 -18"><span class='ocrx_word' id='word_1_298' title='bbox 465 2165 614 2220; x_wconf 90' lang='lat' dir='ltr'><strong>Sion.</strong></span> <span class='ocrx_word' id='word_1_299' title='bbox 666 2163 792 2217; x_wconf 54' lang='lat' dir='ltr'><strong>Haec</strong></span> <span class='ocrx_word' id='word_1_300' title='bbox 841 2179 895 2216; x_wconf 87' lang='lat' dir='ltr'><strong>tn</strong></span> <span class='ocrx_word' id='word_1_301' title='bbox 941 2161 1048 2216; x_wconf 91' lang='lat' dir='ltr'><strong>illis</strong></span> <span class='ocrx_word' id='word_1_302' title='bbox 1087 2154 1305 2232; x_wconf 78' lang='lat' dir='ltr'><strong>impleta</strong></span> <span class='ocrx_word' id='word_1_303' title='bbox 1337 2171 1496 2230; x_wconf 90' lang='lat' dir='ltr'><strong>sunt,</strong></span> <span class='ocrx_word' id='word_1_304' title='bbox 1522 2163 1588 2216; x_wconf 86' lang='lat' dir='ltr'><strong>ad</strong></span> <span class='ocrx_word' id='word_1_305' title='bbox 1625 2171 1675 2217; x_wconf 89' lang='lat' dir='ltr'><strong>te</strong></span> <span class='ocrx_word' id='word_1_306' title='bbox 1703 2172 1883 2216; x_wconf 88' lang='lat' dir='ltr'><strong>autem</strong></span> <span class='ocrx_word' id='word_1_307' title='bbox 1914 2162 2042 2231; x_wconf 88' lang='lat' dir='ltr'><strong>quid</strong></span> <span class='ocrx_word' id='word_1_308' title='bbox 2148 2173 2289 2220; x_wconf 89' lang='lat' dir='ltr'><strong>tasse</strong></span> <span class='ocrx_word' id='word_1_309' title='bbox 2319 2167 2420 2220; x_wconf 91' lang='lat' dir='ltr'><strong>hoc</strong></span> <span class='ocrx_word' id='word_1_310' title='bbox 2454 2175 2536 2221; x_wconf 89' lang='lat' dir='ltr'><strong>est</strong></span> <span class='ocrx_word' id='word_1_311' title='bbox 2565 2168 2710 2236; x_wconf 91' lang='lat' dir='ltr'><strong>quod</strong></span> <span class='ocrx_word' id='word_1_312' title='bbox 2749 2166 2962 2220; x_wconf 90' lang='lat' dir='ltr'><strong>dicebat</strong></span> <span class='ocrx_word' id='word_1_313' title='bbox 2996 2165 3047 2218; x_wconf 91' lang='lat' dir='ltr'><strong>in</strong></span> <span class='ocrx_word' id='word_1_314' title='bbox 3073 2163 3480 2235; x_wconf 70' lang='lat' dir='ltr'><strong>Evangeliis”,</strong></span> <span class='ocrx_word' id='word_1_315' title='bbox 3511 2164 3644 2231; x_wconf 82' lang='lat' dir='ltr'><strong>quia</strong></span> <span class='ocrx_word' id='word_1_316' title='bbox 3666 2163 3743 2229; x_wconf 80' lang='lat' dir='ltr'><strong>qui</strong></span> 
     </span>
    </p>
   </div>
   <div class='ocr_carea' id='block_1_22' title="bbox 461 2252 3742 2324">
    <p class='ocr_par' dir='ltr' id='par_1_22' title="bbox 461 2252 3742 2324">
     <span class='ocr_line' id='line_1_22' title="bbox 461 2252 3742 2324; baseline -0.002 -13"><span class='ocrx_word' id='word_1_317' title='bbox 461 2256 685 2311; x_wconf 89' lang='lat' dir='ltr'><strong>dicitur?</strong></span> <span class='ocrx_word' id='word_1_318' title='bbox 720 2253 860 2320; x_wconf 88' lang='lat' dir='ltr'><strong>Non,</strong></span> <span class='ocrx_word' id='word_1_319' title='bbox 892 2254 1087 2324; x_wconf 90' lang='lat' dir='ltr'><strong>inquit,</strong></span> <span class='ocrx_word' id='word_1_320' title='bbox 1123 2254 1434 2308; x_wconf 87' lang='lat' dir='ltr'><strong>accessistis</strong></span> <span class='ocrx_word' id='word_1_321' title='bbox 1465 2255 1531 2308; x_wconf 92' lang='lat' dir='ltr'><strong>ad</strong></span> <span class='ocrx_word' id='word_1_322' title='bbox 1563 2269 1625 2310; x_wconf 92' lang='lat' dir='ltr'><strong>ea</strong></span> <span class='ocrx_word' id='word_1_323' title='bbox 1659 2269 1777 2324; x_wconf 74' lang='lat' dir='ltr'><strong>qua:</strong></span> <span class='ocrx_word' id='word_1_324' title='bbox 1807 2255 2041 2310; x_wconf 87' lang='lat' dir='ltr'><strong>visibilia</strong></span> <span class='ocrx_word' id='word_1_325' title='bbox 2145 2257 2316 2312; x_wconf 84' lang='lat' dir='ltr'><strong>credit</strong></span> <span class='ocrx_word' id='word_1_326' title='bbox 2347 2257 2397 2311; x_wconf 90' lang='lat' dir='ltr'><strong>in</strong></span> <span class='ocrx_word' id='word_1_327' title='bbox 2429 2272 2576 2321; x_wconf 91' lang='lat' dir='ltr'><strong>eum,</strong></span> <span class='ocrx_word' id='word_1_328' title='bbox 2607 2272 2712 2311; x_wconf 89' lang='lat' dir='ltr'><strong>non</strong></span> <span class='ocrx_word' id='word_1_329' title='bbox 2748 2256 2920 2311; x_wconf 90' lang='lat' dir='ltr'><strong>solum</strong></span> <span class='ocrx_word' id='word_1_330' title='bbox 2956 2255 3120 2311; x_wconf 82' lang='lat' dir='ltr'><strong>faciet</strong></span> <span class='ocrx_word' id='word_1_331' title='bbox 3157 2255 3246 2310; x_wconf 86' lang='lat' dir='ltr'><strong>illa</strong></span> <span class='ocrx_word' id='word_1_332' title='bbox 3288 2270 3416 2324; x_wconf 67' lang='lat' dir='ltr'><strong>quae</strong></span> <span class='ocrx_word' id='word_1_333' title='bbox 3453 2255 3580 2323; x_wconf 90' lang='lat' dir='ltr'><strong>ipse</strong></span> <span class='ocrx_word' id='word_1_334' title='bbox 3608 2252 3742 2316; x_wconf 83' lang='lat' dir='ltr'><strong>fecit,</strong></span> 
     </span>
    </p>
   </div>
   <div class='ocr_carea' id='block_1_23' title="bbox 464 2344 3743 2419">
    <p class='ocr_par' dir='ltr' id='par_1_23' title="bbox 464 2344 3743 2419">
     <span class='ocr_line' id='line_1_23' title="bbox 464 2344 3743 2419; baseline -0 -18"><span class='ocrx_word' id='word_1_335' title='bbox 464 2346 726 2410; x_wconf 87' lang='lat' dir='ltr'><strong>sunt,sed</strong></span> <span class='ocrx_word' id='word_1_336' title='bbox 748 2344 2040 2416; x_wconf 72' lang='lat' dir='ltr'><strong>adinvisibilia.«Accessistisenim,inquit&quot;-”,</strong></span> <span class='ocrx_word' id='word_1_337' title='bbox 2151 2368 2170 2402; x_wconf 74' lang='grc' dir='ltr'><strong><em>ι</em></strong></span> <span class='ocrx_word' id='word_1_338' title='bbox 2207 2355 2298 2406; x_wconf 91' lang='lat' dir='ltr'><strong>sed</strong></span> <span class='ocrx_word' id='word_1_339' title='bbox 2340 2350 2579 2419; x_wconf 89' lang='lat' dir='ltr'><strong>majora,</strong></span> <span class='ocrx_word' id='word_1_340' title='bbox 2632 2349 2830 2419; x_wconf 87' lang='lat' dir='ltr'><strong>inquit,</strong></span> <span class='ocrx_word' id='word_1_341' title='bbox 2886 2350 3081 2403; x_wconf 89' lang='lat' dir='ltr'><strong>horum</strong></span> <span class='ocrx_word' id='word_1_342' title='bbox 3130 2348 3314 2402; x_wconf 81' lang='lat' dir='ltr'><strong>faciet.</strong></span> <span class='ocrx_word' id='word_1_343' title='bbox 3356 2365 3376 2398; x_wconf 82' lang='grc'>›</span> <span class='ocrx_word' id='word_1_344' title='bbox 3415 2346 3569 2400; x_wconf 79' lang='lat' dir='ltr'><strong>Vere</strong></span> <span class='ocrx_word' id='word_1_345' title='bbox 3611 2348 3743 2398; x_wconf 83' lang='lat' dir='ltr'><strong>enim</strong></span> 
     </span>
    </p>
   </div>
   <div class='ocr_carea' id='block_1_24' title="bbox 461 2434 3742 2514">
    <p class='ocr_par' dir='ltr' id='par_1_24' title="bbox 461 2434 3742 2514">
     <span class='ocr_line' id='line_1_24' title="bbox 461 2434 3742 2514; baseline 0 -25"><span class='ocrx_word' id='word_1_346' title='bbox 461 2437 529 2489; x_wconf 91' lang='lat' dir='ltr'><strong>ad</strong></span> <span class='ocrx_word' id='word_1_347' title='bbox 561 2444 799 2491; x_wconf 88' lang='lat' dir='ltr'><strong>montem</strong></span> <span class='ocrx_word' id='word_1_348' title='bbox 837 2434 934 2489; x_wconf 90' lang='lat' dir='ltr'><strong>Dei</strong></span> <span class='ocrx_word' id='word_1_349' title='bbox 965 2435 1220 2498; x_wconf 89' lang='lat' dir='ltr'><strong>viventis,</strong></span> <span class='ocrx_word' id='word_1_350' title='bbox 1252 2445 1308 2489; x_wconf 90' lang='lat' dir='ltr'><strong>et</strong></span> <span class='ocrx_word' id='word_1_351' title='bbox 1341 2435 1409 2490; x_wconf 88' lang='lat' dir='ltr'><strong>ad</strong></span> <span class='ocrx_word' id='word_1_352' title='bbox 1451 2436 1726 2491; x_wconf 90' lang='lat' dir='ltr'><strong>civitatem</strong></span> <span class='ocrx_word' id='word_1_353' title='bbox 1763 2438 2040 2493; x_wconf 76' lang='lat' dir='ltr'><strong>cmlestem</strong></span> <span class='ocrx_word' id='word_1_354' title='bbox 2144 2444 2321 2514; x_wconf 90' lang='lat' dir='ltr'><strong>majus</strong></span> <span class='ocrx_word' id='word_1_355' title='bbox 2381 2443 2512 2497; x_wconf 93' lang='lat' dir='ltr'><strong>mihi</strong></span> <span class='ocrx_word' id='word_1_356' title='bbox 2547 2443 2766 2497; x_wconf 86' lang='lat' dir='ltr'><strong>videtur</strong></span> <span class='ocrx_word' id='word_1_357' title='bbox 2794 2441 2939 2510; x_wconf 90' lang='lat' dir='ltr'><strong>quod</strong></span> <span class='ocrx_word' id='word_1_358' title='bbox 2995 2441 3157 2495; x_wconf 85' lang='lat' dir='ltr'><strong>homo</strong></span> <span class='ocrx_word' id='word_1_359' title='bbox 3199 2439 3252 2492; x_wconf 91' lang='lat' dir='ltr'><strong>in</strong></span> <span class='ocrx_word' id='word_1_360' title='bbox 3301 2454 3481 2494; x_wconf 88' lang='lat' dir='ltr'><strong>carne</strong></span> <span class='ocrx_word' id='word_1_361' title='bbox 3529 2438 3742 2504; x_wconf 82' lang='lat' dir='ltr'><strong>positus,</strong></span> 
     </span>
    </p>
   </div>
   <div class='ocr_carea' id='block_1_25' title="bbox 459 2525 3742 2605">
    <p class='ocr_par' dir='ltr' id='par_1_25' title="bbox 459 2525 3742 2605">
     <span class='ocr_line' id='line_1_25' title="bbox 459 2525 3742 2605; baseline 0 -23"><span class='ocrx_word' id='word_1_362' title='bbox 459 2525 782 2592; x_wconf 82' lang='lat' dir='ltr'><strong>Jerusalem,</strong></span> <span class='ocrx_word' id='word_1_363' title='bbox 807 2535 863 2580; x_wconf 83' lang='lat' dir='ltr'><strong>et</strong></span> <span class='ocrx_word' id='word_1_364' title='bbox 888 2525 954 2578; x_wconf 89' lang='lat' dir='ltr'><strong>ad</strong></span> <span class='ocrx_word' id='word_1_365' title='bbox 987 2525 1394 2580; x_wconf 89' lang='lat' dir='ltr'><strong>multitudinem</strong></span> <span class='ocrx_word' id='word_1_366' title='bbox 1428 2528 1767 2598; x_wconf 85' lang='lat' dir='ltr'><strong>angelorum.</strong></span> <span class='ocrx_word' id='word_1_367' title='bbox 1804 2547 1823 2581; x_wconf 78' lang='grc' dir='ltr'><strong><em>ι</em></strong></span> <span class='ocrx_word' id='word_1_368' title='bbox 1861 2529 1965 2584; x_wconf 90' lang='lat' dir='ltr'><strong>Sed</strong></span> <span class='ocrx_word' id='word_1_369' title='bbox 1989 2539 2043 2585; x_wconf 92' lang='lat' dir='ltr'><strong>et</strong></span> <span class='ocrx_word' id='word_1_370' title='bbox 2143 2534 2368 2605; x_wconf 81' lang='lat' dir='ltr'><strong>fragilis,</strong></span> <span class='ocrx_word' id='word_1_371' title='bbox 2416 2541 2471 2588; x_wconf 90' lang='lat' dir='ltr'><strong>et</strong></span> <span class='ocrx_word' id='word_1_372' title='bbox 2527 2535 2789 2598; x_wconf 91' lang='lat' dir='ltr'><strong>caducus,</strong></span> <span class='ocrx_word' id='word_1_373' title='bbox 2827 2532 2931 2587; x_wconf 85' lang='lat' dir='ltr'><strong>fide</strong></span> <span class='ocrx_word' id='word_1_374' title='bbox 2989 2540 3201 2586; x_wconf 89' lang='lat' dir='ltr'><strong>tantum</strong></span> <span class='ocrx_word' id='word_1_375' title='bbox 3253 2531 3472 2586; x_wconf 89' lang='lat' dir='ltr'><strong>Christi</strong></span> <span class='ocrx_word' id='word_1_376' title='bbox 3503 2541 3564 2584; x_wconf 87' lang='lat' dir='ltr'><strong>et</strong></span> <span class='ocrx_word' id='word_1_377' title='bbox 3592 2531 3742 2584; x_wconf 82' lang='lat' dir='ltr'><strong>verbo</strong></span> 
     </span>
    </p>
   </div>
   <div class='ocr_carea' id='block_1_26' title="bbox 461 2617 3740 2695">
    <p class='ocr_par' dir='ltr' id='par_1_26' title="bbox 461 2617 3740 2695">
     <span class='ocr_line' id='line_1_26' title="bbox 461 2617 3740 2695; baseline 0.001 -23"><span class='ocrx_word' id='word_1_378' title='bbox 461 2618 588 2672; x_wconf 88' lang='lat' dir='ltr'><strong>alibi</strong></span> <span class='ocrx_word' id='word_1_379' title='bbox 635 2618 778 2673; x_wconf 91' lang='lat' dir='ltr'><strong>idem</strong></span> <span class='ocrx_word' id='word_1_380' title='bbox 819 2618 1111 2688; x_wconf 85' lang='lat' dir='ltr'><strong>Apostolus</strong></span> <span class='ocrx_word' id='word_1_381' title='bbox 1147 2618 1282 2671; x_wconf 91' lang='lat' dir='ltr'><strong>dicit</strong></span> <span class='ocrx_word' id='word_1_382' title='bbox 1307 2617 1354 2650; x_wconf 60' lang='grc'><strong>⁸⁵</strong></span> <span class='ocrx_word' id='word_1_383' title='bbox 1398 2631 1414 2670; x_wconf 90' lang='lat'><strong>:</strong></span> <span class='ocrx_word' id='word_1_384' title='bbox 1455 2636 1474 2670; x_wconf 72' lang='grc' dir='ltr'>ι</span> <span class='ocrx_word' id='word_1_385' title='bbox 1523 2617 1824 2675; x_wconf 78' lang='lat' dir='ltr'><strong>Jerusalem</strong></span> <span class='ocrx_word' id='word_1_386' title='bbox 1859 2630 2039 2677; x_wconf 90' lang='lat' dir='ltr'><strong>autem</strong></span> <span class='ocrx_word' id='word_1_387' title='bbox 2144 2626 2261 2695; x_wconf 74' lang='lat' dir='ltr'><strong>ejus</strong></span> <span class='ocrx_word' id='word_1_388' title='bbox 2293 2635 2556 2689; x_wconf 83' lang='lat' dir='ltr'><strong>armatus,</strong></span> <span class='ocrx_word' id='word_1_389' title='bbox 2589 2632 2809 2693; x_wconf 84' lang='lat' dir='ltr'><strong>superet</strong></span> <span class='ocrx_word' id='word_1_390' title='bbox 2838 2623 3112 2694; x_wconf 88' lang='lat' dir='ltr'><strong>gigantes,</strong></span> <span class='ocrx_word' id='word_1_391' title='bbox 3134 2623 3448 2677; x_wconf 71' lang='lat' dir='ltr'><strong>danuouum</strong></span> <span class='ocrx_word' id='word_1_392' title='bbox 3488 2622 3740 2691; x_wconf 78' lang='lat' dir='ltr'><strong>legiones.</strong></span> 
     </span>
    </p>
   </div>
   <div class='ocr_carea' id='block_1_27' title="bbox 461 2713 3742 2788">
    <p class='ocr_par' dir='ltr' id='par_1_27' title="bbox 461 2713 3742 2788">
     <span class='ocr_line' id='line_1_27' title="bbox 461 2713 3742 2788; baseline 0.001 -26"><span class='ocrx_word' id='word_1_393' title='bbox 461 2725 582 2779; x_wconf 68' lang='lat' dir='ltr'><strong>qua:</strong></span> <span class='ocrx_word' id='word_1_394' title='bbox 603 2715 817 2766; x_wconf 76' lang='lat' dir='ltr'><strong>Sursum</strong></span> <span class='ocrx_word' id='word_1_395' title='bbox 842 2719 945 2776; x_wconf 89' lang='lat' dir='ltr'><strong>est,</strong></span> <span class='ocrx_word' id='word_1_396' title='bbox 977 2725 1097 2780; x_wconf 74' lang='lat' dir='ltr'><strong>qua:</strong></span> <span class='ocrx_word' id='word_1_397' title='bbox 1120 2719 1204 2765; x_wconf 88' lang='lat' dir='ltr'><strong>est</strong></span> <span class='ocrx_word' id='word_1_398' title='bbox 1237 2720 1412 2766; x_wconf 88' lang='lat' dir='ltr'><strong>mater</strong></span> <span class='ocrx_word' id='word_1_399' title='bbox 1438 2713 1680 2766; x_wconf 90' lang='lat' dir='ltr'><strong>omnium</strong></span> <span class='ocrx_word' id='word_1_400' title='bbox 1711 2722 1977 2768; x_wconf 89' lang='lat' dir='ltr'><strong>nostrum.</strong></span> <span class='ocrx_word' id='word_1_401' title='bbox 2017 2732 2035 2766; x_wconf 76' lang='grc' dir='ltr'><strong><em>ι</em></strong></span> <span class='ocrx_word' id='word_1_402' title='bbox 2144 2719 2402 2787; x_wconf 77' lang='lat' dir='ltr'><strong>Quamvis</strong></span> <span class='ocrx_word' id='word_1_403' title='bbox 2429 2720 2543 2788; x_wconf 87' lang='lat' dir='ltr'><strong>ipse</strong></span> <span class='ocrx_word' id='word_1_404' title='bbox 2574 2719 2645 2773; x_wconf 89' lang='lat' dir='ltr'><strong>sit</strong></span> <span class='ocrx_word' id='word_1_405' title='bbox 2670 2717 2761 2787; x_wconf 92' lang='lat' dir='ltr'><strong>qui</strong></span> <span class='ocrx_word' id='word_1_406' title='bbox 2793 2717 2964 2771; x_wconf 88' lang='lat' dir='ltr'><strong>vincit</strong></span> <span class='ocrx_word' id='word_1_407' title='bbox 2986 2716 3040 2770; x_wconf 93' lang='lat' dir='ltr'><strong>in</strong></span> <span class='ocrx_word' id='word_1_408' title='bbox 3066 2715 3246 2779; x_wconf 89' lang='lat' dir='ltr'><strong>nobis,</strong></span> <span class='ocrx_word' id='word_1_409' title='bbox 3267 2714 3392 2784; x_wconf 88' lang='lat' dir='ltr'><strong>plus</strong></span> <span class='ocrx_word' id='word_1_410' title='bbox 3411 2723 3606 2767; x_wconf 78' lang='lat' dir='ltr'><strong>tamen</strong></span> <span class='ocrx_word' id='word_1_411' title='bbox 3636 2730 3742 2768; x_wconf 82' lang='lat' dir='ltr'><strong>esse</strong></span> 
     </span>
    </p>
   </div>
   <div class='ocr_carea' id='block_1_28' title="bbox 465 2802 3741 2881">
    <p class='ocr_par' dir='ltr' id='par_1_28' title="bbox 465 2802 3741 2881">
     <span class='ocr_line' id='line_1_28' title="bbox 465 2802 3741 2881; baseline -0 -24"><span class='ocrx_word' id='word_1_412' title='bbox 465 2802 523 2857; x_wconf 88' lang='lat' dir='ltr'><strong>Si</strong></span> <span class='ocrx_word' id='word_1_413' title='bbox 552 2803 674 2872; x_wconf 86' lang='lat' dir='ltr'><strong>quis</strong></span> <span class='ocrx_word' id='word_1_414' title='bbox 701 2803 878 2857; x_wconf 88' lang='lat' dir='ltr'><strong>verbis</strong></span> <span class='ocrx_word' id='word_1_415' title='bbox 906 2802 1146 2871; x_wconf 89' lang='lat' dir='ltr'><strong>Apostoli</strong></span> <span class='ocrx_word' id='word_1_416' title='bbox 1186 2805 1420 2858; x_wconf 87' lang='lat' dir='ltr'><strong>dicentis</strong></span> <span class='ocrx_word' id='word_1_417' title='bbox 1449 2802 1747 2858; x_wconf 83' lang='lat' dir='ltr'><strong>Jerusalem</strong></span> <span class='ocrx_word' id='word_1_418' title='bbox 1782 2820 1901 2860; x_wconf 87' lang='lat' dir='ltr'><strong>esse</strong></span> <span class='ocrx_word' id='word_1_419' title='bbox 1929 2820 2066 2861; x_wconf 27' lang='lat' dir='ltr'><strong>cae-1</strong></span> <span class='ocrx_word' id='word_1_420' title='bbox 2144 2811 2274 2866; x_wconf 90' lang='lat' dir='ltr'><strong>dicit</strong></span> <span class='ocrx_word' id='word_1_421' title='bbox 2303 2811 2450 2881; x_wconf 89' lang='lat' dir='ltr'><strong>quod</strong></span> <span class='ocrx_word' id='word_1_422' title='bbox 2480 2825 2575 2879; x_wconf 89' lang='lat' dir='ltr'><strong>per</strong></span> <span class='ocrx_word' id='word_1_423' title='bbox 2607 2825 2705 2864; x_wconf 91' lang='lat' dir='ltr'><strong>nos</strong></span> <span class='ocrx_word' id='word_1_424' title='bbox 2738 2808 2928 2874; x_wconf 87' lang='lat' dir='ltr'><strong>vincit,</strong></span> <span class='ocrx_word' id='word_1_425' title='bbox 2961 2823 3120 2876; x_wconf 85' lang='lat' dir='ltr'><strong>quam</strong></span> <span class='ocrx_word' id='word_1_426' title='bbox 3157 2807 3298 2877; x_wconf 92' lang='lat' dir='ltr'><strong>quod</strong></span> <span class='ocrx_word' id='word_1_427' title='bbox 3332 2821 3434 2873; x_wconf 90' lang='lat' dir='ltr'><strong>per</strong></span> <span class='ocrx_word' id='word_1_428' title='bbox 3463 2821 3531 2860; x_wconf 88' lang='lat' dir='ltr'><strong>se</strong></span> <span class='ocrx_word' id='word_1_429' title='bbox 3565 2806 3741 2859; x_wconf 77' lang='lat' dir='ltr'><strong>vincit.</strong></span> 
     </span>
    </p>
   </div>
   <div class='ocr_carea' id='block_1_29' title="bbox 462 2897 3739 2967">
    <p class='ocr_par' dir='ltr' id='par_1_29' title="bbox 462 2897 3739 2967">
     <span class='ocr_line' id='line_1_29' title="bbox 462 2897 3739 2967; baseline -0.002 -13"><span class='ocrx_word' id='word_1_430' title='bbox 462 2899 678 2964; x_wconf 87' lang='lat' dir='ltr'><strong>testem,</strong></span> <span class='ocrx_word' id='word_1_431' title='bbox 705 2913 811 2952; x_wconf 91' lang='lat' dir='ltr'><strong>non</strong></span> <span class='ocrx_word' id='word_1_432' title='bbox 829 2898 1206 2952; x_wconf 87' lang='lat' dir='ltr'><strong>accommodat</strong></span> <span class='ocrx_word' id='word_1_433' title='bbox 1229 2897 1384 2952; x_wconf 88' lang='lat' dir='ltr'><strong>tidem</strong></span> <span class='ocrx_word' id='word_1_434' title='bbox 1407 2940 1421 2962; x_wconf 86' lang='lat'><strong>,</strong></span> <span class='ocrx_word' id='word_1_435' title='bbox 1451 2907 1629 2966; x_wconf 87' lang='lat' dir='ltr'><strong>potest</strong></span> <span class='ocrx_word' id='word_1_436' title='bbox 1655 2909 1709 2951; x_wconf 91' lang='lat' dir='ltr'><strong>ct</strong></span> <span class='ocrx_word' id='word_1_437' title='bbox 1735 2898 1850 2953; x_wconf 72' lang='lat' dir='ltr'><strong>htec</strong></span> <span class='ocrx_word' id='word_1_438' title='bbox 1876 2900 2039 2954; x_wconf 84' lang='lat' dir='ltr'><strong>verba</strong></span> <span class='ocrx_word' id='word_1_439' title='bbox 2144 2903 2375 2958; x_wconf 88' lang='lat' dir='ltr'><strong>Tantum</strong></span> <span class='ocrx_word' id='word_1_440' title='bbox 2403 2910 2486 2956; x_wconf 91' lang='lat' dir='ltr'><strong>est</strong></span> <span class='ocrx_word' id='word_1_441' title='bbox 2517 2909 2575 2954; x_wconf 94' lang='lat' dir='ltr'><strong>ut</strong></span> <span class='ocrx_word' id='word_1_442' title='bbox 2605 2917 2706 2956; x_wconf 91' lang='lat' dir='ltr'><strong>nos</strong></span> <span class='ocrx_word' id='word_1_443' title='bbox 2729 2900 2900 2954; x_wconf 90' lang='lat' dir='ltr'><strong>armis</strong></span> <span class='ocrx_word' id='word_1_444' title='bbox 2933 2901 3049 2955; x_wconf 90' lang='lat' dir='ltr'><strong>istis</strong></span> <span class='ocrx_word' id='word_1_445' title='bbox 3070 2913 3286 2967; x_wconf 90' lang='lat' dir='ltr'><strong>semper</strong></span> <span class='ocrx_word' id='word_1_446' title='bbox 3311 2897 3500 2952; x_wconf 90' lang='lat' dir='ltr'><strong>simus</strong></span> <span class='ocrx_word' id='word_1_447' title='bbox 3531 2899 3739 2961; x_wconf 78' lang='lat' dir='ltr'><strong>armati,</strong></span> 
     </span>
    </p>
   </div>
   <div class='ocr_carea' id='block_1_30' title="bbox 461 2987 3741 3072">
    <p class='ocr_par' dir='ltr' id='par_1_30' title="bbox 461 2987 3741 3072">
     <span class='ocr_line' id='line_1_30' title="bbox 461 2987 3741 3072; baseline 0 -28"><span class='ocrx_word' id='word_1_448' title='bbox 461 3000 646 3044; x_wconf 87' lang='lat' dir='ltr'><strong>nostra</strong></span> <span class='ocrx_word' id='word_1_449' title='bbox 695 3003 971 3044; x_wconf 87' lang='lat' dir='ltr'><strong>recusare.</strong></span> <span class='ocrx_word' id='word_1_450' title='bbox 1018 2987 1075 3042; x_wconf 87' lang='lat' dir='ltr'><strong>Si</strong></span> <span class='ocrx_word' id='word_1_451' title='bbox 1121 3002 1251 3043; x_wconf 89' lang='lat' dir='ltr'><strong>vero</strong></span> <span class='ocrx_word' id='word_1_452' title='bbox 1296 2988 1474 3044; x_wconf 83' lang='lat' dir='ltr'><strong>verbis</strong></span> <span class='ocrx_word' id='word_1_453' title='bbox 1511 2988 1659 3042; x_wconf 84' lang='lat' dir='ltr'><strong>Pauli</strong></span> <span class='ocrx_word' id='word_1_454' title='bbox 1713 2987 1846 3044; x_wconf 84' lang='lat' dir='ltr'><strong>ﬁdes</strong></span> <span class='ocrx_word' id='word_1_455' title='bbox 1887 2990 2040 3044; x_wconf 90' lang='lat' dir='ltr'><strong>adhi-</strong></span> <span class='ocrx_word' id='word_1_456' title='bbox 2143 3005 2197 3050; x_wconf 81' lang='lat' dir='ltr'><strong>et</strong></span> <span class='ocrx_word' id='word_1_457' title='bbox 2240 2997 2583 3072; x_wconf 67' lang='lat' dir='ltr'><strong>conversatio</strong></span> <span class='ocrx_word' id='word_1_458' title='bbox 2645 3004 2830 3050; x_wconf 88' lang='lat' dir='ltr'><strong>nostra</strong></span> <span class='ocrx_word' id='word_1_459' title='bbox 2885 3007 3100 3062; x_wconf 84' lang='lat' dir='ltr'><strong>semper</strong></span> <span class='ocrx_word' id='word_1_460' title='bbox 3141 2992 3194 3046; x_wconf 89' lang='lat' dir='ltr'><strong>in</strong></span> <span class='ocrx_word' id='word_1_461' title='bbox 3250 2989 3412 3045; x_wconf 85' lang='lat' dir='ltr'><strong>coctis</strong></span> <span class='ocrx_word' id='word_1_462' title='bbox 3475 2991 3574 3044; x_wconf 87' lang='lat' dir='ltr'><strong>sit.</strong></span> <span class='ocrx_word' id='word_1_463' title='bbox 3626 2991 3741 3046; x_wconf 85' lang='lat' dir='ltr'><strong>0m-</strong></span> 
     </span>
    </p>
   </div>
   <div class='ocr_carea' id='block_1_31' title="bbox 461 3081 3738 3156">
    <p class='ocr_par' dir='ltr' id='par_1_31' title="bbox 461 3081 3738 3156">
     <span class='ocr_line' id='line_1_31' title="bbox 461 3081 3738 3156; baseline -0.001 -20"><span class='ocrx_word' id='word_1_464' title='bbox 461 3081 635 3136; x_wconf 83' lang='lat' dir='ltr'><strong>benda</strong></span> <span class='ocrx_word' id='word_1_465' title='bbox 657 3091 764 3146; x_wconf 88' lang='lat' dir='ltr'><strong>est,</strong></span> <span class='ocrx_word' id='word_1_466' title='bbox 790 3082 1010 3136; x_wconf 89' lang='lat' dir='ltr'><strong>sicutet</strong></span> <span class='ocrx_word' id='word_1_467' title='bbox 1035 3091 1188 3136; x_wconf 88' lang='lat' dir='ltr'><strong>certe</strong></span> <span class='ocrx_word' id='word_1_468' title='bbox 1213 3081 1517 3137; x_wconf 86' lang='lat' dir='ltr'><strong>adhibenda</strong></span> <span class='ocrx_word' id='word_1_469' title='bbox 1537 3091 1637 3148; x_wconf 91' lang='lat' dir='ltr'><strong>est,</strong></span> <span class='ocrx_word' id='word_1_470' title='bbox 1663 3091 1713 3136; x_wconf 91' lang='lat' dir='ltr'><strong>et</strong></span> <span class='ocrx_word' id='word_1_471' title='bbox 1736 3081 2038 3136; x_wconf 86' lang='lat' dir='ltr'><strong>Jerusalem</strong></span> <span class='ocrx_word' id='word_1_472' title='bbox 2143 3089 2229 3142; x_wconf 80' lang='lat' dir='ltr'><strong>nis</strong></span> <span class='ocrx_word' id='word_1_473' title='bbox 2277 3095 2457 3156; x_wconf 87' lang='lat' dir='ltr'><strong>motus</strong></span> <span class='ocrx_word' id='word_1_474' title='bbox 2511 3095 2716 3150; x_wconf 89' lang='lat' dir='ltr'><strong>noster,</strong></span> <span class='ocrx_word' id='word_1_475' title='bbox 2769 3087 2949 3141; x_wconf 91' lang='lat' dir='ltr'><strong>omnis</strong></span> <span class='ocrx_word' id='word_1_476' title='bbox 2993 3095 3186 3149; x_wconf 88' lang='lat' dir='ltr'><strong>actus,</strong></span> <span class='ocrx_word' id='word_1_477' title='bbox 3238 3084 3424 3137; x_wconf 90' lang='lat' dir='ltr'><strong>omnis</strong></span> <span class='ocrx_word' id='word_1_478' title='bbox 3468 3082 3738 3151; x_wconf 80' lang='lat' dir='ltr'><strong>cogitatio,</strong></span> 
     </span>
    </p>
   </div>
   <div class='ocr_carea' id='block_1_32' title="bbox 459 3172 3740 3267">
    <p class='ocr_par' dir='ltr' id='par_1_32' title="bbox 459 3172 3740 3267">
     <span class='ocr_line' id='line_1_32' title="bbox 459 3172 3740 3267; baseline -0.003 -31"><span class='ocrx_word' id='word_1_479' title='bbox 459 3173 738 3228; x_wconf 74' lang='lat' dir='ltr'><strong>coeleSIem</strong></span> <span class='ocrx_word' id='word_1_480' title='bbox 769 3187 891 3228; x_wconf 85' lang='lat' dir='ltr'><strong>esse</strong></span> <span class='ocrx_word' id='word_1_481' title='bbox 913 3174 1187 3230; x_wconf 86' lang='lat' dir='ltr'><strong>credimus</strong></span> <span class='ocrx_word' id='word_1_482' title='bbox 1205 3174 1270 3228; x_wconf 86' lang='lat' dir='ltr'><strong>ad</strong></span> <span class='ocrx_word' id='word_1_483' title='bbox 1300 3181 1484 3244; x_wconf 80' lang='lat' dir='ltr'><strong>typum</strong></span> <span class='ocrx_word' id='word_1_484' title='bbox 1517 3184 1749 3228; x_wconf 74' lang='lat' dir='ltr'><strong>terrenae</strong></span> <span class='ocrx_word' id='word_1_485' title='bbox 1775 3172 1957 3242; x_wconf 73' lang='lat' dir='ltr'><strong>huius,</strong></span> <span class='ocrx_word' id='word_1_486' title='bbox 1985 3183 2041 3228; x_wconf 86' lang='lat' dir='ltr'><strong>et</strong></span> <span class='ocrx_word' id='word_1_487' title='bbox 2067 3211 2108 3267; x_wconf 65' lang='grc' dir='ltr'>ο</span> <span class='ocrx_word' id='word_1_488' title='bbox 2142 3181 2319 3236; x_wconf 77' lang='grc' dir='ltr'><strong>υιιιιιῑε</strong></span> <span class='ocrx_word' id='word_1_489' title='bbox 2337 3193 2518 3234; x_wconf 87' lang='lat' dir='ltr'><strong>sermo</strong></span> <span class='ocrx_word' id='word_1_490' title='bbox 2541 3177 2779 3233; x_wconf 82' lang='lat' dir='ltr'><strong>caelestis</strong></span> <span class='ocrx_word' id='word_1_491' title='bbox 2823 3179 2915 3233; x_wconf 85' lang='lat' dir='ltr'><strong>sit.</strong></span> <span class='ocrx_word' id='word_1_492' title='bbox 2947 3177 3164 3244; x_wconf 86' lang='lat' dir='ltr'><strong>Quanto</strong></span> <span class='ocrx_word' id='word_1_493' title='bbox 3193 3177 3343 3230; x_wconf 86' lang='lat' dir='ltr'><strong>enim</strong></span> <span class='ocrx_word' id='word_1_494' title='bbox 3377 3190 3483 3228; x_wconf 88' lang='lat' dir='ltr'><strong>nos</strong></span> <span class='ocrx_word' id='word_1_495' title='bbox 3509 3175 3638 3228; x_wconf 92' lang='lat' dir='ltr'><strong>illuc</strong></span> <span class='ocrx_word' id='word_1_496' title='bbox 3661 3189 3740 3227; x_wconf 78' lang='lat' dir='ltr'><strong>ar-</strong></span> 
     </span>
    </p>
   </div>
   <div class='ocr_carea' id='block_1_33' title="bbox 461 3263 3734 3339">
    <p class='ocr_par' dir='ltr' id='par_1_33' title="bbox 461 3263 3734 3339">
     <span class='ocr_line' id='line_1_33' title="bbox 461 3263 3734 3339; baseline -0.004 -6"><span class='ocrx_word' id='word_1_497' title='bbox 461 3263 1496 3334; x_wconf 63' lang='lat' dir='ltr'><strong>quwscriplavidenturdehaclerrena</strong></span> <span class='ocrx_word' id='word_1_498' title='bbox 1517 3263 2039 3319; x_wconf 61' lang='lat' dir='ltr'><strong>adillamcazlestem</strong></span> <span class='ocrx_word' id='word_1_499' title='bbox 2078 3263 2107 3267; x_wconf 39' lang='grc' dir='ltr'><em>ί</em></span> <span class='ocrx_word' id='word_1_500' title='bbox 2143 3272 2361 3330; x_wconf 89' lang='lat' dir='ltr'><strong>dentius</strong></span> <span class='ocrx_word' id='word_1_501' title='bbox 2388 3273 2754 3338; x_wconf 79' lang='lat' dir='ltr'><strong>ascendimus,</strong></span> <span class='ocrx_word' id='word_1_502' title='bbox 2788 3280 2940 3326; x_wconf 84' lang='lat' dir='ltr'><strong>tanto</strong></span> <span class='ocrx_word' id='word_1_503' title='bbox 2974 3271 3047 3324; x_wconf 91' lang='lat' dir='ltr'><strong>illi</strong></span> <span class='ocrx_word' id='word_1_504' title='bbox 3073 3267 3521 3339; x_wconf 69' lang='lat' dir='ltr'><strong>praecipitandus</strong></span> <span class='ocrx_word' id='word_1_505' title='bbox 3558 3275 3734 3320; x_wconf 86' lang='lat' dir='ltr'><strong>ruent:</strong></span> 
     </span>
    </p>
   </div>
   <div class='ocr_carea' id='block_1_34' title="bbox 459 3358 3738 3436">
    <p class='ocr_par' dir='ltr' id='par_1_34' title="bbox 459 3358 3738 3436">
     <span class='ocr_line' id='line_1_34' title="bbox 459 3358 3738 3436; baseline -0.005 -21"><span class='ocrx_word' id='word_1_506' title='bbox 459 3360 623 3432; x_wconf 74' lang='lat'><strong>293</strong></span> <span class='ocrx_word' id='word_1_507' title='bbox 654 3362 854 3416; x_wconf 86' lang='lat' dir='ltr'><strong>reetius</strong></span> <span class='ocrx_word' id='word_1_508' title='bbox 880 3358 1110 3431; x_wconf 79' lang='lat' dir='ltr'><strong>Spiritali</strong></span> <span class='ocrx_word' id='word_1_509' title='bbox 1148 3359 1505 3430; x_wconf 88' lang='lat' dir='ltr'><strong>intelligentia</strong></span> <span class='ocrx_word' id='word_1_510' title='bbox 1536 3359 1902 3415; x_wconf 89' lang='lat' dir='ltr'><strong>conferemus.</strong></span> <span class='ocrx_word' id='word_1_511' title='bbox 1927 3359 2038 3414; x_wconf 84' lang='lat' dir='ltr'><strong>Ac-</strong></span> <span class='ocrx_word' id='word_1_512' title='bbox 2139 3375 2194 3422; x_wconf 86' lang='lat' dir='ltr'><strong>et</strong></span> <span class='ocrx_word' id='word_1_513' title='bbox 2217 3374 2423 3436; x_wconf 88' lang='lat' dir='ltr'><strong>quanto</strong></span> <span class='ocrx_word' id='word_1_514' title='bbox 2473 3381 2571 3420; x_wconf 91' lang='lat' dir='ltr'><strong>nos</strong></span> <span class='ocrx_word' id='word_1_515' title='bbox 2623 3365 2797 3434; x_wconf 89' lang='lat' dir='ltr'><strong>magis</strong></span> <span class='ocrx_word' id='word_1_516' title='bbox 2850 3377 3136 3433; x_wconf 88' lang='lat' dir='ltr'><strong>augetnur,</strong></span> <span class='ocrx_word' id='word_1_517' title='bbox 3169 3370 3324 3416; x_wconf 89' lang='lat' dir='ltr'><strong>tanto</strong></span> <span class='ocrx_word' id='word_1_518' title='bbox 3386 3361 3467 3414; x_wconf 78' lang='lat' dir='ltr'><strong>illi</strong></span> <span class='ocrx_word' id='word_1_519' title='bbox 3531 3360 3738 3414; x_wconf 62' lang='grc' dir='ltr'><strong>ίιιίετίο.</strong></span> 
     </span>
    </p>
   </div>
   <div class='ocr_carea' id='block_1_35' title="bbox 460 3450 3736 3529">
    <p class='ocr_par' dir='ltr' id='par_1_35' title="bbox 460 3450 3736 3529">
     <span class='ocr_line' id='line_1_35' title="bbox 460 3450 3736 3529; baseline -0.003 -14"><span class='ocrx_word' id='word_1_520' title='bbox 460 3455 726 3509; x_wconf 86' lang='lat' dir='ltr'><strong>cessimus</strong></span> <span class='ocrx_word' id='word_1_521' title='bbox 753 3467 902 3524; x_wconf 81' lang='lat' dir='ltr'><strong>ergo.</strong></span> <span class='ocrx_word' id='word_1_522' title='bbox 936 3455 1079 3511; x_wconf 83' lang='lat' dir='ltr'><strong>sicut</strong></span> <span class='ocrx_word' id='word_1_523' title='bbox 1126 3454 1327 3510; x_wconf 87' lang='lat' dir='ltr'><strong>Paulus</strong></span> <span class='ocrx_word' id='word_1_524' title='bbox 1359 3454 1509 3520; x_wconf 78' lang='lat' dir='ltr'><strong>dicit,</strong></span> <span class='ocrx_word' id='word_1_525' title='bbox 1537 3454 1602 3508; x_wconf 85' lang='lat' dir='ltr'><strong>ad</strong></span> <span class='ocrx_word' id='word_1_526' title='bbox 1639 3453 1922 3508; x_wconf 79' lang='lat' dir='ltr'><strong>caelestem</strong></span> <span class='ocrx_word' id='word_1_527' title='bbox 1949 3450 2043 3508; x_wconf 82' lang='lat' dir='ltr'><strong>Je-</strong></span> <span class='ocrx_word' id='word_1_528' title='bbox 2143 3473 2229 3514; x_wconf 91' lang='lat' dir='ltr'><strong>res</strong></span> <span class='ocrx_word' id='word_1_529' title='bbox 2260 3459 2370 3529; x_wconf 88' lang='lat'><strong>(89)</strong></span> <span class='ocrx_word' id='word_1_530' title='bbox 2405 3458 2555 3513; x_wconf 81' lang='lat' dir='ltr'><strong>fient.</strong></span> <span class='ocrx_word' id='word_1_531' title='bbox 2578 3455 2698 3510; x_wconf 82' lang='lat' dir='ltr'><strong>Vita</strong></span> <span class='ocrx_word' id='word_1_532' title='bbox 2724 3466 2910 3510; x_wconf 84' lang='lat' dir='ltr'><strong>nostra</strong></span> <span class='ocrx_word' id='word_1_533' title='bbox 2941 3455 2986 3510; x_wconf 90' lang='lat' dir='ltr'><strong>si</strong></span> <span class='ocrx_word' id='word_1_534' title='bbox 3021 3463 3210 3508; x_wconf 88' lang='lat' dir='ltr'><strong>sancta</strong></span> <span class='ocrx_word' id='word_1_535' title='bbox 3233 3454 3323 3517; x_wconf 88' lang='lat' dir='ltr'><strong>sit,</strong></span> <span class='ocrx_word' id='word_1_536' title='bbox 3368 3453 3414 3508; x_wconf 90' lang='lat' dir='ltr'><strong>si</strong></span> <span class='ocrx_word' id='word_1_537' title='bbox 3447 3453 3736 3508; x_wconf 74' lang='lat' dir='ltr'><strong>secundum</strong></span> 
     </span>
    </p>
   </div>
   <div class='ocr_carea' id='block_1_36' title="bbox 460 3543 3736 3616">
    <p class='ocr_par' dir='ltr' id='par_1_36' title="bbox 460 3543 3736 3616">
     <span class='ocr_line' id='line_1_36' title="bbox 460 3543 3736 3616; baseline 0 -19"><span class='ocrx_word' id='word_1_538' title='bbox 460 3543 716 3608; x_wconf 89' lang='lat' dir='ltr'><strong>rusalem,</strong></span> <span class='ocrx_word' id='word_1_539' title='bbox 743 3545 860 3600; x_wconf 91' lang='lat' dir='ltr'><strong>sine</strong></span> <span class='ocrx_word' id='word_1_540' title='bbox 911 3545 1078 3600; x_wconf 92' lang='lat' dir='ltr'><strong>dubio</strong></span> <span class='ocrx_word' id='word_1_541' title='bbox 1132 3555 1186 3600; x_wconf 90' lang='lat' dir='ltr'><strong>et</strong></span> <span class='ocrx_word' id='word_1_542' title='bbox 1226 3545 1292 3599; x_wconf 91' lang='lat' dir='ltr'><strong>ad</strong></span> <span class='ocrx_word' id='word_1_543' title='bbox 1342 3544 1616 3600; x_wconf 65' lang='lat' dir='ltr'><strong>caelestem</strong></span> <span class='ocrx_word' id='word_1_544' title='bbox 1665 3544 1903 3599; x_wconf 82' lang='lat' dir='ltr'><strong>Judaeam</strong></span> <span class='ocrx_word' id='word_1_545' title='bbox 1939 3561 1952 3598; x_wconf 91' lang='lat'><strong>:</strong></span> <span class='ocrx_word' id='word_1_546' title='bbox 1985 3551 2039 3598; x_wconf 84' lang='lat' dir='ltr'><strong>et</strong></span> <span class='ocrx_word' id='word_1_547' title='bbox 2144 3551 2310 3607; x_wconf 88' lang='lat' dir='ltr'><strong>Deum</strong></span> <span class='ocrx_word' id='word_1_548' title='bbox 2340 3551 2430 3616; x_wconf 87' lang='lat' dir='ltr'><strong>sit,</strong></span> <span class='ocrx_word' id='word_1_549' title='bbox 2468 3550 2572 3604; x_wconf 93' lang='lat' dir='ltr'><strong>illis</strong></span> <span class='ocrx_word' id='word_1_550' title='bbox 2605 3549 2855 3604; x_wconf 86' lang='lat' dir='ltr'><strong>conferet</strong></span> <span class='ocrx_word' id='word_1_551' title='bbox 2888 3557 3141 3602; x_wconf 90' lang='lat' dir='ltr'><strong>mortem.</strong></span> <span class='ocrx_word' id='word_1_552' title='bbox 3179 3543 3237 3599; x_wconf 89' lang='lat' dir='ltr'><strong>Si</strong></span> <span class='ocrx_word' id='word_1_553' title='bbox 3281 3546 3478 3615; x_wconf 86' lang='lat' dir='ltr'><strong>segnis</strong></span> <span class='ocrx_word' id='word_1_554' title='bbox 3509 3555 3568 3599; x_wconf 88' lang='lat' dir='ltr'><strong>et</strong></span> <span class='ocrx_word' id='word_1_555' title='bbox 3595 3545 3736 3597; x_wconf 81' lang='lat' dir='ltr'><strong>luxu-</strong></span> 
     </span>
    </p>
   </div>
   <div class='ocr_carea' id='block_1_37' title="bbox 460 3635 3738 3712">
    <p class='ocr_par' dir='ltr' id='par_1_37' title="bbox 460 3635 3738 3712">
     <span class='ocr_line' id='line_1_37' title="bbox 460 3635 3738 3712; baseline 0 -22"><span class='ocrx_word' id='word_1_556' title='bbox 460 3637 596 3690; x_wconf 87' lang='lat' dir='ltr'><strong>sicut</strong></span> <span class='ocrx_word' id='word_1_557' title='bbox 617 3635 692 3691; x_wconf 84' lang='lat' dir='ltr'><strong>illi</strong></span> <span class='ocrx_word' id='word_1_558' title='bbox 723 3637 789 3691; x_wconf 90' lang='lat' dir='ltr'><strong>de</strong></span> <span class='ocrx_word' id='word_1_559' title='bbox 810 3637 1057 3693; x_wconf 90' lang='lat' dir='ltr'><strong>terrestri</strong></span> <span class='ocrx_word' id='word_1_560' title='bbox 1087 3635 1269 3692; x_wconf 73' lang='lat' dir='ltr'><strong>Judaaa</strong></span> <span class='ocrx_word' id='word_1_561' title='bbox 1297 3637 1576 3705; x_wconf 87' lang='lat' dir='ltr'><strong>ejecerunt</strong></span> <span class='ocrx_word' id='word_1_562' title='bbox 1602 3636 1955 3702; x_wconf 73' lang='lat' dir='ltr'><strong>Chananaeos,</strong></span> <span class='ocrx_word' id='word_1_563' title='bbox 1987 3645 2042 3690; x_wconf 89' lang='lat' dir='ltr'><strong>et</strong></span> <span class='ocrx_word' id='word_1_564' title='bbox 2143 3647 2288 3701; x_wconf 74' lang='lat' dir='ltr'><strong>riosa</strong></span> <span class='ocrx_word' id='word_1_565' title='bbox 2315 3645 2405 3712; x_wconf 65' lang='lat' dir='ltr'><strong>sit,</strong></span> <span class='ocrx_word' id='word_1_566' title='bbox 2439 3650 2690 3712; x_wconf 84' lang='lat' dir='ltr'><strong>potentes</strong></span> <span class='ocrx_word' id='word_1_567' title='bbox 2716 3657 2808 3696; x_wconf 89' lang='lat' dir='ltr'><strong>eos</strong></span> <span class='ocrx_word' id='word_1_568' title='bbox 2847 3641 3134 3695; x_wconf 83' lang='lat' dir='ltr'><strong>adversum</strong></span> <span class='ocrx_word' id='word_1_569' title='bbox 3166 3653 3264 3693; x_wconf 86' lang='lat' dir='ltr'><strong>nos</strong></span> <span class='ocrx_word' id='word_1_570' title='bbox 3293 3647 3351 3692; x_wconf 84' lang='lat' dir='ltr'><strong>et</strong></span> <span class='ocrx_word' id='word_1_571' title='bbox 3385 3639 3640 3707; x_wconf 77' lang='lat' dir='ltr'><strong>gigantes</strong></span> <span class='ocrx_word' id='word_1_572' title='bbox 3671 3638 3738 3688; x_wconf 68' lang='lat' dir='ltr'><strong>fa-</strong></span> 
     </span>
    </p>
   </div>
   <div class='ocr_carea' id='block_1_38' title="bbox 461 3725 2007 3803">
    <p class='ocr_par' dir='ltr' id='par_1_38' title="bbox 461 3725 2007 3798">
     <span class='ocr_line' id='line_1_38' title="bbox 461 3725 2007 3798; baseline 0.001 -19"><span class='ocrx_word' id='word_1_573' title='bbox 461 3725 816 3792; x_wconf 66' lang='lat' dir='ltr'><strong>Plrerezmos,</strong></span> <span class='ocrx_word' id='word_1_574' title='bbox 852 3737 909 3782; x_wconf 88' lang='lat' dir='ltr'><strong>et</strong></span> <span class='ocrx_word' id='word_1_575' title='bbox 958 3727 1168 3793; x_wconf 83' lang='lat' dir='ltr'><strong>Evaeos,</strong></span> <span class='ocrx_word' id='word_1_576' title='bbox 1213 3727 1563 3797; x_wconf 88' lang='lat' dir='ltr'><strong>reliquasque</strong></span> <span class='ocrx_word' id='word_1_577' title='bbox 1603 3737 1836 3798; x_wconf 89' lang='lat' dir='ltr'><strong>gentes:</strong></span> <span class='ocrx_word' id='word_1_578' title='bbox 1870 3727 1942 3781; x_wconf 89' lang='lat' dir='ltr'><strong>ita</strong></span> <span class='ocrx_word' id='word_1_579' title='bbox 1985 3741 2007 3781; x_wconf 84' lang='grc' dir='ltr'>ε</span> 
     </span>
    </p>
   </div>
   <div class='ocr_carea' id='block_1_39' title="bbox 2191 3725 3737 3803">
    <p class='ocr_par' dir='ltr' id='par_1_39' title="bbox 2195 3730 3737 3803">
     <span class='ocr_line' id='line_1_39' title="bbox 2195 3730 3737 3803; baseline -0.006 -11"><span class='ocrx_word' id='word_1_580' title='bbox 2195 3747 2269 3793; x_wconf 91' lang='lat' dir='ltr'><strong>et.</strong></span> <span class='ocrx_word' id='word_1_581' title='bbox 2326 3737 2539 3803; x_wconf 86' lang='lat' dir='ltr'><strong>Quanto</strong></span> <span class='ocrx_word' id='word_1_582' title='bbox 2570 3749 2704 3801; x_wconf 85' lang='lat' dir='ltr'><strong>ergo</strong></span> <span class='ocrx_word' id='word_1_583' title='bbox 2749 3748 2849 3788; x_wconf 88' lang='lat' dir='ltr'><strong>nos</strong></span> <span class='ocrx_word' id='word_1_584' title='bbox 2898 3733 3192 3787; x_wconf 91' lang='lat' dir='ltr'><strong>virtutibus</strong></span> <span class='ocrx_word' id='word_1_585' title='bbox 3235 3730 3571 3792; x_wconf 85' lang='lat' dir='ltr'><strong>crescimus,</strong></span> <span class='ocrx_word' id='word_1_586' title='bbox 3604 3739 3737 3782; x_wconf 68' lang='lat' dir='ltr'><strong>[aulo</strong></span> 
     </span>
    </p>
   </div>
   <div class='ocr_carea' id='block_1_40' title="bbox 459 3819 2005 3893">
    <p class='ocr_par' dir='ltr' id='par_1_40' title="bbox 459 3819 2005 3890">
     <span class='ocr_line' id='line_1_40' title="bbox 459 3819 2005 3890; baseline 0.003 -18"><span class='ocrx_word' id='word_1_587' title='bbox 459 3819 680 3888; x_wconf 27' lang='lat' dir='ltr'><strong>nos&#39;qui</strong></span> <span class='ocrx_word' id='word_1_588' title='bbox 712 3821 1044 3876; x_wconf 89' lang='lat' dir='ltr'><strong>accessimus</strong></span> <span class='ocrx_word' id='word_1_589' title='bbox 1071 3823 1136 3876; x_wconf 89' lang='lat' dir='ltr'><strong>ad</strong></span> <span class='ocrx_word' id='word_1_590' title='bbox 1163 3835 1399 3876; x_wconf 87' lang='lat' dir='ltr'><strong>montem</strong></span> <span class='ocrx_word' id='word_1_591' title='bbox 1425 3823 1618 3887; x_wconf 91' lang='lat' dir='ltr'><strong>Dei,.et</strong></span> <span class='ocrx_word' id='word_1_592' title='bbox 1649 3823 1714 3874; x_wconf 93' lang='lat' dir='ltr'><strong>ad</strong></span> <span class='ocrx_word' id='word_1_593' title='bbox 1741 3834 1901 3890; x_wconf 81' lang='lat' dir='ltr'><strong>regna</strong></span> <span class='ocrx_word' id='word_1_594' title='bbox 1930 3835 2005 3876; x_wconf 75' lang='lat' dir='ltr'><strong>cm</strong></span> 
     </span>
    </p>
   </div>
   <div class='ocr_carea' id='block_1_41' title="bbox 2192 3819 3738 3893">
    <p class='ocr_par' dir='ltr' id='par_1_41' title="bbox 2192 3820 3738 3893">
     <span class='ocr_line' id='line_1_41' title="bbox 2192 3820 3738 3893; baseline -0.004 -13"><span class='ocrx_word' id='word_1_595' title='bbox 2192 3828 2216 3882; x_wconf 95' lang='lat' dir='ltr'><strong>li</strong></span> <span class='ocrx_word' id='word_1_596' title='bbox 2253 3827 2541 3882; x_wconf 86' lang='lat' dir='ltr'><strong>inferiores</strong></span> <span class='ocrx_word' id='word_1_597' title='bbox 2577 3823 2890 3880; x_wconf 84' lang='lat' dir='ltr'><strong>etliciuntur</strong></span> <span class='ocrx_word' id='word_1_598' title='bbox 2923 3834 2976 3878; x_wconf 90' lang='lat' dir='ltr'><strong>et</strong></span> <span class='ocrx_word' id='word_1_599' title='bbox 3001 3822 3247 3893; x_wconf 86' lang='lat' dir='ltr'><strong>fragiles.</strong></span> <span class='ocrx_word' id='word_1_600' title='bbox 3293 3820 3457 3875; x_wconf 91' lang='lat' dir='ltr'><strong>Sicut</strong></span> <span class='ocrx_word' id='word_1_601' title='bbox 3493 3830 3738 3876; x_wconf 79' lang='lat' dir='ltr'><strong>econtra-</strong></span> 
     </span>
    </p>
   </div>
   <div class='ocr_carea' id='block_1_42' title="bbox 461 3910 3733 3984">
    <p class='ocr_par' dir='ltr' id='par_1_42' title="bbox 461 3910 3733 3984">
     <span class='ocr_line' id='line_1_42' title="bbox 461 3910 3733 3984; baseline 0.002 -21"><span class='ocrx_word' id='word_1_602' title='bbox 461 3910 640 3976; x_wconf 90' lang='lat' dir='ltr'><strong>testia,</strong></span> <span class='ocrx_word' id='word_1_603' title='bbox 679 3926 900 3966; x_wconf 88' lang='lat' dir='ltr'><strong>necesse</strong></span> <span class='ocrx_word' id='word_1_604' title='bbox 931 3921 1014 3966; x_wconf 89' lang='lat' dir='ltr'><strong>est</strong></span> <span class='ocrx_word' id='word_1_605' title='bbox 1037 3921 1094 3966; x_wconf 87' lang='lat' dir='ltr'><strong>ut</strong></span> <span class='ocrx_word' id='word_1_606' title='bbox 1117 3911 1451 3968; x_wconf 91' lang='lat' dir='ltr'><strong>debellemns</strong></span> <span class='ocrx_word' id='word_1_607' title='bbox 1475 3913 1777 3969; x_wconf 86' lang='lat' dir='ltr'><strong>contrarias</strong></span> <span class='ocrx_word' id='word_1_608' title='bbox 1798 3921 2039 3982; x_wconf 88' lang='lat' dir='ltr'><strong>potesta-</strong></span> <span class='ocrx_word' id='word_1_609' title='bbox 2143 3922 2223 3975; x_wconf 70' lang='lat' dir='ltr'><strong>rio</strong></span> <span class='ocrx_word' id='word_1_610' title='bbox 2258 3920 2305 3975; x_wconf 85' lang='lat' dir='ltr'><strong>si</strong></span> <span class='ocrx_word' id='word_1_611' title='bbox 2359 3935 2458 3974; x_wconf 83' lang='lat' dir='ltr'><strong>nos</strong></span> <span class='ocrx_word' id='word_1_612' title='bbox 2491 3919 2834 3974; x_wconf 76' lang='lat' dir='ltr'><strong>inlirinemnr</strong></span> <span class='ocrx_word' id='word_1_613' title='bbox 2876 3928 2930 3972; x_wconf 83' lang='lat' dir='ltr'><strong>et</strong></span> <span class='ocrx_word' id='word_1_614' title='bbox 2970 3927 3186 3972; x_wconf 81' lang='lat' dir='ltr'><strong>terrena</strong></span> <span class='ocrx_word' id='word_1_615' title='bbox 3242 3917 3626 3984; x_wconf 85' lang='lat' dir='ltr'><strong>requiramus,</strong></span> <span class='ocrx_word' id='word_1_616' title='bbox 3667 3914 3733 3967; x_wconf 92' lang='lat' dir='ltr'><strong>illi</strong></span> 
     </span>
    </p>
   </div>
   <div class='ocr_carea' id='block_1_43' title="bbox 463 4000 3731 4078">
    <p class='ocr_par' dir='ltr' id='par_1_43' title="bbox 463 4000 3731 4078">
     <span class='ocr_line' id='line_1_43' title="bbox 463 4000 3731 4078; baseline 0.002 -24"><span class='ocrx_word' id='word_1_617' title='bbox 463 4009 566 4065; x_wconf 86' lang='lat' dir='ltr'><strong>tes,</strong></span> <span class='ocrx_word' id='word_1_618' title='bbox 591 4009 646 4055; x_wconf 88' lang='lat' dir='ltr'><strong>et</strong></span> <span class='ocrx_word' id='word_1_619' title='bbox 691 4000 955 4070; x_wconf 86' lang='lat' dir='ltr'><strong>spiritalia</strong></span> <span class='ocrx_word' id='word_1_620' title='bbox 1013 4004 1265 4072; x_wconf 86' lang='lat' dir='ltr'><strong>nequitiae</strong></span> <span class='ocrx_word' id='word_1_621' title='bbox 1319 4005 1371 4058; x_wconf 94' lang='lat' dir='ltr'><strong>in</strong></span> <span class='ocrx_word' id='word_1_622' title='bbox 1407 4005 1722 4060; x_wconf 82' lang='lat' dir='ltr'><strong>coelestibus</strong></span> <span class='ocrx_word' id='word_1_623' title='bbox 1755 4020 1768 4056; x_wconf 87' lang='lat'><strong>:</strong></span> <span class='ocrx_word' id='word_1_624' title='bbox 1797 4015 1853 4060; x_wconf 87' lang='lat' dir='ltr'><strong>et</strong></span> <span class='ocrx_word' id='word_1_625' title='bbox 1899 4004 2042 4060; x_wconf 86' lang='lat' dir='ltr'><strong>sicut</strong></span> <span class='ocrx_word' id='word_1_626' title='bbox 2143 4011 2402 4072; x_wconf 68' lang='lat' dir='ltr'><strong>fortiores</strong></span> <span class='ocrx_word' id='word_1_627' title='bbox 2435 4011 2591 4067; x_wconf 81' lang='lat' dir='ltr'><strong>ﬁunt,</strong></span> <span class='ocrx_word' id='word_1_628' title='bbox 2625 4009 2694 4064; x_wconf 90' lang='lat' dir='ltr'><strong>Et</strong></span> <span class='ocrx_word' id='word_1_629' title='bbox 2743 4017 2945 4078; x_wconf 88' lang='lat' dir='ltr'><strong>quanto</strong></span> <span class='ocrx_word' id='word_1_630' title='bbox 2980 4023 3079 4062; x_wconf 91' lang='lat' dir='ltr'><strong>nos</strong></span> <span class='ocrx_word' id='word_1_631' title='bbox 3125 4007 3422 4061; x_wconf 84' lang='lat' dir='ltr'><strong>dilatantur</strong></span> <span class='ocrx_word' id='word_1_632' title='bbox 3457 4007 3514 4060; x_wconf 91' lang='lat' dir='ltr'><strong>in</strong></span> <span class='ocrx_word' id='word_1_633' title='bbox 3567 4006 3731 4066; x_wconf 82' lang='lat' dir='ltr'><strong>terris.</strong></span> 
     </span>
    </p>
   </div>
   <div class='ocr_carea' id='block_1_44' title="bbox 461 4090 3732 4175">
    <p class='ocr_par' dir='ltr' id='par_1_44' title="bbox 461 4090 3732 4175">
     <span class='ocr_line' id='line_1_44' title="bbox 461 4090 3732 4175; baseline -0.001 -28"><span class='ocrx_word' id='word_1_634' title='bbox 461 4092 537 4147; x_wconf 88' lang='lat' dir='ltr'><strong>illi</strong></span> <span class='ocrx_word' id='word_1_635' title='bbox 559 4092 838 4161; x_wconf 89' lang='lat' dir='ltr'><strong>ejecerunt</strong></span> <span class='ocrx_word' id='word_1_636' title='bbox 883 4090 1186 4147; x_wconf 85' lang='lat' dir='ltr'><strong>Jebusaeum</strong></span> <span class='ocrx_word' id='word_1_637' title='bbox 1215 4097 1280 4150; x_wconf 90' lang='lat' dir='ltr'><strong>de</strong></span> <span class='ocrx_word' id='word_1_638' title='bbox 1307 4095 1624 4175; x_wconf 88' lang='lat' dir='ltr'><strong>Jerusalem,</strong></span> <span class='ocrx_word' id='word_1_639' title='bbox 1657 4105 1711 4151; x_wconf 89' lang='lat' dir='ltr'><strong>et</strong></span> <span class='ocrx_word' id='word_1_640' title='bbox 1743 4111 1862 4165; x_wconf 78' lang='lat' dir='ltr'><strong>quae</strong></span> <span class='ocrx_word' id='word_1_641' title='bbox 1889 4094 2042 4165; x_wconf 79' lang='lat' dir='ltr'><strong>prius</strong></span> <span class='ocrx_word' id='word_1_642' title='bbox 2145 4112 2298 4159; x_wconf 90' lang='lat' dir='ltr'><strong>tanto</strong></span> <span class='ocrx_word' id='word_1_643' title='bbox 2323 4101 2429 4157; x_wconf 90' lang='lat' dir='ltr'><strong>illis</strong></span> <span class='ocrx_word' id='word_1_644' title='bbox 2461 4102 2638 4172; x_wconf 79' lang='lat' dir='ltr'><strong>Spatia</strong></span> <span class='ocrx_word' id='word_1_645' title='bbox 2665 4101 2716 4156; x_wconf 93' lang='lat' dir='ltr'><strong>in</strong></span> <span class='ocrx_word' id='word_1_646' title='bbox 2742 4099 3057 4156; x_wconf 84' lang='lat' dir='ltr'><strong>coelestibus</strong></span> <span class='ocrx_word' id='word_1_647' title='bbox 3093 4098 3326 4169; x_wconf 88' lang='lat' dir='ltr'><strong>largiora</strong></span> <span class='ocrx_word' id='word_1_648' title='bbox 3365 4099 3732 4154; x_wconf 79' lang='lat' dir='ltr'><strong>concedimus.</strong></span> 
     </span>
    </p>
   </div>
   <div class='ocr_carea' id='block_1_45' title="bbox 459 4181 3732 4264">
    <p class='ocr_par' dir='ltr' id='par_1_45' title="bbox 459 4181 3732 4264">
     <span class='ocr_line' id='line_1_45' title="bbox 459 4181 3732 4264; baseline 0.001 -26"><span class='ocrx_word' id='word_1_649' title='bbox 459 4182 626 4238; x_wconf 87' lang='lat' dir='ltr'><strong>Jcbus</strong></span> <span class='ocrx_word' id='word_1_650' title='bbox 654 4190 848 4238; x_wconf 84' lang='lat' dir='ltr'><strong>vocata</strong></span> <span class='ocrx_word' id='word_1_651' title='bbox 877 4181 1079 4249; x_wconf 89' lang='lat' dir='ltr'><strong>fuerat,</strong></span> <span class='ocrx_word' id='word_1_652' title='bbox 1107 4188 1448 4252; x_wconf 89' lang='lat' dir='ltr'><strong>postmodum</strong></span> <span class='ocrx_word' id='word_1_653' title='bbox 1480 4186 1745 4257; x_wconf 88' lang='lat' dir='ltr'><strong>appellata</strong></span> <span class='ocrx_word' id='word_1_654' title='bbox 1769 4197 1854 4242; x_wconf 90' lang='lat' dir='ltr'><strong>est</strong></span> <span class='ocrx_word' id='word_1_655' title='bbox 1877 4186 2040 4242; x_wconf 89' lang='lat' dir='ltr'><strong>Jeru-</strong></span> <span class='ocrx_word' id='word_1_656' title='bbox 2144 4193 2299 4248; x_wconf 71' lang='lat' dir='ltr'><strong>Unde</strong></span> <span class='ocrx_word' id='word_1_657' title='bbox 2327 4193 2430 4247; x_wconf 82' lang='lat' dir='ltr'><strong>hoc</strong></span> <span class='ocrx_word' id='word_1_658' title='bbox 2472 4193 2646 4264; x_wconf 73' lang='lat' dir='ltr'><strong>magis</strong></span> <span class='ocrx_word' id='word_1_659' title='bbox 2709 4207 2957 4262; x_wconf 75' lang='lat' dir='ltr'><strong>agamus,</strong></span> <span class='ocrx_word' id='word_1_660' title='bbox 2983 4199 3045 4244; x_wconf 88' lang='lat' dir='ltr'><strong>ut</strong></span> <span class='ocrx_word' id='word_1_661' title='bbox 3095 4188 3251 4244; x_wconf 90' lang='lat' dir='ltr'><strong>nobis</strong></span> <span class='ocrx_word' id='word_1_662' title='bbox 3297 4189 3732 4258; x_wconf 78' lang='lat' dir='ltr'><strong>augescentibus,</strong></span> 
     </span>
    </p>
   </div>
   <div class='ocr_carea' id='block_1_46' title="bbox 461 4279 3731 4353">
    <p class='ocr_par' dir='ltr' id='par_1_46' title="bbox 461 4279 3731 4353">
     <span class='ocr_line' id='line_1_46' title="bbox 461 4279 3731 4353; baseline -0 -21"><span class='ocrx_word' id='word_1_663' title='bbox 461 4279 631 4333; x_wconf 84' lang='lat' dir='ltr'><strong>salem</strong></span> <span class='ocrx_word' id='word_1_664' title='bbox 664 4297 677 4334; x_wconf 90' lang='lat'><strong>:</strong></span> <span class='ocrx_word' id='word_1_665' title='bbox 716 4280 790 4334; x_wconf 89' lang='lat' dir='ltr'><strong>ita</strong></span> <span class='ocrx_word' id='word_1_666' title='bbox 837 4288 892 4335; x_wconf 90' lang='lat' dir='ltr'><strong>et</strong></span> <span class='ocrx_word' id='word_1_667' title='bbox 947 4295 1046 4335; x_wconf 90' lang='lat' dir='ltr'><strong>nos</strong></span> <span class='ocrx_word' id='word_1_668' title='bbox 1077 4289 1311 4349; x_wconf 89' lang='lat' dir='ltr'><strong>oportet,</strong></span> <span class='ocrx_word' id='word_1_669' title='bbox 1343 4291 1401 4335; x_wconf 91' lang='lat' dir='ltr'><strong>ut</strong></span> <span class='ocrx_word' id='word_1_670' title='bbox 1445 4281 1518 4336; x_wconf 92' lang='lat' dir='ltr'><strong>ita</strong></span> <span class='ocrx_word' id='word_1_671' title='bbox 1551 4282 1751 4347; x_wconf 91' lang='lat' dir='ltr'><strong>dicam,</strong></span> <span class='ocrx_word' id='word_1_672' title='bbox 1773 4282 2043 4350; x_wconf 79' lang='lat' dir='ltr'><strong>expellere</strong></span> <span class='ocrx_word' id='word_1_673' title='bbox 2144 4286 2219 4340; x_wconf 90' lang='lat' dir='ltr'><strong>illi</strong></span> <span class='ocrx_word' id='word_1_674' title='bbox 2247 4287 2602 4352; x_wconf 90' lang='lat' dir='ltr'><strong>minuantur;</strong></span> <span class='ocrx_word' id='word_1_675' title='bbox 2645 4284 2800 4339; x_wconf 82' lang='lat' dir='ltr'><strong>nobis</strong></span> <span class='ocrx_word' id='word_1_676' title='bbox 2825 4283 3275 4353; x_wconf 80' lang='lat' dir='ltr'><strong>ingredientibus,</strong></span> <span class='ocrx_word' id='word_1_677' title='bbox 3309 4281 3387 4334; x_wconf 91' lang='lat' dir='ltr'><strong>illi</strong></span> <span class='ocrx_word' id='word_1_678' title='bbox 3414 4281 3685 4350; x_wconf 85' lang='lat' dir='ltr'><strong>pellantur</strong></span> <span class='ocrx_word' id='word_1_679' title='bbox 3716 4296 3731 4331; x_wconf 90' lang='lat'>:</span> 
     </span>
    </p>
   </div>
   <div class='ocr_carea' id='block_1_47' title="bbox 461 4372 3730 4446">
    <p class='ocr_par' dir='ltr' id='par_1_47' title="bbox 461 4372 3730 4446">
     <span class='ocr_line' id='line_1_47' title="bbox 461 4372 3730 4446; baseline -0.002 -18"><span class='ocrx_word' id='word_1_680' title='bbox 461 4375 612 4446; x_wconf 90' lang='lat' dir='ltr'><strong>prius</strong></span> <span class='ocrx_word' id='word_1_681' title='bbox 656 4372 960 4430; x_wconf 70' lang='lat' dir='ltr'><strong>Jebusaaum</strong></span> <span class='ocrx_word' id='word_1_682' title='bbox 991 4375 1058 4429; x_wconf 88' lang='lat' dir='ltr'><strong>de</strong></span> <span class='ocrx_word' id='word_1_683' title='bbox 1103 4373 1430 4440; x_wconf 88' lang='lat' dir='ltr'><strong>Jerusalem,</strong></span> <span class='ocrx_word' id='word_1_684' title='bbox 1471 4384 1524 4430; x_wconf 88' lang='lat' dir='ltr'><strong>et</strong></span> <span class='ocrx_word' id='word_1_685' title='bbox 1561 4375 1640 4430; x_wconf 90' lang='lat' dir='ltr'><strong>sic</strong></span> <span class='ocrx_word' id='word_1_686' title='bbox 1671 4374 2039 4430; x_wconf 61' lang='lat' dir='ltr'><strong>haereditatem</strong></span> <span class='ocrx_word' id='word_1_687' title='bbox 2145 4379 2300 4433; x_wconf 92' lang='lat' dir='ltr'><strong>nobis</strong></span> <span class='ocrx_word' id='word_1_688' title='bbox 2336 4377 2783 4442; x_wconf 84' lang='lat' dir='ltr'><strong>ascendentibus,</strong></span> <span class='ocrx_word' id='word_1_689' title='bbox 2817 4374 2893 4429; x_wconf 83' lang='lat' dir='ltr'><strong>illi</strong></span> <span class='ocrx_word' id='word_1_690' title='bbox 2946 4373 3146 4429; x_wconf 89' lang='lat' dir='ltr'><strong>cadant</strong></span> <span class='ocrx_word' id='word_1_691' title='bbox 3180 4389 3194 4425; x_wconf 91' lang='lat'><strong>:</strong></span> <span class='ocrx_word' id='word_1_692' title='bbox 3229 4374 3450 4428; x_wconf 90' lang='lat' dir='ltr'><strong>sicutet</strong></span> <span class='ocrx_word' id='word_1_693' title='bbox 3485 4373 3575 4425; x_wconf 87' lang='lat' dir='ltr'><strong>ille</strong></span> <span class='ocrx_word' id='word_1_694' title='bbox 3599 4372 3730 4426; x_wconf 84' lang='lat' dir='ltr'><strong>ceci-</strong></span> 
     </span>
    </p>
   </div>
   <div class='ocr_carea' id='block_1_48' title="bbox 462 4463 3732 4538">
    <p class='ocr_par' dir='ltr' id='par_1_48' title="bbox 462 4463 3732 4538">
     <span class='ocr_line' id='line_1_48' title="bbox 462 4463 3732 4538; baseline -0.001 -20"><span class='ocrx_word' id='word_1_695' title='bbox 462 4466 580 4535; x_wconf 86' lang='lat' dir='ltr'><strong>ejus</strong></span> <span class='ocrx_word' id='word_1_696' title='bbox 611 4469 891 4538; x_wconf 86' lang='lat' dir='ltr'><strong>consequi.</strong></span> <span class='ocrx_word' id='word_1_697' title='bbox 935 4468 1043 4524; x_wconf 90' lang='lat' dir='ltr'><strong>Sed</strong></span> <span class='ocrx_word' id='word_1_698' title='bbox 1096 4469 1169 4524; x_wconf 93' lang='lat' dir='ltr'><strong>illi</strong></span> <span class='ocrx_word' id='word_1_699' title='bbox 1221 4469 1441 4538; x_wconf 89' lang='lat' dir='ltr'><strong>quidem</strong></span> <span class='ocrx_word' id='word_1_700' title='bbox 1483 4467 1596 4521; x_wconf 58' lang='lat' dir='ltr'><strong>haec</strong></span> <span class='ocrx_word' id='word_1_701' title='bbox 1633 4466 1908 4520; x_wconf 88' lang='lat' dir='ltr'><strong>faciebant</strong></span> <span class='ocrx_word' id='word_1_702' title='bbox 1951 4481 2042 4519; x_wconf 91' lang='lat' dir='ltr'><strong>ar-</strong></span> <span class='ocrx_word' id='word_1_703' title='bbox 2147 4470 2243 4532; x_wconf 85' lang='lat' dir='ltr'><strong>dit,</strong></span> <span class='ocrx_word' id='word_1_704' title='bbox 2273 4470 2341 4524; x_wconf 91' lang='lat' dir='ltr'><strong>de</strong></span> <span class='ocrx_word' id='word_1_705' title='bbox 2371 4484 2477 4538; x_wconf 89' lang='lat' dir='ltr'><strong>quo</strong></span> <span class='ocrx_word' id='word_1_706' title='bbox 2510 4468 2641 4524; x_wconf 87' lang='lat' dir='ltr'><strong>dicit</strong></span> <span class='ocrx_word' id='word_1_707' title='bbox 2682 4467 2945 4522; x_wconf 92' lang='lat' dir='ltr'><strong>Dominus</strong></span> <span class='ocrx_word' id='word_1_708' title='bbox 2985 4465 3040 4519; x_wconf 92' lang='lat' dir='ltr'><strong>in</strong></span> <span class='ocrx_word' id='word_1_709' title='bbox 3088 4463 3388 4533; x_wconf 68' lang='lat' dir='ltr'><strong>Evangelia</strong></span> <span class='ocrx_word' id='word_1_710' title='bbox 3422 4464 3518 4517; x_wconf 69' lang='grc' dir='ltr'><strong>’σε</strong></span> <span class='ocrx_word' id='word_1_711' title='bbox 3559 4481 3579 4514; x_wconf 75' lang='grc' dir='ltr'>ι</span> <span class='ocrx_word' id='word_1_712' title='bbox 3609 4463 3732 4516; x_wconf 84' lang='lat' dir='ltr'><strong>Ecce</strong></span> 
     </span>
    </p>
   </div>
   <div class='ocr_carea' id='block_1_49' title="bbox 463 4555 3727 4629">
    <p class='ocr_par' dir='ltr' id='par_1_49' title="bbox 463 4555 3727 4629">
     <span class='ocr_line' id='line_1_49' title="bbox 463 4555 3727 4629; baseline -0.001 -19"><span class='ocrx_word' id='word_1_713' title='bbox 463 4560 566 4612; x_wconf 91' lang='lat' dir='ltr'><strong>mis</strong></span> <span class='ocrx_word' id='word_1_714' title='bbox 613 4561 950 4628; x_wconf 84' lang='lat' dir='ltr'><strong>visibilibus,</strong></span> <span class='ocrx_word' id='word_1_715' title='bbox 989 4567 1087 4617; x_wconf 79' lang='lat' dir='ltr'><strong>nos</strong></span> <span class='ocrx_word' id='word_1_716' title='bbox 1138 4577 1269 4616; x_wconf 85' lang='lat' dir='ltr'><strong>vero</strong></span> <span class='ocrx_word' id='word_1_717' title='bbox 1317 4559 1699 4616; x_wconf 87' lang='lat' dir='ltr'><strong>invisibilibus.</strong></span> <span class='ocrx_word' id='word_1_718' title='bbox 1732 4559 1811 4613; x_wconf 90' lang='lat' dir='ltr'><strong>Illi</strong></span> <span class='ocrx_word' id='word_1_719' title='bbox 1856 4559 2040 4614; x_wconf 90' lang='lat' dir='ltr'><strong>vince-</strong></span> <span class='ocrx_word' id='word_1_720' title='bbox 2071 4559 2116 4614; x_wconf 91' lang='lat' dir='ltr'><strong>D</strong></span> <span class='ocrx_word' id='word_1_721' title='bbox 2147 4563 2252 4617; x_wconf 91' lang='lat' dir='ltr'><strong>vidi</strong></span> <span class='ocrx_word' id='word_1_722' title='bbox 2309 4562 2569 4616; x_wconf 86' lang='lat' dir='ltr'><strong>Satanam</strong></span> <span class='ocrx_word' id='word_1_723' title='bbox 2613 4560 2756 4615; x_wconf 89' lang='lat' dir='ltr'><strong>sicut</strong></span> <span class='ocrx_word' id='word_1_724' title='bbox 2795 4557 2976 4629; x_wconf 87' lang='lat' dir='ltr'><strong>fulgur</strong></span> <span class='ocrx_word' id='word_1_725' title='bbox 3028 4559 3310 4612; x_wconf 88' lang='lat' dir='ltr'><strong>cadentem</strong></span> <span class='ocrx_word' id='word_1_726' title='bbox 3364 4555 3434 4612; x_wconf 88' lang='lat' dir='ltr'><strong>de</strong></span> <span class='ocrx_word' id='word_1_727' title='bbox 3474 4557 3652 4620; x_wconf 74' lang='lat' dir='ltr'><strong>coelo;</strong></span> <span class='ocrx_word' id='word_1_728' title='bbox 3708 4572 3727 4606; x_wconf 74' lang='grc' dir='ltr'>ι</span> 
     </span>
    </p>
   </div>
   <div class='ocr_carea' id='block_1_50' title="bbox 463 4648 3732 4725">
    <p class='ocr_par' dir='ltr' id='par_1_50' title="bbox 463 4648 3732 4725">
     <span class='ocr_line' id='line_1_50' title="bbox 463 4648 3732 4725; baseline -0.002 -22"><span class='ocrx_word' id='word_1_729' title='bbox 463 4651 593 4706; x_wconf 85' lang='lat' dir='ltr'><strong>bant</strong></span> <span class='ocrx_word' id='word_1_730' title='bbox 648 4654 1019 4723; x_wconf 87' lang='lat' dir='ltr'><strong>corporalibus</strong></span> <span class='ocrx_word' id='word_1_731' title='bbox 1052 4655 1273 4725; x_wconf 76' lang='lat' dir='ltr'><strong>praeliis,</strong></span> <span class='ocrx_word' id='word_1_732' title='bbox 1307 4668 1405 4708; x_wconf 90' lang='lat' dir='ltr'><strong>nos</strong></span> <span class='ocrx_word' id='word_1_733' title='bbox 1437 4662 1617 4708; x_wconf 87' lang='lat' dir='ltr'><strong>autem</strong></span> <span class='ocrx_word' id='word_1_734' title='bbox 1663 4649 1895 4722; x_wconf 87' lang='lat' dir='ltr'><strong>spiritali</strong></span> <span class='ocrx_word' id='word_1_735' title='bbox 1923 4665 2041 4706; x_wconf 88' lang='lat' dir='ltr'><strong>cer—</strong></span> <span class='ocrx_word' id='word_1_736' title='bbox 2149 4664 2209 4708; x_wconf 92' lang='lat' dir='ltr'><strong>ut</strong></span> <span class='ocrx_word' id='word_1_737' title='bbox 2268 4654 2374 4709; x_wconf 89' lang='lat' dir='ltr'><strong>illis</strong></span> <span class='ocrx_word' id='word_1_738' title='bbox 2415 4655 2706 4724; x_wconf 88' lang='lat' dir='ltr'><strong>projectis,</strong></span> <span class='ocrx_word' id='word_1_739' title='bbox 2764 4651 3072 4705; x_wconf 86' lang='lat' dir='ltr'><strong>introducat</strong></span> <span class='ocrx_word' id='word_1_740' title='bbox 3119 4664 3220 4704; x_wconf 91' lang='lat' dir='ltr'><strong>nos</strong></span> <span class='ocrx_word' id='word_1_741' title='bbox 3285 4648 3414 4704; x_wconf 92' lang='lat' dir='ltr'><strong>illuc</strong></span> <span class='ocrx_word' id='word_1_742' title='bbox 3487 4649 3732 4703; x_wconf 80' lang='lat' dir='ltr'><strong>Dominus</strong></span> 
     </span>
    </p>
   </div>
   <div class='ocr_carea' id='block_1_51' title="bbox 464 4743 3732 4815">
    <p class='ocr_par' dir='ltr' id='par_1_51' title="bbox 464 4743 3732 4815">
     <span class='ocr_line' id='line_1_51' title="bbox 464 4743 3732 4815; baseline 0 -19"><span class='ocrx_word' id='word_1_743' title='bbox 464 4744 666 4798; x_wconf 90' lang='lat' dir='ltr'><strong>tamine</strong></span> <span class='ocrx_word' id='word_1_744' title='bbox 697 4761 1042 4814; x_wconf 89' lang='lat' dir='ltr'><strong>superamus.</strong></span> <span class='ocrx_word' id='word_1_745' title='bbox 2149 4757 2336 4802; x_wconf 90' lang='lat' dir='ltr'><strong>uoster</strong></span> <span class='ocrx_word' id='word_1_746' title='bbox 2383 4746 2560 4812; x_wconf 90' lang='lat' dir='ltr'><strong>Jesus,</strong></span> <span class='ocrx_word' id='word_1_747' title='bbox 2615 4755 2670 4802; x_wconf 90' lang='lat' dir='ltr'><strong>et</strong></span> <span class='ocrx_word' id='word_1_748' title='bbox 2713 4745 2996 4815; x_wconf 87' lang='lat' dir='ltr'><strong>percipere</strong></span> <span class='ocrx_word' id='word_1_749' title='bbox 3033 4757 3260 4812; x_wconf 89' lang='lat' dir='ltr'><strong>regnum</strong></span> <span class='ocrx_word' id='word_1_750' title='bbox 3307 4757 3473 4796; x_wconf 88' lang='lat' dir='ltr'><strong>suum</strong></span> <span class='ocrx_word' id='word_1_751' title='bbox 3525 4743 3732 4797; x_wconf 76' lang='lat' dir='ltr'><strong>cceleste</strong></span> 
     </span>
    </p>
   </div>
   <div class='ocr_carea' id='block_1_52' title="bbox 533 4833 3731 4908">
    <p class='ocr_par' dir='ltr' id='par_1_52' title="bbox 533 4833 3731 4908">
     <span class='ocr_line' id='line_1_52' title="bbox 533 4833 3731 4908; baseline 0 -21"><span class='ocrx_word' id='word_1_752' title='bbox 533 4834 587 4888; x_wconf 86' lang='lat'><strong>6.</strong></span> <span class='ocrx_word' id='word_1_753' title='bbox 630 4835 780 4901; x_wconf 87' lang='lat' dir='ltr'><strong>Quod</strong></span> <span class='ocrx_word' id='word_1_754' title='bbox 813 4839 857 4891; x_wconf 91' lang='lat' dir='ltr'><strong>si</strong></span> <span class='ocrx_word' id='word_1_755' title='bbox 882 4839 963 4894; x_wconf 87' lang='lat' dir='ltr'><strong>vis</strong></span> <span class='ocrx_word' id='word_1_756' title='bbox 985 4839 1192 4902; x_wconf 90' lang='lat' dir='ltr'><strong>audire,</strong></span> <span class='ocrx_word' id='word_1_757' title='bbox 1221 4838 1447 4901; x_wconf 87' lang='lat' dir='ltr'><strong>Paulus,</strong></span> <span class='ocrx_word' id='word_1_758' title='bbox 1476 4836 1566 4907; x_wconf 91' lang='lat' dir='ltr'><strong>qui</strong></span> <span class='ocrx_word' id='word_1_759' title='bbox 1597 4851 1703 4891; x_wconf 91' lang='lat' dir='ltr'><strong>non</strong></span> <span class='ocrx_word' id='word_1_760' title='bbox 1726 4835 1898 4891; x_wconf 91' lang='lat' dir='ltr'><strong>solum</strong></span> <span class='ocrx_word' id='word_1_761' title='bbox 1927 4850 2042 4888; x_wconf 91' lang='lat' dir='ltr'><strong>ma-</strong></span> <span class='ocrx_word' id='word_1_762' title='bbox 2148 4837 2428 4891; x_wconf 87' lang='lat' dir='ltr'><strong>concedat.</strong></span> <span class='ocrx_word' id='word_1_763' title='bbox 2476 4836 2584 4908; x_wconf 91' lang='lat' dir='ltr'><strong>Ipsi</strong></span> <span class='ocrx_word' id='word_1_764' title='bbox 2623 4835 2797 4904; x_wconf 82' lang='lat' dir='ltr'><strong>gloria</strong></span> <span class='ocrx_word' id='word_1_765' title='bbox 2828 4833 2882 4890; x_wconf 91' lang='lat' dir='ltr'><strong>in</strong></span> <span class='ocrx_word' id='word_1_766' title='bbox 2923 4842 3126 4890; x_wconf 66' lang='lat' dir='ltr'><strong>aeterna</strong></span> <span class='ocrx_word' id='word_1_767' title='bbox 3157 4833 3357 4889; x_wconf 72' lang='lat' dir='ltr'><strong>saecula</strong></span> <span class='ocrx_word' id='word_1_768' title='bbox 3393 4833 3731 4889; x_wconf 64' lang='lat' dir='ltr'><strong>saeculorum.</strong></span> 
     </span>
    </p>
   </div>
   <div class='ocr_carea' id='block_1_53' title="bbox 462 4927 2339 4999">
    <p class='ocr_par' dir='ltr' id='par_1_53' title="bbox 462 4927 2339 4999">
     <span class='ocr_line' id='line_1_53' title="bbox 462 4927 2339 4999; baseline 0.004 -20"><span class='ocrx_word' id='word_1_769' title='bbox 462 4927 630 4995; x_wconf 89' lang='lat' dir='ltr'><strong>gister</strong></span> <span class='ocrx_word' id='word_1_770' title='bbox 653 4927 918 4995; x_wconf 89' lang='lat' dir='ltr'><strong>gentium,</strong></span> <span class='ocrx_word' id='word_1_771' title='bbox 961 4931 1056 4984; x_wconf 91' lang='lat' dir='ltr'><strong>sed</strong></span> <span class='ocrx_word' id='word_1_772' title='bbox 1107 4941 1161 4984; x_wconf 89' lang='lat' dir='ltr'><strong>et</strong></span> <span class='ocrx_word' id='word_1_773' title='bbox 1211 4931 1422 4985; x_wconf 80' lang='lat' dir='ltr'><strong>militiae</strong></span> <span class='ocrx_word' id='word_1_774' title='bbox 1455 4929 1615 4999; x_wconf 87' lang='lat' dir='ltr'><strong>hujus</strong></span> <span class='ocrx_word' id='word_1_775' title='bbox 1644 4927 1904 4998; x_wconf 86' lang='lat' dir='ltr'><strong>magister</strong></span> <span class='ocrx_word' id='word_1_776' title='bbox 1933 4937 2037 4992; x_wconf 86' lang='lat' dir='ltr'><strong>est,</strong></span> <span class='ocrx_word' id='word_1_777' title='bbox 2149 4935 2339 4988; x_wconf 77' lang='lat' dir='ltr'><strong>Amen.</strong></span> 
     </span>
    </p>
   </div>
   <div class='ocr_carea' id='block_1_54' title="bbox 459 5017 3172 5090">
    <p class='ocr_par' dir='ltr' id='par_1_54' title="bbox 459 5017 3172 5090">
     <span class='ocr_line' id='line_1_54' title="bbox 459 5017 3172 5090; baseline 0.004 -24"><span class='ocrx_word' id='word_1_778' title='bbox 459 5017 731 5084; x_wconf 77' lang='lat' dir='ltr'><strong>quomodo</strong></span> <span class='ocrx_word' id='word_1_779' title='bbox 759 5021 1081 5088; x_wconf 73' lang='lat' dir='ltr'><strong>pugnaverit.</strong></span> <span class='ocrx_word' id='word_1_780' title='bbox 1104 5023 1268 5087; x_wconf 79' lang='lat' dir='ltr'><strong>prior,</strong></span> <span class='ocrx_word' id='word_1_781' title='bbox 1287 5020 1410 5074; x_wconf 87' lang='lat' dir='ltr'><strong>audi</strong></span> <span class='ocrx_word' id='word_1_782' title='bbox 1437 5021 1564 5090; x_wconf 86' lang='lat' dir='ltr'><strong>quid</strong></span> <span class='ocrx_word' id='word_1_783' title='bbox 1590 5020 1704 5087; x_wconf 83' lang='lat' dir='ltr'><strong>ipse</strong></span> <span class='ocrx_word' id='word_1_784' title='bbox 1731 5019 1798 5073; x_wconf 90' lang='lat' dir='ltr'><strong>de</strong></span> <span class='ocrx_word' id='word_1_785' title='bbox 1823 5033 1881 5072; x_wconf 90' lang='lat' dir='ltr'><strong>se</strong></span> <span class='ocrx_word' id='word_1_786' title='bbox 1907 5019 2043 5072; x_wconf 85' lang='lat' dir='ltr'><strong>scri-</strong></span> <span class='ocrx_word' id='word_1_787' title='bbox 2719 5021 3004 5078; x_wconf 79' lang='lat' dir='ltr'><strong>HOMILIA</strong></span> <span class='ocrx_word' id='word_1_788' title='bbox 3037 5020 3172 5078; x_wconf 77' lang='lat' dir='ltr'><strong>VIII.</strong></span> 
     </span>
    </p>
   </div>
   <div class='ocr_carea' id='block_1_55' title="bbox 459 5107 3728 5205">
    <p class='ocr_par' dir='ltr' id='par_1_55' title="bbox 459 5107 3728 5205">
     <span class='ocr_line' id='line_1_55' title="bbox 459 5107 3728 5205; baseline -0 -44"><span class='ocrx_word' id='word_1_789' title='bbox 459 5107 574 5174; x_wconf 89' lang='lat' dir='ltr'><strong>hat,</strong></span> <span class='ocrx_word' id='word_1_790' title='bbox 611 5107 751 5162; x_wconf 88' lang='lat' dir='ltr'><strong>sicut</strong></span> <span class='ocrx_word' id='word_1_791' title='bbox 777 5109 939 5163; x_wconf 91' lang='lat' dir='ltr'><strong>etiam</strong></span> <span class='ocrx_word' id='word_1_792' title='bbox 967 5119 1021 5164; x_wconf 91' lang='lat' dir='ltr'><strong>et</strong></span> <span class='ocrx_word' id='word_1_793' title='bbox 1048 5126 1211 5180; x_wconf 86' lang='lat' dir='ltr'><strong>supra</strong></span> <span class='ocrx_word' id='word_1_794' title='bbox 1239 5111 1683 5167; x_wconf 88' lang='lat' dir='ltr'><strong>memoravimus.</strong></span> <span class='ocrx_word' id='word_1_795' title='bbox 1728 5127 1747 5162; x_wconf 73' lang='grc' dir='ltr'><strong>ε</strong></span> <span class='ocrx_word' id='word_1_796' title='bbox 1785 5108 1902 5164; x_wconf 80' lang='lat' dir='ltr'><strong>Non</strong></span> <span class='ocrx_word' id='word_1_797' title='bbox 1936 5118 2040 5176; x_wconf 86' lang='lat' dir='ltr'><strong>est,</strong></span> <span class='ocrx_word' id='word_1_798' title='bbox 2154 5135 2232 5190; x_wconf 65' lang='lat' dir='ltr'><strong><em>De</em></strong></span> <span class='ocrx_word' id='word_1_799' title='bbox 2283 5136 2347 5189; x_wconf 53' lang='lat' dir='ltr'><strong>iis</strong></span> <span class='ocrx_word' id='word_1_800' title='bbox 2389 5152 2508 5205; x_wconf 56' lang='lat' dir='ltr'><strong>qua,</strong></span> <span class='ocrx_word' id='word_1_801' title='bbox 2547 5136 2611 5190; x_wconf 69' lang='lat' dir='ltr'><strong><em>ab</em></strong></span> <span class='ocrx_word' id='word_1_802' title='bbox 2659 5137 3081 5202; x_wconf 45' lang='lat' dir='ltr'><strong>exploratoribus</strong></span> <span class='ocrx_word' id='word_1_803' title='bbox 3122 5135 3524 5194; x_wconf 48' lang='lat' dir='ltr'><strong>remum-“Mur.</strong></span> <span class='ocrx_word' id='word_1_804' title='bbox 3580 5143 3624 5186; x_wconf 64' lang='grc' dir='ltr'><strong>ε,</strong></span> <span class='ocrx_word' id='word_1_805' title='bbox 3665 5133 3728 5185; x_wconf 49' lang='grc' dir='ltr'><strong><em>ἡ</em></strong></span> 
     </span>
    </p>
   </div>
   <div class='ocr_carea' id='block_1_56' title="bbox 459 5198 3725 5276">
    <p class='ocr_par' dir='ltr' id='par_1_56' title="bbox 459 5198 3725 5276">
     <span class='ocr_line' id='line_1_56' title="bbox 459 5198 3725 5276; baseline 0.002 -24"><span class='ocrx_word' id='word_1_806' title='bbox 459 5198 722 5269; x_wconf 79' lang='lat' dir='ltr'><strong>inquit&quot;,</strong></span> <span class='ocrx_word' id='word_1_807' title='bbox 750 5199 908 5257; x_wconf 88' lang='lat' dir='ltr'><strong>nobis</strong></span> <span class='ocrx_word' id='word_1_808' title='bbox 930 5201 1243 5257; x_wconf 87' lang='lat' dir='ltr'><strong>colluctatio</strong></span> <span class='ocrx_word' id='word_1_809' title='bbox 1269 5203 1554 5258; x_wconf 89' lang='lat' dir='ltr'><strong>adversum</strong></span> <span class='ocrx_word' id='word_1_810' title='bbox 1586 5217 1808 5258; x_wconf 89' lang='lat' dir='ltr'><strong>carnem</strong></span> <span class='ocrx_word' id='word_1_811' title='bbox 1834 5210 1890 5256; x_wconf 89' lang='lat' dir='ltr'><strong>et</strong></span> <span class='ocrx_word' id='word_1_812' title='bbox 1916 5216 2044 5257; x_wconf 82' lang='lat' dir='ltr'><strong>san-</strong></span> <span class='ocrx_word' id='word_1_813' title='bbox 2223 5198 2588 5274; x_wconf 62' lang='lat' dir='ltr'><strong>indignatione</strong></span> <span class='ocrx_word' id='word_1_814' title='bbox 2622 5198 2861 5274; x_wconf 76' lang='lat' dir='ltr'><strong>Domini,</strong></span> <span class='ocrx_word' id='word_1_815' title='bbox 2915 5225 2978 5262; x_wconf 89' lang='lat' dir='ltr'><strong>ac</strong></span> <span class='ocrx_word' id='word_1_816' title='bbox 3026 5205 3412 5276; x_wconf 74' lang='lat' dir='ltr'><strong>supplicatione</strong></span> <span class='ocrx_word' id='word_1_817' title='bbox 3474 5203 3636 5274; x_wconf 70' lang='lat' dir='ltr'><strong>Negti</strong></span> <span class='ocrx_word' id='word_1_818' title='bbox 3677 5214 3725 5256; x_wconf 77' lang='lat' dir='ltr'><strong>et</strong></span> 
     </span>
    </p>
   </div>
   <div class='ocr_carea' id='block_1_57' title="bbox 458 5278 2494 5365">
    <p class='ocr_par' dir='ltr' id='par_1_57' title="bbox 458 5278 2494 5365">
     <span class='ocr_line' id='line_1_57' title="bbox 458 5278 2494 5365; baseline 0.002 -23"><span class='ocrx_word' id='word_1_819' title='bbox 458 5292 722 5360; x_wconf 88' lang='lat' dir='ltr'><strong>guinem;</strong></span> <span class='ocrx_word' id='word_1_820' title='bbox 767 5294 862 5347; x_wconf 90' lang='lat' dir='ltr'><strong>sed</strong></span> <span class='ocrx_word' id='word_1_821' title='bbox 893 5294 1185 5349; x_wconf 90' lang='lat' dir='ltr'><strong>adversum</strong></span> <span class='ocrx_word' id='word_1_822' title='bbox 1241 5295 1577 5364; x_wconf 82' lang='lat' dir='ltr'><strong>principatus</strong></span> <span class='ocrx_word' id='word_1_823' title='bbox 1615 5303 1676 5350; x_wconf 86' lang='lat' dir='ltr'><strong>et</strong></span> <span class='ocrx_word' id='word_1_824' title='bbox 1718 5304 2040 5365; x_wconf 87' lang='lat' dir='ltr'><strong>potestates,</strong></span> <span class='ocrx_word' id='word_1_825' title='bbox 2223 5279 2404 5330; x_wconf 75' lang='grc' dir='ltr'><strong>Αανοη</strong></span> <span class='ocrx_word' id='word_1_826' title='bbox 2427 5278 2494 5334; x_wconf 78' lang='lat'><strong>&quot;-</strong></span> 
     </span>
    </p>
   </div>
   <div class='ocr_carea' id='block_1_58' title="bbox 457 5383 3723 5460">
    <p class='ocr_par' dir='ltr' id='par_1_58' title="bbox 457 5383 3723 5460">
     <span class='ocr_line' id='line_1_58' title="bbox 457 5383 3723 5460; baseline 0.002 -24"><span class='ocrx_word' id='word_1_827' title='bbox 457 5383 719 5439; x_wconf 81' lang='lat' dir='ltr'><strong>adversus</strong></span> <span class='ocrx_word' id='word_1_828' title='bbox 750 5393 994 5442; x_wconf 87' lang='lat' dir='ltr'><strong>rectores</strong></span> <span class='ocrx_word' id='word_1_829' title='bbox 1023 5388 1209 5443; x_wconf 87' lang='lat' dir='ltr'><strong>mundi</strong></span> <span class='ocrx_word' id='word_1_830' title='bbox 1235 5387 1416 5459; x_wconf 86' lang='lat' dir='ltr'><strong>hujus,</strong></span> <span class='ocrx_word' id='word_1_831' title='bbox 1445 5389 1793 5444; x_wconf 86' lang='lat' dir='ltr'><strong>tenebrarum</strong></span> <span class='ocrx_word' id='word_1_832' title='bbox 1822 5388 2040 5455; x_wconf 90' lang='lat' dir='ltr'><strong>harum,</strong></span> <span class='ocrx_word' id='word_1_833' title='bbox 2223 5389 2276 5444; x_wconf 83' lang='grc'><strong>1.</strong></span> <span class='ocrx_word' id='word_1_834' title='bbox 2314 5390 2608 5446; x_wconf 90' lang='lat' dir='ltr'><strong>Duodecim</strong></span> <span class='ocrx_word' id='word_1_835' title='bbox 2637 5391 2786 5448; x_wconf 84' lang='lat' dir='ltr'><strong>missi</strong></span> <span class='ocrx_word' id='word_1_836' title='bbox 2806 5391 3288 5460; x_wconf 83' lang='lat' dir='ltr'><strong>suntinspectores</strong></span> <span class='ocrx_word' id='word_1_837' title='bbox 3315 5403 3386 5446; x_wconf 90' lang='lat' dir='ltr'><strong>ex</strong></span> <span class='ocrx_word' id='word_1_838' title='bbox 3421 5389 3552 5445; x_wconf 80' lang='lat' dir='ltr'><strong>filiis</strong></span> <span class='ocrx_word' id='word_1_839' title='bbox 3574 5386 3723 5443; x_wconf 76' lang='lat' dir='ltr'><strong>Israel</strong></span> 
     </span>
    </p>
   </div>
   <div class='ocr_carea' id='block_1_59' title="bbox 439 5456 447 5524">
    <p class='ocr_par' dir='ltr' id='par_1_59' title="bbox 439 5456 447 5524">
     <span class='ocr_line' id='line_1_59' title="bbox 439 5456 447 5524; baseline 0 0"><span class='ocrx_word' id='word_1_840' title='bbox 439 5456 447 5524; x_wconf 64' lang='grc' dir='ltr'><strong>ξ</strong></span> 
     </span>
    </p>
   </div>
   <div class='ocr_carea' id='block_1_60' title="bbox 525 5561 2071 5635">
    <p class='ocr_par' dir='ltr' id='par_1_60' title="bbox 525 5562 2062 5635">
     <span class='ocr_line' id='line_1_60' title="bbox 525 5562 2062 5635; baseline 0.015 -37"><span class='ocrx_word' id='word_1_841' title='bbox 525 5565 646 5598; x_wconf 64' lang='lat' dir='ltr'><strong>es.”</strong></span> <span class='ocrx_word' id='word_1_842' title='bbox 672 5563 837 5621; x_wconf 49' lang='lat' dir='ltr'><strong>&quot;ob...</strong></span> <span class='ocrx_word' id='word_1_843' title='bbox 877 5581 973 5632; x_wconf 52' lang='grc' dir='ltr'><strong>κη,</strong></span> <span class='ocrx_word' id='word_1_844' title='bbox 1000 5565 1092 5622; x_wconf 61' lang='grc' dir='ltr'><strong>Ἡ,</strong></span> <span class='ocrx_word' id='word_1_845' title='bbox 1168 5567 1214 5600; x_wconf 70' lang='grc' dir='ltr'><strong>υ</strong></span> <span class='ocrx_word' id='word_1_846' title='bbox 1237 5565 1414 5622; x_wconf 61' lang='lat' dir='ltr'><strong>Calai,</strong></span> <span class='ocrx_word' id='word_1_847' title='bbox 1435 5581 1512 5633; x_wconf 76' lang='grc' dir='ltr'><strong>ιν,</strong></span> <span class='ocrx_word' id='word_1_848' title='bbox 1541 5564 1637 5620; x_wconf 77' lang='lat'><strong>26.</strong></span> <span class='ocrx_word' id='word_1_849' title='bbox 1711 5564 1831 5597; x_wconf 69' lang='grc' dir='ltr'><strong>’Μ’</strong></span> <span class='ocrx_word' id='word_1_850' title='bbox 1865 5562 2062 5635; x_wconf 87' lang='lat' dir='ltr'><strong>Ephes.</strong></span> 
     </span>
    </p>
   </div>
   <div class='ocr_carea' id='block_1_61' title="bbox 2169 5561 3715 5635">
    <p class='ocr_par' dir='ltr' id='par_1_61' title="bbox 2169 5561 3715 5635">
     <span class='ocr_line' id='line_1_61' title="bbox 2169 5561 3715 5635; baseline -0.007 -7"><span class='ocrx_word' id='word_1_851' title='bbox 2169 5607 2173 5628; x_wconf 65' lang='grc' dir='ltr'><strong><em>μ</em></strong></span> <span class='ocrx_word' id='word_1_852' title='bbox 2213 5566 2404 5623; x_wconf 74' lang='grc'><strong>14-17.</strong></span> <span class='ocrx_word' id='word_1_853' title='bbox 2483 5569 2529 5601; x_wconf 79' lang='grc'><strong>⁸⁷</strong></span> <span class='ocrx_word' id='word_1_854' title='bbox 2551 5566 2683 5623; x_wconf 89' lang='lat' dir='ltr'><strong>Luc.</strong></span> <span class='ocrx_word' id='word_1_855' title='bbox 2719 5584 2774 5630; x_wconf 86' lang='lat' dir='ltr'><strong>x,</strong></span> <span class='ocrx_word' id='word_1_856' title='bbox 2804 5569 2889 5625; x_wconf 85' lang='lat' dir='ltr'><strong>l9.</strong></span> <span class='ocrx_word' id='word_1_857' title='bbox 2965 5568 3012 5601; x_wconf 79' lang='grc'><strong>⁸⁸</strong></span> <span class='ocrx_word' id='word_1_858' title='bbox 3033 5567 3191 5623; x_wconf 88' lang='lat' dir='ltr'><strong>Joan.</strong></span> <span class='ocrx_word' id='word_1_859' title='bbox 3223 5581 3336 5635; x_wconf 86' lang='lat' dir='ltr'><strong>xlv,</strong></span> <span class='ocrx_word' id='word_1_860' title='bbox 3368 5565 3461 5624; x_wconf 76' lang='grc'><strong>12.</strong></span> <span class='ocrx_word' id='word_1_861' title='bbox 3531 5561 3715 5620; x_wconf 65' lang='lat' dir='ltr'><strong>“an.</strong></span> 
     </span>
    </p>
   </div>
   <div class='ocr_carea' id='block_1_62' title="bbox 462 5635 1359 5704">
    <p class='ocr_par' dir='ltr' id='par_1_62' title="bbox 462 5635 1359 5704">
     <span class='ocr_line' id='line_1_62' title="bbox 462 5635 1359 5704; baseline -0.002 -12"><span class='ocrx_word' id='word_1_862' title='bbox 462 5653 514 5704; x_wconf 69' lang='grc' dir='ltr'><strong>ι,</strong></span> <span class='ocrx_word' id='word_1_863' title='bbox 555 5639 639 5694; x_wconf 85' lang='lat' dir='ltr'><strong>l8.</strong></span> <span class='ocrx_word' id='word_1_864' title='bbox 717 5638 762 5672; x_wconf 81' lang='lat'>“</span> <span class='ocrx_word' id='word_1_865' title='bbox 797 5635 960 5692; x_wconf 86' lang='lat' dir='ltr'><strong>Num.</strong></span> <span class='ocrx_word' id='word_1_866' title='bbox 1010 5653 1108 5692; x_wconf 85' lang='lat' dir='ltr'><strong>xm</strong></span> <span class='ocrx_word' id='word_1_867' title='bbox 1160 5647 1215 5693; x_wconf 88' lang='lat' dir='ltr'><strong>et</strong></span> <span class='ocrx_word' id='word_1_868' title='bbox 1249 5653 1359 5691; x_wconf 82' lang='lat' dir='ltr'><strong>xw.</strong></span> 
     </span>
    </p>
   </div>
   <div class='ocr_carea' id='block_1_63' title="bbox 532 5753 1930 5897">
    <p class='ocr_par' dir='ltr' id='par_1_63' title="bbox 532 5753 1930 5897">
     <span class='ocr_line' id='line_1_63' title="bbox 532 5753 1930 5897; baseline 0.001 -90"><span class='ocrx_word' id='word_1_869' title='bbox 532 5753 643 5897; x_wconf 46' lang='lat' dir='ltr'><strong>(88g</strong></span> <span class='ocrx_word' id='word_1_870' title='bbox 679 5754 862 5809; x_wconf 77' lang='lat' dir='ltr'><strong>Codex</strong></span> <span class='ocrx_word' id='word_1_871' title='bbox 894 5753 1081 5810; x_wconf 86' lang='lat' dir='ltr'><strong>Sancti</strong></span> <span class='ocrx_word' id='word_1_872' title='bbox 1123 5754 1476 5823; x_wconf 89' lang='lat' dir='ltr'><strong>Theodorici,</strong></span> <span class='ocrx_word' id='word_1_873' title='bbox 1516 5772 1538 5807; x_wconf 74' lang='grc' dir='ltr'>ι</span> <span class='ocrx_word' id='word_1_874' title='bbox 1579 5755 1870 5811; x_wconf 84' lang='lat' dir='ltr'><strong>castitatis.</strong></span> <span class='ocrx_word' id='word_1_875' title='bbox 1909 5773 1930 5809; x_wconf 84' lang='grc'>›</span> 
     </span>
     <span class='ocr_line' id='line_1_64' title="bbox 533 5824 1930 5896; baseline 0.001 -17"><span class='ocrx_word' id='word_1_876' title='bbox 533 5825 620 5892; x_wconf 61' lang='grc'><strong>(89</strong></span> <span class='ocrx_word' id='word_1_877' title='bbox 679 5825 860 5882; x_wconf 78' lang='lat' dir='ltr'><strong>Codex</strong></span> <span class='ocrx_word' id='word_1_878' title='bbox 882 5824 1066 5882; x_wconf 88' lang='lat' dir='ltr'><strong>Sancti</strong></span> <span class='ocrx_word' id='word_1_879' title='bbox 1101 5825 1445 5896; x_wconf 87' lang='lat' dir='ltr'><strong>Theodorici,</strong></span> <span class='ocrx_word' id='word_1_880' title='bbox 1489 5845 1507 5880; x_wconf 72' lang='grc' dir='ltr'><strong>ε</strong></span> <span class='ocrx_word' id='word_1_881' title='bbox 1547 5835 1698 5884; x_wconf 87' lang='lat' dir='ltr'><strong>tanto</strong></span> <span class='ocrx_word' id='word_1_882' title='bbox 1747 5827 1824 5884; x_wconf 88' lang='lat' dir='ltr'><strong>illi</strong></span> <span class='ocrx_word' id='word_1_883' title='bbox 1868 5828 1930 5883; x_wconf 80' lang='lat' dir='ltr'><strong>in;</strong></span> 
     </span>
    </p>
   </div>
   <div class='ocr_carea' id='block_1_64' title="bbox 533 5820 3037 5896">
    <p class='ocr_par' dir='ltr' id='par_1_64' title="bbox 533 5820 3037 5896">
     <span class='ocr_line' id='line_1_65' title="bbox 533 5820 3037 5896; baseline -0.002 -17"><span class='ocrx_word' id='word_1_884' title='bbox 533 5820 640 5896; x_wconf 76' lang='lat'><strong>(89)</strong></span> <span class='ocrx_word' id='word_1_885' title='bbox 679 5825 860 5882; x_wconf 79' lang='lat' dir='ltr'><strong>Codex</strong></span> <span class='ocrx_word' id='word_1_886' title='bbox 882 5824 1066 5882; x_wconf 88' lang='lat' dir='ltr'><strong>Sancti</strong></span> <span class='ocrx_word' id='word_1_887' title='bbox 1101 5820 1467 5896; x_wconf 66' lang='lat' dir='ltr'><strong>Theodorici,</strong></span> <span class='ocrx_word' id='word_1_888' title='bbox 1489 5845 1507 5880; x_wconf 72' lang='grc' dir='ltr'><strong>ε</strong></span> <span class='ocrx_word' id='word_1_889' title='bbox 1547 5835 1698 5884; x_wconf 88' lang='lat' dir='ltr'><strong>tanto</strong></span> <span class='ocrx_word' id='word_1_890' title='bbox 1747 5827 1824 5884; x_wconf 88' lang='lat' dir='ltr'><strong>illi</strong></span> <span class='ocrx_word' id='word_1_891' title='bbox 1868 5825 2200 5884; x_wconf 80' lang='lat' dir='ltr'><strong>inﬁrmiores</strong></span> <span class='ocrx_word' id='word_1_892' title='bbox 2224 5820 2536 5882; x_wconf 77' lang='lat' dir='ltr'><strong>etiiciuntur</strong></span> <span class='ocrx_word' id='word_1_893' title='bbox 2563 5831 2618 5880; x_wconf 90' lang='lat' dir='ltr'><strong>et</strong></span> <span class='ocrx_word' id='word_1_894' title='bbox 2651 5820 2983 5895; x_wconf 79' lang='lat' dir='ltr'><strong>fragiliores.</strong></span> <span class='ocrx_word' id='word_1_895' title='bbox 3014 5835 3037 5874; x_wconf 73' lang='grc' dir='ltr'><strong><em>ι</em></strong></span> 
     </span>
    </p>
   </div>
  </div>
