3914 6534
239 391 341 447 631
1392 394 1460 453 IN
1498 400 1830 457 NLMEROS
1869 403 2151 461 HOMlLlA
2196 406 2325 461 Vlll.
3389 428 3492 483 6‘22

242 512 311 567 ad
333 512 780 569 considerandam
802 522 1161 586 terrannquae
1177 517 1255 573 eis
1277 517 1450 576 fuerat
1468 526 1813 593 repromissa,
1846 533 1888 586 Α
1920 536 2030 584 tres
2081 529 2250 584 nostri
2310 530 2531 586 fuerunt
2564 532 2651 587 ille
2698 534 2924 603 populus
2960 540 3126 607 prior,
3166 558 3266 599 nos
3307 559 3488 602 autem

242 606 389 675 iique
417 615 538 675 post
570 608 925 675 quadraginta
954 608 1069 664 dies
1092 614 1344 678 regressi,
1374 614 1585 670 diversa
1614 633 1814 673 renun-

241 699 399 754 tiant.
430 698 563 752 Nam
598 697 786 753 decem
826 714 892 753 ex
944 700 1010 753 iis
1050 700 1103 754 in
1160 702 1593 771 desperationem
1648 725 1815 778 popu-

227 789 349 845 lum
398 790 638 856 mittunt,
678 790 748 844 ita
800 801 857 843 ut
890 790 1077 857 velint,
1123 792 1340 861 abjecto
1377 795 1581 868 Moyse,
1615 800 1812 871 eligere

228 882 402 936 alium
437 883 626 937 ducem
660 892 714 936 et
744 884 940 937 reverti
974 883 1025 936 in
1060 881 1376 953 Egyptum.
1407 888 1510 941 Alii
1542 905 1671 945 vero
1706 893 1812 948 duo

234 975 375 1029 bona
418 976 691 1041 nuntiant,
733 984 788 1031 et
815 976 1167 1031 cohortantur
1213 982 1463 1049 populum
1494 997 1811 1053 permanere

234 1065 293 1118 in
345 1066 488 1129 lide,
530 1067 818 1125 dicentes:
859 1086 878 1119 ‹
919 1069 974 1123 Si
1010 1068 1182 1138 diligit
1225 1087 1322 1126 nos
1384 1075 1677 1145 Dominus,
1728 1079 1809 1132 in-

233 1158 485 1213 troducet
512 1174 608 1213 nos
634 1161 686 1213 in
724 1168 927 1215 terram
962 1160 1123 1216 hanc.
1170 1181 1189 1215 ι
1225 1164 1327 1220 Sed
1369 1168 1595 1237 populus
1621 1171 1807 1226 inlide-

230 1254 405 1308 litatis
434 1255 812 1323 desperatione
859 1272 1102 1328 praeceps
1130 1263 1327 1329 agitur,
1365 1275 1419 1319 et
1464 1268 1530 1320 ad
1566 1267 1810 1336 lapidati-

230 1346 331 1399 dos
364 1360 456 1399 eos
488 1346 578 1412 qui
616 1347 751 1401 bona
788 1349 1059 1413 nuntiant,
1095 1354 1350 1419 prosiliit.
1396 1356 1654 1426 Majestas
1681 1377 1808 1417 vero

232 1437 444 1491 Domini
472 1440 703 1508 protegit
728 1454 820 1494 eos
847 1441 898 1494 itt
942 1442 1198 1499 nubibus.
1236 1464 1255 1498 ί
1290 1447 1355 1500 Et
1390 1449 1524 1504 dicit
1548 1451 1807 1509 Dominus

224 1530 299 1582 ad
339 1530 556 1600 Moysen
587 1550 599 1586 :
636 1532 848 1586 Feriam
885 1548 979 1590 eos
1023 1549 1222 1603 morte,
1254 1550 1311 1594 et
1342 1541 1648 1599 interimam
1688 1560 1803 1612 eos,

222 1629 290 1674 et
318 1620 508 1677 faciam
541 1634 613 1687 te,
642 1634 698 1680 et
730 1627 951 1681 domum
984 1635 1153 1700 patris
1190 1636 1263 1689 tui
1297 1636 1347 1689 in
1381 1638 1657 1692 nationem
1694 1655 1809 1693 nta-

222 1726 417 1781 gnam,
442 1723 493 1768 et
517 1716 685 1770 multo
713 1721 883 1787 magis
905 1735 1066 1790 quam
1098 1725 1214 1780 hch
1240 1735 1324 1781 est
1347 1726 1489 1781 "-93.
1520 1746 1539 1779 ›
1566 1729 1654 1782 Fit
1676 1744 1805 1797 ergo

221 1812 382 1858 tanta
413 1806 525 1861 haec
554 1811 904 1865 comminatio
928 1827 957 1866 a
992 1813 1246 1884 Domino,
1278 1833 1382 1874 non
1426 1829 1481 1873 ut
1530 1821 1803 1889 passibilis

1918 619 2009 674 lilii
2045 622 2285 689 ipsorum
2322 639 2527 678 smnus.
2556 624 2635 679 llli
2667 640 2797 695 ergo
2825 635 3077 696 quoniam
3103 651 3485 708 peccaverunt,

1915 711 2112 779 abjecti
2139 725 2265 767 sunt
2295 724 2351 769 et
2392 716 2704 772 ceciderunt
2734 737 2747 772 :
2788 737 2884 776 nos
2908 733 3085 778 autem
3121 728 3214 781 lilii
3245 728 3485 799 ipsorum

1914 816 2010 868 pro
2042 802 2169 871 ipsis
2226 806 2588 871 surreximus,
2614 818 2668 861 et
2698 815 2865 867 erecti
2901 828 3108 877 sumus.
3151 821 3239 887 qui
3274 823 3486 876 nescie-

1913 892 2103 948 bamus
2134 896 2332 949 bonum
2357 897 2437 951 vel
2467 899 2687 954 malum.
2717 902 2790 955 Ex
2823 909 3073 973 gentibus
3096 913 3238 964 enim
3275 928 3483 980 sumus,

1911 984 2002 1054 qui
2050 1000 2226 1054 neque
2282 988 2440 1053 bona,
2466 1002 2586 1058 qua:
2616 1005 2682 1045 ex
2718 994 2827 1048 Deo
2859 1000 3100 1067 veniunt,
3138 1018 3481 1073 noveramus,

1913 1091 2087 1145 neque
2120 1078 2281 1142 mala,
2317 1095 2436 1147 qua:
2469 1097 2533 1135 ex
2572 1094 2793 1150 peccato
2821 1101 3189 1155 generantur:
3224 1095 3266 1149 si
3303 1104 3485 1151 tamen

1910 1170 2270 1224 succedentes
2301 1170 2355 1224 in
2390 1171 2566 1226 locum
2596 1188 2784 1230 eorum
2822 1182 2910 1249 qui
2937 1182 3134 1251 abjecti
3172 1196 3319 1254 sunt,
3350 1190 3484 1245 tanti

1911 1259 2091 1327 lapsus
2154 1261 2441 1316 timeamus
2492 1264 2816 1333 exemplum,
2853 1270 3132 1327 audientes
3184 1281 3485 1334 commoni-

1911 1351 2107 1407 tionem
2147 1351 2291 1407 Pauli
2320 1354 2586 1410 dicentem
2606 1356 2683 1411 9‘:
2706 1377 2724 1410 ‹
2762 1358 2891 1415 Vide
2918 1372 3101 1419 autem
3137 1370 3483 1426 severitatem

1907 1451 1962 1497 et
1988 1443 2286 1500 bonitatem
2318 1445 2433 1512 Dei,
2465 1447 2517 1502 in
2551 1463 2646 1505 eos
2672 1451 2889 1519 quidem
2928 1455 3020 1523 qui
3052 1457 3365 1513 ceciderunt
3392 1475 3483 1515 se-

1907 1532 2214 1597 veritatem,
2254 1537 2309 1589 in
2368 1545 2419 1590 te
2461 1546 2643 1593 autem
2678 1540 3009 1609 bonitatem,
3040 1546 3088 1599 si
3143 1554 3320 1603 tamen
3366 1564 3483 1619 pera

1907 1625 2179 1680 manseris
2206 1625 2259 1679 in
2315 1626 2576 1682 bonitate.
2612 1628 2867 1701 Alioquin
2914 1642 2968 1686 et
3006 1643 3061 1688 tu
3098 1638 3390 1705 excideris,
3425 1650 3484 1695 et

1906 1717 2051 1793 illisi
2101 1733 2205 1772 non
2259 1722 2658 1787 permanserint
2690 1723 2744 1777 in
2795 1726 3206 1794 incredulitate,
3236 1730 3484 1787 inseren-

1908 1815 2013 1860 tur.
2055 1827 2074 1859 ι
2119 1808 2281 1863 Addit
2314 1820 2491 1863 autem
2519 1822 2639 1880 post
2671 1814 2782 1868 haec
2824 1815 3104 1882 Dominus,
3143 1827 3197 1873 et
3231 1820 3359 1875 dicit
3382 1821 3428 1853 9"
3461 1837 3477 1875 :

221 1905 290 1951 et
313 1897 609 1955 iracundia:
641 1903 775 1959 vitio
818 1907 1105 1975 subiacens
1149 1881 1471 1964 ostendatur
1495 1881 1675 1965 divina
1707 1929 1804 1966 na-
1834 1881 1877 1935 Β
1912 1919 1929 1952 ί
1969 1898 2092 1954 Filii
2120 1914 2251 1955 "9'0
2285 1902 2448 1956 νθειτί
2482 1912 2645 1958 erum
2686 1905 2876 1963 ίιιθοίαε
2915 1908 2967 1962 in
3001 1910 3212 1965 desel‘lo
3244 1914 3481 1981 quad?!”

219 1999 372 2055 tura,
403 1992 496 2048 sed
527 2002 582 2048 ut
610 2010 706 2064 per
736 1997 848 2053 bmc
884 2008 941 2053 et
984 2000 1150 2055 Mosei
1178 2001 1417 2057 charitas
1437 2044 1451 2070 ,
1484 2017 1646 2073 quam
1674 2018 1800 2074 erga

215 2083 485 2153 populum
538 2086 791 2155 habebat,
833 2100 887 2144 et
930 2092 1023 2147 Dei
1055 2092 1296 2160 bonitas,
1327 2110 1447 2165 quae
1479 2112 1643 2167 super
1681 2115 1801 2152 om-

214 2185 348 2226 nem
396 2175 595 2234 malum
628 2190 873 2248 agentem
917 2192 999 2237 est
1042 2183 1181 2254 (90),
1226 2186 1615 2243 innotesceret.
1654 2188 1804 2244 Scri-

212 2264 378 2322 bitur
403 2269 547 2322 enim
580 2270 740 2326 irasci
771 2273 935 2339 Deus,
965 2287 1019 2331 et
1045 2279 1369 2333 comminari
1395 2279 1671 2335 interitum
1703 2297 1803 2351 po-

212 2357 385 2426 pulo,
432 2374 539 2428 quo
592 2362 849 2417 doceatur
885 2366 1046 2422 homo
1108 2378 1314 2424 tantum
1361 2370 1460 2425 sibi
1499 2387 1619 2427 esse
1660 2375 1803 2444 apud

212 2451 395 2506 Deum
446 2452 569 2518 loci,
627 2464 942 2527 tantumque
977 2460 1209 2528 fiduciae,
1242 2471 1302 2517 ut
1342 2464 1557 2519 etiamsi
1597 2465 1667 2520 sit
1701 2465 1801 2520 ali-

210 2558 329 2607 qua
363 2546 416 2597 in
452 2543 561 2599 Deo
620 2545 944 2616 indignatio.
997 2552 1472 2609 obsecrationibus
1521 2557 1804 2626 mitigetur

213 2636 477 2691 humanis
506 2650 521 2688 :
550 2646 863 2708 tantumque
894 2642 960 2695 de
987 2658 1053 2697 eo
1086 2645 1378 2713 impetrare
1425 2661 1584 2712 posse
1633 2648 1803 2704 homi-

210 2741 372 2794 nem,
399 2738 458 2782 ut
483 2739 537 2783 et
569 2732 787 2799 propria
814 2742 1011 2787 statuta
1044 2748 1345 2792 convertat.
1372 2739 1596 2795 Bonitas
1619 2742 1761 2794 enim
1783 2783 1797 2807 ,

208 2830 341 2885 qua:
364 2819 714 2888 subsequitur
756 2822 921 2892 294
961 2827 1295 2881 iracundiam
1320 2869 1335 2894 ,
1373 2840 1428 2884 et
1461 2830 1624 2886 Mosei
1666 2831 1801 2885 lidu-

205 2909 359 2960 ciam
388 2911 627 2965 ostendit
656 2918 797 2984 apud
833 2918 1021 2984 Deum,
1054 2928 1110 2973 et
1140 2919 1373 2974 alienam
1407 2922 1473 2975 ab
1502 2923 1800 2978 iracundia:

208 2997 355 3051 vitio
384 2998 619 3054 divinam
653 3004 810 3060 docet
842 3022 962 3063 esse
991 3018 1266 3064 naturam.
1305 3010 1477 3065 Simul
1508 3022 1564 3066 et
1593 3018 1797 3082 mysteé

208 3087 363 3141 rium
401 3089 453 3143 in
489 3091 699 3148 seculis
735 3096 930 3153 futuris
969 3098 1293 3168 explendum
1324 3102 1567 3155 continet
1594 3118 1793 3167 sermo,

208 3201 314 3256 per
338 3204 501 3258 quem
525 3192 791 3262 promittit
822 3193 962 3246 Deus
1018 3194 1160 3261 quod
1190 3192 1354 3246 alium
1385 3194 1663 3262 populum,
1697 3196 1796 3250 hoc
1824 3230 1866 3288 ϐ

208 3281 452 3349 abjecto,
483 3286 789 3342 resuscitet.
820 3286 910 3340 Ait
942 3286 1084 3339 enim
1106 3303 1119 3338 :
1144 3304 1162 3336 ι
1192 3285 1498 3342 Percutiam
1524 3302 1618 3342 eos
1652 3303 1795 3341 mor-

207 3382 283 3437 te,
313 3382 372 3426 et
393 3374 614 3442 perdam
650 3391 763 3440 eos,
793 3385 847 3430 et
873 3376 1071 3429 faciam
1109 3385 1161 3431 te
1190 3387 1244 3431 et
1280 3378 1497 3432 domum
1526 3378 1696 3446 patris
1719 3380 1793 3434 tui

203 3462 261 3517 in
300 3464 583 3519 nationem
621 3481 896 3535 magnam,
923 3468 1091 3521 multo
1122 3469 1293 3538 magis
1317 3482 1478 3537 quam
1506 3468 1620 3522 lucc
1651 3470 1789 3521 εει.»

203 3552 581 3609 Comminatio
611 3569 743 3626 ergo
794 3557 910 3610 haec
958 3571 1065 3610 non
1088 3566 1170 3612 est
1218 3557 1521 3622 iracundia,
1551 3559 1645 3612 sed
1671 3574 1796 3627 pro-

201 3646 420 3715 phetia.
461 3647 794 3701 Assumenda
842 3661 1074 3717 namque
1121 3657 1238 3702 erat
1274 3648 1379 3702 alia
1425 3650 1599 3714 natio,
1626 3651 1676 3702 id
1710 3658 1795 3704 est

202 3737 445 3806 populus
470 3739 572 3793 iste
610 3737 913 3802 nationum,
942 3740 1033 3794 sed
1062 3755 1166 3793 non
1194 3753 1294 3808 per
1330 3738 1569 3809 Moysen.
1614 3739 1791 3793 Excu-

203 3830 358 3883 savit
390 3847 621 3901 namque
673 3846 733 3887 se
786 3832 1019 3903 Moyses.
1055 3830 1275 3887 Sciebat
1317 3831 1462 3887 enim
1506 3832 1629 3901 quia
1664 3846 1795 3901 gens

210 3922 298 3975 illa
327 3939 543 3992 magna,
569 3940 687 3993 quae
720 3924 1137 3993 repromittitur,
1175 3939 1282 3979 non
1315 3939 1411 3994 per
1437 3923 1658 3994 Moysen
1696 3938 1795 3978 vo-

198 4017 389 4072 canda
417 4027 556 4081 erat,
582 4018 675 4072 sed
707 4033 803 4088 per
830 4016 1020 4072 Jesum
1045 4017 1345 4082 Christum,
1379 4025 1433 4072 et
1454 4032 1562 4070 non
1593 4015 1794 4070 Mosai-

198 4127 329 4177 cus,
373 4109 465 4164 sed
511 4109 848 4165 Christianus
875 4120 993 4164 erat
1038 4108 1262 4178 pepulus
1302 4108 1668 4177 appellandus.
1706 4111 1788 4163 ld-

197 4203 365 4258 circo
404 4200 567 4270 igitur
608 4199 901 4270 plurimum
952 4208 1144 4254 exorat
1194 4198 1408 4270 Moyses
1456 4214 1554 4269 pro
1597 4200 1793 4270 pepulo

201 4294 319 4349 illo.
358 4291 617 4346 Dominus
642 4305 772 4345 vero
799 4292 1013 4345 modum
1060 4291 1422 4359 correptionis
1451 4290 1647 4345 librata
1678 4308 1795 4345 mo-

198 4384 495 4438 deratione
522 4383 820 4450 dispensat,
851 4389 907 4436 et
948 4381 1101 4445 dicit,
1135 4380 1262 4450 quia
1298 4381 1407 4436 viri
1441 4383 1793 4451 quidem,qui

198 4473 467 4533 exierunt
504 4474 568 4526 de
610 4471 865 4542 Egypto,
900 4479 954 4524 et
982 4478 1327 4524 tentaverunt
1375 4486 1482 4537 me,
1513 4480 1678 4542 atque
1710 4473 1792 4525 in-

1906 1985 2053 2056 ginta
2104 1987 2280 2041 annis.
2316 2005 2334 2037 ι
2366 1988 2433 2041 Et
2483 1990 2609 2058 quid
2669 1992 2895 2050 haberet
2941 2000 3186 2067 mysterii
3223 2012 3480 2058 numerus

1908 2078 2026 2140 iste,
2057 2077 2314 2143 declarat,
2358 2079 2545 2135 dicens
2583 2096 2598 2132 :
2633 2100 2651 2132 ι
2702 2083 3009 2142 Secundum
3061 2106 3365 2157 numerum,
3397 2094 3480 2147 in-

1905 2170 2111 2239 quit“,
2133 2171 2341 2225 dierum
2365 2172 2560 2241 quibus
2595 2174 2979 2235 considerastis
3014 2189 3212 2237 terram
3236 2186 3478 2252 quadra-

1905 2262 2051 2332 ginta
2080 2262 2289 2328 diebus,
2328 2280 2426 2333 pro
2457 2264 2544 2320 die
2574 2281 2673 2335 per
2702 2284 2922 2336 annum,
2961 2273 3232 2342 recipietis
3256 2288 3477 2342 peccata

1905 2363 2083 2409 vestra
2112 2355 2470 2425 quadraginta
2493 2357 2671 2411 annis.
2712 2376 2730 2409 ι
2756 2360 2944 2417 Timeo
2971 2378 3072 2434 ego
3103 2368 3346 2436 mysterii
3380 2368 3483 2423 ltu-

1898 2445 1988 2515 jus
2020 2458 2229 2502 secreta
2264 2447 2554 2503 discutere.
2594 2450 2760 2506 Video
2788 2454 2931 2508 enim
2960 2458 3103 2525 quod
3129 2469 3472 2526 peccatorum

1905 2538 1957 2592 in
1991 2540 2095 2593 hoc
2134 2539 2277 2594 ratio
2301 2543 2782 2610 comprehenditur
2806 2552 2861 2598 et
2903 2560 3209 2614 pmnarum.
3242 2548 3298 2603 Si
3331 2552 3477 2605 enim

1904 2631 2195 2701 unicuique
2214 2635 2487 2702 peccatori
2519 2650 2693 2691 annus
2724 2636 3015 2690 ascribitur
3040 2640 3106 2693 ad
3132 2656 3346 2710 poenam
3378 2658 3479 2712 pro

1904 2719 2063 2777 unius
2108 2724 2213 2778 diei
2263 2738 2509 2793 peccato,
2546 2736 2600 2781 et
2626 2730 2922 2783 secundum
2956 2731 3217 2787 rationem
3264 2736 3475 2791 dierum

1903 2816 2097 2885 quibus
2129 2829 2403 2899 peccatur,
2436 2835 2704 2875 annorum
2739 2822 2958 2877 totidem
2988 2838 3243 2881 numerus
3273 2828 3323 2882 in
3359 2843 3478 2899 sup-

1903 2909 2082 2978 pliciis
2128 2894 2532 2967 consumendus
2570 2921 2655 2967 est
2691 2930 2703 2966 :
2746 2927 2938 2968 vereor
2995 2929 3060 2969 ne
3098 2915 3237 2973 forte
3286 2921 3476 2988 nobis,

1903 3003 1995 3071 qui
2032 3003 2275 3071 quotidie
2301 3019 2593 3073 peccamus
2620 3014 2675 3060 et
2713 3006 2916 3061 nullum
2951 3008 3091 3062 forte
3121 3010 3243 3063 vitae
3278 3022 3477 3067 nostra:

1903 3094 2045 3148 diem
2073 3096 2279 3164 absque
2306 3108 2530 3164 peccato
2558 3099 2927 3166 transigimus,
2961 3116 3026 3154 ne
3055 3103 3167 3168 ipsa
3206 3102 3348 3158 forte
3378 3120 3478 3159 sat-

1902 3186 2045 3250 cula,
2080 3188 2358 3241 autetiam
2385 3189 2581 3243 saecula
2606 3192 2924 3245 saeculorum
2973 3191 3220 3247 sulIicere
3266 3197 3476 3263 possint

1900 3281 1967 3332 ad
2021 3293 2212 3347 pmnas
2265 3280 2506 3336 luendas.
2536 3284 2593 3337 ln
2627 3299 2692 3338 eo
2745 3286 2887 3337 enim
2912 3285 3055 3350 quod
3102 3286 3332 3355 populus
3386 3288 3475 3341 ille

1898 3369 2049 3437 prior
2096 3385 2196 3438 pro
2244 3372 2603 3440 quadraginta
2633 3374 2842 3428 dierum
2872 3374 3070 3428 delicto
3114 3376 3472 3447 quadraginta

1898 3459 2056 3514 annis
2088 3462 2365 3515 cruciatur
2388 3464 2438 3517 in
2470 3464 2710 3529 deserto,
2737 3479 2836 3520 nec
2866 3474 3066 3521 terram
3108 3478 3352 3522 sanctam
3385 3470 3472 3522 in-

1899 3551 2066 3605 troire
2094 3553 2464 3620 permittitur,
2483 3555 2782 3609 similitudo
2805 3556 3050 3625 quazdam
3076 3557 3255 3612 futuri-
3278 3560 3473 3629 judicii

1897 3642 2114 3696 videtur
2162 3645 2400 3708 ostendi,
2438 3645 2525 3699 ubi
2563 3653 2905 3714 peccatorum
2942 3647 3079 3700 ratio
3131 3648 3470 3706 discutienda

1895 3744 2022 3799 est;
2057 3735 2159 3789 nisi
2201 3737 2307 3790 erit
2354 3736 2533 3807 aliqua
2566 3735 2801 3814 fortasse
2835 3740 2997 3793 etiam
3042 3739 3305 3796 bonorum
3338 3759 3470 3812 ope-

1899 3840 2017 3879 rum
2054 3827 2438 3895 compensatio,
2466 3828 2551 3883 vel
2578 3828 2740 3883 etiam
2773 3842 2959 3886 eorum
2991 3848 3111 3903 qua:
3144 3835 3195 3887 in
3230 3834 3337 3887 vita
3370 3850 3469 3889 sua

1897 3920 2268 3988 unusquisque
2314 3921 2453 3974 mala
2520 3921 2731 3988 recipit,
2766 3922 3125 3979 utAbraham
3175 3924 3238 3977 de
3267 3924 3471 3981 Lazaro

1896 4009 2082 4065 docuit
2112 4011 2180 4065 ’⁷.
2228 4011 2335 4066 Sed
2374 4013 2489 4066 haec
2540 4012 2739 4066 nullius
2765 4022 2846 4066 est
2874 4016 2941 4068 ad
2975 4016 3241 4084 integrum
3282 4032 3466 4081 nosse,

1896 4102 2000 4154 nisi
2050 4102 2199 4157 illius
2234 4103 2320 4156 cui
2351 4116 2511 4156 omne
2546 4102 2810 4173 judicium
2844 4106 3067 4160 tradidit
3101 4106 3283 4160 Pater.
3316 4106 3468 4172 Quod

1895 4203 2075 4248 autem
2108 4194 2222 4249 dies
2248 4193 2453 4264 peccati
2487 4195 2540 4247 in
2575 4210 2774 4249 annum
2804 4211 2980 4265 poena:
3025 4207 3323 4267 repntetur,
3360 4214 3468 4254 non

1894 4284 2067 4338 solum
2099 4284 2154 4338 in
2210 4285 2314 4339 hoc
2359 4284 2516 4350 libro,
2552 4284 2604 4338 in
2635 4300 2744 4354 quo
2773 4287 2908 4341 nihil
2940 4289 3164 4344 omnino
3206 4299 3288 4343 est
3325 4291 3470 4358 quod

1894 4377 2132 4431 dubitari
2168 4377 2361 4446 possit,
2390 4377 2715 4443 ostenditur,
2749 4377 2844 4432 sed
2889 4388 2942 4434 et
2978 4379 3031 4433 in
3065 4378 3244 4434 libello
3273 4378 3467 4435 Pastoo

1896 4470 1968 4522 ris
2003 4468 2139 4539 (91),
2171 4468 2214 4522 si
2256 4469 2343 4523 cui
2392 4477 2571 4523 tamen
2617 4470 2887 4538 scriptura
2932 4469 3021 4524 illa
3056 4470 3365 4538 recipienda
3391 4472 3470 4525 vi-

197 4564 419 4620 creduli
454 4572 888 4633 permanserunt,
935 4564 1132 4617 cadent
1177 4563 1230 4617 in
1265 4564 1479 4618 deserto
1525 4565 1648 4629 hoc,
1680 4582 1699 4615 ι
1730 4572 1787 4618 et
1821 4568 1865 4622 D
1891 4561 2065 4623 detur,
2100 4559 2297 4615 similia
2327 4560 2705 4630 designantur.
2753 4560 2860 4615 Sed
2897 4561 3130 4617 fortasse
3156 4562 3353 4630 aliquis
3384 4578 3471 4616 ne-

199 4671 318 4713 non
356 4656 632 4721 videbunt,
660 4657 835 4726 inquit
864 4658 933 4721 9’,
961 4666 1188 4721 terram,
1221 4672 1382 4726 quam
1406 4656 1584 4723 juravi
1615 4657 1787 4724 patri-

197 4751 310 4805 bus
354 4764 541 4804 eormn
577 4765 591 4803 :
627 4750 724 4802 sed
751 4748 848 4801 lilii
873 4748 1135 4817 ipsorum,
1164 4748 1255 4817 qui
1279 4755 1405 4802 sunt
1436 4760 1647 4801 mecum
1677 4746 1786 4811 hic,

197 4843 523 4912 quicunque
580 4841 833 4910 ignorant
883 4840 1083 4894 bonum
1112 4839 1197 4894 vel
1241 4837 1465 4892 malum.
1499 4855 1519 4889 ι
1555 4837 1643 4891 Sit
1671 4836 1783 4890 for-

200 4936 379 4989 tassis
429 4934 633 5002 aliquid
678 4933 841 4987 etiam
876 4931 1194 4986 secretioris
1233 4928 1476 5001 mysterii
1515 4930 1567 4982 in
1609 4928 1787 4983 verbis

200 5024 431 5078 Domini
475 5024 755 5079 dicentis:
796 5041 814 5075 ι
855 5022 979 5077 Filii
1016 5035 1237 5088 eorum,
1269 5020 1361 5089 qui
1396 5027 1528 5075 sunt
1574 5031 1785 5073 mecum

196 5119 323 5173 hic.
361 5134 381 5168 ι
415 5114 511 5172 Ubi
538 5116 669 5172 hic?
698 5125 792 5170 aut
820 5113 1090 5185 quomodo
1111 5113 1469 5180 mecum?Qui
1498 5112 1659 5166 habet
1691 5125 1787 5163 au-

203 5226 302 5266 res
338 5209 613 5276 audiendi,
646 5211 851 5267 audiat.
882 5210 990 5267 Nos
1018 5210 1240 5265 interim
1272 5208 1502 5264 dicimus
1528 5204 1656 5274 quia
1690 5215 1786 5271 pa-

1896 4661 1985 4723 get
2018 4652 2244 4706 bonitati
2301 4652 2393 4706 Dei
2431 4654 2747 4719 convenire,
2785 4662 2844 4707 ut
2877 4668 2975 4721 pro
3005 4653 3165 4707 unius
3199 4652 3302 4706 diei
3338 4667 3468 4721 pec-

1894 4754 2016 4800 cato
2050 4759 2251 4799 annum
2279 4744 2668 4813 suppliciorum
2704 4744 2962 4812 rependat
2992 4760 3003 4795 :
3033 4744 3277 4813 quinimo
3303 4744 3466 4808 dicet,

1882 4835 2105 4891 Etiamsi
2126 4836 2268 4891 diem
2302 4851 2405 4905 pro
2455 4836 2543 4889 die
2577 4836 2785 4901 reddat,
2814 4838 3063 4905 quamvis
3107 4835 3306 4903 justus,
3356 4852 3465 4890 non

1895 4939 2073 4983 tamen
2096 4928 2336 4984 clemens
2363 4928 2576 4984 videtur
2603 4943 2725 4984 esse
2750 4937 2842 4983 aut
2865 4930 3152 4999 benignus.
3171 4928 3308 4981 Audi
3338 4945 3467 4997 ergo

1893 5019 1961 5072 ad
1996 5019 2134 5083 hare,
2163 5018 2210 5072 si
2265 5017 2409 5075 forte
2460 5019 2731 5089 possimus
2768 5016 3136 5073 diliicultatem
3163 5019 3238 5072 rei
3279 5032 3465 5072 exem-

1891 5106 1997 5175 piis
2024 5107 2381 5163 lucidioribus
2420 5109 2734 5177 explanare.
2788 5107 2846 5163 Si
2878 5107 3073 5162 vulnus
3122 5108 3337 5174 corpori
3389 5108 3470 5160 ini

1892 5198 2124 5268 fligatur,
2160 5209 2254 5255 aut
2276 5216 2338 5256 os
2366 5200 2757 5271 confringatur,
2785 5208 2877 5256 aut
2902 5195 3462 5266 nervorumjuuctura

278 5374 402 5407 ἰδ’
433 5373 590 5429 Num.
624 5388 738 5441 xiv,
768 5374 829 5428 ti
869 5382 924 5428 et
955 5372 1041 5427 12.
1116 5372 1163 5404 ³³
1192 5370 1324 5425 ibid.
1347 5368 1439 5423 22.
1517 5367 1561 5399 οι
1596 5366 1797 5420 Rom.)

1901 5365 1965 5419 ιε.
2044 5362 2090 5393 ⁹⁸
2119 5359 2278 5415 Num.
2300 5374 2409 5427 xw,
2434 5359 2526 5414 55.
2601 5359 2646 5391 ’⁸
2672 5358 2801 5415 ibid.
2830 5356 2919 5413 '54.
2995 5356 3037 5389 ’7
3069 5356 3199 5411 Luc.
3224 5370 3336 5420 xvi,
3370 5354 3463 5408 25.

280 5531 572 5604 (9,0)rQuaz
620 5549 776 5604 super
816 5533 1258 5604 omnemrmafum
1285 5536 1533 5604 egentem
1561 5538 1657 5604 est.
1687 5526 1777 5581 Sic
1880 5524 2058 5604 igitur
2086 5535 2194 5604 uno
2237 5518 2323 5574 die
2357 5510 3462 5604 ipercepc‘ritmfal‘liacerndulcedine-mbae

202 5598 693 5671 codd.'Sagiensis,
725 5602 1101 5665 Carnutensis,
1139 5598 1478 5654 Ebroicensis
1505 5606 1560 5651 et
1600 5598 1777 5650 Turo-

201 5674 421 5728 nensis.
448 5672 601 5729 Libb.
620 5675 800 5734 editi,c
825 5688 956 5740 quae
959 5688 1119 5740 super
1134 5686 1347 5725 omnem
1359 5678 1603 5740 mentem
1618 5674 1723 5740 est.
1756 5684 1774 5718 ι

284 5742 401 5812 (9|)
440 5742 544 5799 Sed
574 5753 622 5797 et
650 5746 702 5796 in
726 5736 900 5796 libello
928 5736 1308 5812 Pas'toris,etc.
1334 5736 1669 5812 Hermaelib.
1699 5750 1784 5801 ιιι,

197 5807 494 5870 similitud.
544 5813 601 5881 6,
655 5828 775 5883 cap.
809 5812 867 5883 4,
899 5814 1015 5869 haec
1066 5811 1314 5881 leguntur
1352 5826 1366 5862 :
1404 5826 1425 5861 ι
1466 5807 1785 5883 Quicunque

1880 5582 2231 5662 voluptatem,
2268 5582 2485 5662 unoque
2519 5582 2897 5662 die_c-rncia_tus
2934 5582 3193 5662 sit,_anni
3227 5583 3461 5649 spatium

1884 5651 2025 5720 dies'
2057 5651 2332 5716 cruciatus
2374 5651 2492 5730 ejus
2532 5656 2753 5710 valebit.
2799 5653 2902 5730 lt-a_
2930 5660 3059 5719 quot
3104 5651 3221 5730 dies
3269 5664 3461 5730 perce-

1886 5734 2026 5805 perit
2076 5732 2310 5801 quisque
2355 5722 2713 5796 voluptatem,
2770 5722 2992 5778 totidem
3041 5722 3197 5776 annis
3248 5722 3463 5777 crucia~

1889 5817 1999 5873 tur,
2034 5822 2052 5857 ι
2090 5813 2196 5859 etc.

1898 5963 1954 5971 -ν
1971 5960 2003 5976 δὴ
