  <div class='ocr_page' id='page_1' title='image "/cluster/home/n/w/nwhite01/storage/ocr_20150623/12/hvd.32044019207638/315.png"; bbox 0 0 3914 6512; ppageno 0'>
   <div class='ocr_carea' id='block_1_1' title="bbox 494 390 600 447">
    <p class='ocr_par' dir='ltr' id='par_1_1' title="bbox 494 390 600 447">
     <span class='ocr_line' id='line_1_1' title="bbox 494 390 600 447; baseline 0.009 -2"><span class='ocrx_word' id='word_1_1' title='bbox 494 390 600 447; x_wconf 74' lang='lat'><strong>625</strong></span> 
     </span>
    </p>
   </div>
   <div class='ocr_carea' id='block_1_2' title="bbox 1962 383 3718 444">
    <p class='ocr_par' dir='ltr' id='par_1_2' title="bbox 1962 383 3718 444">
     <span class='ocr_line' id='line_1_2' title="bbox 1962 383 3718 444; baseline -0.001 0"><span class='ocrx_word' id='word_1_2' title='bbox 1962 383 2285 444; x_wconf 76' lang='lat' dir='ltr'><strong>ORIGENIS</strong></span> <span class='ocrx_word' id='word_1_3' title='bbox 3632 391 3718 444; x_wconf 62' lang='lat'><strong>(325</strong></span> 
     </span>
    </p>
   </div>
   <div class='ocr_carea' id='block_1_3' title="bbox 498 502 3724 578">
    <p class='ocr_par' dir='ltr' id='par_1_3' title="bbox 498 502 3724 578">
     <span class='ocr_line' id='line_1_3' title="bbox 498 502 3724 578; baseline 0 -16"><span class='ocrx_word' id='word_1_4' title='bbox 498 505 821 570; x_wconf 70' lang='lat' dir='ltr'><strong>resolvatur,</strong></span> <span class='ocrx_word' id='word_1_5' title='bbox 853 505 952 560; x_wconf 85' lang='lat' dir='ltr'><strong>sub</strong></span> <span class='ocrx_word' id='word_1_6' title='bbox 980 504 1139 562; x_wconf 90' lang='lat' dir='ltr'><strong>unius</strong></span> <span class='ocrx_word' id='word_1_7' title='bbox 1180 507 1330 561; x_wconf 69' lang='lat' dir='ltr'><strong>hora:</strong></span> <span class='ocrx_word' id='word_1_8' title='bbox 1373 505 1554 577; x_wconf 89' lang='lat' dir='ltr'><strong>spatio</strong></span> <span class='ocrx_word' id='word_1_9' title='bbox 1597 504 1904 578; x_wconf 84' lang='lat' dir='ltr'><strong>hnjnsmodi</strong></span> <span class='ocrx_word' id='word_1_10' title='bbox 1946 503 2064 560; x_wconf 87' lang='lat' dir='ltr'><strong>vul-</strong></span> <span class='ocrx_word' id='word_1_11' title='bbox 2095 507 2142 564; x_wconf 77' lang='grc' dir='ltr'>Α</span> <span class='ocrx_word' id='word_1_12' title='bbox 2169 502 2277 558; x_wconf 90' lang='lat' dir='ltr'><strong>vita</strong></span> <span class='ocrx_word' id='word_1_13' title='bbox 2312 502 2680 574; x_wconf 73' lang='lat' dir='ltr'><strong>Unusquisque</strong></span> <span class='ocrx_word' id='word_1_14' title='bbox 2732 505 2816 562; x_wconf 85' lang='lat' dir='ltr'><strong>vel</strong></span> <span class='ocrx_word' id='word_1_15' title='bbox 2865 505 3046 561; x_wconf 90' lang='lat' dir='ltr'><strong>minus</strong></span> <span class='ocrx_word' id='word_1_16' title='bbox 3094 505 3175 562; x_wconf 84' lang='lat' dir='ltr'><strong>vel</strong></span> <span class='ocrx_word' id='word_1_17' title='bbox 3205 505 3442 575; x_wconf 75' lang='lat' dir='ltr'><strong>amplius</strong></span> <span class='ocrx_word' id='word_1_18' title='bbox 3469 511 3724 575; x_wconf 75' lang='lat' dir='ltr'><strong>peccando</strong></span> 
     </span>
    </p>
   </div>
   <div class='ocr_carea' id='block_1_4' title="bbox 498 597 2063 666">
    <p class='ocr_par' dir='ltr' id='par_1_4' title="bbox 498 597 2063 666">
     <span class='ocr_line' id='line_1_4' title="bbox 498 597 2063 666; baseline 0.001 -17"><span class='ocrx_word' id='word_1_19' title='bbox 498 611 628 656; x_wconf 87' lang='lat' dir='ltr'><strong>nera</strong></span> <span class='ocrx_word' id='word_1_20' title='bbox 664 598 841 651; x_wconf 91' lang='lat' dir='ltr'><strong>solent</strong></span> <span class='ocrx_word' id='word_1_21' title='bbox 889 597 1206 665; x_wconf 85' lang='lat' dir='ltr'><strong>corporibus</strong></span> <span class='ocrx_word' id='word_1_22' title='bbox 1256 597 1526 662; x_wconf 88' lang='lat' dir='ltr'><strong>accidere,</strong></span> <span class='ocrx_word' id='word_1_23' title='bbox 1559 607 1614 654; x_wconf 89' lang='lat' dir='ltr'><strong>et</strong></span> <span class='ocrx_word' id='word_1_24' title='bbox 1640 597 1886 666; x_wconf 83' lang='lat' dir='ltr'><strong>plurimis</strong></span> <span class='ocrx_word' id='word_1_25' title='bbox 1915 604 2063 664; x_wconf 89' lang='lat' dir='ltr'><strong>post-</strong></span> 
     </span>
    </p>
   </div>
   <div class='ocr_carea' id='block_1_5' title="bbox 499 685 2064 752">
    <p class='ocr_par' dir='ltr' id='par_1_5' title="bbox 499 685 2064 752">
     <span class='ocr_line' id='line_1_5' title="bbox 499 685 2064 752; baseline 0 -11"><span class='ocrx_word' id='word_1_26' title='bbox 499 687 714 741; x_wconf 87' lang='lat' dir='ltr'><strong>modum</strong></span> <span class='ocrx_word' id='word_1_27' title='bbox 755 686 1087 742; x_wconf 76' lang='lat' dir='ltr'><strong>cruciatibus</strong></span> <span class='ocrx_word' id='word_1_28' title='bbox 1107 702 1172 742; x_wconf 87' lang='lat' dir='ltr'><strong>ac</strong></span> <span class='ocrx_word' id='word_1_29' title='bbox 1193 687 1468 744; x_wconf 81' lang='lat' dir='ltr'><strong>doloribus</strong></span> <span class='ocrx_word' id='word_1_30' title='bbox 1495 687 1731 752; x_wconf 82' lang='lat' dir='ltr'><strong>exactis,</strong></span> <span class='ocrx_word' id='word_1_31' title='bbox 1773 685 1944 741; x_wconf 92' lang='lat' dir='ltr'><strong>multo</strong></span> <span class='ocrx_word' id='word_1_32' title='bbox 1974 686 2064 741; x_wconf 84' lang='lat' dir='ltr'><strong>vix</strong></span> 
     </span>
    </p>
   </div>
   <div class='ocr_carea' id='block_1_6' title="bbox 498 775 2062 848">
    <p class='ocr_par' dir='ltr' id='par_1_6' title="bbox 498 775 2062 848">
     <span class='ocr_line' id='line_1_6' title="bbox 498 775 2062 848; baseline -0.001 -16"><span class='ocrx_word' id='word_1_33' title='bbox 498 787 741 846; x_wconf 87' lang='lat' dir='ltr'><strong>tempore</strong></span> <span class='ocrx_word' id='word_1_34' title='bbox 793 775 1019 844; x_wconf 86' lang='lat' dir='ltr'><strong>sanari;</strong></span> <span class='ocrx_word' id='word_1_35' title='bbox 1071 779 1260 848; x_wconf 91' lang='lat' dir='ltr'><strong>quanti</strong></span> <span class='ocrx_word' id='word_1_36' title='bbox 1307 779 1450 834; x_wconf 89' lang='lat' dir='ltr'><strong>enim</strong></span> <span class='ocrx_word' id='word_1_37' title='bbox 1512 788 1750 833; x_wconf 86' lang='lat' dir='ltr'><strong>tumores</strong></span> <span class='ocrx_word' id='word_1_38' title='bbox 1802 778 1856 831; x_wconf 91' lang='lat' dir='ltr'><strong>in</strong></span> <span class='ocrx_word' id='word_1_39' title='bbox 1906 776 2062 842; x_wconf 92' lang='lat' dir='ltr'><strong>loco,</strong></span> 
     </span>
    </p>
   </div>
   <div class='ocr_carea' id='block_1_7' title="bbox 495 869 2061 940">
    <p class='ocr_par' dir='ltr' id='par_1_7' title="bbox 495 869 2061 940">
     <span class='ocr_line' id='line_1_7' title="bbox 495 869 2061 940; baseline 0 -18"><span class='ocrx_word' id='word_1_40' title='bbox 495 878 694 938; x_wconf 90' lang='lat' dir='ltr'><strong>quanta</strong></span> <span class='ocrx_word' id='word_1_41' title='bbox 745 877 1010 924; x_wconf 90' lang='lat' dir='ltr'><strong>tormenta</strong></span> <span class='ocrx_word' id='word_1_42' title='bbox 1045 870 1409 940; x_wconf 81' lang='lat' dir='ltr'><strong>generantur?</strong></span> <span class='ocrx_word' id='word_1_43' title='bbox 1435 870 1552 926; x_wconf 83' lang='lat' dir='ltr'><strong>Jatn</strong></span> <span class='ocrx_word' id='word_1_44' title='bbox 1594 885 1722 925; x_wconf 91' lang='lat' dir='ltr'><strong>vero</strong></span> <span class='ocrx_word' id='word_1_45' title='bbox 1754 869 1799 924; x_wconf 91' lang='lat' dir='ltr'><strong>si</strong></span> <span class='ocrx_word' id='word_1_46' title='bbox 1831 869 2061 932; x_wconf 83' lang='lat' dir='ltr'><strong>accidat,</strong></span> 
     </span>
    </p>
   </div>
   <div class='ocr_carea' id='block_1_8' title="bbox 447 959 2064 1026">
    <p class='ocr_par' dir='ltr' id='par_1_8' title="bbox 447 959 2064 1026">
     <span class='ocr_line' id='line_1_8' title="bbox 447 959 2064 1026; baseline 0 -13"><span class='ocrx_word' id='word_1_47' title='bbox 447 1009 450 1012; x_wconf 89' lang='lat'><strong>.</strong></span> <span class='ocrx_word' id='word_1_48' title='bbox 494 970 552 1013; x_wconf 91' lang='lat' dir='ltr'><strong>ut</strong></span> <span class='ocrx_word' id='word_1_49' title='bbox 585 959 639 1012; x_wconf 91' lang='lat' dir='ltr'><strong>in</strong></span> <span class='ocrx_word' id='word_1_50' title='bbox 672 960 860 1014; x_wconf 89' lang='lat' dir='ltr'><strong>eodem</strong></span> <span class='ocrx_word' id='word_1_51' title='bbox 890 960 1134 1026; x_wconf 86' lang='lat' dir='ltr'><strong>vulnere,</strong></span> <span class='ocrx_word' id='word_1_52' title='bbox 1164 961 1249 1016; x_wconf 86' lang='lat' dir='ltr'><strong>vel</strong></span> <span class='ocrx_word' id='word_1_53' title='bbox 1276 960 1329 1017; x_wconf 90' lang='lat' dir='ltr'><strong>in</strong></span> <span class='ocrx_word' id='word_1_54' title='bbox 1373 963 1559 1017; x_wconf 87' lang='lat' dir='ltr'><strong>eadem</strong></span> <span class='ocrx_word' id='word_1_55' title='bbox 1589 961 1827 1015; x_wconf 90' lang='lat' dir='ltr'><strong>fractura</strong></span> <span class='ocrx_word' id='word_1_56' title='bbox 1870 960 2064 1015; x_wconf 89' lang='lat' dir='ltr'><strong>iterum</strong></span> 
     </span>
    </p>
   </div>
   <div class='ocr_carea' id='block_1_9' title="bbox 494 1051 2063 1124">
    <p class='ocr_par' dir='ltr' id='par_1_9' title="bbox 494 1051 2063 1124">
     <span class='ocr_line' id='line_1_9' title="bbox 494 1051 2063 1124; baseline 0.002 -20"><span class='ocrx_word' id='word_1_57' title='bbox 494 1058 548 1104; x_wconf 91' lang='lat' dir='ltr'><strong>et</strong></span> <span class='ocrx_word' id='word_1_58' title='bbox 568 1051 763 1119; x_wconf 54' lang='lat' dir='ltr'><strong>saepius</strong></span> <span class='ocrx_word' id='word_1_59' title='bbox 788 1051 912 1120; x_wconf 87' lang='lat' dir='ltr'><strong>quis</strong></span> <span class='ocrx_word' id='word_1_60' title='bbox 932 1051 1270 1120; x_wconf 82' lang='lat' dir='ltr'><strong>vulneretur,</strong></span> <span class='ocrx_word' id='word_1_61' title='bbox 1286 1052 1732 1124; x_wconf 82' lang='lat' dir='ltr'><strong>frequentiusque</strong></span> <span class='ocrx_word' id='word_1_62' title='bbox 1761 1053 2063 1124; x_wconf 78' lang='lat' dir='ltr'><strong>frangatur,</strong></span> 
     </span>
    </p>
   </div>
   <div class='ocr_carea' id='block_1_10' title="bbox 491 1143 2064 1216">
    <p class='ocr_par' dir='ltr' id='par_1_10' title="bbox 491 1143 2064 1216">
     <span class='ocr_line' id='line_1_10' title="bbox 491 1143 2064 1216; baseline 0.002 -21"><span class='ocrx_word' id='word_1_63' title='bbox 491 1143 710 1211; x_wconf 91' lang='lat' dir='ltr'><strong>quantis</strong></span> <span class='ocrx_word' id='word_1_64' title='bbox 742 1143 845 1198; x_wconf 87' lang='lat' dir='ltr'><strong>hoc</strong></span> <span class='ocrx_word' id='word_1_65' title='bbox 878 1143 1054 1213; x_wconf 63' lang='lat' dir='ltr'><strong>poenis</strong></span> <span class='ocrx_word' id='word_1_66' title='bbox 1101 1145 1316 1212; x_wconf 91' lang='lat' dir='ltr'><strong>curari,</strong></span> <span class='ocrx_word' id='word_1_67' title='bbox 1347 1155 1400 1201; x_wconf 90' lang='lat' dir='ltr'><strong>et</strong></span> <span class='ocrx_word' id='word_1_68' title='bbox 1451 1146 1670 1216; x_wconf 87' lang='lat' dir='ltr'><strong>quantis</strong></span> <span class='ocrx_word' id='word_1_69' title='bbox 1714 1154 1888 1216; x_wconf 90' lang='lat' dir='ltr'><strong>potest</strong></span> <span class='ocrx_word' id='word_1_70' title='bbox 1937 1161 2064 1200; x_wconf 88' lang='lat' dir='ltr'><strong>cru-</strong></span> 
     </span>
    </p>
   </div>
   <div class='ocr_carea' id='block_1_11' title="bbox 492 1235 2061 1308">
    <p class='ocr_par' dir='ltr' id='par_1_11' title="bbox 492 1235 2061 1308">
     <span class='ocr_line' id='line_1_11' title="bbox 492 1235 2061 1308; baseline 0.002 -19"><span class='ocrx_word' id='word_1_71' title='bbox 492 1235 728 1289; x_wconf 89' lang='lat' dir='ltr'><strong>ciatibus</strong></span> <span class='ocrx_word' id='word_1_72' title='bbox 779 1235 1037 1290; x_wconf 83' lang='lat' dir='ltr'><strong>medicari</strong></span> <span class='ocrx_word' id='word_1_73' title='bbox 1066 1235 1328 1303; x_wconf 85' lang='lat' dir='ltr'><strong>?Quauto</strong></span> <span class='ocrx_word' id='word_1_74' title='bbox 1385 1249 1563 1293; x_wconf 88' lang='lat' dir='ltr'><strong>autem</strong></span> <span class='ocrx_word' id='word_1_75' title='bbox 1613 1248 1873 1308; x_wconf 90' lang='lat' dir='ltr'><strong>tempore,</strong></span> <span class='ocrx_word' id='word_1_76' title='bbox 1901 1239 1945 1293; x_wconf 91' lang='lat' dir='ltr'><strong>si</strong></span> <span class='ocrx_word' id='word_1_77' title='bbox 1979 1247 2061 1292; x_wconf 90' lang='lat' dir='ltr'><strong>ta-</strong></span> 
     </span>
    </p>
   </div>
   <div class='ocr_carea' id='block_1_12' title="bbox 495 1327 2062 1400">
    <p class='ocr_par' dir='ltr' id='par_1_12' title="bbox 495 1327 2062 1400">
     <span class='ocr_line' id='line_1_12' title="bbox 495 1327 2062 1400; baseline 0.004 -20"><span class='ocrx_word' id='word_1_78' title='bbox 495 1341 618 1382; x_wconf 90' lang='lat' dir='ltr'><strong>men</strong></span> <span class='ocrx_word' id='word_1_79' title='bbox 646 1327 902 1397; x_wconf 90' lang='lat' dir='ltr'><strong>potuerit,</strong></span> <span class='ocrx_word' id='word_1_80' title='bbox 933 1329 1001 1384; x_wconf 91' lang='lat' dir='ltr'><strong>ad</strong></span> <span class='ocrx_word' id='word_1_81' title='bbox 1047 1330 1333 1384; x_wconf 86' lang='lat' dir='ltr'><strong>sanitatem</strong></span> <span class='ocrx_word' id='word_1_82' title='bbox 1370 1332 1686 1400; x_wconf 87' lang='lat' dir='ltr'><strong>perducitur</strong></span> <span class='ocrx_word' id='word_1_83' title='bbox 1710 1331 1733 1386; x_wconf 87' lang='lat'><strong>?</strong></span> <span class='ocrx_word' id='word_1_84' title='bbox 1761 1338 1816 1387; x_wconf 91' lang='lat' dir='ltr'><strong>et</strong></span> <span class='ocrx_word' id='word_1_85' title='bbox 1846 1331 1936 1386; x_wconf 82' lang='lat' dir='ltr'><strong>vix</strong></span> <span class='ocrx_word' id='word_1_86' title='bbox 1964 1331 2062 1386; x_wconf 86' lang='lat' dir='ltr'><strong>ali-</strong></span> 
     </span>
    </p>
   </div>
   <div class='ocr_carea' id='block_1_13' title="bbox 492 1420 2062 1494">
    <p class='ocr_par' dir='ltr' id='par_1_13' title="bbox 492 1420 2062 1494">
     <span class='ocr_line' id='line_1_13' title="bbox 492 1420 2062 1494; baseline 0.004 -22"><span class='ocrx_word' id='word_1_87' title='bbox 492 1420 714 1488; x_wconf 83' lang='lat' dir='ltr'><strong>quando</strong></span> <span class='ocrx_word' id='word_1_88' title='bbox 768 1421 839 1475; x_wconf 89' lang='lat' dir='ltr'><strong>ita</strong></span> <span class='ocrx_word' id='word_1_89' title='bbox 877 1421 1179 1488; x_wconf 85' lang='lat' dir='ltr'><strong>curabitur,</strong></span> <span class='ocrx_word' id='word_1_90' title='bbox 1213 1433 1270 1477; x_wconf 92' lang='lat' dir='ltr'><strong>ut</strong></span> <span class='ocrx_word' id='word_1_91' title='bbox 1295 1425 1377 1478; x_wconf 92' lang='lat' dir='ltr'><strong>vel</strong></span> <span class='ocrx_word' id='word_1_92' title='bbox 1407 1425 1742 1482; x_wconf 87' lang='lat' dir='ltr'><strong>debilitatem</strong></span> <span class='ocrx_word' id='word_1_93' title='bbox 1795 1425 2062 1494; x_wconf 88' lang='lat' dir='ltr'><strong>corporis,</strong></span> 
     </span>
    </p>
   </div>
   <div class='ocr_carea' id='block_1_14' title="bbox 492 1511 2060 1584">
    <p class='ocr_par' dir='ltr' id='par_1_14' title="bbox 492 1511 2060 1584">
     <span class='ocr_line' id='line_1_14' title="bbox 492 1511 2060 1584; baseline 0.004 -19"><span class='ocrx_word' id='word_1_94' title='bbox 492 1511 575 1565; x_wconf 88' lang='lat' dir='ltr'><strong>vel</strong></span> <span class='ocrx_word' id='word_1_95' title='bbox 622 1512 920 1567; x_wconf 69' lang='lat' dir='ltr'><strong>fmditatem</strong></span> <span class='ocrx_word' id='word_1_96' title='bbox 971 1514 1244 1570; x_wconf 86' lang='lat' dir='ltr'><strong>cicatricis</strong></span> <span class='ocrx_word' id='word_1_97' title='bbox 1276 1514 1512 1584; x_wconf 75' lang='lat' dir='ltr'><strong>effugiat.</strong></span> <span class='ocrx_word' id='word_1_98' title='bbox 1561 1515 1755 1570; x_wconf 88' lang='lat' dir='ltr'><strong>Transi</strong></span> <span class='ocrx_word' id='word_1_99' title='bbox 1792 1531 1932 1571; x_wconf 91' lang='lat' dir='ltr'><strong>nunc</strong></span> <span class='ocrx_word' id='word_1_100' title='bbox 1992 1515 2060 1572; x_wconf 93' lang='lat' dir='ltr'><strong>ab</strong></span> 
     </span>
    </p>
   </div>
   <div class='ocr_carea' id='block_1_15' title="bbox 491 1604 2059 1678">
    <p class='ocr_par' dir='ltr' id='par_1_15' title="bbox 491 1604 2059 1678">
     <span class='ocr_line' id='line_1_15' title="bbox 491 1604 2059 1678; baseline 0.004 -21"><span class='ocrx_word' id='word_1_101' title='bbox 491 1604 740 1673; x_wconf 80' lang='lat' dir='ltr'><strong>exemplo</strong></span> <span class='ocrx_word' id='word_1_102' title='bbox 785 1605 1032 1674; x_wconf 88' lang='lat' dir='ltr'><strong>corporis</strong></span> <span class='ocrx_word' id='word_1_103' title='bbox 1061 1607 1129 1661; x_wconf 89' lang='lat' dir='ltr'><strong>ad</strong></span> <span class='ocrx_word' id='word_1_104' title='bbox 1166 1608 1359 1662; x_wconf 68' lang='lat' dir='ltr'><strong>anima:</strong></span> <span class='ocrx_word' id='word_1_105' title='bbox 1409 1607 1657 1663; x_wconf 87' lang='lat' dir='ltr'><strong>vulnera.</strong></span> <span class='ocrx_word' id='word_1_106' title='bbox 1690 1609 1887 1662; x_wconf 85' lang='lat' dir='ltr'><strong>Anima</strong></span> <span class='ocrx_word' id='word_1_107' title='bbox 1922 1623 2059 1678; x_wconf 93' lang='lat' dir='ltr'><strong>quo-</strong></span> 
     </span>
    </p>
   </div>
   <div class='ocr_carea' id='block_1_16' title="bbox 492 1696 2058 1769">
    <p class='ocr_par' dir='ltr' id='par_1_16' title="bbox 492 1696 2058 1769">
     <span class='ocr_line' id='line_1_16' title="bbox 492 1696 2058 1769; baseline 0.002 -19"><span class='ocrx_word' id='word_1_108' title='bbox 492 1696 598 1751; x_wconf 91' lang='lat' dir='ltr'><strong>ties</strong></span> <span class='ocrx_word' id='word_1_109' title='bbox 625 1704 836 1766; x_wconf 89' lang='lat' dir='ltr'><strong>peccat,</strong></span> <span class='ocrx_word' id='word_1_110' title='bbox 872 1699 1031 1754; x_wconf 89' lang='lat' dir='ltr'><strong>toties</strong></span> <span class='ocrx_word' id='word_1_111' title='bbox 1057 1699 1390 1754; x_wconf 87' lang='lat' dir='ltr'><strong>vulneratur.</strong></span> <span class='ocrx_word' id='word_1_112' title='bbox 1425 1698 1493 1753; x_wconf 88' lang='lat' dir='ltr'><strong>Et</strong></span> <span class='ocrx_word' id='word_1_113' title='bbox 1522 1712 1590 1753; x_wconf 89' lang='lat' dir='ltr'><strong>ne</strong></span> <span class='ocrx_word' id='word_1_114' title='bbox 1611 1699 1822 1754; x_wconf 88' lang='lat' dir='ltr'><strong>dubites</strong></span> <span class='ocrx_word' id='word_1_115' title='bbox 1866 1713 2058 1769; x_wconf 87' lang='lat' dir='ltr'><strong>pecca-</strong></span> 
     </span>
    </p>
   </div>
   <div class='ocr_carea' id='block_1_17' title="bbox 491 1786 2056 1862">
    <p class='ocr_par' dir='ltr' id='par_1_17' title="bbox 491 1786 2056 1862">
     <span class='ocr_line' id='line_1_17' title="bbox 491 1786 2056 1862; baseline 0.002 -19"><span class='ocrx_word' id='word_1_116' title='bbox 491 1789 560 1843; x_wconf 88' lang='lat' dir='ltr'><strong>tis</strong></span> <span class='ocrx_word' id='word_1_117' title='bbox 590 1803 709 1842; x_wconf 91' lang='lat' dir='ltr'><strong>eam</strong></span> <span class='ocrx_word' id='word_1_118' title='bbox 743 1786 892 1843; x_wconf 88' lang='lat' dir='ltr'><strong>velut</strong></span> <span class='ocrx_word' id='word_1_119' title='bbox 929 1788 1054 1844; x_wconf 90' lang='lat' dir='ltr'><strong>telis</strong></span> <span class='ocrx_word' id='word_1_120' title='bbox 1095 1798 1150 1845; x_wconf 92' lang='lat' dir='ltr'><strong>et</strong></span> <span class='ocrx_word' id='word_1_121' title='bbox 1189 1789 1384 1860; x_wconf 77' lang='lat' dir='ltr'><strong>gladiis</strong></span> <span class='ocrx_word' id='word_1_122' title='bbox 1415 1790 1724 1856; x_wconf 84' lang='lat' dir='ltr'><strong>vulnerari,</strong></span> <span class='ocrx_word' id='word_1_123' title='bbox 1760 1791 1883 1845; x_wconf 89' lang='lat' dir='ltr'><strong>audi</strong></span> <span class='ocrx_word' id='word_1_124' title='bbox 1913 1793 2056 1862; x_wconf 84' lang='lat' dir='ltr'><strong>Apo-</strong></span> 
     </span>
    </p>
   </div>
   <div class='ocr_carea' id='block_1_18' title="bbox 490 1878 2056 1948">
    <p class='ocr_par' dir='ltr' id='par_1_18' title="bbox 490 1878 2056 1948">
     <span class='ocr_line' id='line_1_18' title="bbox 490 1878 2056 1948; baseline 0.003 -14"><span class='ocrx_word' id='word_1_125' title='bbox 490 1878 689 1934; x_wconf 88' lang='lat' dir='ltr'><strong>stolum</strong></span> <span class='ocrx_word' id='word_1_126' title='bbox 715 1889 1022 1934; x_wconf 91' lang='lat' dir='ltr'><strong>monentem</strong></span> <span class='ocrx_word' id='word_1_127' title='bbox 1060 1889 1117 1933; x_wconf 93' lang='lat' dir='ltr'><strong>ut</strong></span> <span class='ocrx_word' id='word_1_128' title='bbox 1149 1895 1494 1937; x_wconf 90' lang='lat' dir='ltr'><strong>assumamus</strong></span> <span class='ocrx_word' id='word_1_129' title='bbox 1537 1897 1557 1933; x_wconf 80' lang='grc' dir='ltr'>σ</span> <span class='ocrx_word' id='word_1_130' title='bbox 1596 1893 1807 1937; x_wconf 89' lang='lat' dir='ltr'><strong>scutum</strong></span> <span class='ocrx_word' id='word_1_131' title='bbox 1833 1883 1980 1948; x_wconf 83' lang='lat' dir='ltr'><strong>fidei,</strong></span> <span class='ocrx_word' id='word_1_132' title='bbox 2003 1883 2056 1938; x_wconf 89' lang='lat' dir='ltr'><strong>in</strong></span> 
     </span>
    </p>
   </div>
   <div class='ocr_carea' id='block_1_19' title="bbox 487 1959 2058 2045">
    <p class='ocr_par' dir='ltr' id='par_1_19' title="bbox 487 1959 2058 2045">
     <span class='ocr_line' id='line_1_19' title="bbox 487 1959 2058 2045; baseline 0.003 -21"><span class='ocrx_word' id='word_1_133' title='bbox 487 1985 598 2041; x_wconf 92' lang='lat' dir='ltr'><strong>quo</strong></span> <span class='ocrx_word' id='word_1_134' title='bbox 642 1959 896 2041; x_wconf 87' lang='lat' dir='ltr'><strong>possitis,</strong></span> <span class='ocrx_word' id='word_1_135' title='bbox 943 1972 1146 2043; x_wconf 91' lang='lat' dir='ltr'><strong>inquit,</strong></span> <span class='ocrx_word' id='word_1_136' title='bbox 1182 1975 1362 2028; x_wconf 92' lang='lat' dir='ltr'><strong>omnia</strong></span> <span class='ocrx_word' id='word_1_137' title='bbox 1405 1972 1586 2042; x_wconf 89' lang='lat' dir='ltr'><strong>jacula</strong></span> <span class='ocrx_word' id='word_1_138' title='bbox 1630 1973 1845 2043; x_wconf 80' lang='lat' dir='ltr'><strong>maligni</strong></span> <span class='ocrx_word' id='word_1_139' title='bbox 1891 1975 2058 2045; x_wconf 88' lang='lat' dir='ltr'><strong>ignita</strong></span> 
     </span>
    </p>
   </div>
   <div class='ocr_carea' id='block_1_20' title="bbox 491 2062 2052 2136">
    <p class='ocr_par' dir='ltr' id='par_1_20' title="bbox 491 2062 2052 2136">
     <span class='ocr_line' id='line_1_20' title="bbox 491 2062 2052 2136; baseline 0.003 -20"><span class='ocrx_word' id='word_1_140' title='bbox 491 2063 858 2133; x_wconf 80' lang='lat' dir='ltr'><strong>exstinguere.</strong></span> <span class='ocrx_word' id='word_1_141' title='bbox 875 2082 894 2115; x_wconf 70' lang='grc' dir='ltr'><strong><em>ι</em></strong></span> <span class='ocrx_word' id='word_1_142' title='bbox 917 2062 1081 2118; x_wconf 80' lang='lat' dir='ltr'><strong>Vides</strong></span> <span class='ocrx_word' id='word_1_143' title='bbox 1099 2079 1228 2136; x_wconf 88' lang='lat' dir='ltr'><strong>ergo</strong></span> <span class='ocrx_word' id='word_1_144' title='bbox 1248 2075 1468 2134; x_wconf 89' lang='lat' dir='ltr'><strong>peccata</strong></span> <span class='ocrx_word' id='word_1_145' title='bbox 1485 2065 1702 2134; x_wconf 79' lang='lat' dir='ltr'><strong>maligni</strong></span> <span class='ocrx_word' id='word_1_146' title='bbox 1722 2066 2052 2133; x_wconf 77' lang='lat' dir='ltr'><strong>essejacula,</strong></span> 
     </span>
    </p>
   </div>
   <div class='ocr_carea' id='block_1_21' title="bbox 488 2155 2056 2226">
    <p class='ocr_par' dir='ltr' id='par_1_21' title="bbox 488 2155 2056 2226">
     <span class='ocr_line' id='line_1_21' title="bbox 488 2155 2056 2226; baseline 0.003 -16"><span class='ocrx_word' id='word_1_147' title='bbox 488 2170 609 2226; x_wconf 68' lang='lat' dir='ltr'><strong>quae</strong></span> <span class='ocrx_word' id='word_1_148' title='bbox 635 2156 690 2210; x_wconf 92' lang='lat' dir='ltr'><strong>in</strong></span> <span class='ocrx_word' id='word_1_149' title='bbox 709 2155 944 2211; x_wconf 90' lang='lat' dir='ltr'><strong>animam</strong></span> <span class='ocrx_word' id='word_1_150' title='bbox 971 2156 1296 2226; x_wconf 83' lang='lat' dir='ltr'><strong>diriguntur.</strong></span> <span class='ocrx_word' id='word_1_151' title='bbox 1328 2158 1542 2212; x_wconf 85' lang='lat' dir='ltr'><strong>Patitur</strong></span> <span class='ocrx_word' id='word_1_152' title='bbox 1579 2169 1760 2214; x_wconf 87' lang='lat' dir='ltr'><strong>autem</strong></span> <span class='ocrx_word' id='word_1_153' title='bbox 1788 2169 1841 2214; x_wconf 91' lang='lat' dir='ltr'><strong>et</strong></span> <span class='ocrx_word' id='word_1_154' title='bbox 1875 2160 2056 2214; x_wconf 91' lang='lat' dir='ltr'><strong>anima</strong></span> 
     </span>
    </p>
   </div>
   <div class='ocr_carea' id='block_1_22' title="bbox 486 2247 2054 2319">
    <p class='ocr_par' dir='ltr' id='par_1_22' title="bbox 486 2247 2054 2319">
     <span class='ocr_line' id='line_1_22' title="bbox 486 2247 2054 2319; baseline 0.003 -19"><span class='ocrx_word' id='word_1_155' title='bbox 486 2262 592 2301; x_wconf 94' lang='lat' dir='ltr'><strong>non</strong></span> <span class='ocrx_word' id='word_1_156' title='bbox 624 2247 800 2302; x_wconf 88' lang='lat' dir='ltr'><strong>solum</strong></span> <span class='ocrx_word' id='word_1_157' title='bbox 833 2247 1058 2302; x_wconf 81' lang='lat' dir='ltr'><strong>vulnera</strong></span> <span class='ocrx_word' id='word_1_158' title='bbox 1092 2249 1424 2319; x_wconf 85' lang='lat' dir='ltr'><strong>jaculornm,</strong></span> <span class='ocrx_word' id='word_1_159' title='bbox 1455 2249 1551 2303; x_wconf 88' lang='lat' dir='ltr'><strong>sed</strong></span> <span class='ocrx_word' id='word_1_160' title='bbox 1583 2257 1633 2304; x_wconf 91' lang='lat' dir='ltr'><strong>et</strong></span> <span class='ocrx_word' id='word_1_161' title='bbox 1661 2249 1933 2304; x_wconf 84' lang='lat' dir='ltr'><strong>fracturas</strong></span> <span class='ocrx_word' id='word_1_162' title='bbox 1961 2265 2054 2319; x_wconf 88' lang='lat' dir='ltr'><strong>pe-</strong></span> 
     </span>
    </p>
   </div>
   <div class='ocr_carea' id='block_1_23' title="bbox 485 2339 2057 2412">
    <p class='ocr_par' dir='ltr' id='par_1_23' title="bbox 485 2339 2057 2412">
     <span class='ocr_line' id='line_1_23' title="bbox 485 2339 2057 2412; baseline 0.003 -20"><span class='ocrx_word' id='word_1_163' title='bbox 485 2339 633 2404; x_wconf 88' lang='lat' dir='ltr'><strong>dum,</strong></span> <span class='ocrx_word' id='word_1_164' title='bbox 652 2355 775 2394; x_wconf 90' lang='lat' dir='ltr'><strong>cum</strong></span> <span class='ocrx_word' id='word_1_165' title='bbox 809 2339 988 2411; x_wconf 90' lang='lat' dir='ltr'><strong>laquei</strong></span> <span class='ocrx_word' id='word_1_166' title='bbox 1004 2350 1266 2410; x_wconf 88' lang='lat' dir='ltr'><strong>parantur</strong></span> <span class='ocrx_word' id='word_1_167' title='bbox 1297 2341 1522 2410; x_wconf 89' lang='lat' dir='ltr'><strong>pedibus</strong></span> <span class='ocrx_word' id='word_1_168' title='bbox 1549 2342 1688 2411; x_wconf 84' lang='lat' dir='ltr'><strong>ejus,</strong></span> <span class='ocrx_word' id='word_1_169' title='bbox 1710 2350 1760 2396; x_wconf 82' lang='lat' dir='ltr'><strong>et</strong></span> <span class='ocrx_word' id='word_1_170' title='bbox 1803 2343 2057 2412; x_wconf 74' lang='lat' dir='ltr'><strong>supplan~</strong></span> 
     </span>
    </p>
   </div>
   <div class='ocr_carea' id='block_1_24' title="bbox 488 2430 2057 2502">
    <p class='ocr_par' dir='ltr' id='par_1_24' title="bbox 488 2430 2057 2502">
     <span class='ocr_line' id='line_1_24' title="bbox 488 2430 2057 2502; baseline 0.003 -18"><span class='ocrx_word' id='word_1_171' title='bbox 488 2438 674 2486; x_wconf 91' lang='lat' dir='ltr'><strong>tantur</strong></span> <span class='ocrx_word' id='word_1_172' title='bbox 695 2445 915 2502; x_wconf 84' lang='lat' dir='ltr'><strong>gressus</strong></span> <span class='ocrx_word' id='word_1_173' title='bbox 935 2431 1073 2502; x_wconf 84' lang='lat' dir='ltr'><strong>ejus.</strong></span> <span class='ocrx_word' id='word_1_174' title='bbox 1093 2430 1219 2486; x_wconf 66' lang='lat' dir='ltr'><strong>Haec</strong></span> <span class='ocrx_word' id='word_1_175' title='bbox 1243 2444 1372 2501; x_wconf 84' lang='lat' dir='ltr'><strong>ergo</strong></span> <span class='ocrx_word' id='word_1_176' title='bbox 1401 2441 1454 2486; x_wconf 91' lang='lat' dir='ltr'><strong>et</strong></span> <span class='ocrx_word' id='word_1_177' title='bbox 1476 2431 1780 2501; x_wconf 89' lang='lat' dir='ltr'><strong>hujusmodi</strong></span> <span class='ocrx_word' id='word_1_178' title='bbox 1830 2432 2057 2489; x_wconf 89' lang='lat' dir='ltr'><strong>vulnera</strong></span> 
     </span>
    </p>
   </div>
   <div class='ocr_carea' id='block_1_25' title="bbox 485 2523 2058 2595">
    <p class='ocr_par' dir='ltr' id='par_1_25' title="bbox 485 2523 2058 2595">
     <span class='ocr_line' id='line_1_25' title="bbox 485 2523 2058 2595; baseline 0.002 -18"><span class='ocrx_word' id='word_1_179' title='bbox 485 2534 691 2594; x_wconf 89' lang='lat' dir='ltr'><strong>quanto</strong></span> <span class='ocrx_word' id='word_1_180' title='bbox 709 2533 951 2593; x_wconf 89' lang='lat' dir='ltr'><strong>tempore</strong></span> <span class='ocrx_word' id='word_1_181' title='bbox 986 2534 1146 2594; x_wconf 91' lang='lat' dir='ltr'><strong>putas</strong></span> <span class='ocrx_word' id='word_1_182' title='bbox 1169 2540 1329 2595; x_wconf 89' lang='lat' dir='ltr'><strong>posse</strong></span> <span class='ocrx_word' id='word_1_183' title='bbox 1356 2525 1536 2580; x_wconf 89' lang='lat' dir='ltr'><strong>curari</strong></span> <span class='ocrx_word' id='word_1_184' title='bbox 1565 2525 1588 2578; x_wconf 69' lang='grc' dir='ltr'><em>ἲ</em></span> <span class='ocrx_word' id='word_1_185' title='bbox 1614 2523 1659 2579; x_wconf 88' lang='grc' dir='ltr'>Ο</span> <span class='ocrx_word' id='word_1_186' title='bbox 1692 2525 1736 2579; x_wconf 93' lang='lat' dir='ltr'><strong>si</strong></span> <span class='ocrx_word' id='word_1_187' title='bbox 1777 2539 2058 2593; x_wconf 91' lang='lat' dir='ltr'><strong>possemus</strong></span> 
     </span>
    </p>
   </div>
   <div class='ocr_carea' id='block_1_26' title="bbox 487 2614 2058 2686">
    <p class='ocr_par' dir='ltr' id='par_1_26' title="bbox 487 2614 2058 2686">
     <span class='ocr_line' id='line_1_26' title="bbox 487 2614 2058 2686; baseline 0.003 -20"><span class='ocrx_word' id='word_1_188' title='bbox 487 2630 584 2685; x_wconf 91' lang='lat' dir='ltr'><strong>per</strong></span> <span class='ocrx_word' id='word_1_189' title='bbox 613 2614 1031 2686; x_wconf 90' lang='lat' dir='ltr'><strong>unumquodque</strong></span> <span class='ocrx_word' id='word_1_190' title='bbox 1073 2625 1353 2686; x_wconf 89' lang='lat' dir='ltr'><strong>peccatum</strong></span> <span class='ocrx_word' id='word_1_191' title='bbox 1394 2614 1577 2669; x_wconf 89' lang='lat' dir='ltr'><strong>videre</strong></span> <span class='ocrx_word' id='word_1_192' title='bbox 1608 2616 1878 2684; x_wconf 83' lang='lat' dir='ltr'><strong>quomodo</strong></span> <span class='ocrx_word' id='word_1_193' title='bbox 1898 2616 2058 2671; x_wconf 90' lang='lat' dir='ltr'><strong>homo</strong></span> 
     </span>
    </p>
   </div>
   <div class='ocr_carea' id='block_1_27' title="bbox 487 2707 2058 2776">
    <p class='ocr_par' dir='ltr' id='par_1_27' title="bbox 487 2707 2058 2776">
     <span class='ocr_line' id='line_1_27' title="bbox 487 2707 2058 2776; baseline 0.002 -15"><span class='ocrx_word' id='word_1_194' title='bbox 487 2717 678 2763; x_wconf 86' lang='lat' dir='ltr'><strong>noster</strong></span> <span class='ocrx_word' id='word_1_195' title='bbox 712 2708 941 2762; x_wconf 88' lang='lat' dir='ltr'><strong>interior</strong></span> <span class='ocrx_word' id='word_1_196' title='bbox 969 2709 1186 2763; x_wconf 90' lang='lat' dir='ltr'><strong>assidue</strong></span> <span class='ocrx_word' id='word_1_197' title='bbox 1223 2708 1554 2772; x_wconf 82' lang='lat' dir='ltr'><strong>vulneratur,</strong></span> <span class='ocrx_word' id='word_1_198' title='bbox 1582 2707 1852 2776; x_wconf 91' lang='lat' dir='ltr'><strong>quomodo</strong></span> <span class='ocrx_word' id='word_1_199' title='bbox 1881 2723 2058 2764; x_wconf 83' lang='lat' dir='ltr'><strong>sermo</strong></span> 
     </span>
    </p>
   </div>
   <div class='ocr_carea' id='block_1_28' title="bbox 489 2798 2057 2870">
    <p class='ocr_par' dir='ltr' id='par_1_28' title="bbox 489 2798 2057 2870">
     <span class='ocr_line' id='line_1_28' title="bbox 489 2798 2057 2870; baseline 0 -17"><span class='ocrx_word' id='word_1_200' title='bbox 489 2800 664 2854; x_wconf 86' lang='lat' dir='ltr'><strong>malus</strong></span> <span class='ocrx_word' id='word_1_201' title='bbox 681 2799 843 2870; x_wconf 75' lang='lat'><strong>295</strong></span> <span class='ocrx_word' id='word_1_202' title='bbox 860 2800 1053 2853; x_wconf 89' lang='lat' dir='ltr'><strong>vulnus</strong></span> <span class='ocrx_word' id='word_1_203' title='bbox 1077 2798 1293 2870; x_wconf 83' lang='lat' dir='ltr'><strong>inﬂigit!</strong></span> <span class='ocrx_word' id='word_1_204' title='bbox 1320 2799 1432 2853; x_wconf 85' lang='lat' dir='ltr'><strong>Non</strong></span> <span class='ocrx_word' id='word_1_205' title='bbox 1451 2799 1624 2869; x_wconf 82' lang='lat' dir='ltr'><strong>legisti</strong></span> <span class='ocrx_word' id='word_1_206' title='bbox 1647 2799 1793 2852; x_wconf 70' lang='lat'><strong>’3&#39;”:</strong></span> <span class='ocrx_word' id='word_1_207' title='bbox 1818 2818 1836 2853; x_wconf 72' lang='grc' dir='ltr'>ι</span> <span class='ocrx_word' id='word_1_208' title='bbox 1865 2800 2057 2854; x_wconf 74' lang='grc' dir='ltr'><strong>Βίι-ιιηι</strong></span> 
     </span>
    </p>
   </div>
   <div class='ocr_carea' id='block_1_29' title="bbox 485 2889 2054 2960">
    <p class='ocr_par' dir='ltr' id='par_1_29' title="bbox 485 2889 2054 2960">
     <span class='ocr_line' id='line_1_29' title="bbox 485 2889 2054 2960; baseline 0.001 -16"><span class='ocrx_word' id='word_1_209' title='bbox 485 2891 610 2960; x_wconf 83' lang='lat' dir='ltr'><strong>quia</strong></span> <span class='ocrx_word' id='word_1_210' title='bbox 632 2892 917 2945; x_wconf 87' lang='lat' dir='ltr'><strong>vulnerant</strong></span> <span class='ocrx_word' id='word_1_211' title='bbox 943 2889 1126 2960; x_wconf 88' lang='lat' dir='ltr'><strong>gladii,</strong></span> <span class='ocrx_word' id='word_1_212' title='bbox 1149 2892 1241 2945; x_wconf 90' lang='lat' dir='ltr'><strong>sed</strong></span> <span class='ocrx_word' id='word_1_213' title='bbox 1263 2906 1367 2944; x_wconf 92' lang='lat' dir='ltr'><strong>non</strong></span> <span class='ocrx_word' id='word_1_214' title='bbox 1390 2893 1462 2944; x_wconf 91' lang='lat' dir='ltr'><strong>ita</strong></span> <span class='ocrx_word' id='word_1_215' title='bbox 1487 2900 1543 2944; x_wconf 93' lang='lat' dir='ltr'><strong>ut</strong></span> <span class='ocrx_word' id='word_1_216' title='bbox 1564 2890 1742 2960; x_wconf 90' lang='lat' dir='ltr'><strong>lingua</strong></span> <span class='ocrx_word' id='word_1_217' title='bbox 1765 2891 1786 2945; x_wconf 77' lang='grc' dir='ltr'>τ</span> <span class='ocrx_word' id='word_1_218' title='bbox 1813 2909 1832 2942; x_wconf 75' lang='grc' dir='ltr'><strong><em>ι</em></strong></span> <span class='ocrx_word' id='word_1_219' title='bbox 1859 2890 2054 2945; x_wconf 80' lang='lat' dir='ltr'><strong>Vulne-</strong></span> 
     </span>
    </p>
   </div>
   <div class='ocr_carea' id='block_1_30' title="bbox 486 2983 2058 3054">
    <p class='ocr_par' dir='ltr' id='par_1_30' title="bbox 486 2983 2058 3054">
     <span class='ocr_line' id='line_1_30' title="bbox 486 2983 2058 3054; baseline -0.001 -16"><span class='ocrx_word' id='word_1_220' title='bbox 486 2993 640 3038; x_wconf 86' lang='lat' dir='ltr'><strong>ratur</strong></span> <span class='ocrx_word' id='word_1_221' title='bbox 667 2998 797 3053; x_wconf 83' lang='lat' dir='ltr'><strong>ergo</strong></span> <span class='ocrx_word' id='word_1_222' title='bbox 837 2998 931 3054; x_wconf 90' lang='lat' dir='ltr'><strong>per</strong></span> <span class='ocrx_word' id='word_1_223' title='bbox 957 2984 1193 3054; x_wconf 86' lang='lat' dir='ltr'><strong>linguam</strong></span> <span class='ocrx_word' id='word_1_224' title='bbox 1226 2984 1432 3050; x_wconf 90' lang='lat' dir='ltr'><strong>anima,</strong></span> <span class='ocrx_word' id='word_1_225' title='bbox 1453 2983 1770 3040; x_wconf 88' lang='lat' dir='ltr'><strong>vulneratur</strong></span> <span class='ocrx_word' id='word_1_226' title='bbox 1788 2992 1839 3038; x_wconf 93' lang='lat' dir='ltr'><strong>et</strong></span> <span class='ocrx_word' id='word_1_227' title='bbox 1858 2999 1950 3054; x_wconf 87' lang='lat' dir='ltr'><strong>per</strong></span> <span class='ocrx_word' id='word_1_228' title='bbox 1967 2999 2058 3038; x_wconf 86' lang='lat' dir='ltr'><strong>co-</strong></span> 
     </span>
    </p>
   </div>
   <div class='ocr_carea' id='block_1_31' title="bbox 485 3076 2055 3147">
    <p class='ocr_par' dir='ltr' id='par_1_31' title="bbox 485 3076 2055 3147">
     <span class='ocr_line' id='line_1_31' title="bbox 485 3076 2055 3147; baseline 0 -17"><span class='ocrx_word' id='word_1_229' title='bbox 485 3077 774 3146; x_wconf 85' lang='lat' dir='ltr'><strong>gitationes</strong></span> <span class='ocrx_word' id='word_1_230' title='bbox 825 3088 881 3131; x_wconf 91' lang='lat' dir='ltr'><strong>et</strong></span> <span class='ocrx_word' id='word_1_231' title='bbox 909 3077 1378 3146; x_wconf 87' lang='lat' dir='ltr'><strong>concupiscentias</strong></span> <span class='ocrx_word' id='word_1_232' title='bbox 1410 3077 1601 3143; x_wconf 88' lang='lat' dir='ltr'><strong>malas,</strong></span> <span class='ocrx_word' id='word_1_233' title='bbox 1656 3076 1923 3147; x_wconf 84' lang='lat' dir='ltr'><strong>frangitur</strong></span> <span class='ocrx_word' id='word_1_234' title='bbox 1957 3091 2055 3130; x_wconf 89' lang='lat' dir='ltr'><strong>au-</strong></span> 
     </span>
    </p>
   </div>
   <div class='ocr_carea' id='block_1_32' title="bbox 489 3168 2127 3253">
    <p class='ocr_par' dir='ltr' id='par_1_32' title="bbox 489 3168 2127 3253">
     <span class='ocr_line' id='line_1_32' title="bbox 489 3168 2127 3253; baseline 0 -31"><span class='ocrx_word' id='word_1_235' title='bbox 489 3179 596 3223; x_wconf 91' lang='lat' dir='ltr'><strong>tem</strong></span> <span class='ocrx_word' id='word_1_236' title='bbox 625 3177 681 3222; x_wconf 92' lang='lat' dir='ltr'><strong>et</strong></span> <span class='ocrx_word' id='word_1_237' title='bbox 706 3169 1003 3224; x_wconf 88' lang='lat' dir='ltr'><strong>conteritur</strong></span> <span class='ocrx_word' id='word_1_238' title='bbox 1050 3183 1145 3238; x_wconf 90' lang='lat' dir='ltr'><strong>per</strong></span> <span class='ocrx_word' id='word_1_239' title='bbox 1175 3183 1335 3238; x_wconf 84' lang='lat' dir='ltr'><strong>opera</strong></span> <span class='ocrx_word' id='word_1_240' title='bbox 1362 3169 1590 3238; x_wconf 89' lang='lat' dir='ltr'><strong>peccati.</strong></span> <span class='ocrx_word' id='word_1_241' title='bbox 1641 3168 1770 3236; x_wconf 74' lang='lat' dir='ltr'><strong>Qua:</strong></span> <span class='ocrx_word' id='word_1_242' title='bbox 1798 3169 1843 3223; x_wconf 89' lang='lat' dir='ltr'><strong>si</strong></span> <span class='ocrx_word' id='word_1_243' title='bbox 1870 3169 2051 3224; x_wconf 90' lang='lat' dir='ltr'><strong>omnia</strong></span> <span class='ocrx_word' id='word_1_244' title='bbox 2079 3190 2127 3253; x_wconf 71' lang='grc' dir='ltr'>ο</span> 
     </span>
    </p>
   </div>
   <div class='ocr_carea' id='block_1_33' title="bbox 484 3258 2054 3328">
    <p class='ocr_par' dir='ltr' id='par_1_33' title="bbox 484 3258 2054 3328">
     <span class='ocr_line' id='line_1_33' title="bbox 484 3258 2054 3328; baseline 0.001 -18"><span class='ocrx_word' id='word_1_245' title='bbox 484 3259 669 3314; x_wconf 86' lang='lat' dir='ltr'><strong>videre</strong></span> <span class='ocrx_word' id='word_1_246' title='bbox 696 3273 996 3328; x_wconf 88' lang='lat' dir='ltr'><strong>possemus,</strong></span> <span class='ocrx_word' id='word_1_247' title='bbox 1033 3268 1089 3315; x_wconf 88' lang='lat' dir='ltr'><strong>et</strong></span> <span class='ocrx_word' id='word_1_248' title='bbox 1113 3258 1414 3314; x_wconf 69' lang='lat' dir='ltr'><strong>vulnerata:</strong></span> <span class='ocrx_word' id='word_1_249' title='bbox 1439 3259 1635 3314; x_wconf 83' lang='lat' dir='ltr'><strong>animae</strong></span> <span class='ocrx_word' id='word_1_250' title='bbox 1672 3260 1876 3315; x_wconf 88' lang='lat' dir='ltr'><strong>sentire</strong></span> <span class='ocrx_word' id='word_1_251' title='bbox 1911 3261 2054 3314; x_wconf 86' lang='lat' dir='ltr'><strong>cica-</strong></span> 
     </span>
    </p>
   </div>
   <div class='ocr_carea' id='block_1_34' title="bbox 488 3351 2058 3420">
    <p class='ocr_par' dir='ltr' id='par_1_34' title="bbox 488 3351 2058 3420">
     <span class='ocr_line' id='line_1_34' title="bbox 488 3351 2058 3420; baseline 0.001 -18"><span class='ocrx_word' id='word_1_252' title='bbox 488 3351 677 3414; x_wconf 87' lang='lat' dir='ltr'><strong>trices,</strong></span> <span class='ocrx_word' id='word_1_253' title='bbox 711 3358 917 3404; x_wconf 91' lang='lat' dir='ltr'><strong>certum</strong></span> <span class='ocrx_word' id='word_1_254' title='bbox 941 3358 1024 3404; x_wconf 91' lang='lat' dir='ltr'><strong>est</strong></span> <span class='ocrx_word' id='word_1_255' title='bbox 1054 3351 1196 3420; x_wconf 89' lang='lat' dir='ltr'><strong>quod</strong></span> <span class='ocrx_word' id='word_1_256' title='bbox 1226 3365 1397 3419; x_wconf 90' lang='lat' dir='ltr'><strong>usque</strong></span> <span class='ocrx_word' id='word_1_257' title='bbox 1422 3351 1488 3404; x_wconf 93' lang='lat' dir='ltr'><strong>ad</strong></span> <span class='ocrx_word' id='word_1_258' title='bbox 1521 3360 1746 3406; x_wconf 89' lang='lat' dir='ltr'><strong>mortem</strong></span> <span class='ocrx_word' id='word_1_259' title='bbox 1773 3351 2058 3407; x_wconf 82' lang='lat' dir='ltr'><strong>resistere-</strong></span> 
     </span>
    </p>
   </div>
   <div class='ocr_carea' id='block_1_35' title="bbox 488 3441 2057 3511">
    <p class='ocr_par' dir='ltr' id='par_1_35' title="bbox 488 3441 2057 3511">
     <span class='ocr_line' id='line_1_35' title="bbox 488 3441 2057 3511; baseline 0 -15"><span class='ocrx_word' id='word_1_260' title='bbox 488 3457 608 3496; x_wconf 89' lang='lat' dir='ltr'><strong>mus</strong></span> <span class='ocrx_word' id='word_1_261' title='bbox 640 3443 924 3498; x_wconf 86' lang='lat' dir='ltr'><strong>adversum</strong></span> <span class='ocrx_word' id='word_1_262' title='bbox 956 3451 1257 3510; x_wconf 89' lang='lat' dir='ltr'><strong>peceatum.</strong></span> <span class='ocrx_word' id='word_1_263' title='bbox 1299 3441 1404 3496; x_wconf 90' lang='lat' dir='ltr'><strong>Sed</strong></span> <span class='ocrx_word' id='word_1_264' title='bbox 1434 3458 1574 3498; x_wconf 89' lang='lat' dir='ltr'><strong>nunc</strong></span> <span class='ocrx_word' id='word_1_265' title='bbox 1601 3443 1742 3498; x_wconf 87' lang='lat' dir='ltr'><strong>sicut</strong></span> <span class='ocrx_word' id='word_1_266' title='bbox 1773 3442 1809 3497; x_wconf 90' lang='lat' dir='ltr'><strong>ii</strong></span> <span class='ocrx_word' id='word_1_267' title='bbox 1852 3445 1942 3511; x_wconf 87' lang='lat' dir='ltr'><strong>qui</strong></span> <span class='ocrx_word' id='word_1_268' title='bbox 1971 3441 2057 3497; x_wconf 90' lang='lat' dir='ltr'><strong>vel</strong></span> 
     </span>
    </p>
   </div>
   <div class='ocr_carea' id='block_1_36' title="bbox 483 3531 2055 3602">
    <p class='ocr_par' dir='ltr' id='par_1_36' title="bbox 483 3531 2055 3602">
     <span class='ocr_line' id='line_1_36' title="bbox 483 3531 2055 3602; baseline 0.001 -14"><span class='ocrx_word' id='word_1_269' title='bbox 483 3536 729 3588; x_wconf 66' lang='lat' dir='ltr'><strong>daemone</strong></span> <span class='ocrx_word' id='word_1_270' title='bbox 763 3531 972 3602; x_wconf 88' lang='lat' dir='ltr'><strong>repleti,</strong></span> <span class='ocrx_word' id='word_1_271' title='bbox 1024 3531 1110 3587; x_wconf 91' lang='lat' dir='ltr'><strong>vel</strong></span> <span class='ocrx_word' id='word_1_272' title='bbox 1140 3545 1320 3587; x_wconf 89' lang='lat' dir='ltr'><strong>mente</strong></span> <span class='ocrx_word' id='word_1_273' title='bbox 1360 3533 1579 3588; x_wconf 87' lang='lat' dir='ltr'><strong>alienati</strong></span> <span class='ocrx_word' id='word_1_274' title='bbox 1614 3543 1760 3601; x_wconf 91' lang='lat' dir='ltr'><strong>sunt,</strong></span> <span class='ocrx_word' id='word_1_275' title='bbox 1792 3549 1897 3588; x_wconf 92' lang='lat' dir='ltr'><strong>non</strong></span> <span class='ocrx_word' id='word_1_276' title='bbox 1923 3549 2055 3589; x_wconf 89' lang='lat' dir='ltr'><strong>scn-</strong></span> 
     </span>
    </p>
   </div>
   <div class='ocr_carea' id='block_1_37' title="bbox 487 3623 2058 3694">
    <p class='ocr_par' dir='ltr' id='par_1_37' title="bbox 487 3623 2058 3694">
     <span class='ocr_line' id='line_1_37' title="bbox 487 3623 2058 3694; baseline 0.001 -17"><span class='ocrx_word' id='word_1_277' title='bbox 487 3625 627 3678; x_wconf 92' lang='lat' dir='ltr'><strong>tiunt</strong></span> <span class='ocrx_word' id='word_1_278' title='bbox 657 3625 703 3678; x_wconf 92' lang='lat' dir='ltr'><strong>si</strong></span> <span class='ocrx_word' id='word_1_279' title='bbox 733 3623 1108 3690; x_wconf 90' lang='lat' dir='ltr'><strong>vulnerentur,</strong></span> <span class='ocrx_word' id='word_1_280' title='bbox 1141 3626 1266 3694; x_wconf 89' lang='lat' dir='ltr'><strong>quia</strong></span> <span class='ocrx_word' id='word_1_281' title='bbox 1303 3625 1643 3680; x_wconf 89' lang='lat' dir='ltr'><strong>naturalibus</strong></span> <span class='ocrx_word' id='word_1_282' title='bbox 1684 3626 1933 3681; x_wconf 89' lang='lat' dir='ltr'><strong>sensibus</strong></span> <span class='ocrx_word' id='word_1_283' title='bbox 1968 3640 2058 3681; x_wconf 81' lang='lat' dir='ltr'><strong>ca-</strong></span> 
     </span>
    </p>
   </div>
   <div class='ocr_carea' id='block_1_38' title="bbox 484 3717 2057 3788">
    <p class='ocr_par' dir='ltr' id='par_1_38' title="bbox 484 3717 2057 3788">
     <span class='ocr_line' id='line_1_38' title="bbox 484 3717 2057 3788; baseline 0.003 -18"><span class='ocrx_word' id='word_1_284' title='bbox 484 3727 603 3771; x_wconf 91' lang='lat' dir='ltr'><strong>rent</strong></span> <span class='ocrx_word' id='word_1_285' title='bbox 652 3734 666 3770; x_wconf 90' lang='lat'><strong>:</strong></span> <span class='ocrx_word' id='word_1_286' title='bbox 701 3718 772 3770; x_wconf 81' lang='lat' dir='ltr'><strong>ita</strong></span> <span class='ocrx_word' id='word_1_287' title='bbox 802 3726 858 3772; x_wconf 90' lang='lat' dir='ltr'><strong>et</strong></span> <span class='ocrx_word' id='word_1_288' title='bbox 891 3732 992 3774; x_wconf 91' lang='lat' dir='ltr'><strong>nos</strong></span> <span class='ocrx_word' id='word_1_289' title='bbox 1031 3717 1115 3772; x_wconf 90' lang='lat' dir='ltr'><strong>vel</strong></span> <span class='ocrx_word' id='word_1_290' title='bbox 1167 3718 1551 3788; x_wconf 89' lang='lat' dir='ltr'><strong>cupiditatibus</strong></span> <span class='ocrx_word' id='word_1_291' title='bbox 1599 3719 1783 3773; x_wconf 82' lang='lat' dir='ltr'><strong>saeculi</strong></span> <span class='ocrx_word' id='word_1_292' title='bbox 1815 3729 2057 3774; x_wconf 87' lang='lat' dir='ltr'><strong>amentes</strong></span> 
     </span>
    </p>
   </div>
   <div class='ocr_carea' id='block_1_39' title="bbox 481 3807 2057 3881">
    <p class='ocr_par' dir='ltr' id='par_1_39' title="bbox 481 3807 2057 3881">
     <span class='ocr_line' id='line_1_39' title="bbox 481 3807 2057 3881; baseline 0.002 -19"><span class='ocrx_word' id='word_1_293' title='bbox 481 3807 682 3874; x_wconf 81' lang='lat' dir='ltr'><strong>eﬂ‘ecti,</strong></span> <span class='ocrx_word' id='word_1_294' title='bbox 737 3809 822 3863; x_wconf 89' lang='lat' dir='ltr'><strong>vel</strong></span> <span class='ocrx_word' id='word_1_295' title='bbox 864 3810 1013 3864; x_wconf 90' lang='lat' dir='ltr'><strong>vitiis</strong></span> <span class='ocrx_word' id='word_1_296' title='bbox 1057 3809 1333 3874; x_wconf 89' lang='lat' dir='ltr'><strong>inebriati,</strong></span> <span class='ocrx_word' id='word_1_297' title='bbox 1387 3811 1590 3865; x_wconf 89' lang='lat' dir='ltr'><strong>sentire</strong></span> <span class='ocrx_word' id='word_1_298' title='bbox 1635 3826 1742 3865; x_wconf 91' lang='lat' dir='ltr'><strong>non</strong></span> <span class='ocrx_word' id='word_1_299' title='bbox 1771 3825 2057 3881; x_wconf 86' lang='lat' dir='ltr'><strong>possumus</strong></span> 
     </span>
    </p>
   </div>
   <div class='ocr_carea' id='block_1_40' title="bbox 479 3899 2056 3972">
    <p class='ocr_par' dir='ltr' id='par_1_40' title="bbox 479 3899 2056 3972">
     <span class='ocr_line' id='line_1_40' title="bbox 479 3899 2056 3972; baseline 0.004 -20"><span class='ocrx_word' id='word_1_300' title='bbox 479 3909 681 3970; x_wconf 91' lang='lat' dir='ltr'><strong>quanta</strong></span> <span class='ocrx_word' id='word_1_301' title='bbox 730 3899 976 3965; x_wconf 89' lang='lat' dir='ltr'><strong>vulnera,</strong></span> <span class='ocrx_word' id='word_1_302' title='bbox 1025 3910 1260 3970; x_wconf 90' lang='lat' dir='ltr'><strong>quantas</strong></span> <span class='ocrx_word' id='word_1_303' title='bbox 1314 3902 1665 3956; x_wconf 89' lang='lat' dir='ltr'><strong>contritiones</strong></span> <span class='ocrx_word' id='word_1_304' title='bbox 1713 3903 1904 3957; x_wconf 62' lang='lat' dir='ltr'><strong>animae</strong></span> <span class='ocrx_word' id='word_1_305' title='bbox 1931 3916 2056 3972; x_wconf 80' lang='lat' dir='ltr'><strong>pec-</strong></span> 
     </span>
    </p>
   </div>
   <div class='ocr_carea' id='block_1_41' title="bbox 480 3991 2058 4062">
    <p class='ocr_par' dir='ltr' id='par_1_41' title="bbox 480 3991 2058 4062">
     <span class='ocr_line' id='line_1_41' title="bbox 480 3991 2058 4062; baseline 0.002 -16"><span class='ocrx_word' id='word_1_306' title='bbox 480 3991 656 4046; x_wconf 86' lang='lat' dir='ltr'><strong>cando</strong></span> <span class='ocrx_word' id='word_1_307' title='bbox 693 3992 1089 4058; x_wconf 91' lang='lat' dir='ltr'><strong>conquirimus.</strong></span> <span class='ocrx_word' id='word_1_308' title='bbox 1123 3992 1184 4045; x_wconf 86' lang='lat' dir='ltr'><strong>Et</strong></span> <span class='ocrx_word' id='word_1_309' title='bbox 1215 3993 1337 4046; x_wconf 87' lang='lat' dir='ltr'><strong>ideo</strong></span> <span class='ocrx_word' id='word_1_310' title='bbox 1367 3994 1885 4062; x_wconf 88' lang='lat' dir='ltr'><strong>eonsequentissima</strong></span> <span class='ocrx_word' id='word_1_311' title='bbox 1916 3995 2058 4050; x_wconf 89' lang='lat' dir='ltr'><strong>ratio</strong></span> 
     </span>
    </p>
   </div>
   <div class='ocr_carea' id='block_1_42' title="bbox 479 4083 2058 4155">
    <p class='ocr_par' dir='ltr' id='par_1_42' title="bbox 479 4083 2058 4155">
     <span class='ocr_line' id='line_1_42' title="bbox 479 4083 2058 4155; baseline 0.002 -19"><span class='ocrx_word' id='word_1_312' title='bbox 479 4090 565 4137; x_wconf 91' lang='lat' dir='ltr'><strong>est</strong></span> <span class='ocrx_word' id='word_1_313' title='bbox 601 4095 793 4152; x_wconf 68' lang='lat' dir='ltr'><strong>ptente,</strong></span> <span class='ocrx_word' id='word_1_314' title='bbox 827 4083 880 4137; x_wconf 91' lang='lat' dir='ltr'><strong>id</strong></span> <span class='ocrx_word' id='word_1_315' title='bbox 909 4091 992 4139; x_wconf 91' lang='lat' dir='ltr'><strong>est</strong></span> <span class='ocrx_word' id='word_1_316' title='bbox 1020 4098 1164 4137; x_wconf 83' lang='lat' dir='ltr'><strong>curae</strong></span> <span class='ocrx_word' id='word_1_317' title='bbox 1195 4098 1258 4137; x_wconf 90' lang='lat' dir='ltr'><strong>ac</strong></span> <span class='ocrx_word' id='word_1_318' title='bbox 1307 4083 1687 4138; x_wconf 90' lang='lat' dir='ltr'><strong>medicationis</strong></span> <span class='ocrx_word' id='word_1_319' title='bbox 1726 4096 1935 4155; x_wconf 87' lang='lat' dir='ltr'><strong>tempus</strong></span> <span class='ocrx_word' id='word_1_320' title='bbox 1963 4099 2058 4139; x_wconf 79' lang='lat' dir='ltr'><strong>ex-</strong></span> 
     </span>
    </p>
   </div>
   <div class='ocr_carea' id='block_1_43' title="bbox 481 4173 2058 4247">
    <p class='ocr_par' dir='ltr' id='par_1_43' title="bbox 481 4173 2058 4247">
     <span class='ocr_line' id='line_1_43' title="bbox 481 4173 2058 4247; baseline 0.003 -19"><span class='ocrx_word' id='word_1_321' title='bbox 481 4175 654 4240; x_wconf 85' lang='lat' dir='ltr'><strong>tendi,</strong></span> <span class='ocrx_word' id='word_1_322' title='bbox 707 4183 761 4229; x_wconf 90' lang='lat' dir='ltr'><strong>et</strong></span> <span class='ocrx_word' id='word_1_323' title='bbox 810 4187 908 4242; x_wconf 91' lang='lat' dir='ltr'><strong>per</strong></span> <span class='ocrx_word' id='word_1_324' title='bbox 956 4173 1377 4243; x_wconf 90' lang='lat' dir='ltr'><strong>unumquodque</strong></span> <span class='ocrx_word' id='word_1_325' title='bbox 1410 4175 1606 4230; x_wconf 86' lang='lat' dir='ltr'><strong>vulnus</strong></span> <span class='ocrx_word' id='word_1_326' title='bbox 1655 4191 1754 4246; x_wconf 88' lang='lat' dir='ltr'><strong>pro</strong></span> <span class='ocrx_word' id='word_1_327' title='bbox 1797 4177 2058 4247; x_wconf 81' lang='lat' dir='ltr'><strong>qualitate</strong></span> 
     </span>
    </p>
   </div>
   <div class='ocr_carea' id='block_1_44' title="bbox 481 4265 2056 4338">
    <p class='ocr_par' dir='ltr' id='par_1_44' title="bbox 481 4265 2056 4338">
     <span class='ocr_line' id='line_1_44' title="bbox 481 4265 2056 4338; baseline 0.003 -20"><span class='ocrx_word' id='word_1_328' title='bbox 481 4266 654 4336; x_wconf 75' lang='lat' dir='ltr'><strong>plaga:</strong></span> <span class='ocrx_word' id='word_1_329' title='bbox 683 4265 931 4319; x_wconf 89' lang='lat' dir='ltr'><strong>medendi</strong></span> <span class='ocrx_word' id='word_1_330' title='bbox 984 4279 1202 4334; x_wconf 91' lang='lat' dir='ltr'><strong>quoque</strong></span> <span class='ocrx_word' id='word_1_331' title='bbox 1248 4267 1417 4334; x_wconf 89' lang='lat' dir='ltr'><strong>spatia</strong></span> <span class='ocrx_word' id='word_1_332' title='bbox 1445 4269 1755 4337; x_wconf 78' lang='lat' dir='ltr'><strong>propagari.</strong></span> <span class='ocrx_word' id='word_1_333' title='bbox 1797 4268 1889 4323; x_wconf 90' lang='lat' dir='ltr'><strong>Sic</strong></span> <span class='ocrx_word' id='word_1_334' title='bbox 1925 4282 2056 4338; x_wconf 88' lang='lat' dir='ltr'><strong>ergo</strong></span> 
     </span>
    </p>
   </div>
   <div class='ocr_carea' id='block_1_45' title="bbox 479 4342 2058 4430">
    <p class='ocr_par' dir='ltr' id='par_1_45' title="bbox 479 4342 2058 4430">
     <span class='ocr_line' id='line_1_45' title="bbox 479 4342 2058 4430; baseline 0.001 -17"><span class='ocrx_word' id='word_1_335' title='bbox 479 4369 539 4414; x_wconf 87' lang='lat' dir='ltr'><strong>et</strong></span> <span class='ocrx_word' id='word_1_336' title='bbox 569 4360 662 4413; x_wconf 85' lang='lat' dir='ltr'><strong>Dei</strong></span> <span class='ocrx_word' id='word_1_337' title='bbox 691 4358 927 4428; x_wconf 60' lang='lat' dir='ltr'><strong>aquilas</strong></span> <span class='ocrx_word' id='word_1_338' title='bbox 975 4373 1039 4412; x_wconf 89' lang='lat' dir='ltr'><strong>ae</strong></span> <span class='ocrx_word' id='word_1_339' title='bbox 1073 4359 1378 4427; x_wconf 85' lang='lat' dir='ltr'><strong>benignitas</strong></span> <span class='ocrx_word' id='word_1_340' title='bbox 1415 4342 1581 4413; x_wconf 81' lang='lat' dir='ltr'><strong>etiam</strong></span> <span class='ocrx_word' id='word_1_341' title='bbox 1619 4361 1670 4413; x_wconf 91' lang='lat' dir='ltr'><strong>in</strong></span> <span class='ocrx_word' id='word_1_342' title='bbox 1701 4360 1834 4430; x_wconf 87' lang='lat' dir='ltr'><strong>ipsis</strong></span> <span class='ocrx_word' id='word_1_343' title='bbox 1865 4360 2058 4415; x_wconf 79' lang='lat' dir='ltr'><strong>animae</strong></span> 
     </span>
    </p>
   </div>
   <div class='ocr_carea' id='block_1_46' title="bbox 474 4450 2054 4522">
    <p class='ocr_par' dir='ltr' id='par_1_46' title="bbox 474 4450 2054 4522">
     <span class='ocr_line' id='line_1_46' title="bbox 474 4450 2054 4522; baseline -0.001 -17"><span class='ocrx_word' id='word_1_344' title='bbox 474 4450 759 4520; x_wconf 82' lang='lat' dir='ltr'><strong>suppliciis</strong></span> <span class='ocrx_word' id='word_1_345' title='bbox 793 4450 1016 4506; x_wconf 89' lang='lat' dir='ltr'><strong>evidens</strong></span> <span class='ocrx_word' id='word_1_346' title='bbox 1052 4451 1143 4503; x_wconf 90' lang='lat' dir='ltr'><strong>liet</strong></span> <span class='ocrx_word' id='word_1_347' title='bbox 1175 4469 1189 4506; x_wconf 92' lang='lat'><strong>:</strong></span> <span class='ocrx_word' id='word_1_348' title='bbox 1221 4461 1275 4505; x_wconf 87' lang='lat' dir='ltr'><strong>et</strong></span> <span class='ocrx_word' id='word_1_349' title='bbox 1303 4451 1420 4506; x_wconf 81' lang='lat' dir='ltr'><strong>haec</strong></span> <span class='ocrx_word' id='word_1_350' title='bbox 1467 4451 1711 4515; x_wconf 89' lang='lat' dir='ltr'><strong>audiens,</strong></span> <span class='ocrx_word' id='word_1_351' title='bbox 1741 4451 1833 4519; x_wconf 89' lang='lat' dir='ltr'><strong>qui</strong></span> <span class='ocrx_word' id='word_1_352' title='bbox 1861 4466 2054 4522; x_wconf 82' lang='lat' dir='ltr'><strong>pecea-</strong></span> 
     </span>
    </p>
   </div>
   <div class='ocr_carea' id='block_1_47' title="bbox 2167 595 3724 665">
    <p class='ocr_par' dir='ltr' id='par_1_47' title="bbox 2167 595 3724 665">
     <span class='ocr_line' id='line_1_47' title="bbox 2167 595 3724 665; baseline 0.003 -17"><span class='ocrx_word' id='word_1_353' title='bbox 2167 595 2458 665; x_wconf 69' lang='lat' dir='ltr'><strong>qutrsierit.</strong></span> <span class='ocrx_word' id='word_1_354' title='bbox 2500 595 2604 651; x_wconf 87' lang='lat' dir='ltr'><strong>Sed</strong></span> <span class='ocrx_word' id='word_1_355' title='bbox 2637 606 2692 651; x_wconf 89' lang='lat' dir='ltr'><strong>et</strong></span> <span class='ocrx_word' id='word_1_356' title='bbox 2722 615 2743 649; x_wconf 72' lang='grc' dir='ltr'>ι</span> <span class='ocrx_word' id='word_1_357' title='bbox 2768 597 2910 652; x_wconf 75' lang='lat' dir='ltr'><strong>calix</strong></span> <span class='ocrx_word' id='word_1_358' title='bbox 2937 598 2990 652; x_wconf 91' lang='lat' dir='ltr'><strong>in</strong></span> <span class='ocrx_word' id='word_1_359' title='bbox 3023 614 3183 652; x_wconf 89' lang='lat' dir='ltr'><strong>manu</strong></span> <span class='ocrx_word' id='word_1_360' title='bbox 3214 598 3427 652; x_wconf 86' lang='lat' dir='ltr'><strong>Domini</strong></span> <span class='ocrx_word' id='word_1_361' title='bbox 3468 598 3580 650; x_wconf 89' lang='lat' dir='ltr'><strong>vini</strong></span> <span class='ocrx_word' id='word_1_362' title='bbox 3608 600 3724 652; x_wconf 77' lang='lat' dir='ltr'><strong>meti</strong></span> 
     </span>
    </p>
   </div>
   <div class='ocr_carea' id='block_1_48' title="bbox 2167 687 3726 758">
    <p class='ocr_par' dir='ltr' id='par_1_48' title="bbox 2167 687 3726 758">
     <span class='ocr_line' id='line_1_48' title="bbox 2167 687 3726 758; baseline 0 -17"><span class='ocrx_word' id='word_1_363' title='bbox 2167 687 2356 757; x_wconf 90' lang='lat' dir='ltr'><strong>plenus</strong></span> <span class='ocrx_word' id='word_1_364' title='bbox 2390 702 2514 743; x_wconf 87' lang='lat' dir='ltr'><strong>esse</strong></span> <span class='ocrx_word' id='word_1_365' title='bbox 2563 689 2760 744; x_wconf 90' lang='lat' dir='ltr'><strong>dicitur</strong></span> <span class='ocrx_word' id='word_1_366' title='bbox 2790 690 2952 744; x_wconf 90' lang='lat' dir='ltr'><strong>misto</strong></span> <span class='ocrx_word' id='word_1_367' title='bbox 2980 693 3020 742; x_wconf 77' lang='grc'><strong>⁸.</strong></span> <span class='ocrx_word' id='word_1_368' title='bbox 3046 709 3069 742; x_wconf 66' lang='grc' dir='ltr'><strong><em>υ</em></strong></span> <span class='ocrx_word' id='word_1_369' title='bbox 3124 689 3437 744; x_wconf 79' lang='lat' dir='ltr'><strong>Miscebitur</strong></span> <span class='ocrx_word' id='word_1_370' title='bbox 3465 703 3600 758; x_wconf 83' lang='lat' dir='ltr'><strong>ergo</strong></span> <span class='ocrx_word' id='word_1_371' title='bbox 3624 690 3726 742; x_wconf 81' lang='lat' dir='ltr'><strong>sine</strong></span> 
     </span>
    </p>
   </div>
   <div class='ocr_carea' id='block_1_49' title="bbox 2165 779 3724 850">
    <p class='ocr_par' dir='ltr' id='par_1_49' title="bbox 2165 779 3724 850">
     <span class='ocr_line' id='line_1_49' title="bbox 2165 779 3724 850; baseline -0.001 -16"><span class='ocrx_word' id='word_1_372' title='bbox 2165 779 2329 834; x_wconf 90' lang='lat' dir='ltr'><strong>dubio</strong></span> <span class='ocrx_word' id='word_1_373' title='bbox 2355 780 2666 850; x_wconf 89' lang='lat' dir='ltr'><strong>unicuique,</strong></span> <span class='ocrx_word' id='word_1_374' title='bbox 2699 790 2754 836; x_wconf 92' lang='lat' dir='ltr'><strong>et</strong></span> <span class='ocrx_word' id='word_1_375' title='bbox 2784 781 2874 834; x_wconf 80' lang='lat' dir='ltr'><strong>flet</strong></span> <span class='ocrx_word' id='word_1_376' title='bbox 2899 781 3161 850; x_wconf 85' lang='lat' dir='ltr'><strong>judicium</strong></span> <span class='ocrx_word' id='word_1_377' title='bbox 3189 780 3304 849; x_wconf 88' lang='lat' dir='ltr'><strong>ejus</strong></span> <span class='ocrx_word' id='word_1_378' title='bbox 3327 797 3436 835; x_wconf 91' lang='lat' dir='ltr'><strong>non</strong></span> <span class='ocrx_word' id='word_1_379' title='bbox 3471 779 3645 835; x_wconf 76' lang='lat' dir='ltr'><strong>solum</strong></span> <span class='ocrx_word' id='word_1_380' title='bbox 3667 794 3724 832; x_wconf 62' lang='lat' dir='ltr'><strong>ei.</strong></span> 
     </span>
    </p>
   </div>
   <div class='ocr_carea' id='block_1_50' title="bbox 2165 870 3722 940">
    <p class='ocr_par' dir='ltr' id='par_1_50' title="bbox 2165 870 3722 940">
     <span class='ocr_line' id='line_1_50' title="bbox 2165 870 3722 940; baseline 0.001 -16"><span class='ocrx_word' id='word_1_381' title='bbox 2165 870 2324 925; x_wconf 86' lang='lat' dir='ltr'><strong>malis</strong></span> <span class='ocrx_word' id='word_1_382' title='bbox 2369 886 2488 940; x_wconf 58' lang='lat' dir='ltr'><strong>quas</strong></span> <span class='ocrx_word' id='word_1_383' title='bbox 2534 873 2719 940; x_wconf 86' lang='lat' dir='ltr'><strong>gessit,</strong></span> <span class='ocrx_word' id='word_1_384' title='bbox 2773 874 2865 928; x_wconf 91' lang='lat' dir='ltr'><strong>sed</strong></span> <span class='ocrx_word' id='word_1_385' title='bbox 2910 874 3074 928; x_wconf 89' lang='lat' dir='ltr'><strong>etiam</strong></span> <span class='ocrx_word' id='word_1_386' title='bbox 3117 887 3184 927; x_wconf 80' lang='lat' dir='ltr'><strong>ex</strong></span> <span class='ocrx_word' id='word_1_387' title='bbox 3227 875 3406 927; x_wconf 83' lang='lat' dir='ltr'><strong>bonis.</strong></span> <span class='ocrx_word' id='word_1_388' title='bbox 3451 873 3522 926; x_wconf 84' lang='lat' dir='ltr'><strong>Et</strong></span> <span class='ocrx_word' id='word_1_389' title='bbox 3561 884 3722 926; x_wconf 80' lang='lat' dir='ltr'><strong>tamen</strong></span> 
     </span>
    </p>
   </div>
   <div class='ocr_carea' id='block_1_51' title="bbox 2164 963 3723 1034">
    <p class='ocr_par' dir='ltr' id='par_1_51' title="bbox 2164 963 3723 1034">
     <span class='ocr_line' id='line_1_51' title="bbox 2164 963 3723 1034; baseline -0.004 -14"><span class='ocrx_word' id='word_1_390' title='bbox 2164 978 2284 1020; x_wconf 89' lang='lat' dir='ltr'><strong>cum</strong></span> <span class='ocrx_word' id='word_1_391' title='bbox 2313 972 2540 1032; x_wconf 88' lang='lat' dir='ltr'><strong>utraque</strong></span> <span class='ocrx_word' id='word_1_392' title='bbox 2569 966 2923 1031; x_wconf 88' lang='lat' dir='ltr'><strong>misceantur,</strong></span> <span class='ocrx_word' id='word_1_393' title='bbox 2963 963 3064 1019; x_wconf 72' lang='lat' dir='ltr'><strong>far:</strong></span> <span class='ocrx_word' id='word_1_394' title='bbox 3100 965 3237 1033; x_wconf 90' lang='lat' dir='ltr'><strong>ejus,</strong></span> <span class='ocrx_word' id='word_1_395' title='bbox 3269 979 3436 1034; x_wconf 88' lang='lat' dir='ltr'><strong>quam</strong></span> <span class='ocrx_word' id='word_1_396' title='bbox 3473 977 3580 1032; x_wconf 84' lang='lat' dir='ltr'><strong>ego</strong></span> <span class='ocrx_word' id='word_1_397' title='bbox 3610 971 3723 1030; x_wconf 81' lang='lat' dir='ltr'><strong>puto</strong></span> 
     </span>
    </p>
   </div>
   <div class='ocr_carea' id='block_1_52' title="bbox 2165 1055 3722 1128">
    <p class='ocr_par' dir='ltr' id='par_1_52' title="bbox 2165 1055 3722 1128">
     <span class='ocr_line' id='line_1_52' title="bbox 2165 1055 3722 1128; baseline -0.003 -17"><span class='ocrx_word' id='word_1_398' title='bbox 2165 1057 2434 1112; x_wconf 89' lang='lat' dir='ltr'><strong>malorum</strong></span> <span class='ocrx_word' id='word_1_399' title='bbox 2466 1068 2676 1128; x_wconf 88' lang='lat' dir='ltr'><strong>partem</strong></span> <span class='ocrx_word' id='word_1_400' title='bbox 2712 1057 2838 1119; x_wconf 91' lang='lat' dir='ltr'><strong>dici,</strong></span> <span class='ocrx_word' id='word_1_401' title='bbox 2894 1071 3000 1110; x_wconf 93' lang='lat' dir='ltr'><strong>non</strong></span> <span class='ocrx_word' id='word_1_402' title='bbox 3042 1058 3111 1111; x_wconf 90' lang='lat' dir='ltr'><strong>ad</strong></span> <span class='ocrx_word' id='word_1_403' title='bbox 3148 1058 3417 1126; x_wconf 88' lang='lat' dir='ltr'><strong>integrum</strong></span> <span class='ocrx_word' id='word_1_404' title='bbox 3449 1055 3722 1110; x_wconf 69' lang='lat' dir='ltr'><strong>exinanis-</strong></span> 
     </span>
    </p>
   </div>
   <div class='ocr_carea' id='block_1_53' title="bbox 2168 1147 3724 1216">
    <p class='ocr_par' dir='ltr' id='par_1_53' title="bbox 2168 1147 3724 1216">
     <span class='ocr_line' id='line_1_53' title="bbox 2168 1147 3724 1216; baseline -0.005 -12"><span class='ocrx_word' id='word_1_405' title='bbox 2168 1157 2275 1204; x_wconf 90' lang='lat' dir='ltr'><strong>tur.</strong></span> <span class='ocrx_word' id='word_1_406' title='bbox 2330 1149 2435 1204; x_wconf 90' lang='lat' dir='ltr'><strong>Sed</strong></span> <span class='ocrx_word' id='word_1_407' title='bbox 2485 1151 2617 1216; x_wconf 65' lang='lat' dir='ltr'><strong>limc,</strong></span> <span class='ocrx_word' id='word_1_408' title='bbox 2663 1158 2720 1203; x_wconf 93' lang='lat' dir='ltr'><strong>ut</strong></span> <span class='ocrx_word' id='word_1_409' title='bbox 2751 1147 3007 1210; x_wconf 83' lang='lat' dir='ltr'><strong>diximus,</strong></span> <span class='ocrx_word' id='word_1_410' title='bbox 3051 1149 3102 1200; x_wconf 92' lang='lat' dir='ltr'><strong>iu</strong></span> <span class='ocrx_word' id='word_1_411' title='bbox 3129 1163 3289 1200; x_wconf 89' lang='lat' dir='ltr'><strong>manu</strong></span> <span class='ocrx_word' id='word_1_412' title='bbox 3324 1147 3420 1200; x_wconf 89' lang='lat' dir='ltr'><strong>Dei</strong></span> <span class='ocrx_word' id='word_1_413' title='bbox 3451 1156 3608 1208; x_wconf 87' lang='lat' dir='ltr'><strong>sunt,</strong></span> <span class='ocrx_word' id='word_1_414' title='bbox 3639 1160 3724 1198; x_wconf 89' lang='lat' dir='ltr'><strong>uo-</strong></span> 
     </span>
    </p>
   </div>
   <div class='ocr_carea' id='block_1_54' title="bbox 2165 1237 3722 1298">
    <p class='ocr_par' dir='ltr' id='par_1_54' title="bbox 2165 1237 3722 1298">
     <span class='ocr_line' id='line_1_54' title="bbox 2165 1237 3722 1298; baseline -0.003 -6"><span class='ocrx_word' id='word_1_415' title='bbox 2165 1248 2338 1294; x_wconf 91' lang='lat' dir='ltr'><strong>strum</strong></span> <span class='ocrx_word' id='word_1_416' title='bbox 2368 1249 2546 1294; x_wconf 90' lang='lat' dir='ltr'><strong>autem</strong></span> <span class='ocrx_word' id='word_1_417' title='bbox 2595 1249 2678 1295; x_wconf 93' lang='lat' dir='ltr'><strong>est</strong></span> <span class='ocrx_word' id='word_1_418' title='bbox 2706 1239 2771 1292; x_wconf 91' lang='lat' dir='ltr'><strong>ad</strong></span> <span class='ocrx_word' id='word_1_419' title='bbox 2801 1239 3233 1293; x_wconf 90' lang='lat' dir='ltr'><strong>emendationem</strong></span> <span class='ocrx_word' id='word_1_420' title='bbox 3261 1237 3426 1293; x_wconf 89' lang='lat' dir='ltr'><strong>citius</strong></span> <span class='ocrx_word' id='word_1_421' title='bbox 3453 1237 3722 1298; x_wconf 71' lang='lat' dir='ltr'><strong>festinare,</strong></span> 
     </span>
    </p>
   </div>
   <div class='ocr_carea' id='block_1_55' title="bbox 2165 1327 3728 1401">
    <p class='ocr_par' dir='ltr' id='par_1_55' title="bbox 2165 1327 3728 1401">
     <span class='ocr_line' id='line_1_55' title="bbox 2165 1327 3728 1401; baseline -0.003 -17"><span class='ocrx_word' id='word_1_422' title='bbox 2165 1333 2231 1384; x_wconf 88' lang='lat' dir='ltr'><strong>ad</strong></span> <span class='ocrx_word' id='word_1_423' title='bbox 2261 1332 2635 1401; x_wconf 62' lang='lat' dir='ltr'><strong>paenitentiam</strong></span> <span class='ocrx_word' id='word_1_424' title='bbox 2670 1334 2794 1386; x_wconf 89' lang='lat' dir='ltr'><strong>sine</strong></span> <span class='ocrx_word' id='word_1_425' title='bbox 2823 1329 3254 1384; x_wconf 90' lang='lat' dir='ltr'><strong>dissimulatione</strong></span> <span class='ocrx_word' id='word_1_426' title='bbox 3293 1329 3576 1390; x_wconf 88' lang='lat' dir='ltr'><strong>converti,</strong></span> <span class='ocrx_word' id='word_1_427' title='bbox 3602 1327 3728 1395; x_wconf 62' lang='lat' dir='ltr'><strong>lnge.</strong></span> 
     </span>
    </p>
   </div>
   <div class='ocr_carea' id='block_1_56' title="bbox 2164 1419 3724 1492">
    <p class='ocr_par' dir='ltr' id='par_1_56' title="bbox 2164 1419 3724 1492">
     <span class='ocr_line' id='line_1_56' title="bbox 2164 1419 3724 1492; baseline -0.004 -15"><span class='ocrx_word' id='word_1_428' title='bbox 2164 1437 2224 1477; x_wconf 89' lang='lat' dir='ltr'><strong>re</strong></span> <span class='ocrx_word' id='word_1_429' title='bbox 2253 1424 2550 1492; x_wconf 68' lang='lat' dir='ltr'><strong>praeterita,</strong></span> <span class='ocrx_word' id='word_1_430' title='bbox 2583 1438 2778 1479; x_wconf 81' lang='lat' dir='ltr'><strong>cavere</strong></span> <span class='ocrx_word' id='word_1_431' title='bbox 2805 1422 3004 1489; x_wconf 87' lang='lat' dir='ltr'><strong>futura,</strong></span> <span class='ocrx_word' id='word_1_432' title='bbox 3033 1425 3288 1480; x_wconf 89' lang='lat' dir='ltr'><strong>invocare</strong></span> <span class='ocrx_word' id='word_1_433' title='bbox 3311 1422 3584 1476; x_wconf 79' lang='lat' dir='ltr'><strong>auxilium</strong></span> <span class='ocrx_word' id='word_1_434' title='bbox 3615 1419 3724 1483; x_wconf 80' lang='lat' dir='ltr'><strong>Dei;</strong></span> 
     </span>
    </p>
   </div>
   <div class='ocr_carea' id='block_1_57' title="bbox 2163 1517 3726 1591">
    <p class='ocr_par' dir='ltr' id='par_1_57' title="bbox 2163 1517 3726 1591">
     <span class='ocr_line' id='line_1_57' title="bbox 2163 1517 3726 1591; baseline -0.003 -19"><span class='ocrx_word' id='word_1_435' title='bbox 2163 1517 2348 1572; x_wconf 88' lang='lat' dir='ltr'><strong>statim</strong></span> <span class='ocrx_word' id='word_1_436' title='bbox 2386 1519 2531 1573; x_wconf 90' lang='lat' dir='ltr'><strong>enim</strong></span> <span class='ocrx_word' id='word_1_437' title='bbox 2580 1529 2640 1574; x_wconf 90' lang='lat' dir='ltr'><strong>ut</strong></span> <span class='ocrx_word' id='word_1_438' title='bbox 2689 1535 2982 1575; x_wconf 88' lang='lat' dir='ltr'><strong>conversus</strong></span> <span class='ocrx_word' id='word_1_439' title='bbox 3015 1520 3367 1591; x_wconf 90' lang='lat' dir='ltr'><strong>ingemueris,</strong></span> <span class='ocrx_word' id='word_1_440' title='bbox 3398 1517 3592 1572; x_wconf 86' lang='lat' dir='ltr'><strong>salvus</strong></span> <span class='ocrx_word' id='word_1_441' title='bbox 3613 1517 3726 1568; x_wconf 80' lang='lat' dir='ltr'><strong>eris.</strong></span> 
     </span>
    </p>
   </div>
   <div class='ocr_carea' id='block_1_58' title="bbox 2162 1608 3727 1681">
    <p class='ocr_par' dir='ltr' id='par_1_58' title="bbox 2162 1608 3727 1681">
     <span class='ocr_line' id='line_1_58' title="bbox 2162 1608 3727 1681; baseline -0.002 -18"><span class='ocrx_word' id='word_1_442' title='bbox 2162 1608 2412 1664; x_wconf 89' lang='lat' dir='ltr'><strong>Invenies</strong></span> <span class='ocrx_word' id='word_1_443' title='bbox 2443 1611 2588 1664; x_wconf 90' lang='lat' dir='ltr'><strong>enim</strong></span> <span class='ocrx_word' id='word_1_444' title='bbox 2627 1612 2980 1672; x_wconf 83' lang='lat' dir='ltr'><strong>advocatum,</strong></span> <span class='ocrx_word' id='word_1_445' title='bbox 3033 1611 3124 1681; x_wconf 86' lang='lat' dir='ltr'><strong>qui</strong></span> <span class='ocrx_word' id='word_1_446' title='bbox 3175 1625 3271 1680; x_wconf 86' lang='lat' dir='ltr'><strong>pro</strong></span> <span class='ocrx_word' id='word_1_447' title='bbox 3325 1621 3378 1664; x_wconf 92' lang='lat' dir='ltr'><strong>te</strong></span> <span class='ocrx_word' id='word_1_448' title='bbox 3432 1609 3727 1678; x_wconf 71' lang='lat' dir='ltr'><strong>interpellat</strong></span> 
     </span>
    </p>
   </div>
   <div class='ocr_carea' id='block_1_59' title="bbox 2161 1699 3731 1774">
    <p class='ocr_par' dir='ltr' id='par_1_59' title="bbox 2161 1699 3731 1774">
     <span class='ocr_line' id='line_1_59' title="bbox 2161 1699 3731 1774; baseline 0.001 -20"><span class='ocrx_word' id='word_1_449' title='bbox 2161 1699 2401 1767; x_wconf 84' lang='lat' dir='ltr'><strong>Patrem,</strong></span> <span class='ocrx_word' id='word_1_450' title='bbox 2434 1701 2716 1758; x_wconf 87' lang='lat' dir='ltr'><strong>Dominum</strong></span> <span class='ocrx_word' id='word_1_451' title='bbox 2747 1702 2928 1758; x_wconf 88' lang='lat' dir='ltr'><strong>Jesunt</strong></span> <span class='ocrx_word' id='word_1_452' title='bbox 2953 1704 3251 1770; x_wconf 85' lang='lat' dir='ltr'><strong>Christum,</strong></span> <span class='ocrx_word' id='word_1_453' title='bbox 3283 1703 3461 1758; x_wconf 88' lang='lat' dir='ltr'><strong>multo</strong></span> <span class='ocrx_word' id='word_1_454' title='bbox 3483 1715 3731 1774; x_wconf 61' lang='grc' dir='ltr'><strong>[ιι-πειθη-</strong></span> 
     </span>
    </p>
   </div>
   <div class='ocr_carea' id='block_1_60' title="bbox 2164 1793 3732 1867">
    <p class='ocr_par' dir='ltr' id='par_1_60' title="bbox 2164 1793 3732 1867">
     <span class='ocr_line' id='line_1_60' title="bbox 2164 1793 3732 1867; baseline 0.001 -20"><span class='ocrx_word' id='word_1_455' title='bbox 2164 1793 2355 1848; x_wconf 89' lang='lat' dir='ltr'><strong>tiorem</strong></span> <span class='ocrx_word' id='word_1_456' title='bbox 2385 1808 2544 1863; x_wconf 89' lang='lat' dir='ltr'><strong>quam</strong></span> <span class='ocrx_word' id='word_1_457' title='bbox 2581 1793 2680 1848; x_wconf 89' lang='lat' dir='ltr'><strong>fuit</strong></span> <span class='ocrx_word' id='word_1_458' title='bbox 2709 1794 2940 1867; x_wconf 83' lang='lat' dir='ltr'><strong>Moyses,</strong></span> <span class='ocrx_word' id='word_1_459' title='bbox 2973 1797 3064 1865; x_wconf 92' lang='lat' dir='ltr'><strong>qui</strong></span> <span class='ocrx_word' id='word_1_460' title='bbox 3095 1805 3275 1852; x_wconf 89' lang='lat' dir='ltr'><strong>tamen</strong></span> <span class='ocrx_word' id='word_1_461' title='bbox 3304 1796 3492 1851; x_wconf 88' lang='lat' dir='ltr'><strong>oravit</strong></span> <span class='ocrx_word' id='word_1_462' title='bbox 3526 1812 3625 1864; x_wconf 87' lang='lat' dir='ltr'><strong>pro</strong></span> <span class='ocrx_word' id='word_1_463' title='bbox 3652 1812 3732 1864; x_wconf 63' lang='lat' dir='ltr'><strong>po.</strong></span> 
     </span>
    </p>
   </div>
   <div class='ocr_carea' id='block_1_61' title="bbox 2162 1884 3730 1959">
    <p class='ocr_par' dir='ltr' id='par_1_61' title="bbox 2162 1884 3730 1959">
     <span class='ocr_line' id='line_1_61' title="bbox 2162 1884 3730 1959; baseline 0.001 -20"><span class='ocrx_word' id='word_1_464' title='bbox 2162 1884 2288 1954; x_wconf 89' lang='lat' dir='ltr'><strong>pulo</strong></span> <span class='ocrx_word' id='word_1_465' title='bbox 2316 1885 2426 1950; x_wconf 89' lang='lat' dir='ltr'><strong>illo,</strong></span> <span class='ocrx_word' id='word_1_466' title='bbox 2476 1887 2843 1944; x_wconf 84' lang='lat' dir='ltr'><strong>etexauditus</strong></span> <span class='ocrx_word' id='word_1_467' title='bbox 2893 1887 3006 1945; x_wconf 55' lang='lat' dir='ltr'><strong>est.’</strong></span> <span class='ocrx_word' id='word_1_468' title='bbox 3058 1890 3125 1945; x_wconf 87' lang='lat' dir='ltr'><strong>Et</strong></span> <span class='ocrx_word' id='word_1_469' title='bbox 3168 1891 3403 1944; x_wconf 83' lang='lat' dir='ltr'><strong>fortasse</strong></span> <span class='ocrx_word' id='word_1_470' title='bbox 3453 1898 3730 1959; x_wconf 77' lang='lat' dir='ltr'><strong>prepterea</strong></span> 
     </span>
    </p>
   </div>
   <div class='ocr_carea' id='block_1_62' title="bbox 2158 1976 3731 2051">
    <p class='ocr_par' dir='ltr' id='par_1_62' title="bbox 2158 1976 3731 2051">
     <span class='ocr_line' id='line_1_62' title="bbox 2158 1976 3731 2051; baseline 0.001 -19"><span class='ocrx_word' id='word_1_471' title='bbox 2158 1976 2374 2048; x_wconf 78' lang='lat' dir='ltr'><strong>Moyses</strong></span> <span class='ocrx_word' id='word_1_472' title='bbox 2423 1979 2684 2035; x_wconf 92' lang='lat' dir='ltr'><strong>scribitur</strong></span> <span class='ocrx_word' id='word_1_473' title='bbox 2717 1981 3080 2037; x_wconf 87' lang='lat' dir='ltr'><strong>intervenisse</strong></span> <span class='ocrx_word' id='word_1_474' title='bbox 3129 1997 3226 2051; x_wconf 88' lang='lat' dir='ltr'><strong>pro</strong></span> <span class='ocrx_word' id='word_1_475' title='bbox 3279 1981 3533 2051; x_wconf 85' lang='lat' dir='ltr'><strong>peccatis</strong></span> <span class='ocrx_word' id='word_1_476' title='bbox 3569 1982 3731 2050; x_wconf 80' lang='lat' dir='ltr'><strong>populi</strong></span> 
     </span>
    </p>
   </div>
   <div class='ocr_carea' id='block_1_63' title="bbox 2158 2071 3730 2143">
    <p class='ocr_par' dir='ltr' id='par_1_63' title="bbox 2158 2071 3730 2143">
     <span class='ocr_line' id='line_1_63' title="bbox 2158 2071 3730 2143; baseline 0.004 -21"><span class='ocrx_word' id='word_1_477' title='bbox 2158 2071 2384 2140; x_wconf 88' lang='lat' dir='ltr'><strong>prioris,</strong></span> <span class='ocrx_word' id='word_1_478' title='bbox 2420 2081 2474 2128; x_wconf 90' lang='lat' dir='ltr'><strong>et</strong></span> <span class='ocrx_word' id='word_1_479' title='bbox 2501 2073 2828 2143; x_wconf 84' lang='lat' dir='ltr'><strong>impetrasse</strong></span> <span class='ocrx_word' id='word_1_480' title='bbox 2864 2076 3104 2141; x_wconf 90' lang='lat' dir='ltr'><strong>veniam,</strong></span> <span class='ocrx_word' id='word_1_481' title='bbox 3141 2084 3202 2130; x_wconf 90' lang='lat' dir='ltr'><strong>ut</strong></span> <span class='ocrx_word' id='word_1_482' title='bbox 3229 2076 3406 2129; x_wconf 91' lang='lat' dir='ltr'><strong>multo</strong></span> <span class='ocrx_word' id='word_1_483' title='bbox 3437 2075 3617 2141; x_wconf 83' lang='lat' dir='ltr'><strong>magis</strong></span> <span class='ocrx_word' id='word_1_484' title='bbox 3645 2089 3730 2128; x_wconf 83' lang='lat' dir='ltr'><strong>nos</strong></span> 
     </span>
    </p>
   </div>
   <div class='ocr_carea' id='block_1_64' title="bbox 2159 2163 3728 2235">
    <p class='ocr_par' dir='ltr' id='par_1_64' title="bbox 2159 2163 3728 2235">
     <span class='ocr_line' id='line_1_64' title="bbox 2159 2163 3728 2235; baseline 0.001 -18"><span class='ocrx_word' id='word_1_485' title='bbox 2159 2163 2515 2231; x_wconf 87' lang='lat' dir='ltr'><strong>confidamus,</strong></span> <span class='ocrx_word' id='word_1_486' title='bbox 2572 2166 2716 2235; x_wconf 91' lang='lat' dir='ltr'><strong>quod</strong></span> <span class='ocrx_word' id='word_1_487' title='bbox 2741 2166 3036 2222; x_wconf 89' lang='lat' dir='ltr'><strong>advocatus</strong></span> <span class='ocrx_word' id='word_1_488' title='bbox 3063 2176 3250 2222; x_wconf 80' lang='lat' dir='ltr'><strong>uoster</strong></span> <span class='ocrx_word' id='word_1_489' title='bbox 3275 2165 3440 2221; x_wconf 82' lang='lat' dir='ltr'><strong>Jesus</strong></span> <span class='ocrx_word' id='word_1_490' title='bbox 3468 2166 3728 2220; x_wconf 80' lang='lat' dir='ltr'><strong>indubita-</strong></span> 
     </span>
    </p>
   </div>
   <div class='ocr_carea' id='block_1_65' title="bbox 2159 2254 3730 2325">
    <p class='ocr_par' dir='ltr' id='par_1_65' title="bbox 2159 2254 3730 2325">
     <span class='ocr_line' id='line_1_65' title="bbox 2159 2254 3730 2325; baseline 0.001 -18"><span class='ocrx_word' id='word_1_491' title='bbox 2159 2261 2267 2308; x_wconf 92' lang='lat' dir='ltr'><strong>tam</strong></span> <span class='ocrx_word' id='word_1_492' title='bbox 2319 2254 2475 2310; x_wconf 88' lang='lat' dir='ltr'><strong>nobis</strong></span> <span class='ocrx_word' id='word_1_493' title='bbox 2516 2254 2730 2310; x_wconf 89' lang='lat' dir='ltr'><strong>veniam</strong></span> <span class='ocrx_word' id='word_1_494' title='bbox 2779 2254 3096 2325; x_wconf 86' lang='lat' dir='ltr'><strong>impetrabit</strong></span> <span class='ocrx_word' id='word_1_495' title='bbox 3127 2270 3157 2309; x_wconf 93' lang='lat' dir='ltr'><strong>a</strong></span> <span class='ocrx_word' id='word_1_496' title='bbox 3203 2255 3369 2309; x_wconf 87' lang='lat' dir='ltr'><strong>Patre</strong></span> <span class='ocrx_word' id='word_1_497' title='bbox 3419 2271 3435 2308; x_wconf 94' lang='lat'><strong>:</strong></span> <span class='ocrx_word' id='word_1_498' title='bbox 3487 2256 3536 2310; x_wconf 89' lang='lat' dir='ltr'><strong>si</strong></span> <span class='ocrx_word' id='word_1_499' title='bbox 3567 2265 3730 2310; x_wconf 66' lang='lat' dir='ltr'><strong>tamen</strong></span> 
     </span>
    </p>
   </div>
   <div class='ocr_carea' id='block_1_66' title="bbox 2158 2346 3732 2413">
    <p class='ocr_par' dir='ltr' id='par_1_66' title="bbox 2158 2346 3732 2413">
     <span class='ocr_line' id='line_1_66' title="bbox 2158 2346 3732 2413; baseline -0.003 -11"><span class='ocrx_word' id='word_1_500' title='bbox 2158 2355 2541 2402; x_wconf 83' lang='lat' dir='ltr'><strong>convertamur</strong></span> <span class='ocrx_word' id='word_1_501' title='bbox 2587 2346 2655 2402; x_wconf 90' lang='lat' dir='ltr'><strong>ad</strong></span> <span class='ocrx_word' id='word_1_502' title='bbox 2688 2362 2832 2413; x_wconf 92' lang='lat' dir='ltr'><strong>eum,</strong></span> <span class='ocrx_word' id='word_1_503' title='bbox 2862 2356 3050 2402; x_wconf 89' lang='lat' dir='ltr'><strong>etnon</strong></span> <span class='ocrx_word' id='word_1_504' title='bbox 3084 2346 3301 2400; x_wconf 88' lang='lat' dir='ltr'><strong>recedat</strong></span> <span class='ocrx_word' id='word_1_505' title='bbox 3327 2354 3485 2401; x_wconf 91' lang='lat' dir='ltr'><strong>retro</strong></span> <span class='ocrx_word' id='word_1_506' title='bbox 3520 2360 3618 2400; x_wconf 90' lang='lat' dir='ltr'><strong>eor</strong></span> <span class='ocrx_word' id='word_1_507' title='bbox 3647 2360 3732 2398; x_wconf 80' lang='lat' dir='ltr'><strong>no-</strong></span> 
     </span>
    </p>
   </div>
   <div class='ocr_carea' id='block_1_67' title="bbox 2157 2435 3730 2505">
    <p class='ocr_par' dir='ltr' id='par_1_67' title="bbox 2157 2435 3730 2505">
     <span class='ocr_line' id='line_1_67' title="bbox 2157 2435 3730 2505; baseline -0.003 -14"><span class='ocrx_word' id='word_1_508' title='bbox 2157 2446 2356 2502; x_wconf 87' lang='lat' dir='ltr'><strong>strum,</strong></span> <span class='ocrx_word' id='word_1_509' title='bbox 2412 2437 2555 2493; x_wconf 91' lang='lat' dir='ltr'><strong>sicut</strong></span> <span class='ocrx_word' id='word_1_510' title='bbox 2601 2446 2656 2493; x_wconf 91' lang='lat' dir='ltr'><strong>et</strong></span> <span class='ocrx_word' id='word_1_511' title='bbox 2697 2437 2938 2494; x_wconf 79' lang='lat' dir='ltr'><strong>Jonnnes</strong></span> <span class='ocrx_word' id='word_1_512' title='bbox 2985 2438 3039 2491; x_wconf 92' lang='lat' dir='ltr'><strong>in</strong></span> <span class='ocrx_word' id='word_1_513' title='bbox 3091 2435 3332 2505; x_wconf 83' lang='lat' dir='ltr'><strong>Epistola</strong></span> <span class='ocrx_word' id='word_1_514' title='bbox 3377 2450 3484 2490; x_wconf 87' lang='lat' dir='ltr'><strong>sua</strong></span> <span class='ocrx_word' id='word_1_515' title='bbox 3530 2436 3730 2489; x_wconf 78' lang='lat' dir='ltr'><strong>dicit&#39;:</strong></span> 
     </span>
    </p>
   </div>
   <div class='ocr_carea' id='block_1_68' title="bbox 2162 2526 3730 2598">
    <p class='ocr_par' dir='ltr' id='par_1_68' title="bbox 2162 2526 3730 2598">
     <span class='ocr_line' id='line_1_68' title="bbox 2162 2526 3730 2598; baseline 0 -18"><span class='ocrx_word' id='word_1_516' title='bbox 2162 2545 2181 2580; x_wconf 72' lang='grc' dir='ltr'>ι</span> <span class='ocrx_word' id='word_1_517' title='bbox 2203 2527 2327 2584; x_wconf 65' lang='lat' dir='ltr'><strong>Haec</strong></span> <span class='ocrx_word' id='word_1_518' title='bbox 2353 2536 2536 2583; x_wconf 89' lang='lat' dir='ltr'><strong>autem</strong></span> <span class='ocrx_word' id='word_1_519' title='bbox 2567 2529 2711 2596; x_wconf 91' lang='lat' dir='ltr'><strong>dico,</strong></span> <span class='ocrx_word' id='word_1_520' title='bbox 2747 2529 2917 2594; x_wconf 87' lang='lat' dir='ltr'><strong>filioli,</strong></span> <span class='ocrx_word' id='word_1_521' title='bbox 2963 2537 3155 2582; x_wconf 90' lang='lat' dir='ltr'><strong>utnon</strong></span> <span class='ocrx_word' id='word_1_522' title='bbox 3203 2526 3468 2598; x_wconf 86' lang='lat' dir='ltr'><strong>peccetis.</strong></span> <span class='ocrx_word' id='word_1_523' title='bbox 3511 2527 3664 2594; x_wconf 83' lang='lat' dir='ltr'><strong>Quod</strong></span> <span class='ocrx_word' id='word_1_524' title='bbox 3687 2539 3730 2582; x_wconf 89' lang='lat' dir='ltr'><strong>et</strong></span> 
     </span>
    </p>
   </div>
   <div class='ocr_carea' id='block_1_69' title="bbox 2157 2616 3728 2688">
    <p class='ocr_par' dir='ltr' id='par_1_69' title="bbox 2157 2616 3728 2688">
     <span class='ocr_line' id='line_1_69' title="bbox 2157 2616 3728 2688; baseline -0.001 -16"><span class='ocrx_word' id='word_1_525' title='bbox 2157 2617 2200 2672; x_wconf 88' lang='lat' dir='ltr'><strong>si</strong></span> <span class='ocrx_word' id='word_1_526' title='bbox 2233 2620 2544 2687; x_wconf 88' lang='lat' dir='ltr'><strong>peccaverit</strong></span> <span class='ocrx_word' id='word_1_527' title='bbox 2572 2617 2770 2688; x_wconf 88' lang='lat' dir='ltr'><strong>aliquis</strong></span> <span class='ocrx_word' id='word_1_528' title='bbox 2805 2626 3066 2681; x_wconf 89' lang='lat' dir='ltr'><strong>vestrum,</strong></span> <span class='ocrx_word' id='word_1_529' title='bbox 3116 2616 3384 2672; x_wconf 85' lang='lat' dir='ltr'><strong>habemus</strong></span> <span class='ocrx_word' id='word_1_530' title='bbox 3413 2617 3728 2672; x_wconf 73' lang='lat' dir='ltr'><strong>advocatum</strong></span> 
     </span>
    </p>
   </div>
   <div class='ocr_carea' id='block_1_70' title="bbox 2156 2708 3729 2780">
    <p class='ocr_par' dir='ltr' id='par_1_70' title="bbox 2156 2708 3729 2780">
     <span class='ocr_line' id='line_1_70' title="bbox 2156 2708 3729 2780; baseline -0.001 -18"><span class='ocrx_word' id='word_1_531' title='bbox 2156 2709 2299 2776; x_wconf 91' lang='lat' dir='ltr'><strong>apud</strong></span> <span class='ocrx_word' id='word_1_532' title='bbox 2347 2709 2584 2775; x_wconf 86' lang='lat' dir='ltr'><strong>Patrem,</strong></span> <span class='ocrx_word' id='word_1_533' title='bbox 2625 2711 2808 2767; x_wconf 82' lang='lat' dir='ltr'><strong>Jesum</strong></span> <span class='ocrx_word' id='word_1_534' title='bbox 2859 2710 3084 2780; x_wconf 87' lang='lat' dir='ltr'><strong>justum,</strong></span> <span class='ocrx_word' id='word_1_535' title='bbox 3134 2709 3226 2777; x_wconf 91' lang='lat' dir='ltr'><strong>qui</strong></span> <span class='ocrx_word' id='word_1_536' title='bbox 3277 2708 3598 2776; x_wconf 85' lang='lat' dir='ltr'><strong>interpellat</strong></span> <span class='ocrx_word' id='word_1_537' title='bbox 3646 2723 3729 2773; x_wconf 73' lang='lat' dir='ltr'><strong>pra</strong></span> 
     </span>
    </p>
   </div>
   <div class='ocr_carea' id='block_1_71' title="bbox 2157 2799 3725 2871">
    <p class='ocr_par' dir='ltr' id='par_1_71' title="bbox 2157 2799 3725 2871">
     <span class='ocr_line' id='line_1_71' title="bbox 2157 2799 3725 2871; baseline -0.001 -17"><span class='ocrx_word' id='word_1_538' title='bbox 2157 2801 2397 2869; x_wconf 79' lang='lat' dir='ltr'><strong>peccatis</strong></span> <span class='ocrx_word' id='word_1_539' title='bbox 2424 2801 2646 2857; x_wconf 88' lang='lat' dir='ltr'><strong>nostris.</strong></span> <span class='ocrx_word' id='word_1_540' title='bbox 2674 2819 2694 2854; x_wconf 74' lang='grc' dir='ltr'><strong><em>ι</em></strong></span> <span class='ocrx_word' id='word_1_541' title='bbox 2737 2801 2837 2871; x_wconf 92' lang='lat' dir='ltr'><strong>Ipsi</strong></span> <span class='ocrx_word' id='word_1_542' title='bbox 2873 2799 3043 2870; x_wconf 89' lang='lat' dir='ltr'><strong>gloria</strong></span> <span class='ocrx_word' id='word_1_543' title='bbox 3072 2801 3125 2854; x_wconf 91' lang='lat' dir='ltr'><strong>in</strong></span> <span class='ocrx_word' id='word_1_544' title='bbox 3163 2811 3368 2855; x_wconf 58' lang='lat' dir='ltr'><strong>aeterna</strong></span> <span class='ocrx_word' id='word_1_545' title='bbox 3404 2802 3609 2854; x_wconf 72' lang='lat' dir='ltr'><strong>saecula</strong></span> <span class='ocrx_word' id='word_1_546' title='bbox 3639 2815 3725 2853; x_wconf 63' lang='lat' dir='ltr'><strong>sic--</strong></span> 
     </span>
    </p>
   </div>
   <div class='ocr_carea' id='block_1_72' title="bbox 2156 2891 2650 2948">
    <p class='ocr_par' dir='ltr' id='par_1_72' title="bbox 2156 2891 2650 2948">
     <span class='ocr_line' id='line_1_72' title="bbox 2156 2891 2650 2948; baseline 0.006 -4"><span class='ocrx_word' id='word_1_547' title='bbox 2156 2891 2421 2946; x_wconf 87' lang='lat' dir='ltr'><strong>euloruut.</strong></span> <span class='ocrx_word' id='word_1_548' title='bbox 2459 2893 2650 2948; x_wconf 88' lang='lat' dir='ltr'><strong>Amen.</strong></span> 
     </span>
    </p>
   </div>
   <div class='ocr_carea' id='block_1_73' title="bbox 2749 2983 3146 3038">
    <p class='ocr_par' dir='ltr' id='par_1_73' title="bbox 2749 2983 3146 3038">
     <span class='ocr_line' id='line_1_73' title="bbox 2749 2983 3146 3038; baseline -0.005 0"><span class='ocrx_word' id='word_1_549' title='bbox 2749 2983 3028 3038; x_wconf 75' lang='lat' dir='ltr'><strong>llOMlLlA</strong></span> <span class='ocrx_word' id='word_1_550' title='bbox 3057 2983 3146 3037; x_wconf 81' lang='lat' dir='ltr'><strong>IX.</strong></span> 
     </span>
    </p>
   </div>
   <div class='ocr_carea' id='block_1_74' title="bbox 2158 3097 3726 3168">
    <p class='ocr_par' dir='ltr' id='par_1_74' title="bbox 2158 3097 3726 3168">
     <span class='ocr_line' id='line_1_74' title="bbox 2158 3097 3726 3168; baseline -0.003 -14"><span class='ocrx_word' id='word_1_551' title='bbox 2158 3098 2235 3155; x_wconf 86' lang='lat' dir='ltr'><strong>De</strong></span> <span class='ocrx_word' id='word_1_552' title='bbox 2274 3101 2470 3155; x_wconf 75' lang='lat' dir='ltr'><strong>batillis</strong></span> <span class='ocrx_word' id='word_1_553' title='bbox 2502 3100 2656 3165; x_wconf 79' lang='lat' dir='ltr'><strong>COre,</strong></span> <span class='ocrx_word' id='word_1_554' title='bbox 2689 3111 2736 3154; x_wconf 85' lang='lat' dir='ltr'><strong>et</strong></span> <span class='ocrx_word' id='word_1_555' title='bbox 2769 3101 3026 3153; x_wconf 78' lang='lat' dir='ltr'><strong>seditione</strong></span> <span class='ocrx_word' id='word_1_556' title='bbox 3066 3098 3247 3166; x_wconf 81' lang='lat' dir='ltr'><strong>populi</strong></span> <span class='ocrx_word' id='word_1_557' title='bbox 3275 3098 3562 3150; x_wconf 75' lang='lat' dir='ltr'><strong>adversum</strong></span> <span class='ocrx_word' id='word_1_558' title='bbox 3590 3097 3726 3168; x_wconf 63' lang='grc' dir='ltr'><strong>11ης·-</strong></span> 
     </span>
    </p>
   </div>
   <div class='ocr_carea' id='block_1_75' title="bbox 2229 3169 3718 3273">
    <p class='ocr_par' dir='ltr' id='par_1_75' title="bbox 2229 3169 3718 3273">
     <span class='ocr_line' id='line_1_75' title="bbox 2229 3169 3718 3273; baseline -0.005 -46"><span class='ocrx_word' id='word_1_559' title='bbox 2229 3189 2343 3273; x_wconf 59' lang='lat' dir='ltr'><strong>seuz</strong></span> <span class='ocrx_word' id='word_1_560' title='bbox 2371 3185 2418 3226; x_wconf 89' lang='lat' dir='ltr'><strong>et</strong></span> <span class='ocrx_word' id='word_1_561' title='bbox 2459 3174 2523 3226; x_wconf 82' lang='lat' dir='ltr'><strong>de</strong></span> <span class='ocrx_word' id='word_1_562' title='bbox 2568 3172 2726 3240; x_wconf 82' lang='lat' dir='ltr'><strong>virgis</strong></span> <span class='ocrx_word' id='word_1_563' title='bbox 2769 3171 2821 3224; x_wconf 82' lang='lat' dir='ltr'><strong>in</strong></span> <span class='ocrx_word' id='word_1_564' title='bbox 2857 3171 3043 3239; x_wconf 76' lang='lat' dir='ltr'><strong>quibus</strong></span> <span class='ocrx_word' id='word_1_565' title='bbox 3083 3169 3227 3238; x_wconf 81' lang='lat' dir='ltr'><strong>virga</strong></span> <span class='ocrx_word' id='word_1_566' title='bbox 3257 3170 3442 3222; x_wconf 80' lang='lat' dir='ltr'><strong>Aaron</strong></span> <span class='ocrx_word' id='word_1_567' title='bbox 3472 3171 3718 3236; x_wconf 73' lang='lat' dir='ltr'><strong>genuina-</strong></span> 
     </span>
    </p>
   </div>
   <div class='ocr_carea' id='block_1_76' title="bbox 2227 3257 2360 3297">
    <p class='ocr_par' dir='ltr' id='par_1_76' title="bbox 2227 3257 2360 3297">
     <span class='ocr_line' id='line_1_76' title="bbox 2227 3257 2360 3297; baseline -0.008 0"><span class='ocrx_word' id='word_1_568' title='bbox 2227 3257 2293 3297; x_wconf 82' lang='grc' dir='ltr'><strong>υιι</strong></span> <span class='ocrx_word' id='word_1_569' title='bbox 2319 3257 2360 3296; x_wconf 77' lang='grc' dir='ltr'><strong>ὀ</strong></span> 
     </span>
    </p>
   </div>
   <div class='ocr_carea' id='block_1_77' title="bbox 2230 3351 3720 3425">
    <p class='ocr_par' dir='ltr' id='par_1_77' title="bbox 2230 3351 3720 3425">
     <span class='ocr_line' id='line_1_77' title="bbox 2230 3351 3720 3425; baseline -0.006 -15"><span class='ocrx_word' id='word_1_570' title='bbox 2230 3358 2280 3410; x_wconf 84' lang='lat' dir='ltr'><strong>l.</strong></span> <span class='ocrx_word' id='word_1_571' title='bbox 2324 3356 2480 3425; x_wconf 88' lang='lat' dir='ltr'><strong>Apud</strong></span> <span class='ocrx_word' id='word_1_572' title='bbox 2525 3355 2712 3419; x_wconf 89' lang='lat' dir='ltr'><strong>Deum,</strong></span> <span class='ocrx_word' id='word_1_573' title='bbox 2745 3363 2805 3409; x_wconf 92' lang='lat' dir='ltr'><strong>ut</strong></span> <span class='ocrx_word' id='word_1_574' title='bbox 2855 3353 3080 3422; x_wconf 84' lang='lat' dir='ltr'><strong>intelligi</strong></span> <span class='ocrx_word' id='word_1_575' title='bbox 3130 3353 3314 3418; x_wconf 88' lang='lat' dir='ltr'><strong>datur,</strong></span> <span class='ocrx_word' id='word_1_576' title='bbox 3363 3351 3507 3406; x_wconf 87' lang='lat' dir='ltr'><strong>nihil</strong></span> <span class='ocrx_word' id='word_1_577' title='bbox 3542 3359 3621 3405; x_wconf 89' lang='lat' dir='ltr'><strong>est</strong></span> <span class='ocrx_word' id='word_1_578' title='bbox 3651 3351 3720 3401; x_wconf 59' lang='lat' dir='ltr'><strong>inp</strong></span> 
     </span>
    </p>
   </div>
   <div class='ocr_carea' id='block_1_78' title="bbox 2160 3445 3728 3514">
    <p class='ocr_par' dir='ltr' id='par_1_78' title="bbox 2160 3445 3728 3514">
     <span class='ocr_line' id='line_1_78' title="bbox 2160 3445 3728 3514; baseline -0.002 -12"><span class='ocrx_word' id='word_1_579' title='bbox 2160 3450 2310 3512; x_wconf 69' lang='lat' dir='ltr'><strong>utile,</strong></span> <span class='ocrx_word' id='word_1_580' title='bbox 2339 3447 2473 3501; x_wconf 87' lang='lat' dir='ltr'><strong>nihil</strong></span> <span class='ocrx_word' id='word_1_581' title='bbox 2521 3449 2781 3511; x_wconf 90' lang='lat' dir='ltr'><strong>otiosum,</strong></span> <span class='ocrx_word' id='word_1_582' title='bbox 2807 3448 2902 3502; x_wconf 89' lang='lat' dir='ltr'><strong>sed</strong></span> <span class='ocrx_word' id='word_1_583' title='bbox 2929 3455 2983 3501; x_wconf 91' lang='lat' dir='ltr'><strong>et</strong></span> <span class='ocrx_word' id='word_1_584' title='bbox 3015 3461 3078 3499; x_wconf 90' lang='lat' dir='ltr'><strong>ea</strong></span> <span class='ocrx_word' id='word_1_585' title='bbox 3110 3460 3229 3514; x_wconf 79' lang='lat' dir='ltr'><strong>qua:</strong></span> <span class='ocrx_word' id='word_1_586' title='bbox 3263 3445 3589 3500; x_wconf 79' lang='lat' dir='ltr'><strong>horninibus</strong></span> <span class='ocrx_word' id='word_1_587' title='bbox 3613 3445 3728 3499; x_wconf 85' lang='lat' dir='ltr'><strong>alie-</strong></span> 
     </span>
    </p>
   </div>
   <div class='ocr_carea' id='block_1_79' title="bbox 2159 3535 3726 3608">
    <p class='ocr_par' dir='ltr' id='par_1_79' title="bbox 2159 3535 3726 3608">
     <span class='ocr_line' id='line_1_79' title="bbox 2159 3535 3726 3608; baseline -0.003 -12"><span class='ocrx_word' id='word_1_588' title='bbox 2159 3543 2334 3596; x_wconf 87' lang='lat' dir='ltr'><strong>nanda</strong></span> <span class='ocrx_word' id='word_1_589' title='bbox 2363 3541 2620 3595; x_wconf 88' lang='lat' dir='ltr'><strong>videntur</strong></span> <span class='ocrx_word' id='word_1_590' title='bbox 2643 3549 2696 3593; x_wconf 91' lang='lat' dir='ltr'><strong>et</strong></span> <span class='ocrx_word' id='word_1_591' title='bbox 2723 3538 3049 3608; x_wconf 88' lang='lat' dir='ltr'><strong>abjieienda,</strong></span> <span class='ocrx_word' id='word_1_592' title='bbox 3081 3535 3281 3606; x_wconf 87' lang='lat' dir='ltr'><strong>aliquid</strong></span> <span class='ocrx_word' id='word_1_593' title='bbox 3321 3537 3515 3606; x_wconf 87' lang='lat' dir='ltr'><strong>operis</strong></span> <span class='ocrx_word' id='word_1_594' title='bbox 3551 3551 3726 3591; x_wconf 81' lang='lat' dir='ltr'><strong>neces-</strong></span> 
     </span>
    </p>
   </div>
   <div class='ocr_carea' id='block_1_80' title="bbox 2158 3629 3724 3689">
    <p class='ocr_par' dir='ltr' id='par_1_80' title="bbox 2158 3629 3724 3689">
     <span class='ocr_line' id='line_1_80' title="bbox 2158 3629 3724 3689; baseline -0.006 -1"><span class='ocrx_word' id='word_1_595' title='bbox 2158 3635 2286 3689; x_wconf 88' lang='lat' dir='ltr'><strong>sarii</strong></span> <span class='ocrx_word' id='word_1_596' title='bbox 2322 3634 2526 3689; x_wconf 88' lang='lat' dir='ltr'><strong>habere</strong></span> <span class='ocrx_word' id='word_1_597' title='bbox 2557 3630 2924 3686; x_wconf 86' lang='lat' dir='ltr'><strong>inveniuntur.</strong></span> <span class='ocrx_word' id='word_1_598' title='bbox 2985 3629 3136 3683; x_wconf 84' lang='lat' dir='ltr'><strong>Hunc</strong></span> <span class='ocrx_word' id='word_1_599' title='bbox 3169 3639 3350 3682; x_wconf 89' lang='lat' dir='ltr'><strong>autem</strong></span> <span class='ocrx_word' id='word_1_600' title='bbox 3385 3630 3547 3682; x_wconf 87' lang='lat' dir='ltr'><strong>nobis</strong></span> <span class='ocrx_word' id='word_1_601' title='bbox 3577 3629 3724 3681; x_wconf 70' lang='grc' dir='ltr'><strong>ἰιιιι-Ι-</strong></span> 
     </span>
    </p>
   </div>
   <div class='ocr_carea' id='block_1_81' title="bbox 2159 3720 3728 3794">
    <p class='ocr_par' dir='ltr' id='par_1_81' title="bbox 2159 3720 3728 3794">
     <span class='ocr_line' id='line_1_81' title="bbox 2159 3720 3728 3794; baseline -0.003 -15"><span class='ocrx_word' id='word_1_602' title='bbox 2159 3727 2355 3780; x_wconf 83' lang='lat' dir='ltr'><strong>leetum</strong></span> <span class='ocrx_word' id='word_1_603' title='bbox 2386 3725 2623 3794; x_wconf 83' lang='lat' dir='ltr'><strong>suggerit</strong></span> <span class='ocrx_word' id='word_1_604' title='bbox 2649 3737 2885 3792; x_wconf 68' lang='lat' dir='ltr'><strong>praesens</strong></span> <span class='ocrx_word' id='word_1_605' title='bbox 2915 3724 3094 3788; x_wconf 90' lang='lat' dir='ltr'><strong>lectio,</strong></span> <span class='ocrx_word' id='word_1_606' title='bbox 3123 3737 3244 3791; x_wconf 72' lang='lat' dir='ltr'><strong>qua:</strong></span> <span class='ocrx_word' id='word_1_607' title='bbox 3276 3724 3346 3776; x_wconf 86' lang='lat' dir='ltr'><strong>de</strong></span> <span class='ocrx_word' id='word_1_608' title='bbox 3395 3721 3604 3776; x_wconf 83' lang='lat' dir='ltr'><strong>batillis</strong></span> <span class='ocrx_word' id='word_1_609' title='bbox 3635 3720 3728 3774; x_wconf 80' lang='lat' dir='ltr'><strong>Co-</strong></span> 
     </span>
    </p>
   </div>
   <div class='ocr_carea' id='block_1_82' title="bbox 2159 3813 3730 3883">
    <p class='ocr_par' dir='ltr' id='par_1_82' title="bbox 2159 3813 3730 3883">
     <span class='ocr_line' id='line_1_82' title="bbox 2159 3813 3730 3883; baseline -0.006 -13"><span class='ocrx_word' id='word_1_610' title='bbox 2159 3829 2241 3879; x_wconf 87' lang='lat' dir='ltr'><strong>re,</strong></span> <span class='ocrx_word' id='word_1_611' title='bbox 2271 3825 2324 3870; x_wconf 92' lang='lat' dir='ltr'><strong>et</strong></span> <span class='ocrx_word' id='word_1_612' title='bbox 2357 3814 2693 3883; x_wconf 88' lang='lat' dir='ltr'><strong>reliquorum</strong></span> <span class='ocrx_word' id='word_1_613' title='bbox 2749 3814 2839 3882; x_wconf 88' lang='lat' dir='ltr'><strong>qui</strong></span> <span class='ocrx_word' id='word_1_614' title='bbox 2869 3830 2989 3867; x_wconf 87' lang='lat' dir='ltr'><strong>cum</strong></span> <span class='ocrx_word' id='word_1_615' title='bbox 3019 3813 3133 3880; x_wconf 88' lang='lat' dir='ltr'><strong>ipso</strong></span> <span class='ocrx_word' id='word_1_616' title='bbox 3171 3822 3567 3882; x_wconf 77' lang='lat' dir='ltr'><strong>peccaverunt,</strong></span> <span class='ocrx_word' id='word_1_617' title='bbox 3595 3829 3730 3866; x_wconf 76' lang='grc' dir='ltr'><strong>ωιυ·</strong></span> 
     </span>
    </p>
   </div>
   <div class='ocr_carea' id='block_1_83' title="bbox 2157 3902 3724 3973">
    <p class='ocr_par' dir='ltr' id='par_1_83' title="bbox 2157 3902 3724 3973">
     <span class='ocr_line' id='line_1_83' title="bbox 2157 3902 3724 3973; baseline -0.004 -13"><span class='ocrx_word' id='word_1_618' title='bbox 2157 3913 2449 3968; x_wconf 89' lang='lat' dir='ltr'><strong>memorat,</strong></span> <span class='ocrx_word' id='word_1_619' title='bbox 2485 3905 2628 3973; x_wconf 90' lang='lat' dir='ltr'><strong>quod</strong></span> <span class='ocrx_word' id='word_1_620' title='bbox 2674 3918 2744 3958; x_wconf 88' lang='lat' dir='ltr'><strong>ne</strong></span> <span class='ocrx_word' id='word_1_621' title='bbox 2783 3904 2899 3958; x_wconf 82' lang='lat' dir='ltr'><strong>haec</strong></span> <span class='ocrx_word' id='word_1_622' title='bbox 2935 3902 3152 3972; x_wconf 88' lang='lat' dir='ltr'><strong>quidem</strong></span> <span class='ocrx_word' id='word_1_623' title='bbox 3191 3903 3347 3973; x_wconf 89' lang='lat' dir='ltr'><strong>jubet</strong></span> <span class='ocrx_word' id='word_1_624' title='bbox 3373 3904 3538 3972; x_wconf 88' lang='lat' dir='ltr'><strong>abjici</strong></span> <span class='ocrx_word' id='word_1_625' title='bbox 3577 3902 3724 3964; x_wconf 55' lang='lat' dir='ltr'><strong>Deus,</strong></span> 
     </span>
    </p>
   </div>
   <div class='ocr_carea' id='block_1_84' title="bbox 2158 3995 3728 4066">
    <p class='ocr_par' dir='ltr' id='par_1_84' title="bbox 2158 3995 3728 4066">
     <span class='ocr_line' id='line_1_84' title="bbox 2158 3995 3728 4066; baseline -0.003 -12"><span class='ocrx_word' id='word_1_626' title='bbox 2158 4001 2250 4054; x_wconf 89' lang='lat' dir='ltr'><strong>sed</strong></span> <span class='ocrx_word' id='word_1_627' title='bbox 2283 3998 2397 4053; x_wconf 82' lang='lat' dir='ltr'><strong>fieri</strong></span> <span class='ocrx_word' id='word_1_628' title='bbox 2427 4012 2496 4053; x_wconf 83' lang='lat' dir='ltr'><strong>ex</strong></span> <span class='ocrx_word' id='word_1_629' title='bbox 2550 3998 2631 4052; x_wconf 89' lang='lat' dir='ltr'><strong>eis</strong></span> <span class='ocrx_word' id='word_1_630' title='bbox 2660 3996 2890 4052; x_wconf 89' lang='lat' dir='ltr'><strong>laminas</strong></span> <span class='ocrx_word' id='word_1_631' title='bbox 2922 3995 3151 4051; x_wconf 87' lang='lat' dir='ltr'><strong>ductiles</strong></span> <span class='ocrx_word' id='word_1_632' title='bbox 3179 4004 3344 4066; x_wconf 90' lang='lat' dir='ltr'><strong>atque</strong></span> <span class='ocrx_word' id='word_1_633' title='bbox 3368 4011 3436 4051; x_wconf 80' lang='lat' dir='ltr'><strong>ex</strong></span> <span class='ocrx_word' id='word_1_634' title='bbox 3470 3997 3539 4051; x_wconf 88' lang='lat' dir='ltr'><strong>iis</strong></span> <span class='ocrx_word' id='word_1_635' title='bbox 3570 3996 3728 4051; x_wconf 73' lang='lat' dir='ltr'><strong>altare</strong></span> 
     </span>
    </p>
   </div>
   <div class='ocr_carea' id='block_1_85' title="bbox 2157 4086 3731 4159">
    <p class='ocr_par' dir='ltr' id='par_1_85' title="bbox 2157 4086 3731 4159">
     <span class='ocr_line' id='line_1_85' title="bbox 2157 4086 3731 4159; baseline -0.004 -14"><span class='ocrx_word' id='word_1_636' title='bbox 2157 4089 2508 4145; x_wconf 88' lang='lat' dir='ltr'><strong>circumdari.</strong></span> <span class='ocrx_word' id='word_1_637' title='bbox 2567 4088 2758 4145; x_wconf 82' lang='lat' dir='ltr'><strong>Refert</strong></span> <span class='ocrx_word' id='word_1_638' title='bbox 2803 4102 2932 4159; x_wconf 87' lang='lat' dir='ltr'><strong>ergo</strong></span> <span class='ocrx_word' id='word_1_639' title='bbox 2964 4086 3269 4158; x_wconf 90' lang='lat' dir='ltr'><strong>Scriptura,</strong></span> <span class='ocrx_word' id='word_1_640' title='bbox 3323 4088 3454 4157; x_wconf 87' lang='lat' dir='ltr'><strong>quia</strong></span> <span class='ocrx_word' id='word_1_641' title='bbox 3506 4103 3574 4141; x_wconf 76' lang='lat' dir='ltr'><strong>ex</strong></span> <span class='ocrx_word' id='word_1_642' title='bbox 3603 4102 3731 4156; x_wconf 67' lang='lat' dir='ltr'><strong>pric-</strong></span> 
     </span>
    </p>
   </div>
   <div class='ocr_carea' id='block_1_86' title="bbox 2159 4179 3726 4252">
    <p class='ocr_par' dir='ltr' id='par_1_86' title="bbox 2159 4179 3726 4252">
     <span class='ocr_line' id='line_1_86' title="bbox 2159 4179 3726 4252; baseline -0.002 -16"><span class='ocrx_word' id='word_1_643' title='bbox 2159 4190 2318 4252; x_wconf 88' lang='lat' dir='ltr'><strong>cepto</strong></span> <span class='ocrx_word' id='word_1_644' title='bbox 2344 4180 2460 4248; x_wconf 89' lang='lat' dir='ltr'><strong>Dei,</strong></span> <span class='ocrx_word' id='word_1_645' title='bbox 2501 4197 2519 4231; x_wconf 84' lang='lat' dir='ltr'><strong>t</strong></span> <span class='ocrx_word' id='word_1_646' title='bbox 2561 4180 2790 4249; x_wconf 91' lang='lat' dir='ltr'><strong>accepit,</strong></span> <span class='ocrx_word' id='word_1_647' title='bbox 2826 4179 2999 4250; x_wconf 89' lang='lat' dir='ltr'><strong>inquit</strong></span> <span class='ocrx_word' id='word_1_648' title='bbox 3024 4180 3067 4244; x_wconf 59' lang='lat'><strong>5,</strong></span> <span class='ocrx_word' id='word_1_649' title='bbox 3117 4179 3346 4234; x_wconf 80' lang='lat' dir='ltr'><strong>Eleazar</strong></span> <span class='ocrx_word' id='word_1_650' title='bbox 3377 4180 3525 4234; x_wconf 82' lang='lat' dir='ltr'><strong>filius</strong></span> <span class='ocrx_word' id='word_1_651' title='bbox 3553 4180 3726 4233; x_wconf 82' lang='lat' dir='ltr'><strong>Aaron</strong></span> 
     </span>
    </p>
   </div>
   <div class='ocr_carea' id='block_1_87' title="bbox 2157 4269 3730 4338">
    <p class='ocr_par' dir='ltr' id='par_1_87' title="bbox 2157 4269 3730 4338">
     <span class='ocr_line' id='line_1_87' title="bbox 2157 4269 3730 4338; baseline -0.005 -10"><span class='ocrx_word' id='word_1_652' title='bbox 2157 4272 2457 4328; x_wconf 84' lang='lat' dir='ltr'><strong>sacerdotis</strong></span> <span class='ocrx_word' id='word_1_653' title='bbox 2501 4271 2683 4326; x_wconf 85' lang='lat' dir='ltr'><strong>batilla</strong></span> <span class='ocrx_word' id='word_1_654' title='bbox 2712 4283 2878 4333; x_wconf 78' lang='lat' dir='ltr'><strong>aerea,</strong></span> <span class='ocrx_word' id='word_1_655' title='bbox 2926 4283 3046 4338; x_wconf 78' lang='lat' dir='ltr'><strong>quae</strong></span> <span class='ocrx_word' id='word_1_656' title='bbox 3093 4270 3409 4324; x_wconf 91' lang='lat' dir='ltr'><strong>obtulerunt</strong></span> <span class='ocrx_word' id='word_1_657' title='bbox 3437 4271 3472 4324; x_wconf 90' lang='lat' dir='ltr'><strong>ii</strong></span> <span class='ocrx_word' id='word_1_658' title='bbox 3504 4269 3596 4338; x_wconf 86' lang='lat' dir='ltr'><strong>qui</strong></span> <span class='ocrx_word' id='word_1_659' title='bbox 3637 4283 3730 4324; x_wconf 77' lang='lat' dir='ltr'><strong>cx-</strong></span> 
     </span>
    </p>
   </div>
   <div class='ocr_carea' id='block_1_88' title="bbox 2159 4361 3731 4430">
    <p class='ocr_par' dir='ltr' id='par_1_88' title="bbox 2159 4361 3731 4430">
     <span class='ocr_line' id='line_1_88' title="bbox 2159 4361 3731 4430; baseline -0.003 -12"><span class='ocrx_word' id='word_1_660' title='bbox 2159 4366 2266 4420; x_wconf 89' lang='lat' dir='ltr'><strong>usti</strong></span> <span class='ocrx_word' id='word_1_661' title='bbox 2297 4371 2450 4429; x_wconf 89' lang='lat' dir='ltr'><strong>sunt,</strong></span> <span class='ocrx_word' id='word_1_662' title='bbox 2480 4371 2536 4418; x_wconf 82' lang='lat' dir='ltr'><strong>et</strong></span> <span class='ocrx_word' id='word_1_663' title='bbox 2571 4363 2817 4416; x_wconf 87' lang='lat' dir='ltr'><strong>fecerunt</strong></span> <span class='ocrx_word' id='word_1_664' title='bbox 2852 4377 2917 4416; x_wconf 79' lang='lat' dir='ltr'><strong>ex</strong></span> <span class='ocrx_word' id='word_1_665' title='bbox 2947 4362 3027 4416; x_wconf 89' lang='lat' dir='ltr'><strong>eis</strong></span> <span class='ocrx_word' id='word_1_666' title='bbox 3076 4361 3329 4427; x_wconf 89' lang='lat' dir='ltr'><strong>circulos,</strong></span> <span class='ocrx_word' id='word_1_667' title='bbox 3382 4373 3438 4414; x_wconf 86' lang='lat' dir='ltr'><strong>et</strong></span> <span class='ocrx_word' id='word_1_668' title='bbox 3468 4377 3731 4430; x_wconf 81' lang='lat' dir='ltr'><strong>apposue-</strong></span> 
     </span>
    </p>
   </div>
   <div class='ocr_carea' id='block_1_89' title="bbox 2158 4451 3731 4516">
    <p class='ocr_par' dir='ltr' id='par_1_89' title="bbox 2158 4451 3731 4516">
     <span class='ocr_line' id='line_1_89' title="bbox 2158 4451 3731 4516; baseline -0.001 -10"><span class='ocrx_word' id='word_1_669' title='bbox 2158 4463 2286 4507; x_wconf 89' lang='lat' dir='ltr'><strong>runt</strong></span> <span class='ocrx_word' id='word_1_670' title='bbox 2312 4468 2408 4508; x_wconf 89' lang='lat' dir='ltr'><strong>eos</strong></span> <span class='ocrx_word' id='word_1_671' title='bbox 2439 4452 2618 4516; x_wconf 89' lang='lat' dir='ltr'><strong>altari,</strong></span> <span class='ocrx_word' id='word_1_672' title='bbox 2669 4453 2736 4507; x_wconf 90' lang='lat' dir='ltr'><strong>ad</strong></span> <span class='ocrx_word' id='word_1_673' title='bbox 2786 4452 3357 4507; x_wconf 85' lang='lat' dir='ltr'><strong>commemorationem</strong></span> <span class='ocrx_word' id='word_1_674' title='bbox 3389 4451 3626 4507; x_wconf 78' lang='lat' dir='ltr'><strong>ﬁliorum</strong></span> <span class='ocrx_word' id='word_1_675' title='bbox 3657 4452 3731 4505; x_wconf 61' lang='grc' dir='ltr'><strong>ιε.</strong></span> 
     </span>
    </p>
   </div>
   <div class='ocr_carea' id='block_1_90' title="bbox 479 4531 3726 4612">
    <p class='ocr_par' dir='ltr' id='par_1_90' title="bbox 479 4531 3726 4612">
     <span class='ocr_line' id='line_1_90' title="bbox 479 4531 3726 4612; baseline -0.002 -13"><span class='ocrx_word' id='word_1_676' title='bbox 479 4545 579 4606; x_wconf 76' lang='lat' dir='ltr'><strong>vit,</strong></span> <span class='ocrx_word' id='word_1_677' title='bbox 618 4542 923 4612; x_wconf 87' lang='lat' dir='ltr'><strong>resipiscat,</strong></span> <span class='ocrx_word' id='word_1_678' title='bbox 956 4551 1012 4597; x_wconf 91' lang='lat' dir='ltr'><strong>et</strong></span> <span class='ocrx_word' id='word_1_679' title='bbox 1038 4540 1182 4595; x_wconf 89' lang='lat' dir='ltr'><strong>ultra</strong></span> <span class='ocrx_word' id='word_1_680' title='bbox 1213 4555 1319 4596; x_wconf 92' lang='lat' dir='ltr'><strong>non</strong></span> <span class='ocrx_word' id='word_1_681' title='bbox 1341 4550 1548 4612; x_wconf 87' lang='lat' dir='ltr'><strong>peccet.</strong></span> <span class='ocrx_word' id='word_1_682' title='bbox 1588 4541 1884 4597; x_wconf 86' lang='lat' dir='ltr'><strong>Couversio</strong></span> <span class='ocrx_word' id='word_1_683' title='bbox 1908 4543 2052 4596; x_wconf 90' lang='lat' dir='ltr'><strong>enim</strong></span> <span class='ocrx_word' id='word_1_684' title='bbox 2091 4531 2132 4586; x_wconf 74' lang='grc' dir='ltr'><strong>Β</strong></span> <span class='ocrx_word' id='word_1_685' title='bbox 2162 4543 2296 4610; x_wconf 85' lang='lat' dir='ltr'><strong>rael,</strong></span> <span class='ocrx_word' id='word_1_686' title='bbox 2326 4551 2384 4597; x_wconf 90' lang='lat' dir='ltr'><strong>ut</strong></span> <span class='ocrx_word' id='word_1_687' title='bbox 2419 4558 2523 4597; x_wconf 91' lang='lat' dir='ltr'><strong>non</strong></span> <span class='ocrx_word' id='word_1_688' title='bbox 2550 4542 2776 4598; x_wconf 87' lang='lat' dir='ltr'><strong>accedat</strong></span> <span class='ocrx_word' id='word_1_689' title='bbox 2805 4542 3089 4612; x_wconf 90' lang='lat' dir='ltr'><strong>quisquam</strong></span> <span class='ocrx_word' id='word_1_690' title='bbox 3125 4542 3455 4612; x_wconf 80' lang='lat' dir='ltr'><strong>alienigena,</strong></span> <span class='ocrx_word' id='word_1_691' title='bbox 3498 4543 3591 4610; x_wconf 88' lang='lat' dir='ltr'><strong>qui</strong></span> <span class='ocrx_word' id='word_1_692' title='bbox 3629 4558 3726 4594; x_wconf 76' lang='lat' dir='ltr'><strong>nou</strong></span> 
     </span>
    </p>
   </div>
   <div class='ocr_carea' id='block_1_91' title="bbox 482 4631 2054 4703">
    <p class='ocr_par' dir='ltr' id='par_1_91' title="bbox 482 4631 2054 4703">
     <span class='ocr_line' id='line_1_91' title="bbox 482 4631 2054 4703; baseline 0.001 -17"><span class='ocrx_word' id='word_1_693' title='bbox 482 4633 538 4687; x_wconf 91' lang='lat' dir='ltr'><strong>in</strong></span> <span class='ocrx_word' id='word_1_694' title='bbox 570 4633 820 4702; x_wconf 83' lang='lat' dir='ltr'><strong>praesenti</strong></span> <span class='ocrx_word' id='word_1_695' title='bbox 853 4632 984 4698; x_wconf 87' lang='lat' dir='ltr'><strong>vita,</strong></span> <span class='ocrx_word' id='word_1_696' title='bbox 1021 4641 1074 4687; x_wconf 85' lang='lat' dir='ltr'><strong>et</strong></span> <span class='ocrx_word' id='word_1_697' title='bbox 1101 4631 1419 4701; x_wconf 78' lang='lat' dir='ltr'><strong>pteniteutia</strong></span> <span class='ocrx_word' id='word_1_698' title='bbox 1455 4631 1728 4688; x_wconf 85' lang='lat' dir='ltr'><strong>fructuose</strong></span> <span class='ocrx_word' id='word_1_699' title='bbox 1758 4642 1928 4703; x_wconf 87' lang='lat' dir='ltr'><strong>gesta,</strong></span> <span class='ocrx_word' id='word_1_700' title='bbox 1964 4647 2054 4688; x_wconf 90' lang='lat' dir='ltr'><strong>ce-</strong></span> 
     </span>
    </p>
   </div>
   <div class='ocr_carea' id='block_1_92' title="bbox 481 4722 2051 4794">
    <p class='ocr_par' dir='ltr' id='par_1_92' title="bbox 481 4722 2051 4794">
     <span class='ocr_line' id='line_1_92' title="bbox 481 4722 2051 4794; baseline 0.001 -15"><span class='ocrx_word' id='word_1_701' title='bbox 481 4726 650 4780; x_wconf 86' lang='lat' dir='ltr'><strong>lerem</strong></span> <span class='ocrx_word' id='word_1_702' title='bbox 705 4722 919 4778; x_wconf 87' lang='lat' dir='ltr'><strong>confert</strong></span> <span class='ocrx_word' id='word_1_703' title='bbox 975 4723 1285 4794; x_wconf 71' lang='lat' dir='ltr'><strong>huiusmodi</strong></span> <span class='ocrx_word' id='word_1_704' title='bbox 1338 4725 1656 4780; x_wconf 81' lang='lat' dir='ltr'><strong>vulneribus</strong></span> <span class='ocrx_word' id='word_1_705' title='bbox 1707 4725 2051 4790; x_wconf 88' lang='lat' dir='ltr'><strong>medicinam,</strong></span> 
     </span>
    </p>
   </div>
   <div class='ocr_carea' id='block_1_93' title="bbox 479 4813 2056 4886">
    <p class='ocr_par' dir='ltr' id='par_1_93' title="bbox 479 4813 2056 4886">
     <span class='ocr_line' id='line_1_93' title="bbox 479 4813 2056 4886; baseline 0.001 -19"><span class='ocrx_word' id='word_1_706' title='bbox 479 4817 606 4886; x_wconf 89' lang='lat' dir='ltr'><strong>quia</strong></span> <span class='ocrx_word' id='word_1_707' title='bbox 659 4814 975 4882; x_wconf 57' lang='lat' dir='ltr'><strong>paenitentia</strong></span> <span class='ocrx_word' id='word_1_708' title='bbox 1028 4831 1133 4869; x_wconf 91' lang='lat' dir='ltr'><strong>non</strong></span> <span class='ocrx_word' id='word_1_709' title='bbox 1167 4813 1340 4869; x_wconf 89' lang='lat' dir='ltr'><strong>solum</strong></span> <span class='ocrx_word' id='word_1_710' title='bbox 1369 4815 1564 4870; x_wconf 89' lang='lat' dir='ltr'><strong>vulnus</strong></span> <span class='ocrx_word' id='word_1_711' title='bbox 1611 4817 1938 4885; x_wconf 65' lang='lat' dir='ltr'><strong>praeteritum</strong></span> <span class='ocrx_word' id='word_1_712' title='bbox 1968 4830 2056 4870; x_wconf 81' lang='lat' dir='ltr'><strong>sa-</strong></span> 
     </span>
    </p>
   </div>
   <div class='ocr_carea' id='block_1_94' title="bbox 482 4907 2057 4976">
    <p class='ocr_par' dir='ltr' id='par_1_94' title="bbox 482 4907 2057 4976">
     <span class='ocr_line' id='line_1_94' title="bbox 482 4907 2057 4976; baseline -0.001 -12"><span class='ocrx_word' id='word_1_713' title='bbox 482 4919 597 4974; x_wconf 90' lang='lat' dir='ltr'><strong>nat,</strong></span> <span class='ocrx_word' id='word_1_714' title='bbox 631 4909 725 4964; x_wconf 85' lang='lat' dir='ltr'><strong>sed</strong></span> <span class='ocrx_word' id='word_1_715' title='bbox 759 4918 813 4963; x_wconf 91' lang='lat' dir='ltr'><strong>et</strong></span> <span class='ocrx_word' id='word_1_716' title='bbox 856 4908 998 4963; x_wconf 89' lang='lat' dir='ltr'><strong>ultra</strong></span> <span class='ocrx_word' id='word_1_717' title='bbox 1031 4910 1268 4962; x_wconf 90' lang='lat' dir='ltr'><strong>animam</strong></span> <span class='ocrx_word' id='word_1_718' title='bbox 1300 4918 1524 4976; x_wconf 88' lang='lat' dir='ltr'><strong>peccato</strong></span> <span class='ocrx_word' id='word_1_719' title='bbox 1567 4922 1672 4962; x_wconf 90' lang='lat' dir='ltr'><strong>non</strong></span> <span class='ocrx_word' id='word_1_720' title='bbox 1703 4908 1834 4962; x_wconf 90' lang='lat' dir='ltr'><strong>sinit</strong></span> <span class='ocrx_word' id='word_1_721' title='bbox 1867 4907 2057 4963; x_wconf 88' lang='lat' dir='ltr'><strong>vulne-</strong></span> 
     </span>
    </p>
   </div>
   <div class='ocr_carea' id='block_1_95' title="bbox 481 4996 2054 5066">
    <p class='ocr_par' dir='ltr' id='par_1_95' title="bbox 481 4996 2054 5066">
     <span class='ocr_line' id='line_1_95' title="bbox 481 4996 2054 5066; baseline -0.003 -11"><span class='ocrx_word' id='word_1_722' title='bbox 481 5001 614 5056; x_wconf 89' lang='lat' dir='ltr'><strong>rari.</strong></span> <span class='ocrx_word' id='word_1_723' title='bbox 656 5000 769 5054; x_wconf 90' lang='lat' dir='ltr'><strong>lmo</strong></span> <span class='ocrx_word' id='word_1_724' title='bbox 802 5009 855 5054; x_wconf 90' lang='lat' dir='ltr'><strong>et</strong></span> <span class='ocrx_word' id='word_1_725' title='bbox 881 4997 1012 5053; x_wconf 91' lang='lat' dir='ltr'><strong>illud</strong></span> <span class='ocrx_word' id='word_1_726' title='bbox 1043 4996 1292 5064; x_wconf 88' lang='lat' dir='ltr'><strong>adjiciam</strong></span> <span class='ocrx_word' id='word_1_727' title='bbox 1326 5014 1341 5052; x_wconf 87' lang='lat'><strong>:</strong></span> <span class='ocrx_word' id='word_1_728' title='bbox 1373 4998 1524 5053; x_wconf 87' lang='lat' dir='ltr'><strong>verbi</strong></span> <span class='ocrx_word' id='word_1_729' title='bbox 1564 5011 1751 5062; x_wconf 89' lang='lat' dir='ltr'><strong>causa,</strong></span> <span class='ocrx_word' id='word_1_730' title='bbox 1779 4997 1824 5052; x_wconf 91' lang='lat' dir='ltr'><strong>si</strong></span> <span class='ocrx_word' id='word_1_731' title='bbox 1859 5011 2054 5066; x_wconf 89' lang='lat' dir='ltr'><strong>pecca-</strong></span> 
     </span>
    </p>
   </div>
   <div class='ocr_carea' id='block_1_96' title="bbox 479 5088 2050 5158">
    <p class='ocr_par' dir='ltr' id='par_1_96' title="bbox 479 5088 2050 5158">
     <span class='ocr_line' id='line_1_96' title="bbox 479 5088 2050 5158; baseline -0.004 -8"><span class='ocrx_word' id='word_1_732' title='bbox 479 5103 568 5150; x_wconf 93' lang='lat' dir='ltr'><strong>tor</strong></span> <span class='ocrx_word' id='word_1_733' title='bbox 616 5107 757 5158; x_wconf 89' lang='lat' dir='ltr'><strong>sum,</strong></span> <span class='ocrx_word' id='word_1_734' title='bbox 806 5090 1049 5158; x_wconf 89' lang='lat' dir='ltr'><strong>nunquid</strong></span> <span class='ocrx_word' id='word_1_735' title='bbox 1080 5091 1266 5145; x_wconf 89' lang='lat' dir='ltr'><strong>eadem</strong></span> <span class='ocrx_word' id='word_1_736' title='bbox 1315 5088 1448 5143; x_wconf 89' lang='lat' dir='ltr'><strong>mihi</strong></span> <span class='ocrx_word' id='word_1_737' title='bbox 1477 5089 1582 5144; x_wconf 89' lang='lat' dir='ltr'><strong>erit</strong></span> <span class='ocrx_word' id='word_1_738' title='bbox 1626 5103 1782 5157; x_wconf 72' lang='lat' dir='ltr'><strong>poena</strong></span> <span class='ocrx_word' id='word_1_739' title='bbox 1816 5090 1859 5142; x_wconf 92' lang='lat' dir='ltr'><strong>si</strong></span> <span class='ocrx_word' id='word_1_740' title='bbox 1885 5089 2050 5144; x_wconf 85' lang='lat' dir='ltr'><strong>semel</strong></span> 
     </span>
    </p>
   </div>
   <div class='ocr_carea' id='block_1_97' title="bbox 477 5182 2045 5260">
    <p class='ocr_par' dir='ltr' id='par_1_97' title="bbox 477 5182 2045 5260">
     <span class='ocr_line' id='line_1_97' title="bbox 477 5182 2045 5260; baseline -0.004 -14"><span class='ocrx_word' id='word_1_741' title='bbox 477 5187 726 5260; x_wconf 83' lang='lat' dir='ltr'><strong>peccavi,</strong></span> <span class='ocrx_word' id='word_1_742' title='bbox 756 5201 876 5256; x_wconf 63' lang='lat' dir='ltr'><strong>quae</strong></span> <span class='ocrx_word' id='word_1_743' title='bbox 901 5194 956 5240; x_wconf 91' lang='lat' dir='ltr'><strong>et</strong></span> <span class='ocrx_word' id='word_1_744' title='bbox 975 5185 1022 5239; x_wconf 92' lang='lat' dir='ltr'><strong>si</strong></span> <span class='ocrx_word' id='word_1_745' title='bbox 1053 5183 1314 5250; x_wconf 90' lang='lat' dir='ltr'><strong>secundo,</strong></span> <span class='ocrx_word' id='word_1_746' title='bbox 1346 5190 1401 5237; x_wconf 82' lang='lat' dir='ltr'><strong>et</strong></span> <span class='ocrx_word' id='word_1_747' title='bbox 1427 5182 1610 5248; x_wconf 89' lang='lat' dir='ltr'><strong>tertio,</strong></span> <span class='ocrx_word' id='word_1_748' title='bbox 1645 5190 1699 5237; x_wconf 90' lang='lat' dir='ltr'><strong>et</strong></span> <span class='ocrx_word' id='word_1_749' title='bbox 1724 5182 1768 5237; x_wconf 91' lang='lat' dir='ltr'><strong>si</strong></span> <span class='ocrx_word' id='word_1_750' title='bbox 1795 5182 2045 5252; x_wconf 85' lang='lat' dir='ltr'><strong>frequen-</strong></span> 
     </span>
    </p>
   </div>
   <div class='ocr_carea' id='block_1_98' title="bbox 481 5273 2048 5350">
    <p class='ocr_par' dir='ltr' id='par_1_98' title="bbox 481 5273 2048 5350">
     <span class='ocr_line' id='line_1_98' title="bbox 481 5273 2048 5350; baseline -0.007 -12"><span class='ocrx_word' id='word_1_751' title='bbox 481 5282 589 5338; x_wconf 91' lang='lat' dir='ltr'><strong>tius</strong></span> <span class='ocrx_word' id='word_1_752' title='bbox 626 5277 889 5350; x_wconf 82' lang='lat' dir='ltr'><strong>peccem?</strong></span> <span class='ocrx_word' id='word_1_753' title='bbox 935 5291 1040 5331; x_wconf 92' lang='lat' dir='ltr'><strong>non</strong></span> <span class='ocrx_word' id='word_1_754' title='bbox 1077 5275 1149 5329; x_wconf 92' lang='lat' dir='ltr'><strong>ita</strong></span> <span class='ocrx_word' id='word_1_755' title='bbox 1181 5275 1287 5330; x_wconf 92' lang='lat' dir='ltr'><strong>erit</strong></span> <span class='ocrx_word' id='word_1_756' title='bbox 1323 5291 1336 5328; x_wconf 89' lang='lat'><strong>:</strong></span> <span class='ocrx_word' id='word_1_757' title='bbox 1369 5273 1462 5328; x_wconf 90' lang='lat' dir='ltr'><strong>sed</strong></span> <span class='ocrx_word' id='word_1_758' title='bbox 1509 5288 1608 5342; x_wconf 87' lang='lat' dir='ltr'><strong>pro</strong></span> <span class='ocrx_word' id='word_1_759' title='bbox 1637 5274 1818 5340; x_wconf 90' lang='lat' dir='ltr'><strong>modo,</strong></span> <span class='ocrx_word' id='word_1_760' title='bbox 1861 5285 1917 5329; x_wconf 87' lang='lat' dir='ltr'><strong>et</strong></span> <span class='ocrx_word' id='word_1_761' title='bbox 1950 5290 2048 5328; x_wconf 90' lang='lat' dir='ltr'><strong>uu-</strong></span> 
     </span>
    </p>
   </div>
   <div class='ocr_carea' id='block_1_99' title="bbox 480 5364 2048 5438">
    <p class='ocr_par' dir='ltr' id='par_1_99' title="bbox 480 5364 2048 5438">
     <span class='ocr_line' id='line_1_99' title="bbox 480 5364 2048 5438; baseline -0.005 -10"><span class='ocrx_word' id='word_1_762' title='bbox 480 5385 652 5438; x_wconf 83' lang='lat' dir='ltr'><strong>tuero,</strong></span> <span class='ocrx_word' id='word_1_763' title='bbox 701 5382 757 5426; x_wconf 90' lang='lat' dir='ltr'><strong>et</strong></span> <span class='ocrx_word' id='word_1_764' title='bbox 787 5383 1040 5425; x_wconf 90' lang='lat' dir='ltr'><strong>mensura</strong></span> <span class='ocrx_word' id='word_1_765' title='bbox 1072 5367 1304 5437; x_wconf 88' lang='lat' dir='ltr'><strong>peccati,</strong></span> <span class='ocrx_word' id='word_1_766' title='bbox 1359 5364 1521 5420; x_wconf 79' lang='lat' dir='ltr'><strong>etia’m</strong></span> <span class='ocrx_word' id='word_1_767' title='bbox 1559 5379 1729 5434; x_wconf 62' lang='lat' dir='ltr'><strong>poena:</strong></span> <span class='ocrx_word' id='word_1_768' title='bbox 1775 5366 2048 5436; x_wconf 89' lang='lat' dir='ltr'><strong>quantitas</strong></span> 
     </span>
    </p>
   </div>
   <div class='ocr_carea' id='block_1_100' title="bbox 477 5457 2048 5528">
    <p class='ocr_par' dir='ltr' id='par_1_100' title="bbox 477 5457 2048 5528">
     <span class='ocr_line' id='line_1_100' title="bbox 477 5457 2048 5528; baseline -0.007 -8"><span class='ocrx_word' id='word_1_769' title='bbox 477 5465 750 5520; x_wconf 88' lang='lat' dir='ltr'><strong>metienda</strong></span> <span class='ocrx_word' id='word_1_770' title='bbox 773 5470 878 5516; x_wconf 91' lang='lat' dir='ltr'><strong>est.</strong></span> <span class='ocrx_word' id='word_1_771' title='bbox 907 5459 1049 5514; x_wconf 90' lang='lat' dir='ltr'><strong>Deus</strong></span> <span class='ocrx_word' id='word_1_772' title='bbox 1077 5459 1220 5512; x_wconf 89' lang='lat' dir='ltr'><strong>enim</strong></span> <span class='ocrx_word' id='word_1_773' title='bbox 1251 5457 1398 5511; x_wconf 88' lang='lat' dir='ltr'><strong>dabit</strong></span> <span class='ocrx_word' id='word_1_774' title='bbox 1429 5473 1447 5508; x_wconf 89' lang='lat' dir='ltr'><strong>t</strong></span> <span class='ocrx_word' id='word_1_775' title='bbox 1472 5457 1625 5512; x_wconf 82' lang='lat' dir='ltr'><strong>nobis</strong></span> <span class='ocrx_word' id='word_1_776' title='bbox 1653 5471 1844 5525; x_wconf 88' lang='lat' dir='ltr'><strong>panem</strong></span> <span class='ocrx_word' id='word_1_777' title='bbox 1874 5457 2048 5528; x_wconf 82' lang='lat' dir='ltr'><strong>lacry-</strong></span> 
     </span>
    </p>
   </div>
   <div class='ocr_carea' id='block_1_101' title="bbox 477 5549 2048 5624">
    <p class='ocr_par' dir='ltr' id='par_1_101' title="bbox 477 5549 2048 5624">
     <span class='ocr_line' id='line_1_101' title="bbox 477 5549 2048 5624; baseline -0.004 -14"><span class='ocrx_word' id='word_1_778' title='bbox 477 5570 689 5610; x_wconf 86' lang='lat' dir='ltr'><strong>marqu</strong></span> <span class='ocrx_word' id='word_1_779' title='bbox 713 5563 765 5608; x_wconf 91' lang='lat' dir='ltr'><strong>et</strong></span> <span class='ocrx_word' id='word_1_780' title='bbox 787 5553 992 5624; x_wconf 89' lang='lat' dir='ltr'><strong>potabit</strong></span> <span class='ocrx_word' id='word_1_781' title='bbox 1024 5565 1120 5605; x_wconf 86' lang='lat' dir='ltr'><strong>nos</strong></span> <span class='ocrx_word' id='word_1_782' title='bbox 1142 5551 1195 5604; x_wconf 92' lang='lat' dir='ltr'><strong>in</strong></span> <span class='ocrx_word' id='word_1_783' title='bbox 1225 5549 1502 5620; x_wconf 81' lang='lat' dir='ltr'><strong>lacrymis,</strong></span> <span class='ocrx_word' id='word_1_784' title='bbox 1526 5567 1544 5600; x_wconf 76' lang='grc' dir='ltr'><strong><em>ι</em></strong></span> <span class='ocrx_word' id='word_1_785' title='bbox 1587 5550 1679 5604; x_wconf 85' lang='lat' dir='ltr'><strong>sed</strong></span> <span class='ocrx_word' id='word_1_786' title='bbox 1715 5569 1732 5601; x_wconf 72' lang='grc' dir='ltr'><strong>ε</strong></span> <span class='ocrx_word' id='word_1_787' title='bbox 1756 5551 1806 5602; x_wconf 89' lang='lat' dir='ltr'><strong>in</strong></span> <span class='ocrx_word' id='word_1_788' title='bbox 1833 5563 2048 5604; x_wconf 88' lang='lat' dir='ltr'><strong>mensu-</strong></span> 
     </span>
    </p>
   </div>
   <div class='ocr_carea' id='block_1_102' title="bbox 479 5644 2045 5712">
    <p class='ocr_par' dir='ltr' id='par_1_102' title="bbox 479 5644 2045 5712">
     <span class='ocr_line' id='line_1_102' title="bbox 479 5644 2045 5712; baseline -0.003 -9"><span class='ocrx_word' id='word_1_789' title='bbox 479 5663 539 5703; x_wconf 85' lang='lat' dir='ltr'><strong>ra</strong></span> <span class='ocrx_word' id='word_1_790' title='bbox 573 5648 615 5702; x_wconf 75' lang='grc'><strong>⁸.</strong></span> <span class='ocrx_word' id='word_1_791' title='bbox 641 5666 659 5700; x_wconf 73' lang='grc' dir='ltr'><strong><em>ι</em></strong></span> <span class='ocrx_word' id='word_1_792' title='bbox 717 5647 963 5702; x_wconf 85' lang='lat' dir='ltr'><strong>Mensura</strong></span> <span class='ocrx_word' id='word_1_793' title='bbox 1001 5657 1184 5699; x_wconf 89' lang='lat' dir='ltr'><strong>autem</strong></span> <span class='ocrx_word' id='word_1_794' title='bbox 1225 5644 1339 5698; x_wconf 69' lang='lat' dir='ltr'><strong>haec</strong></span> <span class='ocrx_word' id='word_1_795' title='bbox 1368 5644 1494 5710; x_wconf 87' lang='lat' dir='ltr'><strong>erit,</strong></span> <span class='ocrx_word' id='word_1_796' title='bbox 1529 5657 1692 5712; x_wconf 86' lang='lat' dir='ltr'><strong>quam</strong></span> <span class='ocrx_word' id='word_1_797' title='bbox 1718 5644 1821 5698; x_wconf 90' lang='lat' dir='ltr'><strong>sibi</strong></span> <span class='ocrx_word' id='word_1_798' title='bbox 1858 5644 1910 5698; x_wconf 93' lang='lat' dir='ltr'><strong>in</strong></span> <span class='ocrx_word' id='word_1_799' title='bbox 1943 5644 2045 5700; x_wconf 89' lang='lat' dir='ltr'><strong>hac</strong></span> 
     </span>
    </p>
   </div>
   <div class='ocr_carea' id='block_1_103' title="bbox 548 5761 1117 5827">
    <p class='ocr_par' dir='ltr' id='par_1_103' title="bbox 548 5761 1117 5827">
     <span class='ocr_line' id='line_1_103' title="bbox 548 5761 1117 5827; baseline -0.005 -11"><span class='ocrx_word' id='word_1_800' title='bbox 548 5764 594 5795; x_wconf 84' lang='lat'><strong>”</strong></span> <span class='ocrx_word' id='word_1_801' title='bbox 617 5763 784 5817; x_wconf 85' lang='lat' dir='ltr'><strong>Eccli.</strong></span> <span class='ocrx_word' id='word_1_802' title='bbox 815 5778 1004 5827; x_wconf 76' lang='lat' dir='ltr'><strong>uvm,</strong></span> <span class='ocrx_word' id='word_1_803' title='bbox 1029 5761 1117 5815; x_wconf 71' lang='lat'><strong>29..</strong></span> 
     </span>
    </p>
   </div>
   <div class='ocr_carea' id='block_1_104' title="bbox 479 5833 1230 5905">
    <p class='ocr_par' dir='ltr' id='par_1_104' title="bbox 479 5833 1230 5905">
     <span class='ocr_line' id='line_1_104' title="bbox 479 5833 1230 5905; baseline -0.005 -16"><span class='ocrx_word' id='word_1_804' title='bbox 479 5849 591 5905; x_wconf 73' lang='lat' dir='ltr'><strong>xt’t,</strong></span> <span class='ocrx_word' id='word_1_805' title='bbox 616 5835 705 5900; x_wconf 74' lang='lat'><strong>59,</strong></span> <span class='ocrx_word' id='word_1_806' title='bbox 728 5833 816 5888; x_wconf 79' lang='grc'><strong>40.</strong></span> <span class='ocrx_word' id='word_1_807' title='bbox 894 5833 914 5862; x_wconf 81' lang='grc'>⁸</span> <span class='ocrx_word' id='word_1_808' title='bbox 935 5833 1038 5888; x_wconf 88' lang='lat' dir='ltr'><strong>lsa.</strong></span> <span class='ocrx_word' id='word_1_809' title='bbox 1063 5848 1151 5900; x_wconf 73' lang='grc' dir='ltr'><strong>ιν,</strong></span> <span class='ocrx_word' id='word_1_810' title='bbox 1178 5833 1230 5902; x_wconf 23' lang='grc'><strong>8..</strong></span> 
     </span>
    </p>
   </div>
   <div class='ocr_carea' id='block_1_105' title="bbox 1199 5759 2210 5830">
    <p class='ocr_par' dir='ltr' id='par_1_105' title="bbox 1199 5759 2210 5830">
     <span class='ocr_line' id='line_1_105' title="bbox 1199 5759 2210 5830; baseline 0.003 -14"><span class='ocrx_word' id='word_1_811' title='bbox 1199 5763 1213 5792; x_wconf 83' lang='grc'>¹</span> <span class='ocrx_word' id='word_1_812' title='bbox 1243 5761 1382 5817; x_wconf 85' lang='lat' dir='ltr'><strong>Psal.</strong></span> <span class='ocrx_word' id='word_1_813' title='bbox 1411 5775 1575 5827; x_wconf 77' lang='lat' dir='ltr'><strong>Lxxx,</strong></span> <span class='ocrx_word' id='word_1_814' title='bbox 1606 5761 1658 5819; x_wconf 86' lang='lat'><strong>6.</strong></span> <span class='ocrx_word' id='word_1_815' title='bbox 1732 5765 1754 5826; x_wconf 25' lang='grc' dir='ltr'><strong>τ’</strong></span> <span class='ocrx_word' id='word_1_816' title='bbox 1775 5759 1916 5818; x_wconf 88' lang='lat' dir='ltr'><strong>Psal.</strong></span> <span class='ocrx_word' id='word_1_817' title='bbox 1947 5776 2132 5830; x_wconf 77' lang='lat' dir='ltr'><strong>Lxxtv,</strong></span> <span class='ocrx_word' id='word_1_818' title='bbox 2157 5763 2210 5819; x_wconf 88' lang='lat'><strong>9.</strong></span> 
     </span>
    </p>
   </div>
   <div class='ocr_carea' id='block_1_106' title="bbox 2155 4637 3724 4706">
    <p class='ocr_par' dir='ltr' id='par_1_106' title="bbox 2155 4637 3724 4706">
     <span class='ocr_line' id='line_1_106' title="bbox 2155 4637 3724 4706; baseline -0.003 -14"><span class='ocrx_word' id='word_1_819' title='bbox 2155 4649 2242 4692; x_wconf 86' lang='lat' dir='ltr'><strong>est</strong></span> <span class='ocrx_word' id='word_1_820' title='bbox 2291 4653 2354 4692; x_wconf 81' lang='lat' dir='ltr'><strong>ex</strong></span> <span class='ocrx_word' id='word_1_821' title='bbox 2408 4637 2622 4692; x_wconf 88' lang='lat' dir='ltr'><strong>semine</strong></span> <span class='ocrx_word' id='word_1_822' title='bbox 2651 4639 2854 4702; x_wconf 80' lang='lat' dir='ltr'><strong>Aaron,</strong></span> <span class='ocrx_word' id='word_1_823' title='bbox 2908 4637 3184 4706; x_wconf 90' lang='lat' dir='ltr'><strong>imponere</strong></span> <span class='ocrx_word' id='word_1_824' title='bbox 3215 4637 3506 4690; x_wconf 86' lang='lat' dir='ltr'><strong>incensum</strong></span> <span class='ocrx_word' id='word_1_825' title='bbox 3549 4651 3724 4690; x_wconf 73' lang='lat' dir='ltr'><strong>coram</strong></span> 
     </span>
    </p>
   </div>
   <div class='ocr_carea' id='block_1_107' title="bbox 2156 4728 3722 4798">
    <p class='ocr_par' dir='ltr' id='par_1_107' title="bbox 2156 4728 3722 4798">
     <span class='ocr_line' id='line_1_107' title="bbox 2156 4728 3722 4798; baseline -0.001 -14"><span class='ocrx_word' id='word_1_826' title='bbox 2156 4729 2402 4793; x_wconf 85' lang='lat' dir='ltr'><strong>Domino,</strong></span> <span class='ocrx_word' id='word_1_827' title='bbox 2436 4745 2503 4783; x_wconf 90' lang='lat' dir='ltr'><strong>ne</strong></span> <span class='ocrx_word' id='word_1_828' title='bbox 2531 4730 2625 4784; x_wconf 82' lang='lat' dir='ltr'><strong>ﬁat</strong></span> <span class='ocrx_word' id='word_1_829' title='bbox 2655 4730 2793 4784; x_wconf 89' lang='lat' dir='ltr'><strong>sicut</strong></span> <span class='ocrx_word' id='word_1_830' title='bbox 2836 4728 2998 4791; x_wconf 88' lang='lat' dir='ltr'><strong>Core,</strong></span> <span class='ocrx_word' id='word_1_831' title='bbox 3039 4737 3094 4784; x_wconf 92' lang='lat' dir='ltr'><strong>et</strong></span> <span class='ocrx_word' id='word_1_832' title='bbox 3126 4729 3462 4798; x_wconf 79' lang='lat' dir='ltr'><strong>cOnSpiratio</strong></span> <span class='ocrx_word' id='word_1_833' title='bbox 3490 4728 3606 4797; x_wconf 86' lang='lat' dir='ltr'><strong>ejus</strong></span> <span class='ocrx_word' id='word_1_834' title='bbox 3631 4729 3722 4783; x_wconf 78' lang='lat' dir='ltr'><strong>sie-</strong></span> 
     </span>
    </p>
   </div>
   <div class='ocr_carea' id='block_1_108' title="bbox 2158 4820 3727 4892">
    <p class='ocr_par' dir='ltr' id='par_1_108' title="bbox 2158 4820 3727 4892">
     <span class='ocr_line' id='line_1_108' title="bbox 2158 4820 3727 4892; baseline 0.001 -19"><span class='ocrx_word' id='word_1_835' title='bbox 2158 4830 2217 4874; x_wconf 89' lang='lat' dir='ltr'><strong>ut</strong></span> <span class='ocrx_word' id='word_1_836' title='bbox 2253 4820 2464 4874; x_wconf 88' lang='lat' dir='ltr'><strong>locutus</strong></span> <span class='ocrx_word' id='word_1_837' title='bbox 2518 4831 2600 4877; x_wconf 91' lang='lat' dir='ltr'><strong>est</strong></span> <span class='ocrx_word' id='word_1_838' title='bbox 2649 4821 2913 4877; x_wconf 86' lang='lat' dir='ltr'><strong>Dominus</strong></span> <span class='ocrx_word' id='word_1_839' title='bbox 2963 4822 3017 4876; x_wconf 91' lang='lat' dir='ltr'><strong>in</strong></span> <span class='ocrx_word' id='word_1_840' title='bbox 3059 4836 3218 4876; x_wconf 86' lang='lat' dir='ltr'><strong>manu</strong></span> <span class='ocrx_word' id='word_1_841' title='bbox 3264 4821 3458 4892; x_wconf 74' lang='lat' dir='ltr'><strong>Moysi.</strong></span> <span class='ocrx_word' id='word_1_842' title='bbox 3502 4841 3522 4873; x_wconf 74' lang='grc' dir='ltr'><strong><em>ι</em></strong></span> <span class='ocrx_word' id='word_1_843' title='bbox 3567 4821 3727 4875; x_wconf 74' lang='lat' dir='ltr'><strong>ﬂani-</strong></span> 
     </span>
    </p>
   </div>
   <div class='ocr_carea' id='block_1_109' title="bbox 2156 4911 3723 4982">
    <p class='ocr_par' dir='ltr' id='par_1_109' title="bbox 2156 4911 3723 4982">
     <span class='ocr_line' id='line_1_109' title="bbox 2156 4911 3723 4982; baseline 0.001 -18"><span class='ocrx_word' id='word_1_844' title='bbox 2156 4911 2294 4966; x_wconf 88' lang='lat' dir='ltr'><strong>feste</strong></span> <span class='ocrx_word' id='word_1_845' title='bbox 2325 4914 2556 4980; x_wconf 85' lang='lat' dir='ltr'><strong>quodam</strong></span> <span class='ocrx_word' id='word_1_846' title='bbox 2602 4913 2656 4966; x_wconf 92' lang='lat' dir='ltr'><strong>in</strong></span> <span class='ocrx_word' id='word_1_847' title='bbox 2704 4913 2826 4968; x_wconf 90' lang='lat' dir='ltr'><strong>loco</strong></span> <span class='ocrx_word' id='word_1_848' title='bbox 2861 4912 3120 4970; x_wconf 88' lang='lat' dir='ltr'><strong>Dominus</strong></span> <span class='ocrx_word' id='word_1_849' title='bbox 3151 4928 3245 4982; x_wconf 88' lang='lat' dir='ltr'><strong>per</strong></span> <span class='ocrx_word' id='word_1_850' title='bbox 3281 4915 3609 4982; x_wconf 84' lang='lat' dir='ltr'><strong>prophetam</strong></span> <span class='ocrx_word' id='word_1_851' title='bbox 3645 4914 3723 4967; x_wconf 86' lang='lat' dir='ltr'><strong>di-</strong></span> 
     </span>
    </p>
   </div>
   <div class='ocr_carea' id='block_1_110' title="bbox 2157 5002 3722 5066">
    <p class='ocr_par' dir='ltr' id='par_1_110' title="bbox 2157 5002 3722 5066">
     <span class='ocr_line' id='line_1_110' title="bbox 2157 5002 3722 5066; baseline 0.004 -10"><span class='ocrx_word' id='word_1_852' title='bbox 2157 5003 2230 5056; x_wconf 92' lang='lat' dir='ltr'><strong>cit</strong></span> <span class='ocrx_word' id='word_1_853' title='bbox 2253 5003 2273 5034; x_wconf 72' lang='lat'><strong><em>“</em></strong></span> <span class='ocrx_word' id='word_1_854' title='bbox 2299 5021 2313 5057; x_wconf 87' lang='lat'><strong>:</strong></span> <span class='ocrx_word' id='word_1_855' title='bbox 2349 5021 2368 5054; x_wconf 78' lang='grc' dir='ltr'>ι</span> <span class='ocrx_word' id='word_1_856' title='bbox 2401 5002 2520 5058; x_wconf 83' lang='lat' dir='ltr'><strong>Non</strong></span> <span class='ocrx_word' id='word_1_857' title='bbox 2545 5014 2672 5059; x_wconf 89' lang='lat' dir='ltr'><strong>sunt</strong></span> <span class='ocrx_word' id='word_1_858' title='bbox 2696 5004 2918 5060; x_wconf 89' lang='lat' dir='ltr'><strong>consilia</strong></span> <span class='ocrx_word' id='word_1_859' title='bbox 2949 5019 3070 5066; x_wconf 82' lang='lat' dir='ltr'><strong>mea</strong></span> <span class='ocrx_word' id='word_1_860' title='bbox 3098 5004 3240 5062; x_wconf 89' lang='lat' dir='ltr'><strong>sicut</strong></span> <span class='ocrx_word' id='word_1_861' title='bbox 3268 5006 3500 5060; x_wconf 84' lang='lat' dir='ltr'><strong>consilia</strong></span> <span class='ocrx_word' id='word_1_862' title='bbox 3524 5017 3722 5062; x_wconf 81' lang='lat' dir='ltr'><strong>vestra.</strong></span> 
     </span>
    </p>
   </div>
   <div class='ocr_carea' id='block_1_111' title="bbox 2156 5096 3716 5168">
    <p class='ocr_par' dir='ltr' id='par_1_111' title="bbox 2156 5096 3716 5168">
     <span class='ocr_line' id='line_1_111' title="bbox 2156 5096 3716 5168; baseline 0 -20"><span class='ocrx_word' id='word_1_863' title='bbox 2156 5110 2256 5151; x_wconf 91' lang='lat' dir='ltr'><strong>nec</strong></span> <span class='ocrx_word' id='word_1_864' title='bbox 2303 5096 2664 5167; x_wconf 87' lang='lat' dir='ltr'><strong>cogitationes</strong></span> <span class='ocrx_word' id='word_1_865' title='bbox 2693 5111 2825 5152; x_wconf 58' lang='lat' dir='ltr'><strong>meai</strong></span> <span class='ocrx_word' id='word_1_866' title='bbox 2874 5098 3014 5154; x_wconf 89' lang='lat' dir='ltr'><strong>sicut</strong></span> <span class='ocrx_word' id='word_1_867' title='bbox 3059 5099 3421 5168; x_wconf 87' lang='lat' dir='ltr'><strong>cogitationes</strong></span> <span class='ocrx_word' id='word_1_868' title='bbox 3470 5111 3716 5153; x_wconf 65' lang='lat' dir='ltr'><strong>vestrae.-</strong></span> 
     </span>
    </p>
   </div>
   <div class='ocr_carea' id='block_1_112' title="bbox 2156 5186 3722 5258">
    <p class='ocr_par' dir='ltr' id='par_1_112' title="bbox 2156 5186 3722 5258">
     <span class='ocr_line' id='line_1_112' title="bbox 2156 5186 3722 5258; baseline -0.001 -16"><span class='ocrx_word' id='word_1_869' title='bbox 2156 5186 2214 5243; x_wconf 91' lang='lat' dir='ltr'><strong>Si</strong></span> <span class='ocrx_word' id='word_1_870' title='bbox 2265 5191 2406 5258; x_wconf 91' lang='lat' dir='ltr'><strong>apud</strong></span> <span class='ocrx_word' id='word_1_871' title='bbox 2440 5189 2687 5244; x_wconf 86' lang='lat' dir='ltr'><strong>homines</strong></span> <span class='ocrx_word' id='word_1_872' title='bbox 2733 5190 2898 5247; x_wconf 86' lang='lat' dir='ltr'><strong>ltodie</strong></span> <span class='ocrx_word' id='word_1_873' title='bbox 2921 5189 3260 5258; x_wconf 86' lang='lat' dir='ltr'><strong>judicaretur</strong></span> <span class='ocrx_word' id='word_1_874' title='bbox 3292 5193 3409 5246; x_wconf 66' lang='lat' dir='ltr'><strong>haec</strong></span> <span class='ocrx_word' id='word_1_875' title='bbox 3455 5207 3645 5255; x_wconf 85' lang='lat' dir='ltr'><strong>causa,</strong></span> <span class='ocrx_word' id='word_1_876' title='bbox 3670 5199 3722 5244; x_wconf 87' lang='lat' dir='ltr'><strong>et</strong></span> 
     </span>
    </p>
   </div>
   <div class='ocr_carea' id='block_1_113' title="bbox 2151 5281 3722 5354">
    <p class='ocr_par' dir='ltr' id='par_1_113' title="bbox 2151 5281 3722 5354">
     <span class='ocr_line' id='line_1_113' title="bbox 2151 5281 3722 5354; baseline -0.001 -20"><span class='ocrx_word' id='word_1_877' title='bbox 2151 5281 2290 5350; x_wconf 92' lang='lat' dir='ltr'><strong>apud</strong></span> <span class='ocrx_word' id='word_1_878' title='bbox 2319 5281 2687 5338; x_wconf 86' lang='lat' dir='ltr'><strong>Ecclesiarum</strong></span> <span class='ocrx_word' id='word_1_879' title='bbox 2740 5284 3018 5354; x_wconf 89' lang='lat' dir='ltr'><strong>principes</strong></span> <span class='ocrx_word' id='word_1_880' title='bbox 3073 5285 3371 5340; x_wconf 87' lang='lat' dir='ltr'><strong>haberetur</strong></span> <span class='ocrx_word' id='word_1_881' title='bbox 3399 5300 3628 5340; x_wconf 79' lang='lat' dir='ltr'><strong>examen</strong></span> <span class='ocrx_word' id='word_1_882' title='bbox 3656 5283 3722 5334; x_wconf 77' lang='lat' dir='ltr'><strong>de</strong></span> 
     </span>
    </p>
   </div>
   <div class='ocr_carea' id='block_1_114' title="bbox 2151 5371 3716 5443">
    <p class='ocr_par' dir='ltr' id='par_1_114' title="bbox 2151 5371 3716 5443">
     <span class='ocr_line' id='line_1_114' title="bbox 2151 5371 3716 5443; baseline 0.002 -18"><span class='ocrx_word' id='word_1_883' title='bbox 2151 5371 2246 5436; x_wconf 91' lang='lat' dir='ltr'><strong>iis,</strong></span> <span class='ocrx_word' id='word_1_884' title='bbox 2281 5372 2433 5428; x_wconf 82' lang='lat' dir='ltr'><strong>verbi</strong></span> <span class='ocrx_word' id='word_1_885' title='bbox 2466 5387 2652 5440; x_wconf 89' lang='lat' dir='ltr'><strong>causa,</strong></span> <span class='ocrx_word' id='word_1_886' title='bbox 2700 5375 2791 5443; x_wconf 92' lang='lat' dir='ltr'><strong>qui</strong></span> <span class='ocrx_word' id='word_1_887' title='bbox 2818 5375 3030 5430; x_wconf 87' lang='lat' dir='ltr'><strong>diversa</strong></span> <span class='ocrx_word' id='word_1_888' title='bbox 3063 5377 3132 5430; x_wconf 88' lang='lat' dir='ltr'><strong>ab</strong></span> <span class='ocrx_word' id='word_1_889' title='bbox 3173 5375 3435 5432; x_wconf 83' lang='lat' dir='ltr'><strong>Ecclesiis</strong></span> <span class='ocrx_word' id='word_1_890' title='bbox 3466 5377 3716 5431; x_wconf 63' lang='lat' dir='ltr'><strong>dormites</strong></span> 
     </span>
    </p>
   </div>
   <div class='ocr_carea' id='block_1_115' title="bbox 2153 5463 3716 5536">
    <p class='ocr_par' dir='ltr' id='par_1_115' title="bbox 2153 5463 3716 5536">
     <span class='ocr_line' id='line_1_115' title="bbox 2153 5463 3716 5536; baseline 0 -20"><span class='ocrx_word' id='word_1_891' title='bbox 2153 5463 2348 5519; x_wconf 71' lang='lat' dir='ltr'><strong>divinae</strong></span> <span class='ocrx_word' id='word_1_892' title='bbox 2379 5465 2630 5521; x_wconf 65' lang='lat' dir='ltr'><strong>vindictae</strong></span> <span class='ocrx_word' id='word_1_893' title='bbox 2658 5467 2977 5536; x_wconf 89' lang='lat' dir='ltr'><strong>pertulerint</strong></span> <span class='ocrx_word' id='word_1_894' title='bbox 3007 5467 3285 5529; x_wconf 87' lang='lat' dir='ltr'><strong>ultionem,</strong></span> <span class='ocrx_word' id='word_1_895' title='bbox 3317 5482 3497 5522; x_wconf 88' lang='lat' dir='ltr'><strong>nonne</strong></span> <span class='ocrx_word' id='word_1_896' title='bbox 3518 5466 3716 5535; x_wconf 79' lang='lat' dir='ltr'><strong>judica-</strong></span> 
     </span>
    </p>
   </div>
   <div class='ocr_carea' id='block_1_116' title="bbox 2153 5553 3712 5626">
    <p class='ocr_par' dir='ltr' id='par_1_116' title="bbox 2153 5553 3712 5626">
     <span class='ocr_line' id='line_1_116' title="bbox 2153 5553 3712 5626; baseline 0 -20"><span class='ocrx_word' id='word_1_897' title='bbox 2153 5563 2297 5619; x_wconf 90' lang='lat' dir='ltr'><strong>rent,</strong></span> <span class='ocrx_word' id='word_1_898' title='bbox 2333 5563 2392 5609; x_wconf 94' lang='lat' dir='ltr'><strong>ut</strong></span> <span class='ocrx_word' id='word_1_899' title='bbox 2441 5556 2486 5610; x_wconf 91' lang='lat' dir='ltr'><strong>si</strong></span> <span class='ocrx_word' id='word_1_900' title='bbox 2516 5557 2645 5626; x_wconf 91' lang='lat' dir='ltr'><strong>quid</strong></span> <span class='ocrx_word' id='word_1_901' title='bbox 2689 5557 2852 5612; x_wconf 90' lang='lat' dir='ltr'><strong>locuti</strong></span> <span class='ocrx_word' id='word_1_902' title='bbox 2885 5565 3030 5622; x_wconf 90' lang='lat' dir='ltr'><strong>sunt,</strong></span> <span class='ocrx_word' id='word_1_903' title='bbox 3067 5557 3114 5611; x_wconf 90' lang='lat' dir='ltr'><strong>si</strong></span> <span class='ocrx_word' id='word_1_904' title='bbox 3149 5557 3279 5626; x_wconf 88' lang='lat' dir='ltr'><strong>quid</strong></span> <span class='ocrx_word' id='word_1_905' title='bbox 3327 5557 3639 5619; x_wconf 81' lang='lat' dir='ltr'><strong>docuerunt,</strong></span> <span class='ocrx_word' id='word_1_906' title='bbox 3665 5553 3712 5606; x_wconf 83' lang='lat' dir='ltr'><strong>si</strong></span> 
     </span>
    </p>
   </div>
   <div class='ocr_carea' id='block_1_117' title="bbox 2153 5646 3714 5718">
    <p class='ocr_par' dir='ltr' id='par_1_117' title="bbox 2153 5646 3714 5718">
     <span class='ocr_line' id='line_1_117' title="bbox 2153 5646 3714 5718; baseline -0.002 -18"><span class='ocrx_word' id='word_1_907' title='bbox 2153 5646 2282 5716; x_wconf 88' lang='lat' dir='ltr'><strong>quid</strong></span> <span class='ocrx_word' id='word_1_908' title='bbox 2315 5647 2482 5703; x_wconf 85' lang='lat' dir='ltr'><strong>etiam</strong></span> <span class='ocrx_word' id='word_1_909' title='bbox 2532 5649 2795 5718; x_wconf 83' lang='lat' dir='ltr'><strong>scriptum</strong></span> <span class='ocrx_word' id='word_1_910' title='bbox 2845 5648 3204 5718; x_wconf 88' lang='lat' dir='ltr'><strong>reliquerunt,</strong></span> <span class='ocrx_word' id='word_1_911' title='bbox 3237 5647 3492 5702; x_wconf 86' lang='lat' dir='ltr'><strong>universa</strong></span> <span class='ocrx_word' id='word_1_912' title='bbox 3517 5649 3714 5717; x_wconf 77' lang='lat' dir='ltr'><strong>pariter</strong></span> 
     </span>
    </p>
   </div>
   <div class='ocr_carea' id='block_1_118' title="bbox 2293 5763 3709 5835">
    <p class='ocr_par' dir='ltr' id='par_1_118' title="bbox 2293 5763 3709 5835">
     <span class='ocr_line' id='line_1_118' title="bbox 2293 5763 3709 5835; baseline -0.004 -16"><span class='ocrx_word' id='word_1_913' title='bbox 2293 5765 2312 5796; x_wconf 81' lang='grc'><em>³</em></span> <span class='ocrx_word' id='word_1_914' title='bbox 2337 5765 2352 5819; x_wconf 93' lang='lat' dir='ltr'><strong>l</strong></span> <span class='ocrx_word' id='word_1_915' title='bbox 2377 5763 2532 5822; x_wconf 80' lang='lat' dir='ltr'><strong>Joan.</strong></span> <span class='ocrx_word' id='word_1_916' title='bbox 2561 5781 2626 5834; x_wconf 84' lang='grc' dir='ltr'><strong>ιι,</strong></span> <span class='ocrx_word' id='word_1_917' title='bbox 2650 5765 2702 5835; x_wconf 78' lang='lat' dir='ltr'><strong>l,</strong></span> <span class='ocrx_word' id='word_1_918' title='bbox 2725 5767 2781 5822; x_wconf 76' lang='lat'><strong>2.</strong></span> <span class='ocrx_word' id='word_1_919' title='bbox 2857 5768 2880 5797; x_wconf 73' lang='grc'><strong><em>⁸</em></strong></span> <span class='ocrx_word' id='word_1_920' title='bbox 2901 5763 3059 5820; x_wconf 85' lang='lat' dir='ltr'><strong>Num.</strong></span> <span class='ocrx_word' id='word_1_921' title='bbox 3090 5779 3178 5820; x_wconf 79' lang='lat' dir='ltr'><strong>va</strong></span> <span class='ocrx_word' id='word_1_922' title='bbox 3214 5774 3268 5821; x_wconf 93' lang='lat' dir='ltr'><strong>et</strong></span> <span class='ocrx_word' id='word_1_923' title='bbox 3301 5781 3435 5820; x_wconf 80' lang='lat' dir='ltr'><strong>xvii.</strong></span> <span class='ocrx_word' id='word_1_924' title='bbox 3509 5763 3709 5818; x_wconf 66' lang='lat' dir='ltr'><strong>&#39;Nua.</strong></span> 
     </span>
    </p>
   </div>
  </div>
