3914 6534
231 401 327 458 6'25

1358 409 1420 464 ΠΝ
1459 408 1792 467 NUMEROS
1824 408 2104 464 HOMILIA
2140 408 2225 462 IX.

3349 406 3457 460 6°26

234 532 342 571 cum
378 523 603 585 ipsorum
654 519 930 577 cineribus
967 522 1314 591 deperirent?
1352 527 1459 582 Sed
1507 544 1612 582 non
1652 535 1778 582 sunt
1808 534 1851 587 Α
1882 537 1962 582 est
2002 527 2206 592 dicere,
2237 526 2464 594 Oportet
2505 520 2884 577 haereticorum
2914 521 3114 578 batillis
3146 520 3316 576 altare
3344 522 3459 576 cir-

234 606 409 672 judicia
441 606 527 660 Dei
561 607 703 661 sicut
745 610 951 678 judicia
1008 625 1212 669 nostra.
1272 616 1412 671 Audi
1447 619 1590 672 enim
1640 634 1777 688 quo-

233 700 373 753 modo
402 698 465 753 de
493 700 692 756 batillis
720 718 934 773 eorum,
986 708 1076 776 qui
1110 714 1295 760 contra
1327 710 1645 778 prophetam
1676 709 1772 762 Dei

230 794 633 859 insurrexerant,
654 796 916 863 jubentur
948 800 1063 854 ﬁeri
1112 801 1343 867 lantinze,
1376 810 1429 854 et
1456 802 1509 855 in
1543 802 1771 856 circuitu

223 884 392 937 altaris
437 883 596 953 aﬁigi.
638 886 774 941 Core
820 889 1043 959 ﬁguram
1089 900 1235 946 tenet
1269 907 1479 957 eorum,
1522 894 1613 962 qui
1645 909 1774 947 COII-

222 986 295 1030 tra
324 976 740 1032 ecclesiasticam
773 979 932 1034 ﬁdem
963 990 1018 1035 et
1064 984 1367 1039 doctrinam
1421 985 1662 1039 veritatis
1693 986 1775 1039 in-

217 1073 445 1132 surgunt.
513 1064 789 1138 Scriptum
839 1084 924 1126 est
955 1088 1082 1142 ergo
1133 1076 1198 1129 de
1239 1075 1397 1140 Core,
1430 1087 1484 1130 et
1529 1077 1596 1131 de
1629 1087 1771 1132 creta

134 1212 139 1217 ,
215 1156 341 1224 ejus,
394 1161 532 1226 quod
587 1160 637 1211 in
688 1160 887 1216 batillis
937 1165 1092 1218 aereis
1152 1167 1426 1222 incensum
1479 1168 1773 1224 obtulerint

215 1253 339 1320 ignis
367 1250 544 1304 alieni.
586 1251 650 1305 Et
676 1254 898 1321 jubetur
933 1256 1148 1322 quidem
1180 1274 1209 1311 a
1242 1259 1353 1314 Deo
1388 1261 1531 1329 ignis
1563 1262 1772 1317 alienus

212 1342 429 1412 dispergi
484 1351 536 1396 et
583 1343 785 1398 effundi
823 1362 836 1399 :
875 1347 1105 1400 allatilla
1164 1366 1311 1418 vero,
1350 1353 1589 1421 inquit",
1646 1354 1769 1422 quia

211 1436 530 1488 sanctificata
565 1446 710 1502 sunt,
746 1437 910 1495 facito
945 1457 1008 1496 ea
1040 1443 1271 1497 laminas
1302 1443 1553 1509 ductiles,
1589 1455 1644 1499 et
1670 1448 1771 1501 cir-

210 1526 385 1579 cumda
415 1540 481 1580 ex
529 1528 608 1581 eis
638 1528 830 1595 altare,
884 1534 1009 1600 quia
1042 1533 1405 1589 oblata'sunt
1442 1551 1625 1591 coram
1663 1540 1768 1592 Do-

209 1619 363 1684 mino,
410 1626 465 1673 et
516 1622 849 1677 sanctiﬁcata
902 1634 1094 1679 sunt.»
1161 1626 1273 1682 Hoc
1317 1642 1447 1697 ergo
1504 1629 1636 1683 milii
1676 1645 1773 1698 per

210 1711 337 1763 lianc
384 1710 613 1778 ﬁguram
665 1714 881 1768 videtur
923 1718 1158 1783 ostendi,
1218 1720 1361 1786 quod
1415 1720 1594 1774 batilla
1642 1722 1766 1785 ista,

206 1817 313 1871 qua:
343 1802 619 1870 Scriptura
648 1808 899 1861 nominat
923 1824 1087 1875 aerea,
1123 1811 1347 1881 ﬁguram
1372 1821 1591 1868 teneant
1622 1813 1769 1868 Scri-

1878 618 2150 682 cumdari,
2205 624 2264 671 ut
2313 625 2465 672 certa
2513 626 2567 670 et
2596 614 2879 670 manifesta
2905 615 3154 669 omnibus
3192 614 3279 667 ﬁat
3315 614 3452 667 ﬁde~

1877 709 2005 763 lium
2033 719 2197 780 atque
2244 708 2538 763 inﬁdeliunt
2591 708 2916 765 differentia.
2958 708 3090 763 Cum
3125 708 3269 763 enim
3318 707 3449 762 lides

1874 803 2244 858 ecclesiastica
2279 802 2422 857 velut
2452 818 2642 856 aurum
2673 802 2899 873 cmperit
2924 800 3210 870 refulgere,
3240 809 3293 853 et
3316 814 3451 867 pra:-

1875 895 2076 950 dicatio
2106 894 2221 964 ejus
2251 904 2309 949 ut
2337 906 2618 963 argentum
2652 897 2774 965 igne
2802 896 3086 962 probatum
3119 892 3453 946 intuentibus

1876 986 2269 1055 resplendnerit
2302 1004 2313 1039 :
2353 995 2480 1040 tunc
2512 987 2715 1055 majore
2746 1001 2866 1040 cum
2905 983 3236 1051 turpitudine
3269 992 3325 1036 et
3354 982 3449 1036 dea

1874 1081 2069 1135 decore
2099 1080 2478 1134 haereticorum
2507 1093 2668 1134 voces
2698 1079 2918 1133 obscuri
2942 1077 3067 1130 acris
3097 1075 3298 1128 vilitate
3328 1090 3447 1129 sor-

1873 1171 2095 1227 debunt.
2142 1169 2233 1225 Vis
2263 1179 2444 1224 autem
2475 1169 2614 1224 scire
2639 1168 2781 1237 quod
2809 1183 2926 1235 quae
2957 1167 3092 1220 bona
3125 1178 3271 1229 sunt,
3307 1167 3447 1221 bona

1872 1277 1994 1317 esse
2023 1277 2089 1315 ex
2123 1261 2453 1317 deteriorum
2481 1260 2654 1329 magis
2684 1258 3090 1329 comparatione
3120 1258 3451 1313 noscuntur?

1872 1353 2007 1418 Quis
2038 1354 2201 1408 sciret
2236 1354 2437 1408 bonam
2468 1365 2589 1406 esse
2622 1348 2822 1413 lucem,
2858 1350 2960 1403 nisi
2994 1349 3169 1405 noctis
3198 1349 3450 1403 tenebras

1871 1448 2243 1503 sentiremus?
2299 1448 2432 1515 Quis
2463 1445 2800 1500 dulcedinem
2834 1460 2902 1498 no
2936 1454 3082 1499 ceret
3111 1442 3306 1507 mellis,
3342 1441 3451 1497 nisi

1870 1552 2084 1610 gustum
2134 1540 2516 1596 amaritudinis
2581 1540 2922 1608 accepisset?
2985 1539 3161 1606 Ipsum
3218 1535 3451 1601 denique

1869 1631 2164 1699 diabolum,
2217 1640 2271 1687 et
2322 1630 2665 1686 obluctantes
2691 1631 2978 1685 adversum
3022 1644 3120 1683 nos
3146 1626 3451 1680 contrarias

1871 1731 2167 1793 putestates
2200 1723 2244 1777 si
2272 1722 2510 1789 auferas,
2537 1723 2770 1776 virtutes
2795 1721 2962 1775 animi
2992 1720 3110 1774 sine
3132 1718 3452 1773 obluctante

1875 1826 1981 1864 non
2016 1818 2309 1879 potuerunt
2339 1811 2659 1865 enitescere.
2721 1808 2813 1862 Sic
2863 1823 2991 1878 ergo
3026 1817 3078 1863 et
3108 1804 3449 1859 sacerdotum

206 1906 361 1962 ptume
391 1894 608 1950 divinte.
670 1895 766 1951 Cui
807 1899 1109 1968 Scriptura:
1156 1903 1394 1957 literetici
1431 1905 1605 1973 ignem
1643 1904 1772 1959 alie-
1802 1877 1844 1931 Β
1879 1905 2118 1958 fidelium
2148 1903 2320 1973 gloria
2348 1919 2452 1957 non
2486 1903 2688 1971 poterit
2712 1901 3164 1970 resplendescere,
3197 1896 3298 1950 nisi
3331 1910 3448 1947 eam

205 2000 320 2037 num
362 1985 722 2054 imponentes,
756 1990 858 2045 hoc
884 2002 967 2046 est
1006 2010 1224 2050 sensum
1256 2008 1310 2053 et
1363 1998 1770 2068 intelligentiam

204 2076 417 2130 alienam
452 2094 481 2129 a
519 2079 649 2145 Deo,
681 2090 736 2134 et
775 2083 991 2139 veritati
1039 2091 1371 2144 contrariam
1416 2090 1773 2145 introducen-

205 2175 295 2225 tes,
327 2168 606 2223 incensum
646 2173 872 2241 Domino
928 2192 1033 2230 non
1071 2192 1258 2242 suave,
1289 2180 1382 2235 sed
1430 2180 1771 2236 exsecrabile

200 2256 435 2312 offerunt.
474 2261 644 2332 296
669 2264 732 2317 Et
760 2266 882 2321 ideo
915 2269 1086 2324 forma
1115 2272 1482 2327 Ecclesiarum
1513 2274 1771 2327 sacerdo-

202 2350 333 2402 tibus
364 2350 551 2418 datur;
603 2364 662 2409 ut
691 2357 736 2410 si
767 2360 984 2426 quando
1014 2363 1120 2415 tale
1153 2364 1359 2433 aliquid
1411 2364 1575 2419 fuerit
1606 2382 1768 2420 exor-

201 2446 320 2504 tum,
352 2455 409 2493 ea
442 2444 664 2509 quidem
693 2462 815 2515 qua:
848 2465 876 2503 a
912 2453 1141 2507 veritate
1171 2454 1343 2509 aliena
1384 2465 1531 2523 sunt,
1570 2458 1636 2509 ab
1669 2457 1768 2511 Ec-

198 2530 346 2584 clesia
405 2531 499 2587 Dei
556 2536 773 2602 penitus
828 2540 1223 2596 abstrudantur
1267 2558 1282 2597 :
1334 2544 1379 2598 si
1433 2560 1538 2613 qua
1588 2554 1767 2599 autem

197 2624 341 2676 etiam
371 2624 418 2678 in
469 2626 609 2694 ipsis
649 2630 1033 2687 haereticorum
1078 2636 1260 2691 verbis
1304 2635 1603 2707 Scriptura:
1629 2638 1769 2691 divi-

198 2728 269 2767 ιιιε
315 2717 569 2772 sensibus
609 2720 962 2777 inveniuntur
1010 2725 1235 2793 inserta,
1289 2744 1356 2783 ne
1406 2730 1614 2799 pariter
1641 2744 1765 2784 cum

195 2803 290 2859 illis
330 2822 445 2876 quae
502 2810 630 2866 ﬁdei
662 2824 716 2868 et
744 2817 966 2871 veritati
1014 2829 1142 2872 sunt
1171 2821 1467 2887 contraria,
1503 2835 1767 2888 respuan-

196 2905 305 2963 tur;
339 2902 687 2959 sauctiﬁcata
716 2916 843 2962 sunt
881 2911 1027 2963 enim
1059 2926 1178 2979 qum
1209 2914 1276 2966 de
1311 2912 1589 2981 Scriptura
1622 2914 1764 2969 divi-

196 3004 253 3041 na
285 2990 661 3063 proferuntur,
696 3008 749 3053 et
776 2999 1001 3057 Domino
1037 3004 1237 3060 oblata.
1280 3005 1465 3062 Potest
1496 3018 1675 3062 autem
1708 3018 1763 3061 et

192 3082 286 3136 alio
314 3084 481 3139 adhuc
520 3089 679 3144 modo
708 3092 930 3163 intelligi
959 3096 1100 3164 quod
1130 3097 1195 3150 de
1223 3097 1423 3153 batillis
1452 3099 1764 3169 prmcipitttr

192 3186 554 3269 peceatorum,
602 3189 659 3234 ut
708 3182 1010 3253 junguntur
1057 3195 1110 3240 et
1151 3189 1431 3244 socientur
1467 3190 1651 3244 altari.
1694 3192 1759 3244 Et
1790 3214 1831 3269 ρ

194 3266 352 3332 primo
382 3270 484 3323 hoc
523 3271 699 3338 ipsum
732 3276 874 3342 quod
902 3291 1045 3329 azrca
1071 3278 1352 3346 dicuntur,
1387 3295 1493 3335 non
1526 3282 1760 3336 otiosum

196 3355 469 3416 videbitur.
521 3362 624 3418 Ubi
654 3366 797 3419 enim
831 3382 958 3422 vera
988 3370 1122 3424 ﬁdes
1150 3382 1254 3437 est,
1286 3382 1338 3425 et
1368 3373 1578 3443 integra
1611 3375 1761 3429 verbi

192 3447 275 3501 Dei
328 3453 666 3521 pnedicatio,
703 3465 797 3510 aut
848 3469 1107 3527 argentea
1146 3462 1401 3517 dicuntur
1436 3472 1527 3517 aut
1555 3480 1716 3518 aurea
1746 3484 1759 3520 :

192 3552 242 3595 ut
270 3543 436 3615 fulgor
470 3548 594 3601 auri
624 3550 863 3605 declaret
896 3550 1017 3606 ﬁdei
1045 3553 1358 3623 puritatem,
1388 3565 1443 3610 et
1477 3567 1763 3627 argentum

190 3634 300 3703 igne
350 3641 662 3708 probatum,
710 3643 923 3711 eloquia
973 3647 1280 3700 examinata
1331 3646 1618 3717 signiﬁcet.
1659 3650 1764 3704 Ista

190 3742 308 3798 ergo
332 3744 447 3799 quae
480 3734 739 3787 dicuntur
767 3749 933 3800 terea,
968 3734 1020 3788 in
1052 3751 1186 3791 sono
1217 3747 1423 3791 tantum
1452 3740 1601 3795 vocis
1628 3756 1760 3795 cou—

189 3823 391 3887 sistunt,
423 3841 527 3880 non
566 3826 619 3880 in
654 3828 857 3882 virtute
890 3829 1137 3897 spiritus,
1184 3840 1235 3884 et
1268 3840 1416 3897 sunt,
1452 3843 1509 3887 ut
1534 3833 1766 3902 Aposto-

189 3916 261 3969 lus
291 3917 416 3971 dicit
439 3919 483 3985 ⁸,
542 3937 561 3968 ‹
586 3930 643 3973 ιιι
672 3934 1030 3977 mratnentum
1066 3939 1293 3988 sonans,
1333 3933 1427 3979 aut
1453 3927 1758 3998 cymbalum

188 4008 432 4065 tinniens.
482 4032 502 4066 ι
551 4012 658 4066 Ista
704 4028 835 4083 ergo
866 4014 1049 4069 batilla
1081 4030 1240 4081 cerea,
1278 4017 1328 4069 id
1362 4026 1446 4071 est
1480 4018 1764 4073 haeretico-

192 4114 299 4154 rtun
334 4116 521 4167 voces,
561 4104 608 4157 si
644 4105 1001 4161 adhibeamus
1051 4108 1117 4160 ad
1150 4107 1321 4161 altare
1358 4107 1473 4173 Dei,
1510 4109 1596 4164 tibi
1626 4110 1765 4164 divi-

186 4207 279 4247 nus
308 4194 446 4262 ignis
476 4205 590 4258 e~t,
640 4197 729 4251 ubi
768 4212 894 4251 vera
926 4196 1015 4250 Dei
1054 4199 1390 4267 praedicatio,
1423 4200 1615 4256 melius
1646 4202 1761 4272 ipsa

186 4282 374 4337 veritas
396 4300 463 4338 ex
490 4286 755 4338 falsorum
781 4289 1192 4356 comparatione
1231 4288 1477 4360 fulgebit.
1513 4290 1567 4345 Si
1592 4293 1759 4358 enim,

184 4385 235 4426 ttt
262 4377 407 4431 verbi
437 4378 614 4448 gratia
672 4379 872 4443 dicant,
909 4394 1104 4447 ponam
1141 4380 1283 4434 dicta
1322 4380 1635 4451 Marcionis,
1673 4396 1765 4441 aut

181 4465 442 4533 Basilidis,
496 4479 594 4523 aut
641 4470 866 4525 alterius
915 4469 1206 4539 cujuslibet
1256 4474 1523 4542 haeretici,
1556 4486 1609 4531 et
1643 4478 1763 4535 haec

180 4562 517 4617 sermonibus
580 4563 827 4617 veritatis
880 4577 945 4618 ac
986 4560 1395 4630 Scripturarum
1450 4568 1755 4624 divinarum

183 4653 514 4714 testimoniis.
551 4653 697 4708 velut
724 4654 889 4708 divini
916 4653 1111 4709 altaris
1140 4656 1261 4723 igne
1287 4658 1588 4726 confutem,
1621 4676 1756 4715 nou-

179 4756 241 4796 ne
268 4744 574 4800 evidentior
601 4760 789 4800 eorum
831 4761 899 4800 ex
933 4748 1049 4817 ipsa
1083 4749 1492 4819 comparatione
1524 4767 1753 4822 appare-

178 4829 251 4884 bit
280 4832 574 4903 impietas?
605 4834 741 4889 Nam
773 4836 818 4891 si
849 4838 1091 4892 doctrina
1123 4838 1491 4896 ecclesi..stica
1523 4843 1753 4914 simplex

177 4932 329 4993 esset,
364 4936 421 4980 et
456 4927 623 4984 nullis
654 4929 987 4985 intrinsecus
1022 4928 1404 4986 haereticorum
1438 4933 1751 5004 dogmatum

178 5021 565 5077 assertionibus
613 5024 946 5094 cingeretur,
999 5042 1106 5083 non
1156 5035 1372 5095 poterat
1418 5035 1527 5081 tam
1578 5027 1749 5094 clara,

174 5117 225 5163 et
249 5118 354 5165 tam
400 5114 715 5169 examinata
749 5117 922 5173 videri
967 5119 1105 5174 fides
1138 5128 1347 5173 nostra.
1391 5117 1501 5172 Sed
1550 5117 1754 5174 idcirco

176 5202 471 5261 doctrinam
504 5208 829 5263 catholicam
869 5210 1359 5266 contradicentium
1408 5210 1623 5264 obsidet
1657 5225 1753 5280 op-

176 5297 440 5365 pugnatio,
496 5307 557 5353 ut
606 5300 742 5357 ﬁdes
793 5313 983 5359 nostra
1018 5322 1125 5361 non
1173 5306 1287 5362 otio
1321 5300 1434 5375 (υὲ)
1481 5312 1752 5373 torpescat

174 5387 263 5440 sed
288 5390 570 5446 exercitiis
596 5391 863 5449 elimetur.
899 5394 1125 5467 Propter
1149 5397 1253 5452 boc
1278 5398 1506 5466 denique
1530 5403 1586 5449 et
1610 5396 1753 5464 Apo-

176 5475 337 5532 smlus
374 5479 639 5535 dicebat’
670 5499 685 5536 :
725 5502 745 5535 ι
772 5483 1000 5553 Oportet
1028 5496 1208 5542 autem
1241 5494 1295 5542 et
1340 5487 1575 5542 haereses
1603 5499 1750 5550 esse,

176 5577 230 5620 υι
259 5572 469 5637 Probati
524 5576 726 5647 quique
779 5580 1054 5636 manifesti
1092 5581 1221 5636 ﬁant
1275 5583 1417 5649 inter
1446 5596 1562 5637 vos.
1585 5600 1603 5633 ι
1640 5579 1753 5636 Hoc

249 5707 446 5767 ’Nutn.
475 5731 586 5783 xvi,
612 5717 698 5773 58.
778 5719 799 5751 ⁸
822 5719 841 5774 l
867 5720 993 5777 Cor.
1021 5738 1144 5789 xttt,
1173 5723 1221 5778 1.
1300 5724 1320 5755 ⁹
1344 5721 1364 5776 l
1388 5722 1515 5780 Cor.
1543 5739 1620 5789 χι,
1646 5723 1733 5780 l9.

778 5719 799 5751 ⁸
822 5719 841 5774 l
867 5720 993 5777 Cor.
1021 5738 1144 5789 xttt,
1173 5723 1221 5778 1.

1814 5725 1859 5758 ιο
1884 5719 2020 5776 Gen.
2048 5734 2126 5783 Vt,
2148 5716 2200 5771 9.

1876 1995 2175 2050 inﬁdelium
2206 1995 2517 2064 reprobatio
2546 2004 2599 2049 et
2645 2006 2801 2061 pmna
2844 1993 3201 2048 commendet.
3248 1989 3352 2043 Sed
3384 2003 3448 2039 ex

1876 2087 1944 2141 iis
1975 2102 2096 2155 qua:
2145 2087 2395 2156 legimus,
2451 2088 2654 2158 singuli
2715 2089 2914 2158 quique
2955 2086 3226 2154 justorum
3282 2079 3452 2146 magis

1874 2195 1941 2234 ex
1986 2182 2392 2249 comparatione
2444 2189 2764 2236 cancrorum
2800 2180 2930 2234 clari
2979 2178 3231 2231 videmur
3282 2171 3451 2227 liabtti

1872 2273 2013 2344 apud
2044 2273 2234 2328 Deum.
2278 2274 2526 2345 Denique
2556 2276 2621 2329 de
2651 2273 2763 2328 Noe
2791 2273 3049 2342 scriptunt
3080 2277 3165 2324 est
3191 2268 3255 2332 ⁸ο,
3306 2262 3450 2333 quod

1871 2363 2219 2432 essetjustus
2248 2373 2302 2418 et
2335 2368 2607 2434 perfectus
2638 2367 2689 2420 in
2721 2364 3076 2435 generatione
3102 2374 3217 2415 sua.
3258 2356 3315 2411 In
3342 2367 3450 2422 quo

1871 2457 2179 2510 ostenditur
2225 2457 2366 2525 quod
2418 2473 2524 2511 non
2574 2474 2639 2511 ex
2677 2459 2890 2525 integro
2939 2451 3227 2524 perfectus,
3265 2449 3359 2503 sed
3395 2447 3448 2501 in

1871 2546 2225 2616 generatione
2273 2561 2367 2599 sua
2423 2545 2695 2614 perfectus
2750 2543 2936 2605 fuerit,
2985 2550 3040 2594 et
3068 2539 3134 2594 ad
3167 2550 3452 2604 compara-

1874 2636 2072 2690 tionem
2103 2645 2424 2689 ca'tcrorum
2466 2634 2645 2701 justus
2695 2631 3074 2701 pronuntiatus
3122 2627 3213 2682 sit.
3275 2623 3453 2678 Simili

1871 2729 2029 2783 modo
2066 2737 2193 2797 puto
2223 2727 2385 2782 etiam
2440 2727 2506 2779 de
2556 2725 2657 2778 [λοι
2692 2710 3017 2778 habendum.
3062 2719 3276 2786 Quanto
3304 2716 3449 2769 enim

1870 2818 2168 2872 deteriores
2195 2816 2438 2885 quotidie
2470 2815 2671 2869 fiebant
2706 2812 3017 2875 Sodomitas,
3066 2817 3217 2862 tanto
3251 2806 3339 2860 ille
3364 2804 3452 2870 ju-

1869 2913 2005 2967 stior
2034 2912 2353 2981 apparebat.
2397 2909 2503 2965 Sed
2538 2919 2589 2962 et
2622 2907 2673 2961 in
2703 2908 2802 2960 hoc
2835 2906 2953 2974 ipso
2990 2903 3126 2957 libro
3155 2914 3312 2969 quem
3347 2897 3448 2950 lta«

1868 3006 2059 3061 bemus
2093 3005 2144 3058 in
2197 3003 2473 3067 manibus,
2528 3014 2650 3055 cum
2699 2998 2925 3069 ingrcssi
2955 3006 3136 3050 essent
3177 2992 3211 3045 ii
3242 2990 3331 3059 qui
3365 2989 3449 3042 itt-

1867 3104 2156 3166 spexerant
2188 3104 2383 3149 terram
2410 3094 2476 3160 ¹¹,
2502 3103 2555 3149 et
2578 3093 2763 3149 decem
2791 3105 2855 3144 ex
2884 3090 2949 3144 iis
2974 3083 3301 3141 meticulosis
3333 3095 3451 3134 scr-

1869 3184 2571 3252 monibusdesperationem
2600 3182 2781 3254 populi
2814 3180 3188 3242 iucussissent,
3221 3173 3331 3227 duo
3357 3185 3451 3225 ve-

1870 3297 1931 3336 ro
1978 3280 2196 3349 reliqui,
2230 3278 2283 3332 id
2312 3286 2395 3333 est
2425 3277 2590 3333 Caleb
2622 3287 2677 3333 et
2707 3275 2895 3340 Josue,
2932 3274 3070 3328 bona
3106 3270 3448 3333 nuntiarent,

1868 3384 1921 3427 et
1970 3374 2322 3428 hortarentur
2374 3368 2632 3438 populum
2684 3381 3004 3439 permanere
3054 3365 3108 3417 in
3141 3360 3442 3432 proponite,

1870 3464 2177 3518 immortale
2207 3464 2288 3518 eis
2320 3478 2349 3516 a
2386 3461 2618 3517 Domino
2645 3462 2895 3513 meritum
2924 3456 3153 3512 contulit
3187 3471 3292 3508 non
3330 3462 3447 3506 tan-

1868 3562 1978 3607 tum
2030 3566 2127 3605 sua
2195 3550 2489 3616 confessio,
2547 3558 2809 3618 quantum
2872 3546 3105 3601 formido
3156 3543 3443 3598 sodalium.

1866 3643 2053 3714 Neque
2083 3642 2225 3697 enim
2257 3650 2365 3695 tam
2408 3638 2696 3711 magniﬁce
2728 3638 2779 3692 in
2815 3637 2894 3691 eis
2931 3636 3099 3689 virtus
3130 3634 3297 3689 animi
3327 3632 3443 3687 cla-

1865 3736 2089 3800 ruisset,
2137 3732 2239 3789 nisi
2278 3731 2613 3801 reliquorum
2647 3730 2828 3783 decem
2862 3724 3036 3795 turpis
3065 3722 3294 3794 ignaviae
3329 3720 3443 3774 for-

1866 3828 2013 3883 mido
2042 3826 2327 3895 patuisset.
2374 3822 2500 3877 llaec
2536 3830 2716 3876 autem
2744 3820 2980 3874 diximus
3021 3817 3086 3871 de
3121 3814 3320 3869 batillis
3353 3826 3445 3867 eo-

1866 3935 1985 3974 rum
2016 3920 2105 3987 qui
2141 3914 2492 3972 condemnati
2524 3922 2669 3979 sunt,
2719 3923 2839 3978 quae
2869 3908 3029 3964 altari
3067 3906 3326 3979 jubentur
3359 3902 3419 3957 af

1867 4012 1977 4081 figi,
2012 4011 2152 4080 quod
2181 4025 2247 4064 ex
2296 4008 2702 4077 comparatione
2752 4004 3067 4060 inferiorum
3116 3998 3246 4068 justi
3276 4011 3438 4067 appa-

1866 4113 2022 4159 reant
2054 4101 2338 4169 clariores,
2367 4100 2529 4156 simul
2561 4109 2618 4154 ut
2652 4106 2705 4152 et
2730 4095 2961 4165 posteris
2996 4095 3222 4149 daretur
3249 4104 3439 4144 excin-

1868 4200 2038 4267 plum,
2080 4210 2145 4250 ne
2194 4197 2287 4265 qui
2338 4193 2757 4264 prtesumptione
2789 4189 3006 4258 superbi
3059 4185 3282 4255 Spiritus
3333 4196 3441 4235 non

1868 4291 1970 4344 sibi
2000 4305 2029 4342 a
2066 4288 2176 4343 Deo
2201 4289 2387 4342 datum
2411 4300 2606 4340 munus
2639 4281 2985 4353 pontiﬁcatus
3012 4278 3313 4339 invaderet,
3348 4273 3444 4328 scd

1868 4392 1927 4435 ut
1978 4381 2056 4436 illi
2107 4372 2286 4445 Cedat,
2323 4393 2483 4449 quem
2520 4393 2623 4431 non
2668 4374 2892 4429 ambitio
2931 4372 3185 4434 humana,
3221 4382 3327 4420 non
3368 4365 3417 4417 fa

1872 4490 1968 4528 vor
1996 4481 2284 4541 corruptus
2331 4468 2609 4534 ascivt'rit,
2644 4481 2743 4520 nec
2789 4462 3003 4534 largitio
3034 4456 3439 4515 condemnanda

1793 4556 1834 4609 Ι)
1867 4561 2266 4632 subrogaverit,
2299 4562 2393 4614 sed
2428 4559 2747 4612 meritorum
2783 4551 3113 4609 conscientia
3144 4556 3200 4603 et
3231 4548 3321 4602 Dei
3352 4563 3445 4603 vo-

1865 4657 2045 4711 luntas
2077 4652 2451 4721 assutnpserit.

1931 4750 1991 4805 2.
2032 4746 2160 4802 Post
2198 4746 2312 4800 haec
2346 4743 2579 4797 refertur
2616 4758 2628 4794 :
2670 4740 2774 4794 «Et
2807 4744 3306 4798 murmuraverunt,
3358 4734 3441 4786 in-

1864 4840 1982 4910 quit
2008 4840 2073 4906 “,
2117 4837 2213 4891 ﬁlii
2265 4833 2432 4889 Israel
2464 4830 2756 4886 adversum
2805 4829 3022 4901 Moysen
3058 4836 3112 4882 et
3146 4828 3323 4880 Aaron
3363 4824 3444 4877 di-

1863 4942 2048 4990 centes
2082 4950 2097 4989 :
2128 4929 2237 4985 Vos
2263 4928 2543 4984 occidistis
2577 4924 2827 4995 populum
2866 4920 3097 4975 Domini.
3142 4918 3206 4973 Et
3236 4918 3442 4972 factum

1861 5038 1945 5083 est
1978 5041 2101 5082 cum
2132 5025 2367 5078 irrueret
2399 5034 2671 5090 synagoga
2705 5031 2868 5085 super
2902 5013 3117 5084 Moysen
3152 5022 3204 5069 et
3235 5013 3437 5076 Aaron,

1864 5122 1917 5174 in
1976 5120 2178 5187 impetu
2225 5115 2480 5185 fugerunt
2525 5115 2593 5167 ad
2646 5110 3051 5168 tabernaculum
3120 5107 3434 5162 testimonii.

1862 5210 2000 5268 Illud
2035 5224 2163 5265 vero
2193 5207 2402 5264 obtexit
2434 5207 2627 5273 nubes,
2667 5215 2722 5260 et
2756 5206 3008 5276 apparuit
3044 5205 3301 5273 majestas
3333 5200 3437 5253 Do-

1864 5301 2018 5369 mini,
2051 5310 2105 5357 et
2128 5300 2369 5355 introivit
2398 5298 2611 5370 Moyses
2636 5308 2690 5352 et
2721 5300 2898 5353 Aaron
2926 5298 2991 5351 ad
3031 5296 3223 5350 faciem
3259 5294 3441 5346 taber-

1866 5392 2045 5449 naculi
2072 5390 2388 5448 testimonii.
2413 5410 2433 5444 ι
2474 5391 2590 5446 Non
2617 5391 2846 5462 legimus
2871 5399 3026 5443 antea
3055 5387 3178 5456 quia
3212 5384 3439 5439 obtexe-

1860 5488 1934 5542 rit
1948 5485 2122 5543 nubes
2138 5484 2568 5550 tabernaculum,
2586 5493 2639 5538 et
2657 5481 2975 5553 apparuerit
2993 5480 3247 5549 tnajestas
3261 5475 3439 5532 Domi-

1863 5580 1940 5649 ni,
1969 5587 2025 5635 et
2053 5578 2321 5649 receperit
2354 5578 2495 5632 intra
2536 5577 2733 5631 nubent
2768 5572 2989 5642 Moysen
3010 5579 3064 5626 et
3097 5570 3304 5633 Aaron,
3332 5567 3436 5622 nisi

2280 5715 2321 5747 ¹¹
2350 5713 2510 5767 Num.
2534 5728 2643 5766 xw.
2724 5710 2769 5741 "
2792 5708 2948 5763 Num.
2973 5722 3089 5775 xvi,
3114 5706 3203 5774 fl,
3226 5706 3315 5773 4'2,
3344 5706 3430 5762 45.

250 5845 359 5920 (92)
391 5867 409 5900 ι
448 5849 577 5907 Otio
619 5874 636 5909 ι
682 5856 833 5913 deest
863 5857 914 5913 in
948 5856 1080 5914 libb.
1127 5860 1307 5928 editis,
1342 5861 1436 5917 sed
1469 5860 1748 5932 suppletur
1775 5878 1803 5917 c
1835 5874 1963 5916 mss.
1990 5855 2331 5923 Bclvaccusi,
2360 5852 2675 5908 Ebroiccnsi
2710 5860 2763 5907 ct
2791 5833 3135 5905 Carnuteusi.
