3914 6524
499 363 606 420 027

1985 367 2310 430 οιιιςΕΝιε

3672 357 3764 414 εν»

501 501 650 542 nunc
684 501 806 542 cum
844 486 1141 542 insurrexit
1176 488 1229 542 in
1261 501 1356 542 eos
1389 487 1638 558 p0pulus,
1664 495 1718 542 et
1741 486 1978 558 lapidare
1996 501 2090 541 eos
2120 491 2166 546 Λ
2194 493 2378 552 spectu
2407 481 2548 552 ejus,
2580 489 2641 537 ut
2668 483 2721 538 in
2752 479 3098 538 confessione
3120 479 3584 552 supplicationum
3607 488 3768 533 motus

496 578 694 634 "voluit.
726 579 1008 632 Discamus
1029 593 1094 633 ex
1119 579 1221 634 hoc
1259 587 1462 648 quanta
1493 579 1565 635 sit
1595 580 1801 635 utilitas
1824 579 1874 632 in
1901 591 2085 646 perse-

500 673 817 730 Cutionibus
843 672 1195 738 Christianis,
1231 682 1495 742 quantum
1525 674 1716 744 gratia:
1744 673 2083 739 conferatur,

501 766 773 834 quomodo
798 777 1167 837 prepuguator
1195 766 1276 820 eis
1304 766 1398 819 fiat
1425 766 1585 833 Deus,
1616 768 1888 836 quomodo
1913 768 2086 822 abun-

503 858 698 911 danter
727 868 952 913 sanctus
981 858 1216 928 Spiritus
1242 857 1578 914 infundatur.
1616 860 1768 916 Tunc
1791 862 1936 914 enim
1970 877 2085 915 ma-

498 947 646 1002 xime
678 950 854 1020 gratia
891 951 983 1004 Dei
1012 953 1189 1015 adest,
1223 967 1348 1007 cum
1395 953 1678 1008 hominum
1711 955 1918 1009 saevitia
1953 971 2082 1010 con-

497 1037 736 1105 citatur;
777 1050 830 1094 et
869 1049 997 1094 tunc
1041 1056 1226 1110 pacem
1260 1041 1524 1097 habemus
1575 1043 1716 1112 apud
1744 1045 1935 1110 Deum,
1960 1059 2079 1098 cum

501 1127 573 1182 ab
602 1129 914 1188 hominibus
947 1143 1173 1205 propter
1212 1135 1482 1205 justitiam
1537 1135 1673 1192 bella
1725 1138 2080 1206 perpetimur.

507 1239 530 1276 α
558 1219 661 1276 Ubi
687 1225 831 1278 enim
854 1227 1154 1283 abundavit
1174 1226 2078 1300 peccatum,superabundavit(93)

501 1322 556 1368 et
585 1315 759 1384 gratia
787 1316 850 1370 ¹³.
876 1335 895 1368 ι
941 1317 1237 1389 Adoperuit
1266 1337 1396 1390 ergo
1431 1338 1526 1378 eos
1553 1324 1694 1382 nube
1726 1323 2076 1390 tabernaculi,

501 1414 556 1460 et
592 1407 750 1462 irruit
798 1423 1071 1480 synagoga
1106 1427 1272 1480 super
1324 1413 1541 1485 Moysen
1579 1425 1634 1471 et
1670 1417 1866 1478 Aaron,
1902 1426 1958 1470 ct
1986 1431 2080 1487 ap-

500 1497 684 1565 paruit
712 1499 884 1567 gloria
914 1501 1146 1557 Domini.
1181 1503 1443 1570 Quamvis
1473 1507 1651 1577 magni
1678 1507 1788 1562 sint
1817 1507 1938 1563 vitm
1963 1524 2077 1565 me-

500 1591 608 1644 rito
636 1589 849 1662 Moyses
875 1601 930 1646 et
956 1595 1156 1660 Aaron,
1184 1598 1432 1665 quamvis
1453 1598 1615 1651 animi
1641 1599 1931 1655 virtutibus
1965 1600 2080 1671 pol-

499 1683 671 1748 leant,
709 1699 975 1754 apparere
1006 1695 1183 1742 tamen
1213 1688 1292 1742 eis
1321 1688 1416 1744 Dei
1445 1689 1620 1758 gloria
1650 1706 1754 1745 non
1788 1694 2075 1761 potuisset,

498 1774 661 1845 297
694 1778 797 1830 nisi
832 1778 884 1830 in
913 1779 1402 1847 persecutionibus,
1436 1781 1487 1833 in
1522 1781 1989 1848 tribulationibus,
2020 1785 2072 1838 in

497 1869 761 1935 periculis
785 1911 799 1933 ,
829 1881 992 1940 atque
1024 1873 1076 1925 in
1107 1873 1222 1942 ipsa
1261 1887 1398 1942 pene
1434 1875 1739 1944 mortejam
1767 1877 1977 1946 positis.
2013 1877 2076 1932 Et

499 1967 556 2012 tu
581 1974 711 2030 ergo
740 1978 844 2016 non
880 1972 1036 2033 putes
1070 1965 1164 2019 tibi
1198 1965 1491 2020 dormienti
1519 1976 1574 2021 et
1605 1969 1784 2023 otioso
1814 1983 2076 2039 apparere

494 2065 656 2120 posse
685 2054 910 2124 gloriam
948 2056 1062 2110 Dei.
1107 2057 1215 2111 Aut
1249 2073 1357 2113 non
1389 2069 1443 2113 et
1483 2059 1681 2114 Paulus
1714 2060 1992 2129 apostolus
2022 2062 2074 2115 in

496 2142 568 2196 iis
619 2142 713 2196 Dei
765 2144 991 2213 gloriam
1043 2150 1306 2218 consequi
1358 2151 1618 2204 meruit?
1668 2149 1861 2208 Nonne
1912 2169 2077 2224 super

495 2249 688 2289 omnes
717 2245 945 2292 czrteros
977 2249 1264 2296 enumerat
1302 2241 1346 2273 “
1387 2259 1447 2298 se
1486 2245 1539 2298 in
1590 2246 2032 2305 tribulationibus
2057 2290 2072 2316 ,

496 2323 553 2380 in
586 2330 1008 2386 necessitatibus
1035 2369 1052 2396 ,
1097 2333 1150 2388 in
1185 2334 1496 2402 carceribus
1549 2338 1716 2395 fuisse
1740 2381 1755 2407 ,
1795 2351 1876 2395 ter
1909 2341 2074 2410 virgis

495 2435 698 2475 czesum
724 2464 738 2486 ,
768 2424 934 2477 semel
971 2425 1269 2495 lapidatum
1302 2431 1414 2502 (94)
1441 2448 1587 2500 esse,
1622 2433 1904 2504 naufragia
1947 2450 2075 2504 per-

492 2513 710 2582 tulisse,
739 2516 976 2585 pericula
1009 2521 1198 2586 maris,
1231 2525 1466 2592 pericula
1496 2525 1804 2593 ﬂuminum,
1831 2529 2073 2597 pericula

492 2605 768 2662 latronum
790 2651 804 2674 ,
839 2612 1079 2678 pericula
1107 2629 1136 2668 a
1181 2615 1332 2673 falsis
1367 2620 1672 2676 fratribus?
1709 2621 1838 2688 Quae
1872 2633 2074 2691 quanto

493 2702 670 2769 magis
716 2705 1032 2773 abundant,
1079 2717 1230 2764 tanto
1283 2713 1513 2781 amplius
1550 2714 1618 2770 iis
1669 2717 1760 2786 qui
1805 2718 2074 2788 patienter

494 2794 743 2860 tulerint,
772 2797 1054 2854 conferunt
1091 2800 1317 2872 gloriam
1355 2803 1472 2858 Dei.

567 2909 622 2964 5.
655 2929 674 2961 ι
705 2910 768 2964 Et
793 2910 1010 2968 locutus
1035 2924 1118 2969 est
1154 2915 1416 2972 Dominus
1440 2918 1505 2973 ad
1534 2918 1756 2991 Moysen
1787 2928 1839 2975 ct
1864 2921 2072 2987 Aaron,

498 3001 686 3057 dicens
714 3019 729 3056 :
764 3003 1035 3061 Discedite
1068 3008 1133 3062 de
1167 3010 1344 3066 medio
1371 3026 1662 3082 synagOgae
1697 3013 1876 3083 hujus,
1905 3023 1960 3068 et
1989 3014 2073 3068 in-

496 3095 746 3150 terimam
779 3113 873 3154 eos
900 3102 1100 3156 semel:
1135 3115 1190 3158 et
1221 3106 1540 3160 ceciderunt
1569 3107 1782 3178 Moyses
1809 3117 1861 3163 et
1889 3109 2069 3163 Aaron

492 3185 548 3239 in
577 3185 771 3242 faciem
807 3204 959 3245 suam
997 3192 1061 3246 ¹⁸.
1097 3213 1115 3245 ι
1151 3193 1206 3246 In
1241 3194 1492 3251 Sodomis
1515 3199 1730 3266 quidem
1763 3201 1980 3268 quando
2002 3200 2067 3253 ad
2098 3196 2141 3255 C

492 3276 778 3333 minimum
823 3280 1010 3337 decem
1056 3284 1171 3355 (95)
1217 3287 1632 3355 requirebantur
1663 3290 1727 3356 ¹⁶,
1774 3305 1873 3358 per
1929 3306 2068 3360 quos

493 3369 582 3423 vix
615 3370 658 3425 si
691 3369 827 3427 forte
851 3376 1050 3443 reperti
1079 3386 1284 3446 essent,
1315 3378 1515 3433 salvari
1541 3390 1762 3448 possent
1791 3383 1827 3436 ii
1853 3385 1942 3452 qui
1972 3383 2069 3436 ha-

493 3459 742 3516 bitabant
769 3467 1103 3534 pentapolim
1125 3469 1512 3526 Sodomorum:
1539 3490 1682 3528 nunc
1707 3485 1884 3530 autem
1905 3478 2066 3533 etiam

491 3551 619 3613 duo,
652 3553 697 3605 si
733 3562 914 3608 tamen
950 3555 1304 3614 inveniantur
1342 3561 1477 3617 tales
1509 3563 1685 3632 qualis
1716 3565 2068 3642 Moysesfuit

489 3655 548 3698 et
580 3646 759 3700 Aaron
787 3685 804 3712 ,
836 3646 1084 3704 sullicere
1127 3663 1393 3721 possunt,
1429 3665 1487 3708 ut
1520 3672 1652 3725 gens
1699 3659 2065 3715 lsraelitarum

489 3746 604 3792 tota
654 3738 912 3794 salvetur.
965 3741 1104 3806 Quid
1138 3761 1267 3814 ergo
1305 3747 1550 3802 dicemus
1597 3751 1827 3820 amplius
1860 3768 1980 3808 esse
2013 3755 2066 3809 in

487 3828 557 3884 iis
586 3830 836 3887 duobus?
883 3833 1012 3898 Qua:
1044 3843 1196 3888 tanta
1229 3837 1404 3893 virtus
1427 3878 1441 3903 ,
1477 3842 1620 3908 quod
1652 3845 1928 3911 meritum,
1961 3863 2068 3917 quo

490 3930 744 3976 sexcenta
779 3923 944 3977 tnillia
976 3933 1030 3980 et
1060 3942 1122 3980 eo
1157 3929 1388 3999 amplius
1420 3931 1721 3988 liberentur
1744 3936 1812 3991 ab
1842 3939 2064 3997 interitu

491 4017 815 4071 vastatoris?
843 4018 954 4087 Ego
984 4021 1224 4075 arbitror
1256 4024 1400 4092 quod
1449 4025 1501 4078 in
1533 4025 1717 4098 Moyse
1743 4029 1826 4084 lex
1864 4033 2068 4103 signifi-

492 4115 647 4160 cetur
682 4149 697 4173 ,
730 4124 848 4177 qua:
902 4111 1059 4166 docet
1113 4113 1362 4171 homines
1399 4117 1680 4174 scientiam
1718 4130 1773 4176 et
1823 4141 2065 4184 amorem

491 4199 624 4253 Dei:
656 4201 706 4254 in
737 4203 917 4257 Aaron
961 4204 1304 4274 supplicandi
1342 4209 1473 4271 Deo,
1512 4219 1564 4263 et
1594 4212 1912 4269 obsecrandi
1942 4233 2064 4272 eum

487 4291 662 4345 forma
717 4296 1002 4350 consistat.
1046 4299 1103 4351 Si
1150 4313 1278 4365 ergo
1325 4300 1541 4354 accidat
1588 4303 1878 4374 aliquando
1926 4309 2067 4365 indi-

487 4387 640 4455 gnari
685 4389 841 4442 nobis
875 4390 960 4443 vel
993 4393 1249 4449 universo
1280 4398 1477 4466 p0pu|o
1524 4401 1688 4456 Deum
1714 4441 1730 4468 ,
1762 4412 1816 4458 et
1861 4404 1906 4459 si
1951 4404 2063 4475 jam

486 4480 751 4534 sententia
788 4481 1010 4538 ultionis
1043 4486 1286 4554 procedit
1309 4504 1338 4542 a
1372 4491 1622 4559 Domino,
1659 4495 1845 4551 redeat
1881 4509 2060 4554 autem

485 4570 572 4624 lex
607 4571 699 4626 Dei
741 4575 792 4628 in
829 4589 924 4629 cor
955 4586 1197 4630 nostrum
1247 4593 1600 4636 commonens
1633 4601 1733 4641 nos
1768 4597 1820 4641 et
1855 4590 2060 4648 docens

485 4667 728 4720 converti
755 4669 823 4722 ad
867 4671 1240 4738 pwnitentiam
1273 4715 1287 4738 ,
1316 4675 1640 4730 satisfacere
1674 4696 1772 4748 pro
1800 4683 2014 4739 delictis
2041 4724 2056 4748 ,

485 4758 795 4825 supplicare
826 4777 925 4830 pro
962 4763 1171 4833 culpis:
1204 4768 1442 4822 cessabit
1472 4774 1734 4828 continuo
1759 4774 2060 4845 iracundia,

486 4849 790 4918 indignatio
808 4855 1179 4924 conquiescet,
1203 4859 1589 4928 prepitiabitur
1609 4863 1889 4932 Dominus,
1908 4871 2060 4938 quasi

486 4943 670 5012 Moyse
696 4954 752 4998 et
803 4946 983 5002 Aaron
1028 4949 1489 5008 intercedentibus
1523 4971 1622 5025 pro
1657 4959 1813 5014 nobis
1836 5000 1851 5025 ,
1883 4972 1935 5015 ct
1966 4978 2063 5032 pro

485 5035 744 5092 universo
774 5039 971 5108 populo
1002 5043 1454 5112 supplicantibus.
1504 5047 1564 5103 Si
1607 5065 1738 5104 vero
1777 5051 2064 5121 aliquando

483 5132 695 5185 oriatur
723 5131 1025 5202 indignatio
1050 5137 1164 5202 Dei,
1193 5147 1246 5193 et
1269 5141 1450 5194 veniat
1476 5156 1573 5210 pro
1597 5145 1834 5212 peccatis
1862 5147 2063 5202 nostris

483 5237 626 5278 sava
655 5227 959 5294 correptio;
1001 5229 1320 5284 iudurentur
1351 5241 1528 5287 autem
1573 5237 1740 5288 corda
1774 5247 1957 5290 nostra
1995 5253 2062 5293 ne

481 5325 870 5394 convertamur
889 5319 954 5373 ad
979 5321 1290 5388 Dominum,
1321 5337 1453 5380 neve
1479 5325 1826 5380 humiliemur
1850 5330 1902 5382 in
1930 5345 2060 5384 con-

551 5483 595 5513 ¹³
620 5481 780 5536 Rom.
807 5497 858 5550 v,
881 5482 974 5539 9.0.

482 5552 520 5586 ⁸³
549 5551 707 5606 Num.
744 5569 856 5618 xvi,
884 5554 973 5609 46.

547 5646 658 5719 (95)
693 5645 848 5719 l_.ibb.
879 5648 1036 5713 editi,
1077 5667 1095 5700 ι
1127 5650 1606 5719 superabundabit.
1631 5673 1647 5704 ι

547 5717 662 5785 (De)
699 5715 798 5770 Ter
841 5719 1000 5786 virgis
1034 5715 1249 5786 ca'suiit,
1286 5721 1447 5776 semel
1493 5722 1806 5791 lapidatum.
1839 5726 1927 5778 Sic
1955 5727 2055 5781 lia-

476 5786 607 5908 ὶιςιᾶιι
652 5802 842 5842 omnes
869 5806 1035 5862 mss.;
1065 5793 1204 5848 male
1236 5803 1415 5848 autem
1449 5786 1578 5850 libb.
1612 5797 1763 5866 editi,
1807 5815 1823 5846 ι
1860 5809 1938 5851 ter
1980 5800 2053 5852 la-

481 5873 534 5908 υι
580 5869 748 5908 atum.
781 5875 800 5908 ι

481 5869 748 5910 υιιιιλωιιι.
781 5875 800 5908 ι

1051 5485 1094 5517 ¹⁵
1115 5484 1157 5540 ll
1185 5484 1308 5541 Cor.
1351 5504 1428 5543 xi.

1508 5489 1552 5519 ¹¹¹
1583 5489 1741 5545 Num.
1769 5507 1877 5556 xvr,
1905 5492 1992 5557 Η,
2024 5494 2113 5548 45.

2188 577 2304 644 ejus
2346 584 2398 630 et
2433 574 2767 629 iracundiam
2806 574 3153 643 mitigemus;
3187 574 3282 627 sed
3317 565 3647 627 econtrario
3695 570 3770 624 di-

2185 682 2405 732 camus,
2445 665 2560 722 Non
2595 675 2679 723 est
2711 681 2842 720 cura
2879 665 2989 720 Deo
3031 666 3099 720 de
3129 666 3239 718 vita
3295 663 3639 728 mortalium,
3684 677 3770 716 nec

2186 760 2463 829 pertinent
2507 759 2625 814 haec
2656 759 2722 813 ad
2759 759 2927 814 Deum
2951 797 2966 823 ,
2997 756 3221 828 reliquit
3253 773 3356 812 nos
3387 757 3548 820 olim,
3588 770 3687 809 nec
3712 756 3771 808 ad

2190 849 2443 904 notitiam
2479 848 2596 917 ejus
2624 850 2724 904 ista
2755 848 3079 918 perveniunt
3107 871 3118 905 :
3153 848 3195 903 si
3228 848 3350 901 talia
3383 848 3697 917 cogitemus
3724 846 3770 898 in

2181 939 2438 995 cordibus
2477 939 2697 1005 nostris,
2735 949 2787 994 et
2821 938 2937 994 haec
2974 939 3042 993 de
3067 954 3166 994 ore
3211 949 3404 994 nostro
3434 938 3772 1008 procedant,

2183 1040 2392 1086 certum
2425 1039 2508 1086 est
2538 1046 2645 1086 non
2684 1045 2806 1085 esse
2836 1031 2888 1086 in
2924 1030 3082 1086 nobis
3117 1030 3332 1103 Moysen
3371 1041 3429 1086 et
3461 1032 3679 1092 Aaron,
3707 1027 3772 1083 le-

2180 1124 2261 1194 gis
2299 1123 2506 1179 scilicet
2557 1125 2848 1180 scientiam
2898 1133 2954 1178 et
3000 1123 3209 1180 fructus
3263 1122 3652 1194 poenitentiae.
3690 1136 3774 1189 per

2179 1231 2318 1285 quos
2347 1216 2628 1270 interitum
2665 1216 3002 1272 imminentis
3029 1220 3185 1273 exitii
3218 1217 3500 1288 possimus
3529 1215 3771 1268 evadere.

2181 1307 2294 1362 Hoc
2327 1315 2458 1378 puto
2490 1307 2762 1362 accidisse
2795 1308 2961 1363 etiam
3017 1308 3214 1378 populo
3263 1307 3339 1360 illi
3375 1305 3472 1375 qui
3522 1302 3627 1355 fuit
3659 1314 3774 1358 ante

2181 1415 2320 1468 nos,
2369 1399 2588 1470 quando
2641 1415 2834 1456 omnes
2862 1400 3319 1465 declinaverunt,
3375 1412 3581 1454 omnes
3621 1396 3776 1450 simul

2181 1492 2401 1547 inutiles
2428 1491 2556 1546 facti
2579 1500 2708 1546 sunt
2738 1493 2800 1558 ⁸⁷,
2835 1501 2891 1547 et
2921 1508 3027 1548 non
3061 1492 3165 1547 fuit
3191 1495 3282 1562 qui
3319 1491 3536 1545 faceret
3571 1489 3777 1542 bonita-

2183 1594 2312 1648 tem,
2343 1598 2450 1638 non
2479 1581 2582 1636 fuit
2605 1598 2779 1651 usque
2802 1583 2869 1636 ad
2902 1600 3089 1638 unum.
3121 1582 3178 1637 Si
3208 1583 3351 1636 enim
3384 1581 3612 1646 fuisset,
3647 1595 3775 1633 nun-

2179 1688 2346 1743 quam
2383 1674 2573 1744 utique
2601 1673 2984 1744 dereliquisset
3013 1690 3106 1729 eos
3137 1675 3300 1728 Deus.
3334 1673 3444 1726 Sed
3488 1683 3549 1725 et
3582 1687 3683 1725 nos
3711 1673 3776 1725 tio

2182 1780 2430 1819 meamus
2465 1781 2536 1820 ne
2560 1765 2703 1819 forte
2732 1765 2908 1821 simile
2935 1766 3140 1836 aliquid
3173 1765 3494 1820 inveniatur
3525 1764 3582 1817 in
3611 1764 3774 1818 nobis.

2179 1857 2365 1912 Timeo
2401 1857 2544 1911 enim
2577 1856 2722 1910 illam
2765 1858 3130 1923 sententiam,
3179 1858 3234 1911 in
3270 1872 3378 1926 qua
3415 1855 3700 1909 Dominus
3729 1867 3777 1908 et

2181 1947 2434 2003 Salvator
2465 1958 2669 2013 noster,
2707 1949 2796 2018 qui
2838 1957 3034 2005 cuncta
3065 1949 3384 2018 praenoscit,
3415 1947 3585 2017 quasi
3624 1946 3773 2000 dbi-

2180 2048 2300 2093 tans
2329 2037 2458 2092 dicit
2487 2056 2499 2093 :
2538 2057 2557 2090 t
2584 2037 2750 2093 Putas
2785 2039 3008 2093 veniens
3042 2039 3212 2094 Filius
3242 2039 3489 2094 hominis
3545 2037 3775 2092 inveniet

2179 2128 2340 2184 fidem
2380 2144 2541 2198 super
2583 2139 2784 2186 terram
2817 2130 2896 2184 ‘3?
2927 2149 2944 2180 ι
2983 2129 3250 2186 Jubcntur
3292 2146 3426 2200 ergo
3477 2129 3702 2201 Moyses
3728 2139 3776 2183 et

2176 2219 2354 2274 Aaron
2388 2222 2542 2275 exire
2569 2221 2635 2276 de
2664 2222 2844 2277 medio
2873 2236 3182 2293 synagogae,
3217 2230 3274 2276 ut
3298 2222 3667 2276 interimatur
3690 2235 3770 2292 sy-

2177 2329 2380 2384 nagoga
2429 2315 2496 2369 de
2541 2315 2725 2371 semel.
2763 2315 2870 2370 Sed
2917 2318 3198 2371 videamus
3225 2316 3353 2383 quid
3396 2317 3494 2370 isti
3541 2315 3768 2380 faciunt,

2176 2407 2349 2460 sancti
2382 2417 2506 2461 sunt
2534 2406 2669 2478 (96),
2699 2407 2923 2477 perfecti
2955 2417 3108 2475 sunt,
3135 2418 3189 2464 et
3217 2409 3338 2479 plus
3377 2409 3560 2478 magis
3593 2407 3765 2462 Evan-

2178 2497 2303 2565 gelii
2346 2499 2600 2568 discipuli
2649 2516 2813 2570 quam
2866 2501 3001 2572 legis
3027 2540 3042 2565 ,
3069 2510 3124 2556 et
3157 2502 3277 2556 ideo
3310 2503 3559 2571 diligunt
3616 2502 3768 2556 etiam

2179 2588 2428 2645 inimicos
2459 2605 2608 2660 suos,
2640 2605 2804 2659 atque
2831 2603 2989 2647 orant
3017 2608 3115 2662 pro
3149 2595 3614 2664 persecutoribus
3646 2593 3768 2647 suis.

2177 2681 2286 2737 illis
2312 2683 2456 2738 enim
2485 2684 2833 2740 saevientibus
2865 2693 2922 2738 ut
2959 2685 3334 2741 interficerent
3367 2702 3468 2742 eos
3498 2726 3513 2752 ,
3549 2687 3638 2741 isti
3662 2703 3772 2756 pro-

2176 2775 2364 2830 cidunt
2395 2774 2447 2828 in
2481 2774 2675 2830 faciem
2709 2791 2859 2831 suam
2889 2794 3054 2847 super
3091 2787 3314 2832 terram.

2245 2867 2300 2921 4.
2339 2884 2357 2918 ι
2390 2866 2453 2921 Ει
2489 2868 2566 2922 ait
2594 2867 2804 2940 Moyses
2855 2871 2920 2924 ad
2948 2872 3165 2926 Aaron:
3204 2871 3447 2927 Assume
3499 2873 3765 2938 batillum,

2175 2967 2232 3012 et
2263 2958 2480 3028 impone
2517 2975 2680 3031 super
2713 2961 2840 3016 illud
2876 2962 3052 3032 ignem
3077 2963 3144 3016 ab
3180 2961 3370 3028 altari,
3412 2973 3474 3018 et
3505 2965 3673 3036 injice
3697 2967 3765 3019 illi

2176 3049 2476 3116 incensum,
2508 3063 2561 3107 et
2593 3051 2727 3106 cﬂ‘er
2767 3052 3024 3108 velociter
3057 3053 3113 3109 in
3144 3063 3350 3120 castra,
3379 3065 3438 3111 et
3477 3071 3646 3112 exora
3677 3073 3767 3126 pro

2175 3143 2306 3211 ipsis
2334 3162 2346 3196 :
2379 3143 2512 3199 exiit
2534 3145 2678 3198 enim
2702 3145 2777 3198 ira
2804 3160 2832 3198 a
2861 3155 3147 3215 conspectu
3170 3145 3410 3212 Domini,
3439 3162 3499 3203 et
3522 3150 3636 3219 jam
3664 3164 3765 3204 cc-

2173 3234 2250 3303 pit
2281 3245 2498 3290 vastare
2549 3237 2802 3305 populum
2835 3237 2900 3290 '9.
2940 3256 2959 3289 ι
3013 3237 3212 3294 Verum
3263 3240 3536 3308 quoniam
3574 3243 3628 3294 in
3674 3241 3762 3296 hos

2170 3327 2515 3394 pervenimus
2561 3329 2709 3382 locos
2741 3367 2756 3392 ,
2783 3329 2904 3383 volo
2940 3329 3006 3385 de
3053 3331 3294 3387 bonitate
3345 3331 3444 3387 Dei
3476 3333 3762 3390 admonere

2171 3417 2465 3487 discipulos
2498 3419 2699 3474 Christi
2725 3461 2740 3486 ,
2775 3437 2840 3476 ne
2869 3423 2991 3492 quis
3037 3423 3176 3478 forte
3218 3435 3468 3480 vestrum
3503 3426 3575 3480 ab
3604 3428 3760 3481 bare

2173 3509 2294 3563 ticis
2322 3512 2680 3568 conturbetur
2705 3515 2749 3567 si
2778 3518 2997 3583 quando
3027 3527 3304 3572 certamen
3334 3518 3640 3586 inciderit,
3665 3520 3759 3572 illis

2173 3602 2478 3663 dicentibus
2512 3605 2767 3670 quoniam
2809 3605 2949 3661 Deus
2983 3608 3117 3677 legis
3151 3623 3256 3662 non
3291 3620 3378 3663 est
3422 3609 3608 3664 bonus
3632 3652 3648 3676 ,
3676 3613 3757 3664 sed

2166 3690 2342 3758 justus
2373 3733 2389 3758 ,
2427 3703 2480 3748 et
2510 3695 2706 3766 Moysis
2735 3697 2818 3752 lex
2855 3713 2961 3753 non
3014 3700 3310 3754 bonitatem
3345 3703 3600 3756 continet
3623 3741 3638 3764 ,
3673 3702 3757 3755 sed

2163 3781 2452 3850 justitiam.
2484 3783 2718 3840 Videant
2742 3803 2870 3856 ergo
2908 3789 3000 3857 qui
3033 3789 3204 3843 Deum
3239 3790 3450 3858 pariter
3470 3791 3755 3844 criminan-

2173 3883 2263 3929 tur
2294 3885 2347 3930 et
2379 3877 2570 3948 legem,
2603 3865 2874 3948 quomodo
2907 3880 3120 3952 Moyses
3150 3881 3266 3950 ipse
3306 3890 3366 3935 et
3401 3882 3589 3936 Aaron
3621 3883 3758 3952 prio-

2171 3981 2261 4021 res
2289 3969 2534 4024 fecerunt
2567 3973 2688 4036 hoc,
2721 3973 2864 4039 quod
2897 3974 3239 4042 postmodum
3275 3972 3635 4043 Evangelium
3665 3975 3754 4029 ὼ·

2170 4061 2299 4115 cuit.
2341 4061 2480 4116 Ecce
2519 4062 2690 4132 diligit
2721 4063 2934 4134 Moyses
2968 4065 3237 4128 inimicas,
3270 4073 3325 4118 et
3355 4077 3484 4119 orat
3516 4082 3614 4134 pro
3640 4081 3755 4135 per-

2170 4150 2508 4205 secutoribus
2560 4154 2674 4207 suis
2719 4193 2735 4218 ,
2785 4156 2929 4223 quod
2985 4155 3172 4225 utique
3223 4156 3484 4210 Christus
3541 4157 3654 4210 fieri
3701 4160 3750 4208 in

2172 4241 2477 4310 Evangeliis
2505 4243 2682 4296 docet.
2711 4243 2909 4298 Audite
2936 4243 3080 4296 enim
3107 4247 3380 4314 quomodo
3407 4247 3665 4299 cadentes
3701 4246 3752 4298 in

2171 4331 2362 4386 faciem
2395 4346 2554 4401 super
2582 4342 2779 4387 terram
2816 4342 2977 4387 orant
3009 4349 3108 4402 pro
3150 4335 3286 4399 illis,
3320 4337 3413 4404 qui
3451 4339 3521 4390 ad
3554 4337 3753 4390 interﬁ-

2169 4423 2386 4479 ciendos
2439 4439 2532 4479 eos
2582 4424 3009 4482 insurrexerunt.
3060 4425 3153 4479 Sic
3207 4441 3343 4495 ergo
3391 4428 3664 4482 invenitur
3700 4437 3756 4481 et

2169 4514 2440 4586 Evangelii
2491 4517 2667 4572 virtus
2704 4519 2754 4572 in
2791 4521 2906 4590 lege
2933 4561 2948 4586 ,
2995 4530 3047 4576 et
3082 4520 3441 4576 fundamento
3467 4523 3598 4593 legis
3631 4524 3755 4577 sub-

2171 4607 2292 4661 nixa
2331 4607 2701 4675 intelliguntur
2738 4611 3045 4682 Evangelia.
3095 4611 3207 4667 Nec
3259 4622 3418 4668 vetns
3464 4625 3755 4668 testamen—

2169 4709 2278 4753 tum
2314 4701 2532 4756 nomino
2565 4716 2667 4773 ego
2707 4705 2905 4774 legem,
2933 4705 2994 4774 psi
3036 4719 3154 4758 eam
3205 4707 3534 4774 spiritaliter
3563 4707 3754 4761 ἰηιώὶ-

2165 4807 2309 4860 gam.
2339 4792 2446 4848 Illis
2476 4797 2854 4851 tantummodo
2890 4798 2974 4851 lex
3007 4807 3161 4852 vetus
3190 4799 3430 4854 eﬂicitur
3465 4812 3756 4856 testamen-

2167 4893 2300 4952 tum,
2328 4885 2418 4953 qui
2465 4899 2585 4941 eam
2633 4889 2926 4943 carnaliter
2959 4889 3267 4960 intelligere
3299 4892 3518 4947 volunt.
3565 4893 3624 4947 Et
3655 4909 3754 4946 ne-

2166 4977 2402 5029 cessario
2435 4978 2541 5032 illis
2577 4988 2731 5034 vetus
2761 4977 2950 5034 eifecta
2986 4989 3102 5046 est,
3132 4992 3184 5036 et
3213 4984 3416 5048 senuit,
3456 4986 3577 5054 quia
3608 4986 3752 5038 vires

2165 5076 2293 5118 suas
2343 5081 2447 5119 non
2494 5078 2672 5137 potest
2717 5071 2982 5129 obtinere.
3024 5071 3192 5128 Nobis
3249 5087 3433 5130 autem
3459 5117 3475 5141 ,
3508 5077 3593 5147 qui
3622 5092 3748 5129 eam

2163 5155 2483 5223 spiritaliter
2510 5171 2564 5215 et
2619 5162 2932 5233 evangelico
2960 5179 3121 5219 sensu
3175 5167 3540 5239 intelligimus
3567 5182 3614 5224 et
3646 5187 3748 5224 ex-

2163 5247 2434 5316 ponimus,
2469 5265 2684 5323 semper
2724 5269 2864 5309 nova
2899 5267 3020 5310 est:
3061 5270 3113 5313 et
3141 5268 3431 5330 utrumque
3464 5264 3610 5316 nobis
3643 5278 3744 5315 no-

2166 5350 2286 5391 vum
2320 5348 2702 5398 testamentum
2732 5356 2836 5411 est,
2872 5364 2976 5403 non
3010 5353 3270 5422 temporis
3297 5364 3463 5410 relate
3491 5395 3506 5419 ,
3536 5355 3622 5409 sed
3658 5357 3744 5407 in-

2192 5499 2236 5530 ¹⁶
2262 5498 2400 5557 Gen.
2429 5517 2584 5557 xvin.
2663 5503 2705 5534 ⁸⁷
2739 5501 2883 5559 Psal.
2946 5522 3065 5572 xui,
3099 5509 3154 5565 5.
3203 5510 3281 5541 λ¹⁸
3321 5509 3452 5565 Luc.
3492 5525 3641 5574 In",
3683 5510 3738 5565 8.

2237 5658 2347 5730 (95)
2395 5634 2528 5713 Mss.
2572 5679 2591 5712 ι
2643 5660 2709 5715 ad
2751 5661 3032 5717 minimum
3069 5666 3279 5721 decem.
3319 5683 3338 5716 ι
3380 5664 3529 5720 Libb.
3575 5665 3740 5728 editi,

2167 5748 2184 5780 ‹
2221 5731 2398 5783 minus
2430 5731 2638 5784 decem.
2671 5749 2689 5783 ι

2232 5801 2344 5880 (96)
2381 5798 2471 5854 Sic
2514 5818 2647 5858 mss.
2692 5801 2850 5858 Libb.
2886 5813 3064 5861 autem
3111 5804 3279 5871 editi,
3323 5805 3588 5869 «faciunt,
3640 5807 3737 5876 qui

2161 5881 2331 5926 sancti
2361 5882 2507 5926 sunt.
2541 5889 2558 5921 ι
