3914 6544
545 397 641 452 GM

2037 387 2360 446 ORIGENIS
3653 398 3724 450 622

549 530 780 585 namque
810 522 892 570 est
915 557 928 582 ,
958 527 1079 582 qua:
1116 510 1264 566 velut
1303 509 1354 564 in
1388 510 1533 564 vasis
1583 507 1842 564 ﬁctilibus
1870 507 2120 563 eflicitur.
2154 515 2198 570 Α
2228 508 2418 564 domos
2444 505 2774 561 familiarum
2805 505 3072 574 ipsorum,
3099 506 3165 558 ab
3193 505 3441 560 omnibus
3465 507 3727 580 principibus

547 608 867 664 Peccatorcs
902 618 1030 673 ergo
1074 616 1203 657 vasa
1259 601 1447 656 ﬁctilia
1486 601 1650 666 fiunt,
1689 600 1829 654 sicut
1859 597 2123 654 Jeremias

547 699 810 770 propheta
855 695 1103 764 designat
1148 695 1202 748 itt
1244 692 1746 747 Lantentationibus
1776 690 1841 755 ",
1894 690 2116 744 dicens:

553 812 571 842 ι
604 791 720 844 Filii
756 789 910 851 Sion,
955 788 1047 859 qui
1080 797 1237 840 erant
1268 783 1608 840 honorabiles
1641 793 1696 838 et
1725 785 1775 838 in
1811 797 1943 838 auro
1972 782 2122 848 elati,

547 883 818 954 quomodo
867 881 1097 950 reputati
1132 887 1258 934 sunt
1305 880 1356 934 in
1388 893 1514 932 vasa
1565 877 1773 941 ﬁctilia,
1807 891 1972 945 Opera
2010 891 2125 930 ma-

547 990 714 1030 nuum
747 973 938 1044 ﬁguli?
979 992 997 1024 ι
1054 972 1160 1026 Et:
1215 990 1231 1023 ι
1279 971 1334 1025 In
1370 970 1530 1026 domo
1575 984 1766 1040 magna
1815 984 1919 1024 non
1976 977 2125 1034 sunt,

548 1066 722 1134 inquit
766 1065 1052 1134 Apostolus
1106 1064 1183 1128 ⁸⁷,
1235 1061 1604 1116 tantummodo
1650 1075 1777 1115 vasa
1821 1075 1984 1115 aurea
2014 1101 2027 1125 ,
2064 1069 2120 1116 et

547 1166 829 1227 argentea,
859 1155 952 1210 scd
978 1165 1030 1210 et
1060 1155 1230 1224 lignea
1259 1163 1312 1208 et
1343 1153 1566 1208 ﬁctilia:
1599 1163 1653 1208 et
1684 1152 1790 1206 alia
1819 1154 2034 1222 quidem
2061 1153 2126 1207 ad

548 1247 835 1312 honorem,
873 1246 977 1300 alia
1009 1257 1186 1300 autem
1225 1245 1290 1298 ad
1319 1243 1724 1298 contumeliam.
1759 1263 1776 1296 ε
1824 1243 1964 1297 Sunt
1998 1258 2127 1313 ergo

548 1354 676 1394 vasa
711 1337 893 1393 ﬁctilia
921 1338 986 1391 ad
1021 1335 1433 1399 contumeliam,
1464 1350 1585 1402 qua:
1627 1343 1680 1388 et
1703 1333 1966 1404 confringi
2000 1348 2124 1402 pos-

547 1441 695 1486 sunt.
731 1429 839 1484 Sed
876 1428 1283 1482 consideremus
1312 1425 1628 1494 diligentius
1665 1425 1792 1492 quid
1842 1427 1896 1479 in
1931 1439 2126 1479 conse-

546 1521 840 1590 quentibus
887 1517 1173 1586 Apostolus
1207 1516 1275 1571 de
1320 1516 1451 1585 ipsis
1479 1516 1622 1570 vasis
1656 1515 1914 1569 ﬁctilibus
1944 1514 2126 1569 dicat:

553 1632 572 1663 σ
597 1609 654 1665 Si
684 1611 831 1679 quis,
865 1608 1038 1676 inquit
1066 1607 1132 1672 ’⁸,
1161 1607 1536 1660 emundavcrit
1564 1606 1912 1674 semetipsum
1940 1604 2008 1657 ab
2039 1603 2124 1669 iis,

548 1704 654 1757 crit
679 1718 776 1756 vas
811 1701 878 1755 ad
907 1701 1164 1753 honorem
1199 1697 1624 1764 sanctiﬁcatum,
1656 1706 1709 1749 et
1737 1695 1866 1750 utile
1901 1695 2127 1749 Domino

548 1797 615 1848 ad
645 1808 804 1848 omne
831 1805 967 1861 opus
998 1790 1197 1844 bonuut
1235 1799 1505 1856 paratum.
1545 1807 1562 1839 ι
1617 1787 1671 1840 In
1705 1802 1811 1852 quo
1841 1786 2126 1864 ostendere

2229 601 2468 670 ipsorum
2501 599 2786 654 duodecim
2814 599 3030 666 virgas;
3067 609 3120 652 et
3152 599 3563 668 uniuscujusque
3591 618 3726 659 eorum

2227 707 2420 746 nomen
2447 691 2629 746 scribe
2665 691 2718 744 in
2741 689 2890 759 virga
2931 704 3028 743 sua
3074 706 3087 742 :
3121 699 3174 743 et
3199 704 3393 742 nomen
3423 691 3584 743 Aaron
3605 697 3729 751 scrib:

2227 783 2279 836 in
2309 784 2456 852 virga
2510 782 2636 838 Levi
2667 797 2681 834 :
2713 791 2796 835 est
2823 781 2968 835 enim
3007 781 3158 848 virga
3191 797 3292 834 una
3325 780 3423 850 (Ξ),
3449 796 3537 849 per
3567 785 3726 850 tribum,

2228 891 2325 944 per
2353 876 2545 929 domos
2594 873 2928 928 familiarum
2971 887 3196 927 suarum
3228 871 3433 926 dabunt
3465 874 3569 927 tibi.
3599 875 3647 928 Et
3668 894 3730 945 po-

2229 982 2325 1022 nes
2351 983 2443 1021 eas
2485 968 2537 1021 in
2573 966 2985 1021 tabernaculum
3035 965 3333 1018 testimonii
3378 975 3556 1018 contra
3581 982 3727 1032 arcam,

2229 1075 2294 1112 ex
2326 1058 2522 1127 quibus
2555 1073 2828 1126 agnoscar
2860 1056 2957 1111 tibi
2993 1056 3140 1110 inde.
3193 1055 3257 1108 Et
3287 1055 3392 1109 erit
3421 1055 3568 1110 homo
3592 1073 3729 1126 quem-

2229 1168 2442 1221 cunque
2467 1153 2704 1222 elegero,
2734 1153 2884 1222 virga
2919 1151 3036 1218 ejus
3075 1149 3424 1218 germinabit,
3464 1160 3514 1202 et
3554 1150 3731 1203 auferam

2230 1265 2258 1299 a
2291 1233 2863 1301 tenturmurationem
2893 1246 3129 1299 ﬁliorum
3158 1242 3325 1296 Israel
3363 1260 3378 1294 :
3406 1243 3456 1296 in
3483 1243 3733 1310 quibusmu-

2228 1354 2335 1408 que
2359 1349 2704 1392 murmurant
2731 1339 2834 1407 ipsi
2862 1341 2928 1394 de
2953 1339 3128 1393 vobis.
3163 1357 3179 1389 ι
3215 1336 3405 1392 Omnis
3433 1336 3650 1403 princeps
3671 1338 3733 1388 ni-

2231 1430 2332 1482 bus
2363 1440 2416 1482 et
2444 1429 2622 1499 populi
2662 1428 2823 1482 habet
2872 1430 3104 1498 virgam.
3140 1428 3256 1482 Non
3308 1425 3454 1480 enim
3486 1434 3635 1492 potest
3654 1429 3732 1494 quis

2233 1536 2418 1590 regere
2455 1522 2736 1590 populum,
2775 1522 2876 1576 nisi
2911 1522 3368 1592 habeatvirgam.
3407 1519 3551 1574 Unde
3571 1528 3614 1572 et
3637 1519 3732 1572 Pau-

2229 1611 2314 1664 lus
2341 1612 2639 1682 apostolus,
2669 1613 2792 1680 quia
2823 1613 3078 1681 princeps
3109 1621 3224 1666 erat
3257 1609 3460 1679 p0puli,
3496 1609 3662 1663 idcirco
3685 1611 3736 1663 iﬁ-

2229 1705 2387 1758 ccbat
2422 1723 2434 1758 :
2474 1721 2494 1757 ι
2541 1703 2679 1771 Quid
2723 1705 2925 1760 vultis?
2955 1705 3009 1760 In
3045 1705 3195 1774 virga
3231 1707 3449 1758 veniam
3481 1703 3540 1753 ad
3566 1716 3734 1760 rosam

2233 1795 2285 1848 in
2312 1797 2601 1859 charitate,
2637 1798 2944 1866 spirituque
2976 1795 3418 1850 mansuetudinis
3456 1793 3533 1844 ”?
3565 1813 3580 1844 ι
3605 1792 3735 1847 Οιιιιιῖε

551 1885 785 1945 videtur,
817 1885 956 1951 quod
982 1889 1033 1935 et
1057 1895 1154 1933 vas
1179 1881 1351 1948 ipsum
1377 1880 1521 1947 quod
1551 1880 1628 1944 ﬁt,
1649 1889 1703 1934 et
1729 1895 1825 1948 per
1850 1894 2010 1948 quem
2043 1878 2124 1942 ﬁt,

2235 1903 2359 1956 ergo
2390 1888 2644 1956 princeps
2686 1889 2924 1942 tribuum
2983 1887 3182 1940 habeat
3224 1898 3451 1938 necesse
3481 1893 3555 1936 est
3586 1883 3733 1948 virgam

551 1991 689 2030 unus
713 1985 874 2043 atque
898 1973 1040 2026 idettt
1070 1972 1233 2026 homo
1256 1971 1346 2024 sit.
1374 1969 1612 2039 lntcllige
1633 1984 1760 2038 ergo
1788 1969 2119 2038 propositum

549 2067 715 2138 299
744 2065 963 2135 quidem
1018 2064 1259 2118 hominis
1303 2063 1600 2131 essequod
1644 2070 1904 2129 operatur
1947 2079 1960 2114 :
2001 2061 2124 2114 reli-

548 2174 707 2226 quam
741 2167 922 2211 autent
956 2165 1165 2225 partem
1205 2153 1442 2208 hominis
1472 2153 1644 2222 ipsum
1675 2167 1797 2206 esse
1829 2165 1944 2216 vas,
1982 2151 2123 2221 quod

547 2248 608 2301 ﬁt
654 2246 735 2301 vel
783 2245 849 2298 ad
895 2245 1180 2306 honorem,
1215 2241 1299 2296 vel
1343 2241 1755 2296 contumeliam.
1817 2240 1949 2295 Cum
1994 2257 2124 2310 ergo

545 2353 738 2394 sensus
772 2346 955 2393 noster
981 2352 1101 2405 qua:
1131 2337 1269 2390 bona
1293 2343 1416 2387 sunt
1437 2331 1609 2401 eligit,
1635 2332 1768 2385 etatl
1801 2331 1997 2386 bonam
2027 2347 2126 2388 nos

546 2433 1025 2487 conversationem
1061 2429 1248 2490 trahit,
1278 2426 1412 2480 facit
1439 2441 1537 2479 nos
1569 2439 1661 2479 vas
1696 2424 1846 2479 utile.
1867 2425 2000 2480 Cum
2031 2439 2127 2480 au-

548 2535 656 2578 tent
689 2521 1010 2590 neglexerit,
1041 2528 1091 2572 et
1130 2519 1394 2574 deciderit
1440 2517 1778 2590 propositum
1816 2499 2062 2572 nostrum
2095 2533 2124 2570 a

548 2615 726 2681 bonis,
751 2615 1016 2670 efficimur
1047 2626 1144 2665 vas
1169 2611 1236 2665 ad
1264 2611 1670 2666 contumeliam.
1704 2610 1760 2664 Si
1800 2623 1931 2680 ergo
1961 2608 2125 2665 intel-

547 2706 724 2762 lectus
756 2715 945 2760 noster
995 2704 1177 2758 luteus
1219 2704 1309 2770 sit,
1341 2713 1395 2758 et
1434 2705 1500 2758 de
1546 2702 1656 2756 luto
1694 2717 1908 2772 semper
1950 2716 2014 2756 ac
2063 2700 2129 2754 de

549 2800 784 2854 terrenis
812 2799 1038 2868 cogitet,
1071 2797 1335 2852 efﬁcimur
1367 2812 1464 2852 vas
1515 2796 1707 2862 ﬁctile,
1739 2807 1794 2852 et
1840 2811 1974 2863 opus
2017 2808 2130 2848 ma-

547 2907 715 2947 nuum
773 2891 948 2961 figuli.
1012 2891 1078 2945 Et
1126 2889 1266 2946 forte
1313 2899 1535 2959 propter
1567 2890 1667 2944 hoc
1717 2889 1819 2944 iste
1860 2888 1949 2956 qui
2004 2886 2127 2940 talis

547 2994 655 3050 est,
689 2985 1005 3054 increpatur
1036 2984 1105 3038 ab
1138 2983 1421 3053 Apostolo,
1460 2982 1614 3052 quasi
1648 2982 1739 3052 qui
1778 2997 1998 3036 sensum
2033 2983 2130 3034 ha-

549 3077 690 3131 bcns
721 3075 922 3128 luteum
948 3085 1002 3130 et
1039 3085 1334 3142 terrenum,
1363 3075 1430 3128 de
1459 3073 1667 3143 magnis
1695 3083 1748 3127 et
1785 3073 1849 3127 iis
1889 3087 2006 3142 qua:
2034 3086 2128 3124 ca-

548 3183 680 3239 pere
703 3184 810 3222 non
845 3177 1042 3237 potest,
1073 3179 1282 3238 quaerat
1311 3179 1367 3222 et
1404 3169 1550 3223 dicat
1579 3185 1592 3221 :
1630 3185 1648 3220 ι
1690 3166 1830 3233 Quid
1876 3183 2006 3238 ergo
2035 3169 2128 3221 ad-

551 3238 660 3314 huc
683 3257 1076 3327 conqueritur?
1105 3257 1380 3312 Voluntati
1401 3256 1546 3311 enim
1572 3255 1688 3324 ejus
1712 3255 1834 3324 quis
1858 3253 2124 3308 resistit?»
2160 3238 2206 3300 C

549 3348 650 3403 Cui
679 3347 980 3418 Apostolus
1018 3347 1175 3417 quasi
1228 3347 1374 3402 luteo
1411 3345 1691 3416 respondit
1717 3346 1761 3377 ”
1792 3363 1806 3400 :
1843 3365 1859 3395 ι
1899 3344 1978 3399 Tu
2015 3343 2138 3414 quis

547 3454 631 3505 es,
657 3453 690 3493 ο
722 3439 908 3504 homo,
937 3439 1030 3508 qui
1065 3449 1262 3492 contra
1313 3438 1646 3506 respondeas
1696 3437 1807 3490 Deo
1833 3437 1856 3487 ?
1885 3435 2138 3504 Nunquid

547 3531 682 3586 dicit
714 3531 1028 3602 ﬁgmentum
1073 3531 1121 3586 ei
1172 3531 1266 3602 qui
1320 3546 1380 3586 se
1431 3530 1608 3596 ﬁnxit,
1633 3529 1772 3597 Quid
1823 3543 1908 3583 me
1958 3529 2135 3582 fecisti

547 3624 669 3679 sic?
701 3643 722 3676 ι
769 3624 978 3678 Dicitur
1005 3633 1270 3694 prteterea
1297 3638 1498 3693 corpus
1531 3630 1777 3677 nostrum
1811 3637 1903 3674 vas
1952 3621 2135 3685 fictile,

547 3719 663 3773 sive
691 3717 856 3772 etiam
889 3717 1022 3787 legis
1058 3719 1262 3784 littera,
1292 3717 1346 3771 in
1371 3731 1436 3771 eo
1459 3717 1600 3786 quod
1634 3717 1711 3770 ait
1738 3715 2030 3784 Apostolus
2051 3715 2094 3746 ³ο
2119 3729 2135 3766 :

553 3829 572 3862 ι
608 3811 880 3866 Habentes
909 3822 1090 3865 autem
1123 3811 1436 3865 thesaurum
1474 3813 1619 3866 lnmc
1668 3810 1722 3864 in
1760 3815 1906 3864 vasis
1959 3809 2130 3863 ﬁctili-

549 3905 669 3957 bus.
713 3922 732 3954 ι
773 3901 1072 3970 Utrumque
1107 3903 1252 3956 enim
1304 3903 1356 3956 in
1409 3904 1511 3958 hoc
1558 3917 1810 3958 sermone
1841 3901 2011 3971 accipi
2045 3918 2139 3970 po-

552 4005 683 4062 test,
725 4005 780 4050 et
811 3997 957 4066 quod
996 3996 1050 4050 in
1091 4010 1321 4066 corpore
1367 3997 1523 4051 nobis
1576 3997 1770 4064 positis
1819 3998 2136 4050 thesaurum

552 4085 744 4154 gratia:
769 4100 866 4155 per
889 4083 1153 4154 Spiritum
1184 4096 1432 4141 sanctum
1474 4085 1734 4141 Dominus
1762 4087 2046 4157 largiatur,
2085 4094 2138 4140 et

551 4176 696 4245 quod
737 4176 788 4230 in
823 4177 1168 4233 sermonibus
1201 4177 1358 4247 legis,
1384 4177 1477 4246 qui
1509 4178 1638 4232 viles
1664 4188 1719 4232 et
1748 4180 1797 4232 in
1829 4186 2135 4246 contemptu

555 4269 830 4323 habentur
863 4283 960 4338 pro
985 4284 1049 4325 eo
1079 4269 1220 4339 quod
1256 4269 1406 4324 nulla
1436 4279 1552 4324 arte
1583 4272 1936 4339 grammatica
1967 4288 2134 4343 expo-

553 4359 632 4414 liti
668 4359 944 4427 videntur,
973 4361 1287 4416 reconditus
1318 4361 1388 4416 sit
1432 4361 1725 4418 thesaurus
1759 4365 2040 4432 sapientia:
2080 4375 2134 4421 et

551 4451 796 4506 scientiae
828 4451 961 4516 Dei;
1012 4452 1085 4505 ita
1147 4459 1205 4504 ut
1261 4451 1459 4506 merito
1499 4452 1605 4506 dici
1642 4455 1840 4522 possit,
1891 4457 2035 4524 quod
2083 4457 2133 4510 in

551 4542 685 4608 ipsis
733 4542 845 4595 sint
878 4541 1118 4596 thesauri
1159 4541 1460 4612 sapientia),
1519 4554 1578 4597 et
1623 4544 1866 4600 scientia:
1889 4548 1978 4600 Dei
2012 4551 2132 4605 abs-

550 4631 757 4684 conditi
789 4632 857 4686 ³³.
925 4632 1052 4687 Haec
1098 4633 1259 4688 nobis
1291 4633 1434 4688 dicta
1481 4635 1589 4688 sint
1629 4634 1695 4687 dc
1737 4635 2130 4706 confractione,

551 4737 672 4792 qua:
703 4737 949 4779 cessasse
979 4733 1312 4780 memoratur
1346 4743 1359 4778 :
1393 4742 1535 4780 nunc
1564 4736 1743 4781 autem
1769 4745 1937 4798 pauca
1970 4732 2132 4786 etiam

557 4816 622 4870 de
653 4815 904 4884 sequenti
949 4815 1175 4872 historia
1219 4819 1577 4884 disseramus,
1611 4819 1663 4873 in
1701 4837 1808 4890 qua
1861 4822 2132 4893 virgarum

552 4908 1006 4962 commemoratio
1039 4908 1421 4964 introducitur.

623 4995 676 5049 7.
697 4997 773 5048 t"
791 4997 855 5050 Et
885 4999 1094 5052 locutus
1117 5010 1202 5053 est
1229 4999 1489 5055 Dominus
1523 5003 1588 5055 ad
1621 5002 1864 5074 Moysen,
1895 5005 2081 5060 dicens
2118 5026 2131 5062 :

551 5083 802 5158 Loquere
836 5087 964 5142 ﬁliis
1009 5088 1198 5155 Israel,
1234 5099 1286 5143 et
1341 5092 1529 5160 accipe
1581 5091 1648 5146 ab
1680 5093 1759 5147 eis
1790 5093 1997 5160 virgam
2040 5110 2136 5163 per

621 5258 669 5292 ⁹⁶
698 5259 898 5314 Thren.
933 5275 1007 5322 tv,
1035 5258 1088 5314 Ξ.

551 5333 596 5364 υ
625 5330 784 5385 Νυιιι.
817 5345 952 5398 xvu,
983 5330 1088 5384 1-5.

1168 5260 1210 5292 ³⁷
1237 5259 1276 5313 Il
1305 5259 1444 5314 Tim.
1479 5277 1540 5317 tt.
1577 5261 1666 5315 ‘20.

1167 5330 1208 5362 ³³
1231 5329 1392 5388 lCor.
1417 5347 1489 5396 tv,
1518 5330 1606 5384 21.

1745 5261 1790 5292 ’⁸
1821 5261 1950 5316 ibid.
1993 5264 2083 5321 21.

625 5468 702 5541 (2)
733 5466 826 5541 Ινξεί
855 5468 994 5541 enim
1021 5469 1163 5538 uirga
1195 5485 1322 5522 una.
1345 5467 1446 5541 Sic
1484 5479 1632 5523 recte
1665 5473 1820 5526 codd.
1855 5487 1985 5526 mss.
2017 5473 2134 5527 Bel--

551 5537 819 5602 Vat-ensis,
852 5537 1183 5592 Turonensis
1232 5549 1286 5593 et
1338 5540 1703 5602 Ebroicensis,
1734 5553 1788 5595 ut
1843 5542 1894 5594 in
1947 5544 2133 5598 (ἐντερο

553 5620 725 5692 testu,
755 5609 871 5692 Eos:
910 5608 1019 5690 γὰρ
1049 5609 1242 5690 ῥάϐδος
1273 5610 1392 5679 μία.
1422 5609 1558 5664 Male
1593 5610 1646 5664 in
1675 5623 1835 5666 antea
1865 5613 2026 5668 cditis
2055 5613 2136 5670 le-

553 5689 718 5747 gitur,
749 5701 766 5730 ι
800 5689 998 5734 etenim
1025 5689 1230 5746 virgam
1259 5695 1443 5732 unam.
1478 5698 1498 5732 ι

625 5749 700 5815 i3)
727 5751 927 5803 Omnes
954 5766 1110 5815 mss.,
1151 5768 1170 5800 ι
1206 5749 1497 5804 auditorio.
1541 5769 1556 5801 ι
1600 5748 1756 5804 Libb.
1783 5752 1935 5813 editi,
1977 5771 1995 5803 ‹
2039 5753 2134 5805 ad-

549 5817 772 5887 jutoiio.
809 5819 975 5875 Paulo
1003 5831 1122 5890 post
1157 5835 1286 5878 mss.
1325 5839 1344 5874 ι
1389 5835 1489 5893 per
1520 5822 1857 5880 occidentem
1896 5823 2134 5879 litteram

2162 5270 2205 5299 ’θ
2233 5268 2392 5324 Rom.
2424 5285 2498 5336 ix,
2535 5271 2600 5325 l9
2626 5279 2679 5326 et
2701 5269 2792 5323 20.

2229 1994 2410 2044 suam,
2447 1981 2539 2034 sed
2595 1995 2734 2040 unus
2767 1978 2916 2032 solus
2952 1987 3059 2040 cst,
3097 1977 3238 2030 sicut
3293 1973 3564 2042 Scriptura
3607 1972 3736 2034 refert,

2231 2073 2476 2142 pontifex
2505 2073 2685 2128 Aaron
2719 2073 2872 2141 cujus
2910 2071 3057 2138 virga
3084 2068 3432 2140 germinavit.
3465 2067 3737 2131 Verumque-

2231 2160 2399 2221 niam,
2427 2169 2484 2212 ut
2511 2176 2652 2230 saepe
2682 2160 3044 2224 ostendimus,
3087 2173 3250 2212 verus
3273 2155 3518 2226 pontifex
3558 2155 3738 2209 Christus

2233 2263 2336 2317 est,
2372 2252 2486 2321 ipse
2520 2253 2670 2307 solus
2703 2261 2805 2316 est,
2855 2253 3009 2320 cujus
3051 2251 3199 2319 virga
3245 2251 3436 2302 crucis
3478 2263 3574 2301 non
3615 2249 3733 2301 solum

2233 2345 2580 2415 germinavit,
2607 2343 2699 2398 sed
2729 2354 2782 2397 et
2811 2342 3013 2406 floruit,
3046 2352 3099 2396 et
3131 2357 3324 2395 omnes
3351 2341 3449 2394 hos
3478 2339 3736 2392 credentium

2233 2437 2554 2506 populorum
2594 2435 2778 2488 attulit
2805 2435 3035 2490 fructus.
3071 2435 3203 2501 Quis
3241 2443 3427 2486 autem
3458 2432 3548 2484 iste
3572 2442 3638 2484 est
3667 2430 3736 2482 frc-

2233 2538 2373 2593 ctus,
2395 2543 2553 2598 quem
2579 2527 2792 2580 attulit?
2822 2526 3023 2590 Nuces,
3053 2526 3252 2594 inquit,
3279 2524 3375 2594 qui
3412 2521 3601 2575 fructus
3619 2522 3736 2589 primo

2233 2623 2449 2692 quidem
2485 2621 2806 2676 indumento
2837 2637 3056 2676 amarus
3101 2630 3184 2674 est
3227 2638 3240 2674 :
3274 2617 3524 2686 sequenti
3569 2616 3737 2668 munitur

2235 2723 2289 2767 et
2322 2712 2544 2782 tegitur.
2571 2711 2757 2766 Tertio
2794 2719 3100 2764 sumentem
3135 2709 3315 2778 pascit
3362 2723 3425 2761 ac
3453 2707 3617 2758 nutrit.
3640 2703 3736 2756 Tatii

2235 2818 2363 2872 ergo
2387 2815 2470 2857 est
2515 2803 2570 2856 in
2608 2802 2878 2857 auditorio
2916 2801 2993 2873 (ὅ)
3023 2799 3225 2856 Christi
3263 2799 3517 2854 doctrina
3556 2795 3663 2866 legis
3699 2805 3732 2847 et

2236 2897 2655 2966 prophetarum.
2694 2895 2877 2950 Prima
2910 2895 3106 2948 littera:
3137 2893 3310 2947 facies
3339 2892 3471 2946 satis
3499 2905 3646 2942 amara
3668 2899 3734 2948 εει,

2235 3005 2355 3059 qua:
2386 2988 2859 3045 circumcisionem
2890 2986 3077 3040 carnis
3112 2986 3386 3055 praecipit,
3413 2999 3525 3052 qua:
3548 2983 3600 3036 de
3619 2983 3733 3035 sacri-

2237 3082 2376 3136 liciis
2407 3080 2650 3144 mandat,
2687 3087 2742 3134 et
2769 3088 2963 3134 caetera
2998 3092 3120 3146 qua:
3149 3091 3248 3146 per
3288 3077 3607 3130 occidentem
3643 3071 3736 3125 lineo

2237 3188 2354 3227 ram
2389 3172 2772 3238 designantur.
2828 3170 2952 3226 Haec
3013 3170 3199 3224 omnia
3256 3178 3514 3236 tanquam
3561 3180 3733 3218 amarum

2240 3265 2393 3320 nucis
2439 3264 2696 3318 corticem
2751 3261 2970 3330 projice.
3001 3259 3257 3315 Secundo
3290 3260 3346 3313 in
3385 3259 3499 3312 loco
3528 3257 3584 3309 ad
3617 3256 3735 3307 muni-

2240 3367 2422 3412 menta
2451 3368 2600 3411 testa:
2630 3357 2936 3426 pervenies,
2969 3355 3021 3408 in
3056 3370 3162 3424 quo
3181 3355 3262 3409 vel
3295 3352 3514 3407 moralis
3544 3349 3733 3409 doctrina,

2241 3450 2322 3502 vel
2355 3449 2492 3502 ratio
2525 3448 2878 3502 continentiae.
2926 3448 3265 3517 designatur.
3331 3445 3462 3510 Quae
3506 3441 3733 3496 necessaria

2239 3540 2456 3608 quidem
2499 3549 2624 3594 sunt
2673 3540 2738 3591 ad
2783 3539 3082 3592 custodiam
3135 3552 3330 3592 eorunt
3381 3551 3496 3605 qua:
3530 3539 3735 3587 servantur

2240 3632 2590 3697 intrinsecus,
2642 3631 2942 3700 frangenda
2989 3632 3320 3698 quandoque
3365 3639 3537 3682 tamen
3585 3635 3627 3677 et
3662 3622 3735 3673 sine

2237 3723 2406 3778 dubio
2435 3724 2776 3778 dissolveuda
2809 3733 2955 3778 sunt.
2979 3724 3047 3778 Ut
3077 3723 3123 3777 si
3159 3721 3312 3774 verbi
3346 3720 3510 3788 gratia
3544 3717 3735 3773 dicamus,

2240 3815 2573 3870 abstinentia
2623 3815 2898 3880 ciborum,
2931 3825 2984 3870 et
3016 3815 3302 3883 castigatio
3346 3809 3594 3878 corporis.
3620 3805 3733 3857 dent!

2238 3921 2428 3960 smnus
2464 3907 2515 3959 in
2544 3923 2773 3976 corpore
2807 3909 2910 3960 isto
2939 3904 3288 3974 corruptibili
3323 3911 3381 3957 et
3409 3898 3638 3970 possibili,
3662 3894 3736 3945 sine

2239 3997 2402 4050 dubio
2426 3999 2735 4052 necessaria
2769 4009 2874 4052 est.
2914 3996 3050 4051 Cum
3093 4005 3274 4049 autetn
3331 3990 3638 4046 confractum
3663 3985 3736 4036 lue.

2241 4092 2310 4144 rit
2342 4105 2406 4146 ac
2441 4092 2765 4155 resolutum,
2805 4099 2859 4143 et
2893 4087 3319 4144 resurrectionis
3369 4096 3592 4151 tempore
3616 4080 3732 4131 incor-

2240 4182 2498 4252 ruptibile
2543 4197 2607 4235 ex
2655 4181 2995 4252 corruptibili
3035 4179 3338 4242 redditum,
3391 4186 3543 4244 atque
3578 4188 3626 4226 ex
3662 4169 3734 4221 ani-

2239 4275 2362 4329 mali
2405 4273 2647 4344 spiritale
2675 4293 2686 4327 :
2723 4291 2830 4330 non
2864 4275 2974 4342 jam
3008 4273 3191 4327 labore
3215 4269 3534 4334 aﬁlictionis,
3559 4279 3634 4318 nec
3657 4261 3720 4314 ab!

2241 4370 2477 4423 tiucutiae
2512 4370 2891 4438 castigatione,
2929 4370 3023 4424 sed
3070 4367 3358 4438 qualitate,
3392 4365 3530 4419 nulla
3554 4364 3734 4430 jamcor-

2241 4461 2354 4531 pori
2388 4461 2692 4529 corruptela
2739 4460 3108 4514 dominabitur
3137 4457 3235 4528 (σί).
3287 4457 3384 4511 Sic
3422 4468 3542 4525 ergo
3569 4461 3612 4504 et
3643 4459 3733 4501 uiuit

2243 4554 2552 4608 necessaria
2585 4553 2934 4608 abstinentia:
2967 4552 3104 4606 ratio
3128 4552 3365 4613 videtur,
3395 4561 3448 4603 et
3476 4543 3733 4618 postmodum

2246 4661 2350 4698 non
2380 4646 2688 4712 quzerenda.
2719 4644 2905 4698 Tertio
2931 4652 3108 4698 autem
3147 4643 3265 4696 loco
3296 4642 3613 4696 reconditum
3637 4635 3674 4685 in
3696 4631 3735 4679 iis

2244 4734 2494 4789 invenies
2545 4745 2599 4787 et
2655 4742 2930 4786 secretum
2983 4732 3373 4802 mysteriorum
3431 4725 3666 4796 sapientia:
3703 4729 3736 4768 ct

2243 4825 2486 4881 scientia:
2521 4824 2614 4879 Dei
2656 4841 2901 4890 sensum,
2935 4840 3042 4894 quo
3079 4825 3396 4878 nutriantur
3427 4833 3479 4876 et
3525 4821 3736 4888 pastanlllr

2241 4917 2436 4970 animae
2466 4927 2780 4972 sanctorum
2835 4932 2940 4969 non
2977 4915 3153 4969 solum
3189 4915 3240 4968 itt
3271 4913 3517 4983 prmsenti
3556 4901 3733 4967 vita,sol

2243 5008 2412 5061 etiam
2445 5009 2496 5061 in
2536 5008 2739 5062 futura.
2776 5008 2884 5062 Iste
2914 5009 3060 5060 enint
3111 5017 3192 5060 cst
3237 4999 3733 5074 pontiﬁcalisfrmtns,

2247 5099 2312 5153 de
2339 5115 2446 5169 quo
2477 5100 2816 5170 promittitur
2853 5100 2918 5154 iis
2953 5099 3044 5170 qui
3069 5099 3316 5153 csuriunt
3346 5106 3401 5150 et
3430 5094 3598 5149 sitiunt
3627 5085 3734 5155 justi-

2873 5270 2917 5301 ³⁰
2947 5268 2987 5324 ιι
3017 5267 3143 5323 Cor.
3183 5282 3260 5331 tv,
3301 5265 3350 5320 7.
3429 5263 3470 5294 ³¹
3505 5258 3601 5315 Col.
3633 5269 3675 5317 ιι,
3696 5249 3728 5305 3.

2233 5476 2607 5546 designantur.
2638 5497 2654 5528 ι
2678 5475 2833 5530 Libb.
2864 5475 3018 5541 editi,
3041 5493 3060 5525 ι
3082 5489 3179 5544 per
3208 5473 3532 5528 occidentem
3562 5467 3728 5520 litterati

2235 5545 2696 5602 demonstrantur.
2745 5565 2764 5597 ι

2307 5617 2385 5740 (42
2447 5617 2621 5671 Codd.
2676 5616 3046 5678 Ebroicensis,
3089 5611 3434 5668 Bclvacensis
3479 5619 3526 5663 et
3564 5605 3727 5686 Τιμιοξιοι

2307 5703 2360 5740 .et
2404 5687 2664 5740 qualitate
2686 5689 2770 5740 sui
2799 5687 2942 5740 nulla
2965 5685 3080 5740 iam
3114 5682 3330 5740 corpori
3356 5673 3648 5740 corruptibili
3670 5681 3725 5723 *εί

2240 5707 2258 5740 t
2285 5673 2381 5742 sed
2404 5687 2664 5756 qualitate
2686 5689 2770 5742 ειιὶ
2799 5687 2942 5742 nulla
2965 5673 3080 5755 iam
3114 5682 3330 5753 corpori
3356 5673 3648 5749 corruptibili
3670 5673 3725 5723 is:

2246 5758 2621 5816 loutittabitur.
2665 5776 2687 5813 ι
