3914 6522
171 401 258 457 655

1299 392 1365 446 1N
1403 388 1734 447 NUMEROS
1773 385 2053 445 HOMILIA
2096 388 2186 444 lX.

3285 383 3387 438 671i

173 520 301 580 tiam,
329 513 576 584 quoniam
607 513 1003 567 saturalmntnr
1030 512 1096 566 ³⁵.
1125 511 1237 566 Hoc
1263 512 1425 581 igitur
1453 511 1612 565 modo
1651 510 1702 563 in
1735 513 1781 564 Α
1808 507 1978 576 gloria
2013 524 2029 560 :
2066 517 2120 560 et
2148 505 2476 560 seminatum
2528 519 2728 572 corpus
2759 501 3014 569 animale,
3040 509 3234 571 surgat
3274 516 3390 556 cor-

175 605 440 674 Scripturis
486 602 738 657 omnibus
773 602 1003 670 triplicis
1032 600 1193 669 hujus
1225 601 1547 656 sacramenti
1577 600 1716 653 ratio

171 696 436 771 percurrit.
471 695 562 750 Sic
605 706 661 749 et
708 695 986 764 Sapientia
1027 702 1211 749 monet
1249 695 1320 762 ³⁸,
1354 702 1414 748 ut
1443 693 1717 748 describa-

173 807 275 846 mus
293 788 524 843 eanobis
543 789 595 841 in
623 788 788 842 corde
817 787 1124 857 tripliciter,
1155 787 1223 839 ad
1257 786 1714 854 respondendum,

172 880 347 950 inquit,
379 879 604 934 verbum
633 880 881 933 veritatis
909 881 975 934 iis
1003 880 1095 948 qui
1130 879 1512 947 proposuerint
1538 877 1712 934 nobis.

173 974 251 1028 Sic
275 981 378 1025 tres
415 981 612 1039 puteos
639 969 774 1024 fodit
815 970 964 1024 lsaac
1011 970 1322 1040 patriarcha
1360 970 1404 1002 ³⁸
1435 986 1447 1022 :
1486 984 1715 1038 quorum

168 1065 296 1121 solus
323 1061 410 1115 ille
443 1061 631 1115 tertius
655 1062 724 1116 ab
753 1076 817 1116 eo
844 1061 1075 1116 latitudo
1108 1063 1194 1116 vel
1223 1061 1518 1131 amplitudo
1541 1060 1719 1115 nomi-

170 1165 328 1214 natur.
378 1153 513 1218 Quia
571 1164 753 1208 autem
811 1163 1212 1208 sacramentum
1255 1153 1590 1208 sacerdotale
1634 1162 1718 1207 est

170 1250 300 1317 virga
336 1246 509 1308 nucis,
568 1245 775 1298 idcirco
833 1245 1077 1299 arbitror
1112 1245 1277 1298 etiam
1313 1244 1608 1299 Jeremiam
1647 1244 1715 1308 ³⁷,

167 1339 246 1408 qui
289 1345 401 1390 erat
429 1350 568 1389 unus
601 1336 666 1390 de
705 1336 1082 1391 sacerdotibus
1111 1352 1173 1391 ex
1211 1335 1483 1400 Anathoh,
1517 1335 1720 1391 vidisse

168 1433 348 1497 virgam
378 1443 624 1492 noceam,
657 1438 712 1483 et
740 1432 1096 1499 prophetasse
1121 1430 1187 1483 de
1214 1443 1278 1483 ea
1313 1428 1403 1482 illa
1433 1444 1555 1498 quae
1582 1428 1722 1484 scri-

167 1530 244 1591 pta
269 1528 391 1575 sunt
424 1519 505 1573 vel
538 1522 603 1574 de
637 1521 786 1591 virga
822 1537 1012 1585 nucea,
1045 1522 1127 1577 vel
1165 1523 1230 1576 de
1267 1521 1464 1585 lebete,
1500 1522 1614 1574 sive
1651 1521 1720 1576 de

166 1612 256 1666 olla
287 1625 543 1665 succensa
573 1625 593 1663 :
628 1613 780 1681 quasi
816 1616 857 1667 si
893 1615 1211 1670 ostenderet
1239 1629 1336 1685 per
1361 1614 1475 1668 haec
1498 1614 1721 1684 invirga

167 1717 316 1756 nucea
344 1718 464 1757 esse
501 1705 693 1769 vitam,
723 1707 858 1760 etin
904 1706 1082 1761 lebete
1120 1721 1388 1762 succenso
1423 1720 1545 1760 esse
1578 1719 1721 1759 mor-

167 1806 279 1850 tem.
312 1793 428 1848 Vita
461 1797 606 1851 enim
652 1807 708 1852 et
757 1814 905 1854 mors
935 1799 1158 1868 ponitur
1210 1809 1338 1853 ante
1380 1798 1574 1852 faciem
1626 1812 1722 1851 no-

161 1899 334 1942 stram.
373 1887 555 1966 Et‘est
585 1891 695 1944 vita
728 1892 949 1960 quidem
991 1891 1244 1946 Christus
1281 1891 1334 1945 in
1379 1900 1720 1946 sacramento

162 1978 333 2031 aucis:
383 1994 530 2034 mors
573 1992 755 2036 antem
799 1982 1045 2036 diabolus
1079 1983 1134 2036 in
1178 1981 1350 2052 ﬁgura
1383 1981 1572 2036 lebetis
1605 1996 1721 2035 sue-

159 2067 310 2122 censi.
347 2069 406 2119 Si
444 2085 574 2141 ergo
620 2075 958 2140 peccaveris,
993 2075 1303 2142 portionem
1353 2083 1500 2126 tuam
1554 2086 1722 2140 pones

159 2176 267 2213 cum
299 2159 475 2218 lebete
500 2163 795 2231 succenso;
840 2167 1003 2236 300
1045 2167 1088 2220 si
1121 2173 1307 2235 autem
1353 2164 1495 2232 juste
1525 2165 1719 2234 egeris,

155 2251 410 2310 efﬁcietur
439 2259 618 2326 portio
650 2269 737 2312 tua
775 2261 827 2313 in
846 2261 995 2328 virga
1027 2273 1198 2313 nucea
1224 2274 1345 2314 cum
1372 2272 1566 2326 magno
1591 2271 1724 2325 pon-

160 2348 312 2399 tilire.
344 2346 454 2400 Sed
491 2358 543 2401 et
577 2350 629 2402 in
669 2348 911 2404 Canticis
941 2350 1275 2404 canticorum
1319 2348 1363 2380 ³⁸
1403 2363 1603 2417 sponsa
1634 2349 1726 2401 de-

156 2439 411 2492 scendere
447 2439 647 2493 dicitur
676 2442 726 2494 in
761 2442 976 2494 hortum
1007 2443 1184 2504 nucis,
1217 2441 1307 2494 ubi
1340 2441 1500 2494 etiam
1521 2440 1727 2508 pariter

155 2545 268 2583 cum
307 2531 543 2585 nucibus
569 2532 985 2586 saccrdotalium
1020 2534 1416 2601 quodammodo
1440 2547 1724 2602 pontorum

154 2621 355 2690 copiam
397 2623 762 2690 perscribitur
787 2625 1083 2678 invenisse.
1105 2621 1487 2677 Verumtamen
1522 2623 1588 2677 de
1619 2622 1727 2675 vir-

156 2715 251 2784 gis,
281 2722 337 2767 ut
361 2713 554 2769 dicere
589 2730 952 2784 coeperamus,
983 2731 1150 2770 unum
1174 2717 1424 2784 promisit
1457 2717 1598 2771 Deus
1622 2715 1730 2768 frn-

152 2812 287 2857 ctnm
321 2804 376 2858 in
425 2804 600 2874 virga,
629 2814 684 2858 et
722 2805 900 2874 plures
940 2805 1108 2860 dedit.
1144 2805 1250 2860 Sed
1295 2806 1564 2860 attendite
1606 2806 1729 2860 dili-

152 2895 377 2962 gentius,
420 2895 466 2948 si
515 2894 658 2950 forte
711 2897 982 2962 possimus
1031 2897 1414 2952 liberalitatem
1472 2897 1565 2952 Dei
1616 2897 1727 2951 lar-

153 2985 352 3051 giorem
391 2983 566 3039 etiam
606 2984 740 3052 ipsis
779 2985 894 3039 suis
935 2985 1389 3054 promissionibus
1431 2985 1661 3040 edoccre
1711 3003 1725 3039 :

154 3077 193 3129 si
218 3075 352 3130 forte
383 3086 439 3130 et
462 3092 533 3130 ex
563 3076 792 3130 iisillam
813 3076 1138 3132 ineffabilem
1164 3077 1462 3132 bonitatem
1499 3077 1588 3132 Dei
1613 3091 1732 3146 qua:

153 3169 204 3221 in
233 3167 536 3238 Scriptura:
586 3169 767 3223 littera
834 3185 1052 3240 semper
1094 3170 1309 3240 tegitur,
1354 3171 1538 3224 rimari
1572 3180 1732 3238 atque

153 3261 480 3331 investigare
517 3264 838 3332 poterimus,
861 3277 984 3316 cum
1015 3263 1301 3332 largiorem
1326 3263 1378 3316 in
1408 3264 1732 3332 praestando,

152 3366 306 3420 quam
349 3353 404 3406 in
439 3353 812 3422 promittendo
836 3353 1140 3407 videamus.

217 3444 269 3496 8.
305 3444 484 3513 Igitur
524 3458 702 3499 sermo
735 3443 1034 3512 Scriptura:
1067 3445 1135 3498 de
1167 3459 1270 3513 qua
1301 3459 1443 3498 nunc
1466 3443 1737 3513 loquimur

153 3542 218 3595 ita
251 3543 457 3598 habet:
505 3561 526 3594 ι
565 3541 771 3609 Eterit,
803 3544 997 3613 inquit,
1039 3550 1201 3600 homo
1223 3558 1606 3613 quemcunque
1628 3545 1738 3600 elc-

148 3651 295 3704 gero,
353 3636 513 3705 virga
567 3635 682 3703 ejus
739 3636 1070 3705 germinabit
1105 3636 1174 3690 ³⁹.
1229 3655 1248 3688 ι
1284 3635 1396 3691 Hoc
1441 3646 1524 3690 est
1561 3636 1736 3690 solum

152 3727 288 3793 quod
323 3726 584 3794 promisit
633 3727 794 3792 Deus,
842 3735 903 3780 ut
941 3727 1092 3796 virga
1136 3726 1253 3795 ejus
1292 3742 1456 3796 quem
1487 3728 1736 3798 elegerit,

148 3820 445 3886 germinet.
479 3818 580 3873 Ubi
615 3832 741 3873 vero
765 3819 832 3873 ad
866 3833 979 3873 rem
1017 3820 1233 3873 venitur
1255 3829 1314 3874 ut
1341 3821 1481 3889 quod
1516 3822 1742 3890 prornis-

150 3922 265 3960 sum
312 3917 404 3963 est
462 3910 794 3965 ostendatur
844 3909 1130 3978 impletum
1184 3928 1196 3962 :
1252 3924 1358 3964 non
1399 3926 1565 3964 unum
1611 3911 1740 3966 illud

146 4001 291 4068 quod
345 4003 690 4070 promissum
738 4002 918 4057 fuerat
950 4001 1204 4057 effectum
1241 4002 1460 4070 dicitur,
1497 4004 1593 4058 sed
1621 4005 1742 4059 vide

148 4097 352 4158 quanta
410 4095 719 4149 addantur.
758 4095 849 4148 Ait
880 4095 1027 4148 enim
1057 4111 1069 4146 :
1105 4111 1122 4142 ι
1167 4093 1230 4148 Et
1263 4109 1388 4149 ecce
1418 4097 1743 4165 germinavit

150 4182 298 4253 Virga
332 4184 536 4238 Aaron
564 4185 617 4238 in
654 4185 815 4239 domo
847 4184 975 4239 Levi
1004 4183 1070 4238 ⁸ο.
1109 4202 1129 4235 ι
1169 4184 1262 4238 Est
1291 4185 1392 4239 hoc
1423 4202 1586 4240 unum
1616 4187 1742 4242 illud

149 4279 266 4333 sine
298 4279 479 4332 dubio
513 4279 657 4346 quod
683 4277 858 4333 fuerat
883 4277 1308 4346 repromissum;
1352 4277 1445 4332 sed
1475 4277 1745 4334 adduntur

145 4382 201 4425 et
229 4372 365 4435 alia,
411 4382 475 4426 et
514 4371 716 4425 dicitur
747 4388 763 4426 :
799 4389 817 4421 ι
861 4370 927 4424 Et
970 4370 1225 4440 produxit
1268 4369 1488 4424 frondes
1521 4379 1576 4423 et
1617 4385 1744 4440 pro-

149 4463 274 4516 tulit
299 4462 509 4525 flores,
548 4473 604 4517 et
633 4463 960 4532 germinavit
1002 4477 1172 4517 nuces
1199 4460 1264 4513 δι.
1304 4479 1322 4510 ι
1358 4458 1492 4514 Cum
1519 4477 1650 4530 ergo
1680 4463 1745 4516 de

1819 612 1921 668 pus
1953 597 2200 667 spiritale
2225 597 2296 649 δ’.
2331 596 2438 651 Ista
2471 606 2600 651 sunt
2645 605 2882 664 quatuor
2909 609 3030 663 quae
3062 595 3210 663 virga
3250 591 3391 648 aridi

1817 691 2070 758 corporis
2099 690 2270 744 nostri
2295 691 2350 744 in
2376 689 2786 745 resurrectione
2813 686 3161 757 germinahit.
3193 685 3304 740 Sed
3337 693 3390 738 et

1819 780 1948 836 illud
1976 781 2216 836 secundo
2241 781 2295 834 in
2319 780 2436 834 loco
2453 779 2729 842 dicemus;
2761 779 2911 847 quia,
2933 778 3072 832 sicut
3097 777 3149 830 in
3180 777 3245 831 iis
3267 789 3393 844 pro—

1819 873 2132 928 missionem
2157 888 2312 928 suam
2343 870 2484 926 Deus
2507 871 2559 924 in
2593 869 2948 939 clitadruplum
2979 870 3124 924 dedit
3146 878 3202 922 et
3227 867 3394 921 multo

1819 968 1973 1036 plura
2005 976 2061 1022 et
2089 967 2413 1036 pretiosiora
2447 963 2674 1033 largitus
2696 973 2776 1016 est
2813 977 2972 1031 quam
3023 961 3289 1030 promisit,
3318 960 3394 1014 ita

1819 1059 1992 1114 tnulto
2018 1059 2189 1128 magis
2229 1057 2282 1110 in
2311 1057 2566 1110 omnibus
2596 1053 2892 1122 Scriptum
2919 1052 3073 1116 locis,
3095 1051 3182 1103 nhi
3213 1049 3393 1118 aliqua

1818 1151 1912 1204 Dei
1942 1150 2238 1216 promissio
2287 1146 2626 1210 continetur,
2671 1145 2714 1198 si
2760 1145 2883 1214 quis
2933 1152 3113 1194 tamen
3163 1141 3229 1195 ad
3272 1152 3394 1193 eam

1811 1242 2107 1313 pervenire
2137 1250 2434 1305 mereatur,
2466 1241 2521 1292 in
2553 1237 2736 1291 futuro
2768 1234 3140 1303 multipliciter
3185 1245 3393 1301 praepa-

1819 1335 2062 1398 rabitur;
2099 1343 2155 1388 et
2179 1334 2260 1387 sic
2293 1346 2422 1386 vere
2449 1328 2809 1402 complebitur
2840 1326 2969 1380 illud
2996 1325 3135 1394 quod
3162 1324 3396 1392 Aposto-

1821 1425 1904 1479 lus
1939 1425 2071 1480 dicit
2103 1424 2171 1488 ⁸³,
2202 1425 2330 1493 quia
2363 1441 2381 1475 ε
2413 1422 2603 1477 oculus
2641 1435 2748 1474 non
2779 1418 2935 1483 vidit,
2976 1432 3076 1470 nec
3105 1416 3253 1469 auris
3303 1429 3400 1467 au-

1819 1517 1978 1580 divil,
2012 1531 2114 1571 nec
2141 1516 2196 1570 in
2230 1531 2329 1570 cor
2365 1515 2602 1569 hominis
2625 1513 2891 1577 ascendit,
2922 1525 3042 1578 quae
3075 1505 3399 1577 praeparavit

1826 1606 1967 1660 Deus
1991 1606 2058 1659 iis
2087 1607 2178 1675 qui
2210 1606 2444 1675 diligunt
2478 1619 2624 1657 eum.
2662 1621 2680 1654 ι
2715 1600 2850 1654 Vide
2875 1614 3007 1668 ergo
3027 1604 3228 1664 quanta
3263 1592 3396 1655 sint,

1819 1710 1878 1754 et
1903 1698 2108 1768 qualia,
2143 1713 2265 1767 qua:
2306 1713 2413 1753 non
2455 1696 2626 1751 solum
2659 1694 2843 1748 videre
2877 1701 2932 1746 et
2973 1689 3162 1744 audire
3193 1683 3395 1739 nemini

1824 1792 1998 1857 licnit,
2031 1791 2122 1845 sed
2148 1805 2214 1844 ne
2241 1790 2294 1844 in
2328 1804 2422 1844 cor
2445 1789 2682 1860 quidem,
2711 1787 2766 1840 id
2797 1794 2881 1840 est
2921 1783 2987 1837 ad
3015 1778 3399 1852 cogitationem

1753 1861 1794 1915 Β
1827 1887 2120 1939 humanam
2151 1883 2326 1952 potuit
2354 1880 2670 1935 ascendere.
2707 1877 2832 1931 Sive
2862 1892 2994 1944 ergo
3037 1886 3260 1936 terram,
3289 1871 3403 1924 sive

1822 1974 2020 2029 omium
2049 1973 2279 2035 dixeris,
2305 1970 2421 2024 sive
2445 1969 2612 2022 solem
2642 1967 2788 2021 hunc
2815 1973 2870 2018 et
2897 1963 3157 2031 fulgorem
3176 1955 3404 2012 visibilis

1831 2066 2074 2129 luminis,
2105 2066 2288 2118 omnia
2321 2067 2437 2117 hazc
2467 2061 2660 2115 oculos
2687 2059 2844 2122 vidit,
2887 2065 2941 2110 et
2975 2055 3122 2109 auris
3151 2051 3357 2105 audivit
3385 2063 3398 2098 :

1822 2167 1878 2211 et
1909 2172 2014 2210 non
2047 2160 2273 2223 possunt
2315 2166 2434 2207 esse
2459 2165 2526 2204 ex
2563 2149 2668 2202 illis
2711 2161 2832 2215 quae
2878 2142 3068 2198 oculus
3106 2154 3212 2193 non
3248 2136 3405 2201 vidit,

1827 2265 1924 2304 nec
1967 2247 2115 2300 auris
2164 2244 2394 2308 audivit,
2437 2257 2537 2296 nec
2587 2241 2640 2293 itt
2701 2252 2798 2292 cor
2852 2234 3087 2290 hominis
3137 2227 3403 2284 ascendit.

1826 2339 2239 2408 Transgredere
2269 2350 2399 2405 ergo
2430 2335 2544 2388 hmc
2571 2332 2776 2395 omnia,
2807 2337 2861 2384 et
2893 2323 3216 2382 transcende
3245 2332 3406 2374 omne

1825 2432 2084 2501 quidquid
2125 2430 2300 2490 vides,
2337 2425 2594 2493 quidquid
2618 2422 2796 2488 audis,
2831 2416 3091 2488 quidquid
3119 2414 3282 2469 etiam
3311 2424 3407 2501 co-

1826 2500 2000 2590 gitare
2024 2529 2197 2589 potes,
2238 2527 2294 2573 et
2325 2516 2453 2571 illud
2479 2515 2620 2569 scito
2651 2527 2772 2567 esse
2796 2509 3090 2578 repositum
3121 2506 3186 2559 iis
3203 2502 3296 2571 qui
3327 2500 3411 2552 di-

1827 2612 2004 2682 ligunt
2041 2611 2231 2674 Deum,
2261 2609 2403 2678 quod
2437 2623 2535 2662 nec
2563 2606 2628 2660 ad
2663 2601 3061 2672 cogitationem
3099 2595 3279 2649 cordis
3332 2590 3406 2643 tui

1827 2703 2000 2772 quivit
2035 2703 2352 2756 ascendere.
2384 2699 2536 2754 Unde
2569 2712 2670 2766 ego
2705 2695 2942 2748 arbitror
2970 2688 3100 2743 nihil
3139 2689 3190 2740 in
3219 2683 3409 2752 hujus-

1829 2794 1973 2849 modi
2015 2791 2529 2862 repromissionibus
2577 2791 2642 2842 de
2669 2787 2830 2839 rebus
2858 2779 3232 2850 corporalibus
3259 2772 3408 2842 cogi-

1831 2887 2074 2940 tandum.
2110 2884 2266 2938 ltatio
2300 2883 2443 2937 enim
2481 2879 2720 2933 materia:
2746 2872 3042 2942 corporalis
3071 2884 3177 2923 non
3209 2873 3406 2932 usque-

1830 2991 2046 3046 quaque
2078 2989 2296 3031 sensum
2329 2973 2578 3027 huznana:
2601 2961 3190 3037 cogitationisrffngere
3206 2965 3408 3027 potest,

1830 3070 1923 3122 sed
1961 3069 2049 3120 illa
2075 3075 2336 3133 suntque:
2359 3064 2426 3117 ad
2457 3061 2652 3115 nullius
2677 3072 2922 3117 sensum,
2954 3054 3149 3108 nullius
3172 3066 3264 3104 cor
3290 3063 3411 3117 pos-

1837 3172 1963 3216 sunt
1993 3160 2290 3214 ascendere
2321 3170 2442 3226 quae
2470 3154 2524 3208 in
2565 3151 2680 3208 sola
2707 3150 2799 3204 Dei
2831 3146 3096 3216 sapientia
3129 3143 3412 3196 continen-

1841 3261 1946 3306 tur.
1979 3249 2192 3304 Etenim
2230 3248 2498 3301 videbitur
2525 3245 2626 3296 hac
2667 3240 2876 3295 rati0ne
2924 3236 3066 3306 quod
3101 3229 3415 3303 promissio-

1837 3359 1964 3397 num
1997 3343 2135 3394 bona
2159 3339 2352 3409 majori
2381 3337 2542 3392 modo
2571 3350 2732 3404 quam
2767 3330 3041 3407 promissa
3091 3334 3239 3389 sunt,
3281 3325 3415 3376 dan—

1840 3444 1926 3488 tur
1955 3450 1968 3486 :
2001 3432 2250 3486 similiter
2286 3440 2340 3484 et
2395 3442 2567 3498 poma:
2603 3440 2721 3496 qua:
2768 3421 3143 3492 peccatoribus
3189 3411 3417 3471 commi-

1839 3536 2064 3592 nantur,
2097 3522 2475 3592 multiplicatis
2517 3518 2852 3574 cruciatibus
2899 3511 3196 3566 itil'erendte
3249 3515 3412 3568 sunt;

1838 3619 1978 3674 sicut
2005 3616 2136 3671 etin
2179 3613 2576 3684 superioribus,
2615 3609 2706 3662 ubi
2737 3621 2912 3661 anuus
2937 3617 3034 3672 pro
3081 3601 3168 3654 die
3211 3599 3278 3651 ad
3301 3596 3418 3648 vin-

1839 3709 2038 3764 dictam
2084 3706 2327 3776 ponitur,
2351 3701 2702 3772 exposuimus
2747 3715 2763 3752 :
2816 3696 2917 3750 nisi
2967 3695 3010 3748 si
3042 3692 3165 3761 quis
3195 3689 3416 3744 tertium

1839 3800 2041 3868 aliquid
2077 3811 2237 3866 posse
2281 3795 2398 3850 fieri
2426 3794 2648 3865 c0gitet,
2681 3790 2942 3860 colligens
2989 3787 3169 3854 aliqua
3210 3781 3400 3837 solatia

1840 3908 1903 3946 ex
1931 3892 1995 3945 iis
2023 3905 2143 3960 quae
2177 3889 2231 3942 in
2259 3885 2680 3941 comminatione
2712 3898 2800 3946 ea,
2826 3894 2947 3949 quae
2981 3879 3048 3932 ad
3082 3875 3245 3931 David
3279 3873 3418 3926 facta

1841 3994 1925 4041 est
1950 3984 2015 4048 δ”,
2043 3983 2426 4038 continentur:
2459 3977 2549 4032 ubi
2583 3975 2760 4029 triduo
2783 3971 3130 4042 pronuntiata
3164 3976 3247 4021 est
3278 3980 3422 4019 mor-

1845 4078 1914 4132 tis
1940 4077 2135 4130 futura:
2160 4073 2415 4134 vastatio,
2445 4079 2501 4124 et
2534 4069 2678 4123 intra
2720 4081 2814 4121 sex
2847 4066 3012 4118 horas
3047 4059 3418 4116 abbreviatum

1847 4172 2057 4224 videtur
2098 4178 2309 4236 tempus
2358 4179 2483 4219 esse
2512 4159 2782 4230 supplicii.
2817 4158 2924 4212 Sed
2969 4157 3084 4209 haec
3128 4153 3220 4208 tibi
3252 4153 3420 4220 proli-

1845 4279 1971 4318 cere
2002 4269 2248 4331 possunt,
2285 4259 2376 4313 ubi
2407 4255 2744 4327 poenitentiae
2779 4264 2987 4320 tempus
3017 4258 3071 4304 et
3095 4244 3422 4301 satisfactio-

1848 4357 1931 4411 nis
1955 4354 2274 4410 conceditur
2303 4351 2476 4406 locus.
2507 4347 2784 4403 Scribitur
2810 4344 2856 4377 “
2881 4354 3062 4398 tatneu
3094 4341 3238 4394 Deus
3267 4336 3422 4391 malis

1847 4449 2066 4520 quidem
2100 4446 2333 4501 reddens
2370 4445 2422 4498 in
2449 4442 2670 4498 tertiam
2702 4450 2756 4494 et
2781 4447 3031 4508 quartam
3069 4431 3384 4502 progeniem

143 4553 263 4609 solo
288 4557 558 4624 germine
581 4554 771 4608 fuisset
799 4555 1149 4624 promissum,
1183 4553 1302 4607 vide
1328 4564 1533 4622 quanta
1577 4554 1733 4623 largi.
1775 4546 1818 4600 D
1850 4542 2006 4597 bonis
2039 4549 2220 4594 autem
2265 4539 2472 4593 faciens
2513 4535 2953 4591 misericordiam
2991 4544 3096 4583 non
3143 4525 3319 4624 solum
3369 4523 3423 4577 in

148 4657 236 4702 tur
261 4650 434 4714 Deus,
478 4654 541 4700 ut
576 4662 680 4700 non
712 4647 887 4702 solum
923 4662 1144 4716 germen
1197 4647 1533 4716 produxerit,
1565 4647 1659 4701 sed
1692 4656 1746 4700 et

148 4739 410 4804 frondes;
445 4747 509 4792 et
564 4753 694 4791 non.
723 4737 895 4791 solum
952 4737 1190 4800 frondes,
1224 4737 1320 4790 sed
1369 4746 1425 4790 et
1458 4736 1656 4801 ﬂores;
1693 4746 1746 4790 et

144 4831 563 4900 germinaverit
601 4844 707 4884 non
737 4829 909 4884 solum
940 4827 1123 4893 ﬂores,
1156 4831 1249 4884 sed
1272 4838 1328 4882 et
1355 4826 1582 4882 fructus.
1607 4827 1745 4894 Quid

144 4922 316 4993 igitur
341 4932 436 4977 est
469 4923 616 4988 quod
651 4937 718 4977 ex
753 4921 820 4976 iis
864 4921 1115 4990 colligere
1149 4929 1204 4974 et
1249 4920 1604 4988 contemplari
1648 4919 1744 4973 de-

145 5015 426 5071 beamus?
461 5013 650 5068 Primo
672 5013 916 5068 omnium
959 5011 1380 5066 resurrectionis
1412 5027 1480 5066 ex
1527 5010 1750 5064 mortuis

144 5117 609 5164 sacramentum.
657 5104 827 5174 Virga
875 5105 1020 5159 enim
1076 5103 1229 5158 arida
1286 5103 1577 5173 germinat,
1627 5117 1748 5156 cum

143 5216 354 5271 corpus
387 5199 736 5254 exstinctum
786 5195 1015 5265 ctcperit
1059 5193 1406 5249 reviviscere.
1459 5192 1588 5260 Quae
1627 5198 1752 5245 sunt

146 5307 338 5351 autem
379 5301 636 5364 quatuor
662 5290 767 5345 ista
789 5304 912 5358 qua:
946 5287 1249 5358 resurgenti
1285 5286 1500 5355 corpori
1530 5292 1755 5353 priesta-

148 5387 411 5442 buntur?
459 5384 536 5440 Ut
575 5383 902 5438 seminatutn
937 5380 992 5434 in
1035 5379 1409 5446 corruptione,
1457 5387 1645 5446 surgat
1702 5376 1753 5429 in

149 5475 627 5547 incorruptione;
656 5485 710 5528 et
738 5473 1069 5528 seminatum
1109 5471 1162 5524 in
1194 5469 1533 5534 infirmitate,
1571 5474 1756 5535 surgat

149 5570 204 5623 in
235 5572 496 5634 virtute;
544 5577 600 5622 et
637 5565 965 5622 seminatqu
1008 5564 1066 5619 in
1105 5560 1426 5634 ignominia,
1463 5569 1652 5630 surgat
1699 5559 1752 5612 in

219 5753 268 5784 ³⁵
294 5755 509 5809 Matth.
539 5765 588 5802 v.
663 5752 707 5782 "
736 5751 994 5808 Prov.nl,
1017 5749 1070 5802 5.
1149 5747 1194 5778 ³⁸
1217 5745 1351 5801 Gen.
1379 5759 1526 5799 xxvr.

151 5823 408 5882 "H.013
454 5840 554 5887 XV,
588 5823 676 5888 4'2,
710 5822 798 5878 45.
879 5821 922 5853 ⁶³
967 5819 987 5872 ι
1029 5819 1152 5874 Cor.
1190 5835 1252 5885 tt,
1292 5817 1345 5872 9.

1602 5743 1643 5774 ³⁷
1667 5742 1775 5796 JL'I‘.
1806 5757 1837 5794 l.

1424 5814 1466 5846 "'"
1510 5815 1552 5869 il
1605 5813 1893 5882 liegdtatv.

1854 4634 2066 4688 tertiam
2098 4643 2154 4686 et
2188 4639 2437 4700 quartam
2471 4627 2810 4698 progeniem,
2861 4622 2983 4688 sed,
3035 4626 3097 4673 ut
3141 4616 3424 4686 Scriptura

1853 4727 2004 4790 dicit,
2038 4727 2090 4779 in
2125 4724 2270 4778 mille
2294 4722 2698 4793 generationes.

1922 4818 1977 4873 9.
2008 4817 2116 4871 Sed
2149 4817 2431 4870 redeamus
2463 4812 2532 4867 ad
2557 4828 2621 4868 ea
2663 4824 2783 4880 qua:
2811 4809 2878 4864 de
2904 4805 3070 4876 virgis
3097 4804 3278 4858 dicere
3311 4813 3427 4856 cm-

1855 4926 2132 4982 perantus.
2178 4911 2474 4965 Possumus
2505 4907 2685 4961 adhuc
2706 4903 2870 4958 etiam
2903 4901 2985 4955 sic
3015 4897 3313 4967 intelligere
3333 4909 3428 4950 eo-

1857 5021 1974 5059 rum
2007 5019 2130 5072 qua:
2155 5003 2210 5057 in
2239 5003 2384 5070 virga
2412 4999 2882 5070 germinaverant,
2913 4991 3268 5048 differentias.
3298 4985 3429 5044 0m-

1858 5097 1943 5153 nis
1981 5099 2073 5166 qui
2109 5097 2162 5150 in
2192 5095 2414 5150 Christo
2447 5092 2645 5156 credit,
2678 5091 2854 5160 primo
2904 5085 3154 5148 moritur,
3199 5089 3254 5136 et
3305 5086 3430 5150 post

1860 5195 1962 5248 hoc
1990 5192 2294 5245 renascitur
2325 5202 2340 5240 :
2369 5197 2423 5242 et
2448 5194 2528 5240 est
2557 5184 2721 5239 etiam
2745 5183 2857 5236 haec
2887 5182 3078 5250 figura,
3103 5175 3244 5246 quod
3279 5172 3430 5240 virga

1861 5286 2012 5339 arida
2051 5282 2398 5355 postmodum
2430 5277 2722 5348 germinat.
2770 5275 2870 5329 Est
2896 5287 3026 5340 ergo
3043 5272 3275 5340 primum
3307 5277 3432 5333 ger-

1863 5392 1982 5431 men
2039 5375 2212 5444 prima
2260 5372 2494 5427 hominis
2519 5371 2573 5424 in
2603 5368 2823 5425 Christo
2856 5362 3146 5420 confessio.
3178 5355 3432 5412 Secundo

1813 5526 1817 5531 ,
1863 5465 2176 5533 frondescit,
2211 5465 2298 5518 ubi
2329 5472 2550 5517 renatus
2569 5460 2768 5514 donum
2805 5457 2991 5528 gratiae
3034 5452 3126 5507 Dei
3155 5463 3222 5504 ex
3255 5444 3431 5514 Spiri-
3456 5461 3481 5533 ἓ

1865 5569 1951 5612 tus
2002 5557 2174 5613 sancti
2207 5554 2585 5626 purificatione
2617 5549 2940 5620 susceperit.
2976 5544 3102 5599 Inde
3142 5541 3298 5595 aﬂert
3329 5537 3428 5592 llo-
3475 5537 3490 5557 ‘

2879 5729 2923 5760 ⁸ο
2946 5725 3076 5782 ibid.
3100 5725 3152 5780 8.
3231 5722 3272 5754 “
3295 5720 3425 5775 ibid.

1924 5739 2144 5792 "Cant.
2173 5753 2247 5790 vr.
2325 5735 2368 5767 3’
2393 5734 2551 5790 Num.
2585 5750 2715 5800 xvtt,
2748 5732 2799 5785 5.

1974 5812 2018 5841 ’⁵⁵
2053 5809 2222 5864 Exod.
2252 5824 2343 5860 xx.
