3914 6514
596 369 709 427 635

2061 371 2389 432 ORIGENTS
3688 385 3755 440 E36

596 507 710 557 res,
741 491 832 547 ubi
867 491 1139 560 prolicere
1157 490 1414 561 coeperit,
1446 499 1500 545 et
1531 505 1744 548 morum
1784 491 2058 546 suavitate
2089 493 2185 547 de-
2211 499 2259 554 Α
2286 501 2374 547 cet
2419 493 2473 548 in
2509 491 2701 548 Deum.
2734 493 2811 548 De
2849 489 3158 561 hnjusmodi
3186 491 3333 546 enim
3368 493 3579 563 peccatis
3605 513 3681 554 non
3708 506 3757 558 la-

595 584 799 651 corari,
835 599 900 639 ac
933 583 1292 652 l'ragrantiam
1325 584 1721 640 misericordia:
1742 595 1796 639 et
1836 584 2184 655 benignitatis

599 676 897 732 eﬂ'undere.
933 676 1014 730 Ad
1049 677 1298 732 ultimum
1332 692 1548 746 quoque
1575 677 1736 733 aﬂ'ert
1764 681 1926 734 etiam
1976 677 2184 734 fructus

589 766 840 837 iustitiae,
874 768 1073 838 quibus
1105 784 1210 822 non
1264 769 1438 823 solum
1474 769 1593 838 ipse
1621 771 1788 835 vivat,
1825 769 1922 826 sed
1963 779 2019 824 et
2062 769 2184 823 aliis

593 862 837 928 praebeat
875 861 1063 915 vitam.
1106 861 1240 918 Ctnn
1274 862 1418 916 enim
1448 862 1514 917 ad
1542 862 1846 932 perfectum
1866 862 2097 926 venerit,
2129 871 2187 918 et

595 954 888 1024 protulerit
916 970 982 1008 ex
1005 970 1064 1009 se
1099 957 1325 1010 verbum
1356 955 1502 1018 ﬁdei,
1534 954 1759 1010 verbum
1796 957 2042 1011 scientiae
2067 957 2182 1022 Dei,

597 1054 654 1100 et
679 1044 818 1100 alios
843 1045 1201 1108 lucrifeccrit,
1245 1048 1348 1102 hoc
1374 1055 1455 1100 est
1490 1047 1738 1101 attulisse
1762 1047 1968 1102 fructus
1991 1047 2185 1116 quibus

599 1135 693 1190 alii
735 1137 1064 1191 nutriantur.
1099 1137 1189 1192 Sic
1213 1153 1343 1207 ergo
1376 1138 1574 1207 singuli
1618 1139 1819 1207 quique
1845 1138 2184 1194 credentium

598 1228 671 1283 de
697 1228 848 1300 virga
872 1231 1075 1294 Aaron,
1095 1231 1189 1300 qui
1210 1231 1459 1285 Christus
1484 1242 1586 1297 est,
1613 1232 2025 1301 germinantur;
2060 1245 2188 1298 quo-

600 1337 721 1375 rum
750 1333 990 1390 quatuor
1015 1325 1130 1377 ista:
1165 1321 1487 1378 differentia:
1528 1323 1578 1376 in
1628 1324 1749 1378 aliis
1783 1324 2081 1390 Scriptum
2110 1323 2187 1375 lo-

599 1414 684 1468 cis
716 1415 862 1468 velut
894 1422 1083 1468 aetates
1105 1423 1342 1483 quatuor
1371 1413 1746 1481 designantur,
1789 1429 1922 1482 quas
1948 1412 2186 1467 Joannes

597 1505 878 1573 apostolus
918 1507 969 1558 in
1005 1505 1242 1574 Epistola
1277 1520 1374 1559 sua
1401 1505 1746 1559 distinctione
1773 1508 1999 1576 mystica
2035 1520 2186 1559 com-

596 1595 906 1666 prehendit,
927 1596 1004 1650 ait
1035 1595 1180 1650 enim
1215 1594 1260 1627 ⁸⁶
1289 1613 1303 1649 ς
1335 1613 1354 1647 ι
1396 1595 1588 1650 Scribo
1614 1595 1787 1660 vobis,
1815 1598 1994 1666 pueri,
2041 1617 2060 1650 ι
2099 1606 2178 1664 et,

603 1704 624 1738 α
655 1687 836 1742 scribo
875 1687 1052 1752 vobis,
1081 1686 1475 1753 adolescentes,
1527 1706 1546 1740 ι
1590 1697 1669 1753 et,
1717 1705 1736 1739 ι
1782 1689 1967 1744 scribo
2007 1689 2184 1757 vobis,

597 1787 802 1848 patres.
849 1797 869 1831 ›
924 1779 979 1832 In
1019 1779 1218 1847 quibus
1253 1780 1441 1848 utique
1470 1795 1576 1833 non
1610 1782 1925 1851 corporales
1967 1791 2179 1847 aetates,

2291 583 2400 638 cile
2437 582 2818 636 remissionem
2850 582 3086 651 aliquam
3131 583 3378 638 videmus
3408 584 3458 638 in
3485 583 3598 655 legis
3629 589 3757 648 litteris

2288 674 2584 743 designari.
2615 673 2739 729 llaec
2775 686 2955 729 autem
2991 675 3230 730 diximus
3262 691 3358 743 pro
3383 676 3446 730 iis
3467 691 3570 745 qute
3591 685 3750 739 recitata

2287 775 2416 819 sunt
2447 767 2604 820 nobis
2633 783 2648 822 :
2673 760 2710 818 ἰ
2753 767 2818 820 Et
2852 767 3010 831 dixit,
3061 769 3259 838 inquit,
3303 766 3542 824 Dominus
3561 771 3616 824 ad
3634 773 3754 831 Aaron

2287 857 2479 912 dicens
2513 877 2526 913 :
2562 859 2640 913 Tu
2673 867 2729 913 et
2763 859 2858 913 lilii
2891 861 2989 924 tui,
3025 869 3080 914 et
3121 861 3317 914 domus
3341 861 3504 930 patris
3539 863 3604 916 tui
3641 873 3756 921 tecum

2287 951 2518 1006 sumetis
2561 964 2786 1020 peccata
2845 962 3224 1008 sanctorum.»
3277 951 3459 1008 Potest
3503 956 3676 1022 quidem
3715 961 3758 1013 ita

2288 1043 2485 1113 exponi
2529 1043 2680 1098 locus
2716 1044 2848 1110 istc;
2903 1053 2963 1098 ut
3021 1058 3118 1113 per
3152 1059 3215 1099 ea
3259 1059 3378 1113 quae
3416 1042 3561 1099 oﬂert
3596 1050 3760 1114 pontilu

2289 1149 2392 1203 pro
2428 1143 2654 1203 peccato
2708 1132 3164 1202 uniuscujusque,
3196 1141 3253 1185 et
3286 1132 3526 1201 puriﬁcat
3574 1148 3668 1188 eum
3703 1151 3762 1203 pro

2289 1241 2399 1296 quo
2437 1226 2720 1291 obtulerit,
2749 1226 3013 1295 scriptum
3051 1224 3124 1278 sit
3152 1241 3164 1277 :
3202 1243 3220 1274 ι
3245 1223 3323 1276 Tu
3371 1232 3423 1277 et
3451 1222 3534 1276 lilii
3563 1224 3761 1282 truncum

2289 1319 2518 1372 sumetis
2548 1328 2772 1387 peccata
2797 1325 3134 1371 sanctormn.
3163 1333 3184 1367 ι
3212 1315 3340 1370 Mihi
3371 1325 3536 1368 autem
3564 1331 3648 1368 non
3671 1319 3765 1371 ride-

2292 1417 2378 1462 tur
2401 1410 2636 1464 otiosum
2668 1408 2810 1478 quod
2843 1417 3156 1462 sanctorum
3191 1416 3414 1475 peccata
3451 1419 3762 1460 commemorat.

2289 1498 2347 1554 ln
2379 1501 2564 1555 multis
2597 1501 2798 1555 etenim
2839 1499 3141 1568 Scriptum
3176 1499 3310 1552 locis
3343 1512 3515 1552 sermo
3558 1499 3641 1552 iste
3667 1514 3766 1566 rept-

2293 1595 2445 1648 titur.
2479 1592 2632 1648 Unde
2678 1592 3071 1661 requirendum
3116 1599 3220 1658 est,
3259 1591 3524 1660 quomodo
3578 1599 3624 1644 et
3655 1594 3765 1645 sancti

2290 1684 2543 1739 dicantur
2589 1681 2776 1752 aliqui,
2814 1693 2869 1736 et
2921 1683 2986 1737 de
3044 1682 3288 1752 peccatis
3328 1696 3509 1735 e0rum
3562 1682 3765 1738 scrilatar.

2292 1776 2410 1831 Non
2441 1777 2612 1841 enim,
2649 1785 2708 1828 ut
2743 1783 2932 1844 putant
2978 1775 3228 1844 quidam,
3280 1773 3461 1828 statim
3501 1782 3549 1825 ut
3577 1776 3671 1842 quis
3692 1790 3767 1828 sn-

596 1871 694 1926 sed
723 1872 921 1925 anima:
951 1871 1292 1940 prolectuum
1333 1847 1680 1928 dill'erentias
1724 1875 1898 1943 ponit,
1932 1883 1991 1928 ut
2018 1874 2182 1930 etiam
2218 1847 2260 1899 Β
2290 1879 2410 1923 etus
2443 1881 2568 1922 esse
2609 1867 2866 1935 οωρθνίι.
2897 1879 3126 1935 Peccal‘c
3152 1865 3265 1934 iam
3297 1879 3403 1918 ηοιι
3433 1872 3608 1933 Ιιοῑθειν
3632 1875 3769 1918 0W!!-

699 1964 805 2018 hoc
855 1963 1216 2018 sacerdotalis
1256 1965 1422 2032 virgae
1481 1967 1732 2032 germine
1767 1967 2184 2022 observavimus

596 2052 890 2125 designari.
948 2053 1232 2110 [labentur
1290 2070 1422 2126 ergo
1474 2057 1591 2111 haec
1629 2057 1790 2126 301
1849 2059 2033 2112 omnia
2078 2073 2182 2112 non

598 2154 709 2201 tam
757 2147 812 2202 in
867 2150 1021 2219 virga
1049 2150 1258 2212 Aaron,
1294 2163 1457 2217 quam
1489 2149 1542 2202 in
1574 2163 1638 2203 ea
1679 2151 1826 2218 virga
1887 2166 2008 2220 quae
2053 2153 2187 2206 exiit

595 2238 664 2294 de
711 2239 896 2295 radice
928 2239 1084 2296 Jesse
1114 2258 1127 2293 :
1155 2249 1210 2294 et
1259 2239 1358 2294 ﬂos
1389 2239 1459 2295 de
1508 2239 1695 2295 radice
1744 2239 1863 2308 ejus
1917 2245 2185 2311 ascendit,

594 2346 760 2402 super
808 2349 972 2403 quem
1036 2334 1306 2403 requievit
1339 2335 1566 2404 spiritus
1611 2332 1704 2386 Dei
1723 2333 1792 2392 ".
1847 2333 1904 2388 In
1941 2349 2051 2404 quo
2088 2352 2188 2392 nec

596 2421 703 2477 hoc
769 2424 945 2493 ipsum
996 2426 1214 2480 videtur
1281 2425 1522 2480 otiosum
1577 2427 1722 2494 qttod
1782 2428 1936 2482 exire
1989 2429 2190 2484 dicitttr

594 2515 768 2583 virga,
821 2525 876 2569 et
915 2515 1016 2570 ﬂos
1064 2515 1381 2571 ascendere.
1439 2516 1698 2584 Quamvis
1750 2519 1894 2572 enim
1939 2537 2078 2576 unus
2117 2522 2189 2576 sit

594 2605 849 2660 Christus
922 2622 1019 2675 per
1091 2607 1459 2662 substantiam
1516 2609 1618 2678 (5),
1695 2609 1927 2679 singulis
2003 2621 2185 2666 tamen

598 2699 850 2754 diversus
878 2699 1133 2766 efﬁcitur,
1166 2712 1327 2772 prout
1365 2702 1574 2772 indiget
1598 2702 1643 2756 is
1676 2703 1728 2756 in
1761 2718 1870 2772 quo
1899 2715 2184 2775 operatur.

599 2791 702 2855 Qui
749 2807 878 2860 ergo
909 2794 1130 2863 segnior
1158 2804 1241 2848 est
1271 2804 1324 2849 et
1356 2793 1738 2864 negligentior,
1771 2811 1871 2864 pro
1907 2797 2186 2868 disciplina

599 2881 660 2934 lit
692 2882 741 2937 ei
775 2883 1024 2939 Christus
1063 2885 1232 2954 virga,
1265 2895 1318 2939 et
1353 2886 1404 2940 in
1434 2886 1588 2954 virga
1632 2901 1738 2941 non
1768 2888 2074 2944 ascendere
2105 2891 2188 2943 di-

597 2976 765 3040 citur,
801 2977 893 3030 sed
917 2977 1090 3031 exire.
1111 2977 1430 3032 Exeundum
1469 2995 1704 3049 namque
1729 2991 1814 3036 est
1845 2980 1892 3035 ei
1926 2982 2017 3051 qui
2041 2982 2189 3039 iners

597 3079 656 3125 et
690 3069 872 3139 segnis
901 3077 986 3124 est
1015 3069 1082 3124 de
1109 3085 1174 3125 eo
1201 3079 1341 3124 statu
1380 3071 1432 3125 in
1464 3087 1572 3141 quo
1597 3089 1714 3127 non.
1737 3082 1882 3129 recte
1909 3075 2187 3141 consistit,

2295 1963 2446 2016 tinuo
2479 1963 2602 2017 sine
2647 1970 2878 2032 peccato
2910 1959 3188 2031 putandus
3217 1968 3323 2013 est.
3355 1957 3413 2012 Si
3455 1959 3584 2013 enim
3619 1969 3767 2011 saturus

2291 2067 2399 2107 non
2436 2062 2715 2122 peccaret,
2750 2067 2858 2107 non
2909 2052 3096 2119 utique
3123 2051 3394 2119 scriptum
3415 2058 3549 2104 esset
3574 2067 3587 2102 :
3614 2049 3770 2103 «Suriac-

2295 2145 2366 2199 tis
2414 2155 2642 2214 peccata
2695 2154 3038 2199 sanctorum.
3064 2161 3083 2194 ›
3119 2141 3179 2196 Si
3215 2151 3439 2197 sanctus
3485 2143 3588 2196 sine
3623 2153 3770 2210 peccato

2293 2246 2462 2302 esset,
2516 2255 2625 2293 non
2668 2239 2877 2293 diceret
2931 2235 3192 2290 Dominus
3238 2251 3340 2305 per
3380 2234 3674 2288 Ezechielem
3701 2250 3773 2302 pro-

2293 2331 2512 2399 phetam
2541 2332 2608 2386 ad
2640 2331 2880 2402 angelos,
2937 2345 3075 2400 quos
3131 2327 3390 2384 mittebat
3430 2338 3694 2396 peccatores
3711 2343 3771 2394 pn-

2292 2422 2412 2478 nire
2434 2423 2597 2490 "‘"_:
2635 2441 2654 2474 ‹
2690 2422 2757 2477 Ει
2791 2438 2820 2476 a
2851 2423 3059 2478 sanctis
3089 2422 3224 2476 meis
3257 2418 3576 2490 incipietis.»
3603 2418 3648 2472 Si
3682 2420 3771 2472 enim

2290 2516 2466 2570 sancti
2496 2516 2616 2571 sine
2655 2524 2882 2586 peccato
2913 2523 3065 2580 sunt,
3095 2513 3375 2584 quomodo
3415 2512 3515 2580 ipsi
3545 2511 3671 2579 primi
3697 2525 3773 2561 sct-

2291 2609 2554 2662 cumbunt
2605 2607 2890 2676 suppliciis
2948 2604 3345 2676 peccatorum?
3406 2603 3463 2658 Si
3507 2603 3650 2658 sancti
3692 2602 3765 2655 sine

2290 2710 2522 2770 peccato
2555 2709 2762 2765 essent,
2792 2713 3070 2768 nunquam
3095 2697 3304 2752 diceret
3340 2695 3606 2766 Scriptura
3619 2694 3671 2758 “,
3693 2695 3770 2762 quia

2298 2793 2512 2863 «justus
2548 2793 2601 2847 in
2641 2793 2918 2863 principio
2947 2788 3222 2845 sermonis
3245 2789 3329 2844 sui
3363 2789 3477 2857 ipse
3516 2787 3588 2840 sui
3625 2800 3772 2840 accusi-

2293 2896 2380 2940 tor
2427 2886 2505 2940 lit.
2533 2905 2553 2938 ι
2591 2884 2650 2940 Si
2687 2885 2868 2940 sancti
2911 2884 3034 2939 sine
3074 2891 3302 2952 peccato
3358 2889 3555 2943 essent,
3582 2894 3772 2947 nunquam

2291 2977 2493 3034 Paulus
2553 2976 2833 3047 apostolus
2894 2974 3140 3040 diceret,
3187 2973 3458 3030 Romanis
3507 2969 3772 3027 seruiens";

2299 3089 2317 3122 ι
2341 3070 2518 3124 Nolite
2551 3078 2774 3139 pr0pter
2815 3067 2999 3123 cibum
3049 3068 3268 3122 solvere
3295 3081 3438 3136 opus
3477 3061 3775 3128 Deiuquibas

599 3172 656 3218 et
695 3164 1084 3218 transeundum
1142 3163 1208 3218 ad
1248 3163 1413 3217 alium
1459 3172 1683 3230 statum,
1729 3173 1990 3234 tanquam
2025 3167 2178 3237 virga
2211 3187 2256 3245 α
2296 3164 2348 3218 in
2392 3163 2664 3233 principio
2698 3163 2956 3233 Epistolas
2988 3160 3288 3230 scripserat
3308 3159 3360 3191 “
3390 3178 3405 3213 :
3441 3175 3460 3210 t
3488 3153 3774 3220 Omnibusqui

599 3255 904 3323 compulso,
938 3255 992 3310 id
1033 3264 1118 3310 est
1149 3255 1442 3310 severitate
1479 3257 1749 3312 doctrinae
1779 3257 2056 3325 rigidioris
2092 3263 2187 3312 ad-

600 3350 830 3401 monito.
859 3348 960 3416 Qui
1011 3365 1142 3404 vero
1165 3349 1348 3419 justus
1383 3358 1485 3413 est,
1523 3353 1651 3419 quia
1679 3350 1860 3419 justus
1892 3352 2037 3406 sicut
2066 3353 2187 3421 pal-

601 3455 686 3492 ma
717 3439 872 3494 ﬂoret
895 3441 960 3505 ⁸⁸,
994 3441 1046 3494 in
1093 3442 1194 3495 hoc
1229 3441 1525 3496 ascendere
1559 3443 1759 3496 dicitur
1792 3443 2066 3498 Christus.
2095 3445 2187 3500 Sic

600 3547 732 3600 ergo
776 3535 869 3602 qui
917 3534 1240 3588 verberibus
1289 3533 1516 3602 indiget,
1557 3535 1671 3590 exit
1717 3536 1784 3588 ad
1832 3551 1958 3590 eum
1994 3537 2185 3608 virga;

601 3628 692 3695 qni
727 3637 905 3680 autem
941 3627 1160 3696 prolicit
1195 3627 1258 3680 ad
1287 3629 1581 3697 justitiam,
1611 3631 1862 3685 ascendit
1897 3631 1948 3684 in
1975 3629 2185 3685 ﬂorent.

599 3718 874 3774 Ascendet
921 3729 1103 3772 autem
1151 3734 1438 3789 usqueqno
1472 3721 1664 3775 aﬂ‘erat
1699 3722 1905 3777 fructus
1937 3722 2186 3791 spiritus,

599 3813 694 3882 qui
744 3819 870 3866 sunt
907 3810 1171 3874 eharitas,
1218 3814 1497 3882 gaudium,
1554 3829 1684 3882 pax,
1737 3815 1999 3884 patientia
2025 3815 2092 3881 ",
2133 3823 2189 3868 et

605 3901 825 3970 reliqua:
879 3901 1109 3956 virtutes
1146 3901 1199 3955 in
1248 3902 1473 3958 Christo
1521 3903 1646 3960 Jcsu
1708 3904 1941 3960 Domino
1977 3915 2188 3972 nostro,

603 3993 689 4047 cui
725 4003 808 4047 est
851 3992 1048 4058 honor,
1081 4002 1134 4048 et
1162 3993 1357 4064 gloria,
1382 4005 1437 4050 et
1465 3996 1751 4065 imperium
1782 3997 1838 4051 in
1873 3996 2066 4052 saecula
2093 4011 2190 4050 sae-

601 4082 874 4138 culorum.
911 4086 1107 4140 Amen.
1865 4098 1874 4104 “

1199 4177 1480 4233 IIUMILIA
1520 4179 1564 4234 Χ
1577 4219 1591 4233 .

605 4285 682 4339 De
719 4304 777 4340 eo
806 4288 945 4355 quod
977 4288 1227 4356 scriptum
1257 4301 1328 4343 est
1360 4292 1444 4346 5°:
1487 4311 1505 4342 ι
1556 4288 1624 4344 Et
1662 4291 1796 4346 dixit
1826 4292 2081 4348 Dominus
2122 4297 2190 4348 ad

677 4360 864 4440 Aaron
893 4375 910 4411 :
942 4358 1016 4410 Tu
1047 4369 1101 4440 et
1139 4361 1242 4427 ﬁlii
1275 4363 1372 4424 lui,
1403 4372 1450 4414 et
1484 4363 1671 4416 domus
1712 4365 1880 4432 patris
1910 4366 1988 4418 tui
2020 4375 2192 4419 tecum

671 4438 892 4482 munem
921 4438 1137 4498 peccata
1175 4442 1501 4488 sanctorum.
1548 4451 1568 4484 ι

2299 3267 2430 3312 sunt
2473 3256 2662 3310 Romae
2696 3255 2908 3310 dilectis
2942 3256 3062 3318 Dei,
3094 3255 3304 3310 vocatis
3346 3250 3564 3307 sanctis.
3589 3265 3605 3298 ι
3640 3246 3687 3299 Et
3716 3247 3774 3297 ite

2290 3365 2408 3403 rum
2441 3349 2580 3403 idem
2612 3348 2901 3418 Apostolus
2924 3351 2991 3403 ad
3010 3347 3330 3404 Corinthios
3347 3343 3602 3403 scribens,
3624 3334 3773 3392 dicit".

2296 3461 2316 3495 ι
2349 3443 2553 3498 Paulus
2579 3450 2808 3496 vocatus
2871 3439 3155 3510 apostolus
3183 3437 3313 3493 Jesu
3353 3436 3576 3500 Christi;
3607 3451 3625 3488 ι
3647 3442 3685 3487 et
3706 3436 3776 3497 put

2290 3551 2458 3606 pauca
2493 3553 2510 3591 :
2549 3554 2566 3587 ε
2596 3533 2854 3588 Ecclesiae
2895 3533 2984 3588 Dei
3019 3548 3140 3601 quae
3193 3545 3279 3587 est
3323 3526 3589 3590 Corinthi,
3615 3521 3776 3578 sanctiﬁ-

2289 3630 2431 3684 catis
2462 3630 2518 3683 in
2552 3629 2774 3684 Christo
2815 3627 2968 3692 Jcsu,
3000 3627 3212 3682 vocatis
3259 3623 3490 3677 sanctis.
3515 3639 3532 3671 ι
3568 3619 3674 3670 Istos
3700 3628 3778 3679 ergo

2289 3737 2430 3791 quos
2459 3719 2836 3775 sanctiﬂcatos
2862 3727 2916 3774 et
2947 3725 3171 3772 sanctos
3211 3714 3480 3785 appellat,
3509 3709 3618 3763 audi
3642 3714 3776 3775 quam:

2293 3817 2345 3869 in
2373 3815 2455 3868 eis
2487 3822 2708 3883 peccata
2761 3812 3157 3882 reprehendat.
3213 3809 3302 3861 Ait
3340 3806 3488 3860 enim
3519 3804 3565 3857 in
3587 3796 3777 3868 sequenti-

2293 3906 2454 3961 bus"
2483 3924 2495 3960 :
2527 3923 2545 3957 ι
2568 3907 2705 3961 Cum
2756 3906 2903 3960 enim
2955 3904 3066 3960 sint
3103 3903 3248 3957 inter
3276 3915 3375 3954 vos
3407 3895 3720 3953 aemulationes
3747 3897 3778 3937 et

2293 4001 2694 4066 contentiones,
2743 4014 2923 4054 nonne
2973 3997 3229 4056 carnales
3273 3995 3433 4057 estis,
3482 4001 3534 4045 et
3569 3984 3777 4042 secundum

2292 4093 2570 4148 hominem
2617 4091 2950 4146 ambulati's?
2981 4110 2999 4142 ι
3037 4090 3105 4144 Ει
3137 4089 3338 4142 iterum
3363 4086 3450 4138 ":
3485 4102 3503 4135 ι
3531 4081 3631 4135 Jam
3653 4076 3778 4130 diritas
3852 4093 3853 4098 η

2297 4184 2426 4240 lacti
2451 4186 2604 4249 estis,
2636 4185 2756 4239 sine
2789 4183 2942 4236 nobis
2977 4180 3238 4251 regnatis,
3270 4186 3326 4232 et
3365 4177 3563 4231 utinam
3607 4180 3779 4238 regum-
3852 4205 3853 4266 ξ

2300 4277 2407 4331 tis!
2442 4295 2461 4329 ι
2501 4276 2568 4330 Ει
2604 4276 2864 4330 iterum“o
2895 4293 2907 4328 :
2943 4291 2961 4320 ι
2984 4272 3266 4339 Tanquam
3293 4277 3476 4321 autem
3511 4279 3603 4317 non
3628 4266 3778 4310 τειιιυῖθ

2298 4385 2385 4425 me
2420 4370 2486 4424 ad
2519 4383 2617 4422 vos
2666 4366 2835 4422 inﬂati
2879 4373 3006 4418 sunt
3035 4362 3280 4432 quidam.
3315 4379 3336 4410 ν
3369 4359 3434 4412 Et
3456 4356 3601 4426 paulo
3625 4349 3777 4421 post“:
3852 4381 3853 4398 ι

2304 4483 2322 4516 ι
2350 4461 2588 4518 Omnino
2624 4459 2843 4513 auditur
2875 4458 3020 4512 inter
3055 4463 3151 4510 vos
3180 4452 3495 4512 fornicatio,
3526 4458 3573 4502 et
3601 4444 3694 4498 talis
3711 4438 3779 4492 br-

677 4544 730 4600 l.
771 4544 869 4612 Qui
908 4544 1160 4600 meliores
1182 4553 1330 4609 sunt,
1370 4544 1690 4602 inferiorum
1726 4563 1948 4619 semper
1997 4551 2188 4619 culpas
2221 4532 2265 4586 Ῐ)
2297 4553 2524 4620 nicatio,
2566 4550 2747 4622 qualis
2784 4565 2885 4604 nec
2920 4549 3064 4602 inter
3093 4555 3306 4616 gentes.
3342 4563 3362 4595 ι
3405 4543 3459 4597 ln
3493 4530 3781 4606 consequenti-

603 4642 658 4690 ct
677 4647 896 4702 peccata
913 4639 1240 4708 suscipiunt.
1264 4637 1357 4693 Sic
1387 4639 1531 4694 enim
1552 4649 1607 4694 et
1637 4641 1930 4710 Apostolus
1961 4643 2093 4697 dicit
2115 4643 2184 4697 ἰε

610 4744 630 4780 ε
655 4726 764 4781 Vos
793 4729 882 4797 qui
911 4728 1184 4784 ﬁrmiores
1211 4730 1365 4795 estis,
1404 4730 1804 4786 imbecillitates
1842 4733 2186 4789 inﬁrmorum

604 4820 938 4873 sustinete.»
972 4819 1210 4874 Israelita
1265 4822 1310 4878 si
1363 4831 1573 4892 peccet,
1623 4824 1675 4878 id
1729 4835 1812 4880 est
1850 4825 2042 4892 laicus,
2076 4828 2189 4897 ipse

604 4925 764 4965 suum
815 4925 918 4964 non
970 4921 1149 4980 potest
1193 4911 1408 4968 auferre
1445 4924 1763 4983 peccatum;
1811 4918 1908 4972 sed
1959 4919 2188 4987 requirit

603 5000 850 5069 levitam,
908 5001 1114 5072 indiget
1165 5003 1474 5070 sacerdote,
1520 5004 1630 5058 imo
1678 5005 1859 5075 potius
1901 5015 1956 5059 et
2004 5009 2187 5063 adhuc

600 5091 797 5148 horum
850 5093 1052 5163 aliquid
1088 5096 1430 5151 eminentius
1463 5099 1662 5167 quaerit
1699 5116 1712 5152 :
1748 5099 2006 5168 pontiﬁce
2054 5116 2190 5172 opus

605 5195 710 5251 est,
747 5196 804 5239 ut
845 5195 1192 5255 peccatorum
1247 5189 1627 5246 remissionem
1685 5192 1856 5261 possit
1913 5193 2188 5264 accipere.

605 5276 876 5334 Sacerdos
933 5289 1114 5334 autem
1167 5281 1211 5336 si
1256 5281 1562 5353 delinquat,
1617 5294 1712 5338 aut
1762 5285 2025 5352 pontifex,
2073 5287 2190 5358 ipse

605 5386 764 5426 suum
806 5380 984 5442 potest
1015 5387 1252 5444 purgare
1286 5384 1568 5444 peccatum
1592 5391 1608 5445 ;
1635 5376 1682 5432 si
1716 5385 1894 5432 tamen
1925 5394 2029 5434 non
2063 5395 2191 5449 pec-

678 5511 725 5546 “
749 5513 764 5567 Ι
789 5511 946 5568 Joan.
978 5513 1156 5579 11,15,
1198 5515 1285 5570 Μ.
1365 5515 1409 5547 ’⁵⁷
1441 5518 1541 5572 lsa.
1574 5531 1651 5577 χι.
1685 5517 1736 5571 l.

605 5584 727 5616 5"”
756 5585 954 5638 Ezerh.
991 5601 1066 5652 ιχ,
1103 5585 1159 5640 6.
1291 5586 1338 5618 ³⁸
1370 5585 1533 5642 Prov.
1568 5604 1727 5652 xvltt,
1761 5587 1845 5642 17.

607 5670 690 5722 ιιι,
722 5656 776 5710 ’5,
853 5656 898 5688 ⁵³
930 5656 950 5709 ι
981 5657 1106 5712 Cor.
1139 5672 1210 5723 tv,
1242 5657 1296 5713 8.
1374 5657 1418 5689 ⁶⁰
1441 5658 1566 5713 ibid.
1602 5657 1690 5712 £8.
1768 5658 1848 5713 o'l
1875 5659 1998 5716 Cor.
2035 5677 2085 5729 v,
2119 5662 2168 5716 -l.

1811 5517 1858 5549 ⁸⁸
1882 5517 2024 5574 Psal.
2055 5535 2164 5586 κει,
2201 5519 2291 5575 15.

1927 5589 1972 5620 ⁸⁵
2007 5589 2166 5644 Boni.
2205 5607 2318 5653 xw,
2351 5591 2440 5646 20.

2241 5663 2285 5694 ⁶¹
2317 5665 2448 5722 ibid.
2473 5663 2529 5719 2.

2296 4648 2396 4702 bus
2424 4660 2555 4701 vero
2578 4621 2624 4676 δ’
2651 4660 2665 4698 :
2697 4659 2717 4694 ι
2751 4642 2818 4696 Ει
2852 4654 2972 4707 vos,
3007 4639 3203 4708 inquit,
3230 4635 3405 4691 inﬂati
3460 4635 3600 4694 estis,
3646 4635 3688 4680 et
3717 4636 3779 4675 tum

2297 4741 2481 4812 potius
2511 4741 2720 4794 luctum
2756 4733 3052 4789 habuistis.
3086 4749 3105 4783 ι
3148 4729 3204 4783 ln
3259 4745 3369 4799 quo
3431 4728 3604 4795 utique
3649 4718 3779 4816 uallat!

2298 4808 2520 4903 reliquit
2565 4832 2888 4894 immunem,
2941 4826 3068 4880 dum
3120 4823 3249 4876 aliis
3289 4816 3667 4876 fornicationis.
3707 4808 3781 4861 13175

2299 4925 2597 4982 inﬂationis
2632 4932 2687 4978 et
2739 4919 3009 4991 superbiae
3038 4917 3244 4971 crimen
3295 4912 3540 4968 ascribit.
3579 4905 3782 4991 Natalesis

2296 5030 2350 5075 et
2381 5021 2432 5074 in
2471 4989 2926 5084 consequentibus
2955 5011 3118 5065 etiam
3151 5009 3218 5062 de
3250 5005 3495 5079 judiciis,
3524 5011 3577 5055 et
3599 4996 3700 5050 dicit
3725 4989 3779 5086 “.1

2302 5133 2320 5165 ι
2345 5111 2462 5167 Jam
2509 5110 2730 5179 quidem
2765 5105 2988 5161 omnino
3017 5103 3273 5158 delictum
3315 5107 3401 5154 est
3447 5097 3500 5150 in
3529 5089 3781 5152 vobismml

2291 5199 2496 5270 judicia
2529 5197 2744 5253 habetis
2785 5196 2929 5250 inter
2956 5207 3074 5248 vos.
3103 5211 3122 5245 ι
3156 5189 3349 5259 Argnit
3376 5202 3475 5242 eos
3497 5196 3618 5253 quos
3635 5181 3781 5232 sanch

2299 5292 2536 5356 dixerat,
2567 5300 2619 5346 et
2643 5306 2739 5360 pro
2767 5303 2834 5344 eo
2863 5287 3010 5358 quod
3036 5284 3197 5340 idolis
3226 5281 3503 5337 immolata
3525 5271 3782 5360 manducent.

2297 5397 2354 5438 et
2400 5354 2556 5453 quasi
2607 5354 2940 5438 sententiam
2991 5379 3135 5433 inter
3167 5391 3262 5431 eos
3295 5370 3574 5444 proferens
3597 5354 3779 5419 dicit“:

2369 5520 2414 5553 ‘9
2447 5519 2565 5578 Gal.
2601 5537 2653 5578 v.
2677 5520 2770 5575 ‘22.

2539 5593 2584 5624 ⁵⁸
2615 5565 2770 5645 lium.
2815 5607 2852 5654 ι,
2886 5591 2938 5643 7.

2609 5662 2700 5716 “l
2734 5662 2859 5718 Cor.
2894 5675 2972 5726 vt,
3005 5658 3058 5713 7.

2846 5520 2892 5552 ⁸⁸
2918 5518 3079 5573 Num.
3111 5529 3268 5578 xvttt,
3295 5511 3346 5566 l.
3427 5510 3470 5543 ’ί
3501 5507 3729 5578 Βοιηᾷξῖτ
3751 5492 3780 5578 l-

3036 5589 3083 5618 ⁸τ
3113 5585 3129 5638 I
3162 5570 3286 5638 Cor.
3317 5585 3386 5646 t,l
3423 5591 3472 5636 et
3503 5579 3555 5632 2.
3619 5570 3781 5620 "IW‘

3137 5658 3183 5687 “
3215 5657 3230 5710 Ι
3265 5655 3389 5710 Cor.
3427 5664 3539 5715 vni,
3566 5647 3638 5701 li.

684 5820 760 5891 (5)
797 5818 898 5875 Per
950 5823 1319 5879 substantiam.
1359 5822 1726 5882 Substantiam
1776 5841 1926 5885 more
1975 5827 2164 5886 Graeco
2199 5838 2353 5887 vocat
2382 5822 2812 5890 subsistentiam,
2848 5821 2901 5878 id
2930 5829 3011 5876 cst
3041 5819 3397 5891 hypostasim.
