3914 6504
148 387 234 446 657

1330 372 1398 428 ΙΝ
1431 372 1763 430 NUMEROS
1800 372 2083 430 HOMILIA
2124 372 2193 429 Χ.

3289 363 3392 420 658

153 530 170 564 ι
197 507 279 564 Sic
315 511 498 558 autem
555 510 849 579 peccantes
874 498 1019 553 inter
1044 494 1269 564 fratres,
1306 507 1360 554 et
1396 499 1706 568 percutieu-
1735 505 1783 561 Α
1810 499 1958 554 dium
1993 507 2170 569 gerat,
2225 510 2349 551 cum
2388 491 2724 562 peccaverit,
2756 490 2932 547 nescit
2974 486 3180 560 peccati
3216 488 3390 558 paeni-

150 612 221 657 tes
262 596 653 651 conscientiam
700 607 891 645 earum
952 590 1249 656 inﬁrmant,
1312 591 1366 645 in
1426 590 1707 646 Christum

148 690 385 763 peccatis.
442 706 461 739 ι
516 685 622 740 Sed
682 693 735 738 et
802 683 869 737 de
921 697 986 736 eo
1048 681 1409 736 nihilominus
1463 680 1711 735 confutat

151 796 253 843 eos,
285 778 427 847 quod
466 792 573 831 non
609 775 783 829 solum
830 772 1235 827 immolatitium
1269 772 1347 845 (6)
1380 772 1586 839 cibum,
1615 772 1710 827 sed

149 886 197 929 et
244 871 463 925 calicem
502 868 895 923 daemoniorum
951 874 1304 935 praesumant,
1356 875 1411 920 et
1466 864 1708 919 dicit”:

155 960 299 1015 iNon
320 962 548 1030 potestis
580 958 802 1012 calicem
852 955 1069 1012 Domini
1122 954 1333 1023 bibere,
1384 965 1439 1010 et
1483 957 1709 1011 calicem

112 1058 117 1062 ’
148 1052 529 1111 daemoniorum
564 1068 577 1105 :
615 1065 721 1104 non
779 1049 1009 1120 potestis
1060 1061 1265 1101 mensae
1298 1047 1512 1102 Domini
1544 1050 1714 1116 parti-

149 1147 280 1214 cipes
321 1157 462 1207 esse,
507 1151 562 1196 et
610 1154 811 1195 mensae
862 1137 1278 1203 daemoniorum.
1315 1156 1334 1190 ι
1380 1139 1517 1207 lpsis
1546 1142 1712 1195 etiam

150 1238 266 1293 illud
297 1237 430 1291 dicit
459 1235 504 1266 “
536 1251 550 1287 :
594 1253 612 1286 ι
645 1234 799 1301 Quod
833 1233 1289 1289 convenientibus
1338 1233 1496 1288 vobis
1522 1233 1575 1287 in
1610 1235 1712 1289 Ec-

149 1332 320 1394 clesia,
352 1328 511 1383 audio
531 1326 830 1383 schismata
849 1341 1023 1381 essen
1047 1327 1109 1381 Et
1142 1327 1341 1381 iterum
1359 1326 1402 1356 ⁸⁷
1430 1341 1444 1378 :
1481 1344 1500 1377 ι
1530 1324 1713 1380 Πηιιεα

148 1427 367 1496 quisque
419 1421 563 1476 enim
611 1434 763 1475 suam
817 1434 1031 1474 caenam
1071 1419 1360 1488 praesumit
1391 1419 1457 1471 ad
1493 1419 1718 1471 mandu-

148 1517 365 1573 candum
393 1523 483 1568 :et
505 1511 644 1566 alius
673 1511 891 1581 quidem
924 1512 1096 1565 esurit
1120 1552 1134 1574 ,
1158 1511 1299 1564 alius
1328 1520 1510 1563 autern
1529 1509 1717 1564 ebrius

148 1620 239 1666 est.
269 1627 286 1659 ι
326 1608 385 1661 Ει
418 1622 515 1676 pro
550 1606 617 1659 iis
647 1605 867 1660 delictis
905 1605 1039 1659 dicit
1062 1604 1108 1635 ⁶⁸
1144 1622 1157 1657 :
1193 1622 1210 1655 ι
1238 1603 1537 1674 Propterea
1574 1605 1720 1657 inter

147 1720 237 1759 vos
287 1703 443 1757 multi
507 1702 735 1767 infirmi,
802 1710 860 1756 et
906 1702 1063 1771 argri,
1115 1708 1171 1754 et
1216 1698 1500 1752 dormiunt
1541 1698 1717 1753 multi.

147 1794 285 1864 Quod
328 1796 369 1849 si
406 1810 506 1849 nos
547 1794 693 1864 ipsos
725 1793 1171 1863 dijudicaretnus,
1207 1806 1311 1845 non
1348 1792 1534 1860 utique
1557 1790 1718 1859 302

1822 590 2068 645 tudinem
2100 601 2312 659 gerere,
2346 586 2517 641 nescit
2559 583 2743 641 delicti
2790 582 3092 638 remedium
3123 593 3390 650 quaerere.

1813 683 1917 750 Qui
1955 696 2061 737 non
2111 689 2246 736 sunt
2295 678 2494 744 sancti,
2524 678 2577 732 in
2626 676 2873 747 peccatis
2901 675 3016 729 suis
3049 673 3391 732 moriuntur:

1814 776 1906 846 qui
1940 773 2115 832 sancti
2166 782 2314 837 sunt,
2348 787 2444 842 pro
2468 771 2711 841 peccatis
2738 768 3139 838 pmoitudinem
3175 774 3391 835 gerunt,

1813 868 2041 923 vulnera
2090 880 2189 920 sua
2242 864 2508 925 sentiunt,
2542 860 2855 926 intelligunt
2884 859 3087 927 lapsus,
3114 859 3394 927 requirunt

1813 960 2176 1023 sacerdotem,
2236 954 2524 1010 sanitatem
2579 952 2905 1020 deposcunt,
2956 947 3393 1018 puriﬁcationem

1814 1067 1914 1122 per
1949 1048 2259 1121 pontiﬁcem
2316 1051 2588 1116 quaerunt.
2625 1041 2833 1097 Idcirco
2881 1054 3014 1109 ergo
3042 1048 3207 1106 caute
3239 1047 3293 1094 et
3321 1037 3397 1094 si-

1818 1143 2359 1213 gniﬁcanter‘sermo
2385 1137 2521 1205 legis
2544 1134 2816 1204 designat,
2859 1132 2988 1201 quia
3024 1131 3309 1200 pontiﬁces
3340 1137 3399 1186 et

1818 1236 2156 1297 sacerdotes,
2213 1246 2320 1286 non
2382 1239 2876 1299 quorumcunque,
2922 1223 3017 1278 sed
3075 1232 3393 1277 sanctorum

1821 1322 2199 1378 tantummodo
2227 1327 2445 1374 sumant
2476 1325 2735 1386 peccata;
2762 1320 2990 1368 sanctus
3023 1311 3168 1365 enim
3203 1319 3286 1365 est
3307 1309 3397 1379 qui

1822 1423 2104 1484 peccatum
2142 1427 2297 1467 suum
2324 1423 2421 1479 per
2454 1405 2764 1478 pontiﬁcem
2792 1412 2973 1457 curat.

1888 1505 1944 1561 2.
1989 1504 2095 1560 Sed
2146 1505 2431 1558 redeamus
2458 1499 2522 1553 ad
2560 1497 2875 1566 pontiﬁcem
2919 1504 3186 1558 nostrum,
3218 1490 3401 1560 ponti-

1823 1599 1980 1653 ﬁcem
2017 1611 2266 1665 magnum
2313 1594 2402 1664 qui
2438 1591 2744 1660 penetravit
2790 1588 2980 1651 caelos,
3006 1586 3187 1641 Jesum
3221 1580 3404 1637 Domi-

1821 1701 1950 1739 num
1982 1695 2259 1748 nostrum;
2294 1691 2350 1735 et
2378 1681 2659 1734 videamus
2686 1679 2957 1748 quomodo
2988 1677 3100 1746 ipse
3129 1689 3248 1727 cum
3281 1670 3405 1724 ﬁliis

1825 1775 1959 1841 suis,
1993 1772 2253 1843 apostolis
2285 1772 2496 1826 scilicet
2519 1780 2574 1823 et
2600 1770 2953 1840 martyribus,
2982 1766 3145 1822 sumit
3182 1770 3405 1834 peccata

138 1852 522 1957 ᾗάῑροτεπηητ,
552 1852 581 1938 ,’
630 1852 795 1940 Ροει.
819 1887 934 1940 [me
987 1852 1170 1940 ante",
1221 1901 1330 1939 ιιοη
1361 1852 1473 1952 ian}
1757 1855 1796 1907 Β
1828 1875 2162 1919 sanctorum.
2197 1864 2265 1917 Et
2291 1864 2510 1932 quidem
2545 1864 2689 1931 quod
2725 1861 2985 1914 Dominus
3019 1867 3210 1912 noster
3241 1852 3400 1909 Jesus

153 1983 375 2037 moralia
413 1982 515 2051 ('7),
548 1979 641 2034 sed
685 1979 809 2033 ﬁdei
844 1980 896 2032 in
930 1978 1010 2033 eis
1038 1981 1246 2033 crimen
1281 1987 1602 2047 exaggerat.
1632 1978 1723 2031 Ait

143 2075 276 2128 enim
299 2072 348 2104 ⁶⁹
376 2091 388 2126 :
429 2090 446 2122 ι
470 2070 754 2138 Quomodo
796 2070 984 2124 dicunt
1024 2069 1170 2123 inter
1204 2084 1299 2122 vos
1328 2070 1549 2137 quidam
1576 2067 1721 2137 quod

144 2166 471 2222 resurrectio
512 2176 853 2219 mortuorum
908 2179 1016 2218 non
1078 2164 1230 2218 sit?»
1288 2162 1353 2217 Et
1408 2161 1607 2215 iterum
1629 2160 1720 2216 ἠε

147 2277 163 2308 ι
186 2259 239 2311 Si
267 2266 453 2310 autem
487 2256 740 2311 Christus
776 2269 880 2309 non
925 2254 1253 2318 resurrexit,
1290 2267 1429 2306 vana
1465 2261 1549 2306 est
1591 2252 1725 2307 ﬁdes

142 2357 344 2401 vestra.
374 2349 564 2402 Adhuc
587 2346 729 2400 enim
762 2345 894 2399 estis
928 2345 980 2398 in
1011 2344 1254 2413 peccatis
1285 2344 1502 2398 ve3tris.
1532 2361 1551 2395 ι
1579 2342 1724 2397 Lon-

144 2459 259 2515 gum
296 2456 464 2512 porro
498 2448 601 2504 est,
648 2454 747 2493 nec
789 2438 1043 2507 praesenti
1091 2436 1431 2491 conveniens
1469 2435 1721 2504 tempori,

144 2545 196 2588 ut
239 2532 471 2603 plurima
528 2532 594 2586 de
652 2530 717 2584 iis
764 2529 1074 2585 testimonia
1124 2528 1493 2598 proferamus,
1529 2528 1725 2603 quibus

142 2628 396 2697 probetur
420 2625 567 2693 quod
595 2623 628 2676 ii
663 2623 752 2691 qui
787 2621 962 2675 sancti
1004 2622 1279 2685 dicuntur,
1318 2635 1423 2674 non
1462 2600 1725 2674 continue

144 2719 301 2773 etiam
346 2716 469 2769 sine
503 2724 725 2784 peccato
756 2728 878 2767 esse
906 2711 1315 2781 intelligantur;
1343 2713 1437 2764 sed
1467 2710 1583 2764 haec
1607 2709 1726 2778 opi-

140 2816 333 2863 nentur
374 2808 452 2871 illi
485 2808 575 2877 qui
611 2807 910 2873 Scripturis
941 2804 1139 2859 divinis
1184 2817 1291 2855 non
1344 2800 1596 2864 sollicite,
1625 2816 1726 2854 nec

142 2901 428 2968 diligenter
476 2900 805 2953 intendunt:
841 2898 895 2951 in
943 2896 1140 2965 quibus
1185 2894 1366 2948 multa:
1398 2908 1519 2948 esse
1571 2891 1727 2947 diﬁ‘e-

142 2991 325 3043 realize
359 2996 681 3049 sanctorum
713 2989 1001 3051 docentur,
1039 2986 1180 3039 sicut
1211 3001 1238 3037 a
1264 2984 1419 3038 nobis
1449 2991 1500 3037 et
1528 2983 1579 3036 in
1604 2983 1727 3037 aliis

143 3083 471 3135 tractatibus
502 3080 714 3149 plenius
752 3079 957 3133 dictum
991 3086 1094 3130 est.
1130 3075 1240 3129 Sed
1278 3085 1332 3130 et
1374 3090 1517 3129 nunc
1547 3088 1726 3142 quan-

143 3184 250 3229 tum
279 3175 436 3227 locus
463 3174 710 3240 requirit,
745 3173 1012 3225 dicemus.
1039 3168 1224 3223 Sancti
1257 3169 1512 3222 dicuntur
1537 3168 1726 3221 iidem—

141 3282 243 3334 que
270 3277 325 3319 et
353 3274 678 3335 peccatores
705 3263 783 3316 illi
808 3263 897 3331 qui
922 3277 982 3317 se
1011 3267 1273 3314 voverunt
1304 3258 1520 3327 quidem
1546 3258 1653 3311 Deo
1671 3267 1724 3310 et

141 3366 630 3429 sequestravernnt
680 3372 708 3410 a
746 3355 892 3423 vulgi
934 3354 1347 3408 conversatione
1376 3351 1541 3403 vitam
1571 3365 1724 3403 suam

139 3455 200 3506 ad
237 3456 339 3506 hoc
396 3459 459 3505 ut
503 3449 731 3503 Domino
761 3449 1026 3502 serviant.
1061 3443 1378 3511 Hujusmodi
1409 3458 1537 3511 ergo
1566 3444 1730 3496 homo

140 3546 444 3599 secundum
479 3545 605 3609 hoc,
640 3542 782 3609 quod
821 3556 878 3594 se
928 3538 1145 3594 caeteris
1187 3537 1402 3590 actibus
1449 3536 1732 3591 circumci-

138 3638 210 3691 sis
240 3637 480 3689 Domino
514 3633 864 3703 mancipavit,
902 3641 1130 3686 sanctus
1158 3629 1378 3682 dicitur.
1411 3628 1596 3681 Potest
1632 3643 1731 3680 au-

141 3739 242 3783 tem
279 3731 428 3793 ﬁeri,
462 3739 517 3780 ut
549 3729 599 3779 in
631 3727 731 3780 hoc
766 3727 882 3795 ipso
910 3727 1051 3794 quod
1082 3725 1308 3779 Domino
1336 3722 1594 3787 deservit,
1624 3736 1730 3773 non

138 3824 211 3877 ita
257 3821 453 3875 omnia
498 3827 651 3890 gerat
686 3828 744 3873 ut
785 3819 901 3888 geri
932 3818 1215 3887 competit,
1250 3818 1345 3872 sed
1380 3816 1657 3884 delinquat
1680 3816 1731 3868 in

139 3914 448 3975 nonnullis,
482 3920 535 3966 et
578 3920 785 3981 peccet.
841 3909 996 3965 Sicut
1027 3913 1170 3966 enim
1224 3912 1269 3965 is
1302 3910 1393 3979 qui
1425 3917 1734 3977 sequestrat

136 4022 217 4072 se,
245 4016 302 4060 et
354 4014 611 4076 segregat
641 4006 708 4059 ab
735 4003 988 4059 omnibus
1013 4002 1247 4069 actibus,
1284 4012 1340 4055 ut
1365 4001 1733 4070 disciplinam,

139 4100 289 4154 verbi
326 4097 864 4168 gratia,-medicinaa
916 4105 1009 4149 aut
1037 4095 1397 4165 philosopliize
1432 4108 1735 4159 consequa-

138 4200 245 4255 tur,
278 4208 390 4243 non
426 4190 612 4257 utique
641 4190 900 4243 continuo
932 4197 989 4242 ut
1012 4206 1071 4244 se
1098 4188 1406 4259 ltujusmodi
1454 4186 1737 4239 tradiderit

138 4280 478 4349 disciplinis,
517 4282 588 4334 ita
618 4280 895 4349 perfectus
942 4280 1070 4344 erit,
1097 4288 1155 4333 ut
1185 4264 1291 4332 non
1314 4262 1317 4265 ’
1344 4277 1657 4331 inveniatur
1684 4275 1735 4328 in

137 4370 330 4439 aliquo
387 4383 671 4439 peccare:
706 4370 814 4423 into
871 4369 1052 4437 potius
1109 4368 1341 4437 plurima
1380 4366 1739 4434 delinquendo

138 4462 225 4516 vix
264 4463 332 4515 ad
364 4461 760 4531 perfectionem
804 4456 1107 4529 aliquando
1137 4459 1449 4528 perveniet;
1477 4467 1530 4512 et
1558 4466 1738 4510 tamen

1824 1954 2074 2011 Christus
2118 1956 2333 2009 venerit
2366 1963 2426 2007 ut
2474 1954 2695 2008 tolleret
2754 1960 3040 2021 peccatum
3095 1947 3305 2012 mundi,
3344 1953 3401 1999 et

1825 2058 2003 2101 morte
2054 2061 2149 2120 sua
2214 2054 2436 2113 peccata
2501 2056 2684 2099 nostra
2742 2043 3025 2107 deleverit,
3079 2040 3260 2094 nullus
3310 2036 3405 2105 qui

1824 2139 2046 2194 Christo
2072 2118 2263 2202 credit,
2299 2137 2535 2206 ignorat.
2564 2136 2850 2201 Quomodo
2874 2143 3054 2187 autem
3088 2143 3142 2185 et
3172 2118 3264 2183 ﬁlii
3291 2129 3410 2198 ejus

1825 2232 2078 2286 auferant
2105 2238 2327 2299 peccata
2361 2237 2699 2292 sanctorum,
2721 2227 2772 2280 id
2799 2234 2881 2279 est
2909 2221 3136 2292 apostoli
3166 2230 3221 2275 et
3257 2234 3407 2273 mar-

1826 2333 1997 2396 tyres,
2031 2325 2076 2378 si
2122 2323 2447 2393 poterimus,
2484 2335 2551 2375 ex
2594 2318 2903 2385 Scripturis
2938 2315 3137 2369 divinis
3177 2313 3410 2382 probare

1830 2417 2189 2473 tentabimus.
2222 2414 2362 2468 Audi
2416 2414 2592 2483 primo
2645 2410 2874 2464 Paulum
2917 2409 3191 2462 dicentem
3221 2425 3234 2457 :
3269 2422 3287 2454 ι
3322 2401 3414 2459 Li-

1825 2511 2019 2566 benter
2064 2508 2237 2571 enim,
2269 2506 2447 2577 inquit
2469 2505 2537 2570 ⁷¹,
2569 2503 2899 2572 expendam,
2927 2512 2981 2554 et
3008 2498 3289 2568 expendar
3315 2511 3413 2565 pro

1826 2601 2113 2656 animabus
2134 2598 2371 2662 vestris;
2405 2616 2422 2648 ι
2453 2596 2581 2651 etin
2607 2595 2712 2649 alio
2740 2594 2859 2647 loco
2889 2609 2901 2645 :
2936 2610 2953 2642 ι
2986 2590 3096 2658 Ego
3132 2589 3274 2642 enim
3301 2586 3414 2655 jam

1824 2693 2102 2759 itnmolor,
2127 2689 2386 2759 inquit”,
2410 2698 2463 2742 et
2485 2697 2694 2756 tempus
2722 2682 3131 2754 regressionis,»
3160 2680 3277 2734 sive
3298 2692 3416 2732 tre-

1828 2785 2114 2840 solutionis
2146 2796 2277 2835 mea:
2310 2783 2500 2835 instat.
2521 2800 2539 2833 ι
2575 2780 2679 2833 Pro
2701 2778 2769 2831 iis
2814 2790 2945 2844 ergo
2977 2772 3173 2843 quibus
3201 2770 3411 2825 scribe-

1827 2879 1945 2941 bat,
1973 2876 2207 2944 expendi
2238 2889 2296 2928 se
2327 2885 2382 2928 et
2423 2871 2688 2927 immolari
2724 2869 2855 2923 dicit
2883 2863 3198 2933 Aposmlus.
3228 2860 3417 2915 Hostia

1828 2979 2012 3023 autem
2049 2982 2170 3021 cum
2196 2964 2533 3030 immolatur,
2565 2962 2634 3017 ad
2669 2962 2773 3015 hoc
2800 2956 3109 3012 immolatur
3138 2965 3197 3007 ut
3230 2965 3417 3006 eorum

1829 3075 1930 3132 pro
1962 3060 2161 3129 quibus
2180 3057 2483 3127 iugulatur,
2516 3062 2738 3123 peccata
2764 3056 3086 3119 purgentur.
3115 3044 3190 3097 De
3218 3050 3421 3111 marty-

1834 3157 1984 3211 ribus
2028 3165 2207 3209 autem
2240 3152 2434 3207 scribit
2470 3148 2708 3203 Joannes
2755 3142 3033 3215 apostolus
3072 3141 3125 3192 in
3151 3133 3422 3206 Apocaly-

1830 3249 1997 3320 psi",
2025 3247 2147 3316 quia
2180 3246 2376 3299 anima:
2423 3257 2610 3297 eorum
2644 3239 2741 3310 qui
2781 3235 3015 3306 jugulati
3043 3241 3169 3288 sunt
3202 3237 3424 3299 propter

1831 3358 2027 3397 nomen
2058 3341 2267 3394 Domini
2290 3338 2438 3401 Jesu,
2472 3337 2739 3391 assistunt
2767 3331 2926 3385 altari
2952 3348 2966 3395 ;
2999 3327 3088 3398 qui
3126 3335 3305 3379 autem
3328 3337 3422 3376 as-

1832 3435 1976 3488 sistit
2006 3432 2162 3485 altari
2190 3471 2207 3497 ,
2243 3429 2552 3483 ostenditur
2576 3425 2728 3493 fungi
2760 3421 3062 3476 sacerdotis
3088 3415 3284 3470 ofﬁcio.
3317 3412 3421 3467 Sa-

1832 3525 2068 3580 cerdotis
2084 3533 2265 3576 autem
2285 3519 2517 3575 ofﬁcium
2538 3528 2641 3579 est,
2658 3530 2757 3585 pro
2773 3512 2951 3583 populi
2975 3509 3281 3577 supplicare
3296 3519 3425 3576 peo-

1832 3617 1990 3672 catis.
2019 3614 2171 3669 Unde
2190 3628 2290 3683 ego
2314 3626 2527 3673 vereor,
2554 3623 2621 3662 ne
2647 3607 2788 3661 forte
2812 3618 2877 3657 ex
2897 3618 3002 3671 quo
3023 3610 3294 3668 martyres
3314 3611 3423 3650 non

1836 3708 1993 3773 ﬁunt,
2023 3705 2285 3759 etliostiae
2307 3710 2621 3757 sanctorum
2649 3713 2752 3751 non
2781 3692 3085 3748 offeruntur
3109 3703 3205 3757 pro
3231 3701 3422 3755 pecca-

1838 3801 1908 3854 tis
1931 3798 2159 3862 nostris,
2180 3805 2529 3865 peccatorum
2560 3798 2870 3844 nostrorum
2904 3781 3281 3838 remissionem
3314 3791 3423 3831 non

1837 3906 2160 3948 mereamur.
2181 3889 2245 3942 Et
2264 3888 2385 3941 ideo
2412 3899 2623 3946 vereor,
2645 3896 2711 3934 ne
2728 3875 3175 3949 permanentibus
3198 3873 3250 3925 in
3270 3870 3427 3923 nobis

1837 3985 2073 4055 peccatis
2104 3982 2331 4045 nostris,
2359 3976 2569 4031 accidat
2592 3973 2747 4027 nobis
2773 3970 2901 4023 illud
2935 3968 3081 4037 quod
3121 3968 3187 4017 de
3222 3968 3425 4018 seruet-

1840 4078 1971 4148 ipsis
2004 4077 2191 4130 dicunt
2217 4070 2410 4135 Judmi,
2446 4067 2572 4137 quia
2605 4080 2713 4119 non
2747 4064 3011 4118 habentes
3035 4060 3223 4117 altare,
3252 4067 3428 4123 neque

1842 4143 2122 4238 templum,
2153 4180 2332 4235 neque
2355 4160 2751 4223 sacerdotium,
2771 4166 2827 4211 et
2850 4155 2920 4210 ob
2944 4153 3049 4207 hoc
3083 4165 3182 4204 nec
3218 4143 3428 4203 hostias

1845 4271 2158 4335 offerentes,
2194 4275 2440 4337 peccata,
2481 4260 2681 4330 inquit,
2715 4265 2900 4312 nostra
2935 4258 3162 4306 manent
3216 4247 3271 4301 in
3325 4257 3421 4297 no~

1844 4365 1963 4426 bis;
2012 4374 2066 4416 et
2124 4362 2249 4415 ideo
2306 4356 2470 4411 venia
2509 4353 2660 4408 nulla
2699 4346 3077 4417 subsequitur.
3110 4341 3175 4395 Et
3208 4347 3424 4395 contra,

1845 4470 1944 4507 nos
1992 4453 2177 4506 dicere
2227 4449 2512 4509 debemus,
2560 4443 2686 4512 quia
2728 4439 2920 4493 hostiae
2974 4440 3278 4500 martyrum
3320 4440 3427 4479 non

135 4554 330 4608 Statim
370 4561 436 4605 ut
459 4566 517 4606 se
545 4552 610 4605 ad
653 4549 963 4620 huiusmodi
996 4520 1221 4603 scholas
1246 4520 1492 4611 tradidit,
1530 4558 1739 4603 certum
1776 4548 1819 4604 D
1849 4544 2151 4597 oiferuntur
2182 4555 2278 4608 pro
2324 4537 2502 4599 nobis,
2538 4535 2746 4587 idcirco
2783 4534 3006 4581 manent
3036 4523 3088 4576 in
3122 4520 3279 4573 nobis
3312 4532 3432 4619 pec:

137 4654 221 4697 est
277 4660 413 4697 eum
469 4644 554 4697 vel
606 4646 748 4697 inter
800 4642 1071 4706 medicos,
1103 4640 1185 4695 vel
1220 4641 1363 4693 inter
1391 4640 1741 4708 philosophos

135 4732 474 4797 numerari;
519 4733 589 4786 ita
622 4742 677 4786 ct
709 4733 773 4787 de
824 4734 1033 4787 sanctis
1067 4732 1446 4801 accipiendum
1484 4741 1567 4784 est
1595 4732 1739 4799 quod

136 4826 332 4879 statim
359 4826 590 4895 quidem
615 4835 673 4879 ut
699 4826 974 4892 mancipat
1000 4839 1061 4878 se
1095 4825 1220 4893 quis
1255 4822 1453 4878 studiis
1480 4823 1742 4877 sanctita-

138 4919 234 4983 tis,
275 4920 593 4973 secundmn
620 4919 721 4973 hoc
744 4919 887 4987 quod
928 4919 1230 4988 proposuit,
1265 4926 1488 4971 sanctus
1511 4914 1745 4983 appelle-

140 5021 250 5066 tur.
303 5011 630 5065 Secuudum
673 5011 777 5065 hoc
814 5025 944 5066 vero
977 5010 1122 5080 quod
1157 5023 1380 5063 necesse
1416 5018 1500 5063 est
1528 5023 1653 5061 eum
1689 5007 1739 5060 in

136 5105 335 5160 multis
378 5104 727 5172 delinquere,
781 5104 955 5158 donec
999 5116 1099 5155 usu
1131 5109 1186 5154 et
1216 5100 1498 5171 disciplina
1534 5115 1598 5152 ac
1624 5099 1744 5152 dili-

138 5202 333 5270 gentia
405 5199 759 5253 abscindatur
809 5198 876 5252 ab
929 5212 994 5251 eo
1053 5197 1393 5251 consuetudo
1460 5191 1742 5263 peccandi,

137 5293 315 5347 etiam
371 5301 654 5359 peccator,
712 5298 769 5344 ut
825 5307 987 5361 supra
1032 5291 1311 5353 diximus,
1356 5284 1744 5355 appellabitur.

139 5383 256 5452 Ego
282 5391 486 5435 autem
516 5390 573 5435 et
623 5380 854 5449 amplius
876 5382 1016 5435 addo
1045 5379 1273 5449 aliquid,
1306 5376 1448 5446 quod
1482 5374 1585 5428 nisi
1618 5388 1743 5427 sanv

140 5485 301 5528 ctum
335 5473 683 5543 propositum
716 5471 913 5540 aliquis
946 5471 1165 5533 habeat,
1193 5478 1247 5522 et
1284 5466 1589 5522 sanctitatis
1631 5472 1751 5517 stu—

212 5567 309 5619 "l
348 5569 486 5620 Cor.
518 5582 572 5629 x,
596 5565 665 5620 ‘20
689 5574 742 5620 et
774 5563 865 5617 21.
944 5562 987 5593 ⁶⁶
1014 5562 1030 5614 1
1058 5560 1185 5614 Cor.
1219 5575 1293 5625 ιιι,
1328 5562 1414 5613 18.

139 5639 182 5670 ἰ
214 5639 261 5692 li
294 5638 445 5692 Cur.
480 5652 573 5702 xu,
610 5639 697 5692 15.
769 5636 815 5666 ⁷³
838 5634 883 5687 ιι
913 5632 1056 5687 Tim.
1090 5647 1164 5698 tv,
1207 5634 1261 5685 6.
1339 5630 1559 5701 "Apoc.
1591 5643 1666 5682 vt.

218 5780 304 5851 (6)
340 5776 534 5851 ngex
570 5775 943 5851 Belvacensis
970 5814 985 5837 ,
1026 5768 1491 5851 fimmolatitip‘m.
1519 5785 1540 5851 ι
1569 5767 1754 5845 Codex

144 5838 349 5907 Sancti
395 5847 741 5913 Theoderici,
797 5866 815 5899 ι
853 5842 1269 5901 immolationis.
1317 5861 1331 5892 ι
1382 5838 1755 5905 Ebroiccnsis,

1494 5559 1535 5591 ⁶⁷
1563 5557 1693 5611 ibid.
1731 5556 1820 5612 21.

1849 4646 1967 4691 cata
1995 4646 2176 4687 nostra
2202 4648 2216 4697 ;
2245 4645 2349 4683 non
2376 4628 2521 4681 enim
2549 4637 2826 4678 meremur
2852 4614 3283 4688 persecutionem
3318 4606 3431 4678 pati

1849 4738 2070 4798 propter
2115 4724 2418 4784 Christum,
2452 4731 2552 4771 nec
2597 4714 2735 4768 mori
2791 4712 3012 4781 propter
3070 4718 3266 4758 nomen
3304 4699 3430 4754 Filii

1853 4795 1972 4875 Dei.
2002 4818 2071 4872 Et
2106 4816 2231 4870 ideo
2277 4812 2443 4867 etiam
2478 4806 2749 4868 diabolus,
2789 4803 2972 4858 sciens
2998 4813 3094 4869 per
3123 4795 3431 4866 passionem

1852 4912 2103 4983 martyrii
2150 4906 2535 4963 remissionem
2575 4899 2693 4955 ﬁeri
2735 4904 3115 4967 peccatorum,
3149 4904 3257 4944 non
3313 4886 3433 4940 vult

1850 5005 2009 5058 nobis
2064 5000 2317 5070 publicas
2367 4992 2650 5065 gentilium
2709 4987 3121 5058 persecutiones
3177 4991 3433 5037 movere:

1854 5098 1954 5151 scit
1983 5096 2153 5158 enim,
2186 5092 2310 5162 quia
2360 5090 2405 5145 si
2448 5088 2514 5140 ad
2550 5099 2706 5153 rcges
2728 5093 2782 5138 et
2811 5081 3065 5152 praesides
3099 5076 3433 5131 adducamur

1858 5200 2078 5263 propter
2123 5202 2322 5243 nomen
2353 5181 2581 5246 Christi,
2614 5181 2682 5235 ad
2736 5175 3105 5233 testimonium
3137 5167 3336 5224 Judmis
3380 5173 3436 5218 et

1858 5254 2134 5351 gen-tibus,
2191 5276 2444 5348 gaudium
2503 5271 2661 5326 nobis
2713 5278 2767 5323 et
2821 5264 3120 5321 exsultatio
3163 5260 3256 5323 sit,
3307 5254 3435 5325 quia

1862 5388 2075 5427 merces
2133 5345 2317 5426 nostra
2358 5366 2525 5422 multa
2581 5363 2635 5416 in
2686 5360 2841 5414 cmlis
2871 5367 2973 5413 est.
3013 5354 3136 5407 ilzrc
3169 5366 3275 5405 non
3307 5345 3438 5399 facit

1863 5466 2140 5532 inimicus,
2173 5465 2253 5518 vel
2286 5464 2427 5533 quod
2461 5464 2573 5534 ipse
2604 5457 2786 5529 gloria:
2817 5451 3042 5514 invidet,
3070 5445 3151 5500 vel
3186 5438 3439 5498 fortassis

1924 5561 1968 5592 ⁵⁸
1992 5560 2126 5616 ibid.
2165 5558 2235 5614 50
2262 5567 2313 5614 et
2338 5557 2426 5611 51.
2527 5553 2570 5584 ⁶⁹
2596 5550 2619 5604 1
2645 5550 2886 5613 Cor.xv,
2916 5544 3003 5598 12.
3096 5538 3143 5571 "°
3175 5536 3308 5593 ibid.
3345 5534 3435 5591 17.

1875 5784 1892 5817 ι
1918 5766 1983 5818 de
2016 5761 2329 5816 immolatis.
2369 5779 2387 5811 ι
2426 5757 2578 5811 Libb.
2612 5753 2762 5817 editi,
2804 5745 3133 5803 «immolati.
3155 5763 3179 5799 ι

1939 5834 2014 5907 ('7)
2044 5835 2225 5889 Codex
2266 5828 2635 5893 Belvaccnsis,
2668 5842 2687 5876 ι
2712 5819 2980 5877 mortalia.
3026 5835 3041 5866 ι
