3914 6524
617 384 727 442 ῦ59

2113 369 2435 429 ORIGENIS
2905 417 2912 422 .
3688 367 3750 418 Ct'J

620 501 766 574 quod
827 498 915 554 ille
956 499 1046 569 qui
1080 497 1262 554 omnia
1315 496 1601 566 praevidet,
1631 494 1924 565 praenoscit
1964 505 2064 546 nos
2096 505 2200 543 non
2236 500 2279 555 Α
2311 480 2618 551 Evangeliis
2664 479 2797 535 dicit
2828 479 2916 531 “:
2964 495 2982 528 ί
3022 473 3104 574 Tt!
3153 481 3334 574 autem
3379 485 3488 524 cum
3523 486 3637 536 0m.
3665 477 3752 531 intra

623 607 746 647 esse
777 592 998 646 idoneos
1033 591 1100 645 ad
1129 589 1452 659 martyrium
1487 588 1850 643 tolerandum.
1877 583 1993 640 Scit
2015 593 2196 638 tamen

623 683 884 739 Dominus
915 681 1007 746 qui
1043 689 1168 736 sunt
1197 680 1339 749 ejus,
1367 689 1422 735 et
1455 679 1508 732 in
1541 679 1739 746 quibus
1770 693 1876 732 non
1921 684 2194 746 speratur,

623 777 788 832 habet
831 774 919 831 ille
945 776 1233 830 thesauros
1262 789 1390 829 suos
1428 787 1443 827 :
1475 792 1494 826 ι
1535 772 1648 827 Νοιι
1676 773 1821 827 enim
1865 771 2003 826 sicut
2035 770 2198 824 homo

621 870 790 932 videt,
829 867 903 922 ita
951 877 1004 923 et
1042 867 1270 922 Deus”.
1298 886 1316 919 ι
1355 866 1465 936 Ego
1501 881 1607 919 non
1645 864 1834 919 dubito
1875 873 1925 918 et
1983 864 2034 918 in
2092 864 2195 918 hoc

621 972 886 1014 conventu
946 973 1069 1014 esse
1117 959 1335 1027 aliquos
1381 959 1482 1027 ipsi
1539 957 1637 1012 soli
1673 957 1942 1026 cognitos,
1969 956 2062 1024 qui
2090 955 2195 1024 iam

624 1052 764 1118 apud
817 1065 942 1105 eum
999 1060 1270 1120 martyres
1318 1052 1428 1104 sint
1464 1050 1776 1105 testimonio
1827 1047 2192 1110 conscientiae,

621 1145 821 1212 parati,
855 1144 896 1196 si
931 1143 1050 1212 quis
1073 1154 1352 1210 esposcat,
1385 1142 1662 1197 eﬂundere
1683 1142 1999 1212 sanguinem
2037 1155 2194 1194 suum

624 1249 723 1302 pro
755 1234 972 1287 nomine
1029 1234 1236 1288 Domini
1269 1234 1397 1289 Jesu
1431 1234 1665 1301 Christi;
1707 1249 1812 1288 non
1856 1233 2049 1288 dubito
2081 1247 2199 1287 esse

626 1325 836 1396 aliquos
894 1326 982 1395 qui
1039 1326 1266 1380 tulerint
1311 1343 1527 1381 crucem
1580 1343 1754 1394 suam,
1814 1335 1868 1382 et
1904 1334 2200 1394 sequantur

621 1434 762 1473 eum.
818 1417 941 1472 [lare
997 1419 1122 1473 liret
1155 1433 1250 1487 per
1279 1435 1564 1473 excessum
1598 1421 1912 1487 nuemdam,
1941 1433 2200 1473 necessa-

621 1513 705 1565 rio
743 1522 920 1566 tamen
979 1513 1236 1567 videntur
1285 1513 1451 1576 dicta,
1488 1522 1545 1566 ut
1582 1513 2006 1582 intelligercmus
2063 1528 2197 1581 quo-

629 1603 797 1658 modo
826 1620 923 1673 per
955 1605 1292 1673 pontificem,
1332 1605 1492 1674 303
1522 1615 1575 1659 et
1610 1605 1748 1660 ﬁlios
1777 1604 2054 1674 pontiﬁcis
2105 1605 2200 1660 ﬁat

626 1693 686 1748 in
720 1696 924 1749 sanctis
959 1694 1203 1749 remissio
1230 1705 1602 1764 peccatorum.

690 1829 745 1882 5.
787 1827 1044 1896 Sequitur
1073 1838 1192 1897 post
1217 1827 1370 1880 lucc:
1411 1845 1428 1876 ι
1459 1825 1525 1878 Ει
1555 1836 1633 1888 tu,
1678 1826 1853 1894 inquit
1897 1827 1965 1892 ⁷⁵,
2004 1836 2058 1881 et
2104 1827 2198 1881 ﬁlii

621 1918 700 1972 tui
735 1919 1009 1986 accipietis
1068 1925 1287 1987 peccata
1328 1916 1619 1970 sacerdotii
1657 1918 1824 1972 vestri
1864 1936 1877 1971 :
1924 1929 1976 1992 et
2005 1918 2202 1973 fratres

623 2021 746 2065 tuos
769 2011 999 2064 tribuum
1034 2009 1189 2073 Levi,
1223 2010 1431 2078 plebem
1465 2009 1636 2077 patris
1668 2010 1744 2063 tui
1783 2025 1996 2064 assume
2025 2011 2089 2064 ad
2124 2020 2197 2077 te,

621 2112 677 2154 et
701 2101 1065 2170 adjungantur
1101 2102 1216 2166 tibi,
1249 2113 1301 2157 et
1339 2103 1649 2158 ministrent
1680 2102 1773 2157 tibi
1809 2121 1822 2156 :
1856 2115 1911 2157 et
1932 2114 1983 2158 tu
2014 2114 2067 2158 et
2107 2105 2200 2158 lilii

621 2193 698 2244 tui
733 2203 906 2245 tecum
937 2193 991 2246 in
1016 2203 1307 2262 conspectu
1339 2194 1668 2249 tabernaculi
1695 2194 1990 2250 testimonii
2013 2196 2202 2250 obser-

619 2285 826 2338 vabunt
877 2286 1157 2338 custodias
1225 2294 1346 2341 tuas
1403 2286 1754 2341 tabernaculi.
1813 2305 1831 2338 ι
1895 2285 2202 2340 Observare

619 2373 958 2443 diligentius,
984 2375 1335 2430 etintendere
1385 2377 1450 2430 iis
1491 2393 1613 2445 quae
1640 2377 1844 2445 scripta
1875 2387 2033 2442 sunt,
2065 2393 2200 2430 con-

617 2462 770 2515 venit
799 2477 894 2517 eos
924 2464 1194 2532 praecipue
1237 2465 1328 2533 qui
1375 2466 1427 2519 in
1465 2465 1657 2520 ordine
1714 2467 2039 2521 sacerdmali
2084 2470 2197 2536 glo-

621 2554 870 2617 riantur;
911 2563 967 2607 ut
991 2555 1166 2608 sciant
1189 2557 1314 2624 quid
1343 2568 1426 2612 est
1453 2559 1596 2626 quod
1619 2559 1698 2612 eis
1727 2558 1808 2612 lcx
1853 2560 2033 2613 divitia
2068 2576 2201 2630 pne-

620 2643 763 2710 cepit
791 2642 1208 2698 observandum.
1238 2646 1338 2710 Tu,
1373 2647 1571 2715 inquit,
1605 2659 1658 2702 et
1685 2649 1777 2702 ﬁlii
1814 2651 1888 2703 tui
1923 2659 2098 2705 tecum
2147 2655 2199 2704 in

622 2744 917 2804 conspectu
953 2739 1285 2792 tabernaculi
1321 2742 1604 2794 observate
1648 2743 1922 2796 custodias
1972 2753 2198 2809 vestras,

620 2834 676 2879 et
733 2827 929 2891 altare,
975 2840 1031 2883 et
1080 2833 1356 2887 custodias
1403 2833 1735 2889 tabernaculi
1788 2836 1888 2906 (8).
1947 2835 2199 2892 lllaudata

621 2920 839 2986 quidem
903 2932 1052 2976 certa
1114 2932 1237 2977 sunt
1305 2933 1360 2978 et
1411 2927 1722 2991 evidentia,
1784 2937 1844 2983 ut
1905 2930 2201 2986 observare

623 3011 918 3066 debeamus
963 3014 1232 3068 custodias
1280 3015 1638 3082 tabernaculi,
1687 3027 1740 3072 et
1784 3019 1995 3084 altaris,
2023 3030 2077 3076 et
2109 3039 2200 3077 sa-

622 3105 847 3160 cerdotii
875 3109 1033 3175 ;qttis
1063 3123 1193 3161 sane
1218 3108 1289 3162 sit
1313 3110 1402 3178 qui
1431 3111 1700 3170 observet,
1728 3119 1781 3164 et
1803 3110 2046 3167 faciatca
2079 3129 2200 3182 qua:

621 3198 996 3250 sacerdotibus
1027 3201 1276 3253 tnatulata
1305 3211 1431 3254 sunt
1468 3220 1482 3268 ;

621 3288 839 3356 quidem
879 3291 1070 3344 ordine
1097 3303 1152 3346 et
1183 3293 1386 3348 honore
1413 3296 1723 3360 sacerdotii,
1763 3313 1928 3366 Opera
1974 3315 2104 3354 vero
2146 3309 2200 3355 et

623 3382 941 3452 mysterium
969 3385 1259 3439 sacerdotii
1293 3400 1397 3440 non
1423 3388 1694 3454 observet,
1731 3389 1819 3445 ille
1845 3391 1994 3446 solus
2035 3405 2198 3447 nosse

618 3483 814 3541 potest,
839 3476 928 3542 qui
960 3485 1236 3532 scrutatur
1260 3479 1424 3534 corda
1473 3490 1526 3535 et
1570 3497 1726 3536 rencs
1755 3484 1821 3537 ⁷⁸.
1871 3483 2200 3539 Mandantur

617 3566 897 3620 observari
935 3583 1038 3621 non
1067 3569 1241 3624 solum
1296 3586 1358 3626 ea
1401 3588 1520 3641 quae
1559 3572 1690 3629 foris
1746 3585 1892 3642 sunt,
1934 3595 1952 3627 ι
1995 3577 2099 3630 Sed
2146 3589 2202 3632 et

617 3670 705 3721 ea,
740 3658 916 3726 inquit
962 3660 1030 3724 ⁷⁷,
1075 3669 1132 3714 ut
1181 3673 1374 3718 curent
1412 3667 1728 3721 sacerdotes
1764 3667 2035 3735 prmcipne
2081 3683 2200 3736 quae

620 3750 763 3804 intra
807 3753 1048 3808 velamen
1095 3767 1257 3823 sunt;
1303 3777 1322 3810 ι
1377 3759 1526 3813 velut
1576 3761 1620 3814 si
1656 3761 1903 3816 diceret:
1950 3777 2081 3816 cura
2129 3763 2201 3816 sit

619 3845 1033 3911 sacerdotibus,
1103 3849 1376 3904 evidentia
1444 3868 1510 3907 ac
1586 3854 1875 3908 manifesta
1947 3857 2198 3908 mamlata

620 3929 823 3985 divinae
852 3931 983 4002 legis
1018 3935 1261 4004 implere,
1286 3949 1339 3993 et
1364 3944 1618 4011 mysteria
1641 3942 1760 4011 ejus
1789 3945 2107 3998 abscondita
2145 3954 2200 4000 et

621 4021 797 4074 velata
865 4027 1009 4079 omni
1079 4031 1411 4098 perspicacia
1485 4036 1753 4090 contueri.
1819 4035 1876 4090 Si
1943 4051 2071 4091 vero
2131 4037 2198 4090 ad

623 4111 898 4166 hominem
951 4116 1081 4172 velis
1136 4120 1344 4176 referre
1383 4124 1788 4179 tabernaculum
1856 4128 2196 4193 testimonii;

551 4261 556 4263 _
621 4207 879 4270 quOniam
945 4210 1161 4277 quidem
1223 4228 1420 4282 corpus
1487 4217 1724 4272 hominis
1785 4219 2194 4273 tabernaculum

620 4295 822 4353 Paulus
850 4302 1106 4369 appellat,
1154 4305 1339 4360 dicens
1393 4307 1438 4338 ⁷⁸
1471 4325 1483 4360 :
1531 4326 1550 4359 ι
1585 4307 1684 4374 Qui
1717 4309 1860 4363 enim
1914 4327 2102 4366 sumus
2142 4311 2194 4365 in

620 4393 971 4448 tabernaculo
1004 4397 1130 4463 hoc,
1157 4399 1426 4467 gemimus
1454 4402 1730 4471 aggravati
1758 4417 1772 4466 ;
1805 4403 1858 4456 in
1899 4419 2007 4473 quo
2040 4405 2195 4458 nolu-

616 4498 740 4541 mus
761 4488 1071 4556 exspoliari,
1098 4492 1191 4545 sed
1224 4495 1577 4562 supervestiri
1605 4511 1619 4560 ;
1669 4514 1686 4548 ι
1735 4496 1780 4550 si
1828 4511 1960 4564 ergo
1986 4499 2051 4551 ad
2092 4496 2194 4552 ho-

2305 576 2359 629 in
2391 571 2699 628 cubiculum
2733 577 2906 631 tuum,
2937 573 2993 621 et
3031 562 3224 619 claude
3263 571 3450 616 OSllunt
3491 573 3752 628 ttttltn,elon

2305 676 2514 737 patrem
2545 674 2694 718 tuum
2724 663 2776 716 in
2803 659 3148 715 abscondito.
3185 676 3204 709 ι
3239 656 3339 721 Qui
3382 671 3499 725 ergo
3530 657 3590 710 ita
3622 671 3755 716 oratu

2304 758 2437 822 dixi,
2469 753 2773 825 ingreditur
2803 753 2869 806 ad
2895 751 3070 805 altare
3102 750 3309 806 incensi
3340 749 3472 818 quod
3500 759 3570 801 est
3587 750 3754 808 interius.

2304 853 2440 907 Cum
2490 861 2669 905 autem
2709 849 2830 918 quis
2887 847 3034 902 clara
3074 858 3224 908 voce,
3270 850 3324 898 ct
3362 843 3523 896 verbis
3549 858 3644 898 cum
3675 860 3757 899 sono

2307 946 2553 1016 prolatis,
2606 944 2765 1012 quasi
2823 949 2880 996 ut
2933 940 3169 995 aediﬁcet
3220 937 3511 999 audientes,
3544 938 3756 994 cntionem

2305 1038 2480 1092 fundit
2507 1040 2573 1090 ad
2607 1036 2798 1098 Deum,
2828 1035 2914 1089 hic
2943 1033 3139 1103 spiritu
3175 1040 3314 1092 orat,
3343 1037 3395 1084 et
3418 1029 3593 1084 olierrc
3616 1033 3755 1087 videtur

2307 1129 2538 1184 hostiam
2574 1129 2625 1181 in
2659 1126 2818 1180 altari
2845 1125 2989 1194 quod
3025 1123 3162 1178 foris
3183 1131 3271 1177 est
3299 1123 3366 1176 ad
3399 1121 3758 1177 bolocaustomu

2307 1220 2487 1290 populi
2544 1219 2924 1274 constitutum.
2993 1216 3218 1286 Oportet
3269 1229 3398 1283 ergo
3449 1216 3759 1269 sarerdotesez

2306 1327 2504 1366 curare
2535 1311 2805 1380 prmcipue
2848 1319 2903 1364 et
2952 1309 3250 1369 custodire,
3287 1322 3405 1376 quae
3441 1305 3565 1358 intra
3601 1307 3762 1360 relatae:

2309 1403 2539 1457 interius
2569 1411 2951 1474 conteguntur,
2988 1413 3054 1453 ne
3075 1399 3203 1468 quid
3229 1397 3302 1451 ibi
3329 1396 3589 1466 pollutum,
3618 1412 3667 1450 ne
3686 1400 3762 1465 quid

2309 1493 2620 1547 inveniatur
2669 1493 3045 1558 immundum;
3079 1492 3181 1544 hoc
3223 1499 3306 1544 est
3345 1490 3625 1544 interiorem
3657 1492 3763 1544 lion;-

2306 1601 2453 1646 netn,
2503 1594 2557 1639 et
2589 1585 2770 1638 cordis
2817 1595 3028 1640 secreta
3059 1599 3278 1647 curare,
3319 1592 3380 1638 ut
3416 1582 3487 1636 ibi
3521 1583 3763 1658 inuuarulau

2305 1686 2681 1746 permaneant.
2709 1675 3002 1730 Cherubim
3053 1686 3108 1730 et
3150 1675 3591 1746 prOpitiatorium,
3618 1677 3766 1729 scientia

2310 1767 2658 1836 intelligenda
2686 1776 2770 1822 est
2796 1767 3084 1822 Trinitatis
3111 1784 3126 1832 ;
3161 1767 3525 1837 interpretatio
3550 1767 3662 1820 enim
3680 1766 3765 1820 Che-

2237 1865 2276 1920 B
2311 1859 2482 1912 rubim
2528 1859 2944 1922 multitudinem,
2998 1859 3051 1912 id
3094 1867 3178 1913 est
3220 1858 3576 1928 perfectionem
3617 1861 3767 1913 scienti:

2309 1950 2518 2004 indicat
2544 1949 2622 2019 g9)
2653 1967 2666 2002 :
2703 1959 2758 2002 et
2787 1965 2906 2018 qua:
2951 1959 3037 2003 cst
3086 1950 3192 2003 alia
3251 1949 3525 2018 perfectio,
3554 1949 3635 2003 nisi
3664 1965 3766 2017 agro-

2307 2040 2450 2093 visse
2483 2038 2696 2093 Patrem
2729 2051 2783 2094 et
2807 2040 3023 2104 Filium,
3051 2049 3107 2093 et
3139 2040 3403 2110 Spiritnnt
3429 2041 3673 2094 sanctum?
3698 2041 3770 2094 llrc

2305 2146 2436 2200 ergo
2466 2131 2707 2185 curanda
2736 2142 2862 2185 sunt
2899 2132 2969 2184 ita
3002 2146 3032 2185 a
3072 2131 3474 2194 sacerdotibus,
3519 2139 3569 2183 ut
3606 2132 3769 2184 inconta-

2307 2223 2514 2276 tninata
2561 2233 2616 2277 et
2661 2224 2825 2277 illaesa
2861 2235 3168 2278 serventur.
3222 2223 3330 2277 Sed
3385 2233 3440 2278 et
3487 2239 3604 2276 urna
3641 2227 3771 2278 bal-cus

2305 2315 2579 2370 cmlestem
2611 2315 2790 2369 cibum
2819 2332 3050 2383 manum,
3087 2317 3380 2370 theSaurus
3410 2327 3579 2383 utique
3596 2327 3661 2368 est
3681 2319 3769 2369 redii

2305 2408 2495 2461 divini.
2553 2409 2620 2462 Et
2668 2423 2794 2463 arca
2843 2424 3030 2474 aurea,
3080 2411 3131 2464 in
3176 2423 3280 2477 qua
3317 2419 3447 2463 sunt
3473 2409 3637 2462 tabula:
3667 2419 3772 2460 Iesu-

2307 2498 2496 2562 menti,
2549 2508 2608 2551 ut
2661 2499 2880 2567 opinor,
2925 2514 3028 2552 non
3071 2499 3216 2552 aliud
3259 2514 3429 2568 quam
3487 2512 3618 2552 mens
3656 2511 3770 2550 nostra

2304 2600 2424 2640 esse
2452 2588 2784 2650 declaratur,
2815 2589 2866 2642 in
2901 2603 3004 2656 qua
3045 2587 3217 2658 legem
3262 2588 3357 2642 Dei
3398 2589 3630 2642 debemus
3649 2590 3772 2641 Inter:

2305 2679 2661 2748 descriptam.
2712 2680 2839 2734 llazc
2889 2692 3068 2736 autem
3124 2695 3278 2734 mens
3313 2696 3478 2735 aurea
3525 2682 3654 2736 debet
3684 2693 3770 2740 esst,

2307 2772 2408 2826 hoc
2440 2783 2523 2826 est
2556 2788 2685 2840 pura
2719 2781 2772 2827 et
2797 2774 3052 2842 pretiosa,
3091 2775 3142 2827 in
3174 2789 3279 2843 qua
3313 2774 3486 2842 legem
3529 2772 3606 2827 Dei
3637 2773 3768 2825 descri-

2306 2872 2453 2931 ptam
2483 2877 2698 2930 semper
2729 2863 3048 2925 habeamus,
3091 2865 3232 2917 sicut
3280 2863 3567 2928 Apostolus
3605 2865 3698 2916 dicit
3717 2862 3773 2914 “z

2312 2971 2331 3003 ι
2375 2953 2647 3024 Scriptum
2694 2972 2798 3008 non
2848 2968 3178 3022 atramento,
3231 2960 3328 3011 sed
3365 2958 3551 3026 spiritu
3588 2955 3658 3009 Dei
3683 2957 3775 3019 viri;

2308 3063 2411 3101 non
2449 3048 2502 3101 in
2539 3048 2740 3103 tabulis
2785 3049 3035 3120 lapideis,
3071 3056 3168 3105 sed
3214 3051 3267 3104 in
3299 3052 3500 3104 tabulis
3531 3051 3676 3104 cordis
3699 3063 3773 3099 rar-

2309 3142 2542 3195 nalibus.
2610 3161 2630 3194 ι
2686 3141 2798 3197 Hoc
2854 3151 2940 3196 est
2989 3143 3134 3196 enim
3181 3143 3325 3212 qttod
3364 3145 3516 3196 etde
3553 3142 3773 3210 quibaslam

1531 3213 1585 3257 et
1630 3204 1754 3273 quis
1795 3206 1983 3273 sitqui
2013 3217 2195 3261 utatur

2304 3234 2502 3288 dicitur
2538 3251 2557 3284 ι
2595 3234 2686 3302 qui
2723 3236 3017 3290 ostendunt
3043 3251 3179 3306 opus
3203 3236 3342 3305 legis
3377 3236 3618 3304 scriptum
3651 3236 3686 3284 in
3705 3247 3778 3284 (oro

2302 3329 2461 3383 dibus
2495 3328 2606 3382 suis
2637 3328 2703 3382 ⁸³.
2743 3345 2762 3378 ι
2817 3327 2952 3394 Quis
3009 3339 3192 3382 autem
3246 3329 3471 3398 scripsit
3526 3329 3572 3381 in
3612 3327 3778 3379 tarditas

2302 3435 2511 3482 eorum,
2546 3419 2650 3474 nisi
2688 3419 2830 3475 Deus
2853 3420 3026 3489 digito
3086 3436 3187 3475 suo
3212 3421 3235 3473 ?
3277 3419 3481 3490 Legem
3509 3423 3662 3487 utique
3683 3429 3780 3469 natu-

2304 3514 2469 3566 ralem
2499 3528 2661 3582 quam
2694 3513 2842 3566 dedit
2871 3513 3013 3568 Deus
3043 3515 3283 3567 humano
3307 3513 3522 3583 generi,
3558 3519 3602 3565 et
3639 3513 3676 3560 in
3700 3523 3778 3561 wa-

2302 3616 2518 3660 ctorum
2549 3607 2824 3661 mentibus
2851 3606 3075 3676 scripsit
3103 3625 3115 3661 :
3145 3607 3285 3660 unde
3329 3617 3385 3661 et
3419 3607 3563 3659 initia
3583 3603 3778 3660 sumimus,

2302 3717 2366 3755 ac
2387 3705 2594 3756 semina
2629 3703 2878 3772 quaedam
2921 3703 2988 3756 ad
3024 3703 3480 3771 perscrutandam
3510 3699 3706 3768 capimus
3726 3711 3779 3747 re-

2303 3793 2521 3847 ritatcm
2554 3811 2569 3848 :
2600 3809 2722 3864 quae
2748 3795 2958 3850 semina
3001 3796 3045 3850 si
3082 3795 3220 3849 bene
3261 3795 3597 3854 excolamus,
3627 3790 3781 3844 fructum

2301 3884 2428 3938 vita:
2476 3884 2706 3941 aﬂ‘erent
2765 3888 2818 3940 in
2877 3887 3036 3942 nobis
3082 3887 3135 3940 in
3185 3885 3413 3941 Christo
3471 3883 3585 3939 Jesu
3634 3881 3780 3934 Domino

2303 3989 2512 4045 nostro,
2543 3981 2628 4036 cui
2659 3992 2748 4036 est
2771 3982 2941 4053 gloria
2975 3991 3031 4036 et
3072 3983 3360 4052 imperium
3402 3983 3454 4037 in
3496 3980 3660 4036 szecula
3680 3992 3784 4031 sact-

2301 4069 2500 4124 lorum.
2527 4071 2721 4127 Amen.

2885 4164 3165 4220 HOMILIA
3209 4163 3299 4218 XI.

2751 4259 2825 4312 De
2845 4261 3096 4329 primitiis
3123 4258 3436 4328 o/I’erendis.

2371 4390 2411 4445 l.
2457 4391 2732 4446 Primitias
2763 4394 3006 4448 omnium
3039 4391 3279 4463 frugum,
3323 4393 3650 4460 omniumque
3679 4401 3766 4457 peni

2301 4485 2450 4552 dum,
2503 4487 2877 4542 sacerdotibus
2913 4488 3000 4541 lex
3045 4486 3265 4540 mandat
3319 4485 3506 4541 offerri
3563 4485 3640 4538 ”:
3682 4483 3784 4534 itaut

619 4579 818 4632 minem
867 4581 1271 4638 tabernaculum
1335 4585 1642 4640 referamus
1663 4626 1678 4651 ,
1736 4587 1994 4644 interiora
2049 4590 2196 4642 vela-
2228 4573 2270 4627 D
2301 4581 2480 4635 munis
2504 4580 2596 4649 qui
2624 4579 2865 4648 possidet
2888 4594 3100 4650 agrum,
3129 4577 3210 4631 vel
3232 4579 3476 4644 vineam,
3498 4579 3572 4630 vel
3591 4577 3784 4629 olivetum.

619 4671 803 4735 minis,
862 4673 950 4727 ubi
1004 4675 1406 4731 inaccessibilia
1458 4689 1844 4749 conteguntur,
1898 4681 2195 4751 principale

617 4765 798 4818 cordis
820 4766 1083 4832 dicemus,
1107 4769 1249 4837 quod
1274 4769 1446 4824 solum
1471 4774 1713 4841 recipere
1736 4783 1909 4843 potest
1937 4776 2192 4845 mysteria

616 4856 888 4921 veritatis,
940 4867 995 4912 et
1051 4875 1221 4927 capax
1267 4877 1387 4917 esse
1432 4879 1759 4919 arcanorum
1807 4867 1920 4921 Dei.
1971 4869 2179 4922 Altaria

617 4959 747 5002 vero
779 4947 904 5013 duo,
940 4949 992 5003 id
1014 4961 1096 5004 est
1123 4952 1354 5009 interius
1371 4963 1424 5008 et
1443 4957 1704 5023 exterius,
1742 4960 1998 5028 quoniam
2022 4961 2196 5016 altare

613 5042 880 5096 orationis
917 5043 1174 5097 indicium
1225 5055 1328 5113 est,
1367 5047 1495 5102 illud
1530 5059 1661 5119 puto
1699 5052 2010 5122 signiﬁcare
2046 5054 2188 5122 quod

615 5133 751 5188 dicit
773 5133 1127 5202 Apostolus"
1155 5153 1169 5188 ;
1195 5153 1212 5188 ι
1239 5135 1423 5192 Orabo
1447 5139 1663 5208 spiritu,
1688 5143 1858 5196 orabo
1877 5153 1930 5197 et
1949 5153 2182 5198 mente.»

613 5225 748 5282 Cum
778 5227 922 5280 enim
957 5228 1121 5283 corde
1156 5245 1404 5292 oravero.
1441 5233 1506 5286 ad
1533 5233 1706 5288 altare
1735 5235 1968 5290 interius
2003 5236 2188 5308 ingreo

613 5318 756 5375 dior.
807 5317 872 5372 Et
921 5318 1026 5374 hoc
1080 5331 1211 5389 puto
1257 5336 1380 5377 esse
1423 5325 1564 5393 quod
1602 5326 1765 5380 etiam
1809 5326 2073 5382 Dominus
2132 5331 2184 5382 in

685 5486 734 5520 ⁷⁵
763 5485 778 5538 l
811 5487 947 5558 Reg.
1003 5502 1114 5553 th,
1147 5486 1199 5542 7.

613 5573 725 5623 xxv,
752 5561 840 5613 15.
918 5559 966 5592 ⁸⁰
989 5559 1177 5616 Matth.
1217 5574 1290 5624 vi,
1312 5561 1364 5614 ϐ.
1440 5563 1483 5591 ⁸⁸
1526 5559 1566 5614 ll
1595 5560 1722 5616 Cor.
1750 5579 1832 5626 ιιι,
1861 5563 1916 5631 2,
1945 5565 1998 5621 5.

684 5656 760 5723 (8)
806 5656 1086 5711 Observalc
1122 5657 1394 5710 custodias
1423 5668 1638 5724 vestras,
1676 5666 1724 5710 et
1756 5657 1945 5724 altare,
1999 5673 2045 5714 et
2089 5678 2187 5713 cu-

614 5728 816 5797 stodian
851 5729 1199 5780 tabernaculi.
1232 5729 1422 5783 lixcin
1442 5729 1572 5782 libb.
1599 5740 1755 5782 antea
1775 5732 1936 5786 editis
1961 5733 2187 5797 omissa,

618 5796 931 5864 supplentur
969 5815 998 5851 c
1032 5815 1161 5852 mss.

698 5865 776 5934 t9)
814 5866 1092 5923 Cherubin:
1141 5867 1558 5936 multitudinem,
1600 5869 1652 5922 id
1693 5880 1769 5925 ειί
1811 5868 2182 5940 pcrfrctiouem

2302 4673 2383 4727 vel
2414 4673 2578 4726 etiam
2612 4671 2856 4732 hortum,
2893 4680 2944 4725 et
2971 4671 3014 4725 si
3056 4671 3182 4740 quid
3221 4680 3308 4726 est
3336 4671 3484 4740 quod
3509 4665 3782 4723 exerceturia

2303 4763 2490 4828 terris,
2524 4764 2617 4818 sed
2652 4773 2707 4818 et
2737 4763 2783 4818 si
2816 4763 2937 4832 quis
2978 4762 3189 4832 peculia
3231 4766 3606 4833 cujuscunque
3643 4758 3786 4828 ρεςυῑζς

2300 4860 2523 4924 nutriat,
2560 4854 2757 4913 oﬂ‘erat
2783 4871 2849 4911 ex
2889 4857 2953 4912 iis
2984 4857 3095 4912 Deo
3118 4871 3281 4911 omne
3329 4855 3477 4924 quod
3501 4853 3694 4923 primum
3722 4855 3785 4898 est.

2299 4952 2354 5007 id
2394 4960 2475 5006 est
2505 4950 2572 5004 ad
2609 4950 2924 5004 sacerdotes
2949 4949 3182 5004 delerat.
3217 4946 3330 5001 Deo
3355 4950 3504 5001 enim
3530 4941 3687 4998 oll’erri
3707 4940 3786 4991 dati

2299 5045 2441 5114 quod
2477 5045 2852 5100 sacerdotibus
2877 5045 3056 5099 datur.
3091 5044 3156 5098 Et
3198 5045 3298 5098 hoc
3329 5051 3415 5096 est
3442 5046 3578 5112 quod
3604 5039 3786 5090 dacem!

2299 5155 2365 5194 cx
2403 5138 2538 5208 lege,
2569 5139 2695 5208 quia
2722 5154 2880 5193 nemo
2907 5137 3052 5193 licite
3103 5151 3202 5192 nec
3232 5136 3478 5207 legitime
3523 5143 3682 5188 utatur
3716 5125 3786 5178 frv-

2297 5235 2479 5290 rtibus
2509 5250 2647 5304 quos
2675 5243 2818 5288 terra
2851 5234 3127 5305 produxit,
3181 5251 3281 5290 nec
3332 5229 3680 5289 animantibus
3713 5232 3787 5287 αυτ

2297 5326 2561 5398 pecudum
2582 5326 3040 5396 protulitpartus,
3063 5327 3167 5382 nisi
3201 5341 3266 5381 ex
3303 5327 3532 5395 singulis
3563 5321 3788 5392 quibusdue

1273 5489 1318 5521 ’⁷⁸
1350 5487 1507 5542 Num.
1545 5505 1698 5556 svnt,
1748 5492 1862 5547 1-5.
1936 5495 1984 5526 ⁷⁸
2018 5493 2179 5552 Rom.

1277 5602 1290 5619 ,
1312 5561 1364 5614 ϐ.
1440 5563 1483 5591 ⁸⁸
1526 5559 1566 5614 ll
1595 5560 1722 5616 Cor.
1750 5579 1832 5619 ιιι.
1861 5563 1916 5619 2.
1945 5565 1998 5619 5.
2075 5565 2120 5596 ⁸⁸
2150 5567 2193 5619 li

2306 5534 2320 5560 ,
2355 5493 2444 5546 27.
2521 5491 2567 5521 '"
2597 5489 2756 5544 Num.
2780 5503 2935 5554 xvtn,
2971 5487 3026 5538 7.
3103 5487 3148 5519 ’⁸
3176 5485 3218 5540 ll
3245 5486 3372 5543 Cor.
3408 5501 3461 5549 ν,
3497 5483 3548 5536 4.
3612 5471 3787 5529 "libr.

2298 5602 2308 5618 .
2342 5579 2403 5619 ιι.
2441 5561 2526 5616 15.
2604 5560 2650 5596 ⁸³
2675 5559 2834 5614 Nam.
2867 5574 2983 5612 aut.

2198 5582 2308 5620 om.
2342 5579 2403 5629 ιι,
2441 5579 2526 5616 to.

2604 5560 2650 5596 ⁸³
2675 5559 2834 5614 Nam.
2867 5574 2983 5612 aut.

2299 5659 2530 5713 scientiae
2563 5657 2779 5709 indicat.
2881 5655 3062 5729 radice
3079 5662 3196 5714 ιε’-ι
3220 5654 3274 5729 lit
3294 5663 3370 5710 3'1
3393 5647 3672 5729 multitudo.

2301 5730 2476 5782 rubim
2523 5743 2652 5796 ergo
2693 5726 2953 5793 explicari
2995 5735 3174 5794 potest
3216 5724 3350 5796 sicut
3389 5718 3691 5796 multitudo:
3720 5725 3788 5796 qua

2304 5808 2463 5868 pacto
2496 5787 2674 5851 anteit:
2699 5787 2980 5849 multitudo
2995 5787 3240 5849 scientiae
3281 5788 3616 5859 interpretari
3650 5787 3786 5854 ροεεξιι

2301 5874 2477 5924 tateor
2507 5882 2591 5922 me
2621 5867 2870 5937 ignorare
