3914 6512
126 380 204 440 641

1278 361 1344 416 ΙΝ
1380 357 1713 415 NUMEROS
1748 356 2033 413 HOMILIA
2067 354 2158 409 Xl.

3236 358 3343 413 642

125 506 216 560 Deo
252 492 511 571 primitiae,
537 492 592 547 id
642 497 725 543 est
757 486 1134 543 sacerdotibus
1163 483 1479 540 offerantur.
1508 480 1663 536 Hanc
1692 485 1739 541 Α
1770 479 1852 533 bis
1874 493 1903 532 a
1936 494 1996 533 se
2029 477 2263 533 invicem
2286 474 2508 531 diil‘erre
2530 474 2974 531 distinctionibus
2996 473 3134 546 legis
3170 473 3345 544 ipsius

123 608 233 665 ergo
252 591 409 658 legem
445 583 724 641 observari
749 584 911 636 etiam
954 579 1117 651 304
1148 578 1451 633 secundum
1501 575 1658 629 litte-

125 702 242 750 ram,
270 682 401 736 sicut
427 688 483 732 et
511 676 617 730 alia
646 675 931 738 nonnulla,
963 671 1331 727 necessarium
1364 678 1496 738 puto
1522 666 1658 738 (l0).

124 780 242 831 Sunt
264 772 395 827 enim
429 768 708 835 aliquanta
746 768 883 836 legis
910 766 1165 819 mandata
1190 777 1310 832 qua:
1338 762 1502 818 etiam
1535 759 1663 815 novi

122 861 416 925 Testamenti
449 859 697 930 discipuli
730 857 1034 913 necessaria
1066 855 1450 911 observatione
1475 862 1660 908 custo-

122 964 271 1019 diunt.
302 956 363 1009 Et
393 955 437 1009 si
462 953 698 1016 videtur,
734 952 884 1022 prius
924 950 991 1004 de
1040 949 1107 1002 iis
1147 948 1279 1017 ipsis
1309 961 1429 1016 qua:
1464 944 1519 999 in
1549 945 1663 1015 lege

120 1054 310 1125 quidem
332 1048 563 1117 scripta,
588 1046 682 1099 sed
707 1053 888 1099 tamen
915 1043 967 1096 in
995 1041 1304 1110 Evangeliis
1320 1040 1659 1095 observanda

120 1146 229 1207 sint,
250 1152 422 1195 sermo
454 1145 738 1191 moveatur
767 1151 781 1188 :
816 1144 869 1188 et
899 1148 1022 1188 cum
1054 1134 1168 1187 haec
1201 1133 1501 1201 patuerint,
1535 1141 1664 1186 tunc

115 1235 213 1305 jam
244 1230 365 1299 quid
398 1228 453 1281 in
505 1228 591 1281 bis
635 1226 803 1280 etiam
844 1223 1166 1295 spiritaliter
1208 1222 1396 1278 sentiri
1448 1223 1662 1288 debeat,

116 1327 450 1396 requiremus.
510 1319 653 1375 Sunt
701 1319 845 1374 enim
909 1319 1000 1387 qui
1059 1319 1134 1372 ita
1187 1318 1386 1382 dicant,
1442 1316 1566 1386 quia
1617 1317 1660 1371 si

114 1417 295 1488 aliquid
338 1414 563 1469 omnino
607 1412 747 1485 (li)
793 1411 1195 1466 observandum
1234 1418 1319 1463 est
1369 1411 1662 1464 secundum

112 1514 325 1567 litteram
346 1548 362 1573 ,
395 1521 494 1561 cur
529 1520 635 1559 non
666 1513 720 1559 et
746 1512 941 1558 cuncta
974 1500 1301 1557 serventur?
1339 1500 1397 1553 Si
1438 1514 1570 1554 vero
1596 1499 1663 1554 ad

111 1601 385 1674 spiritalem
417 1596 833 1666 intelligentiam
866 1609 985 1665 quae
1006 1594 1091 1647 lex
1119 1592 1363 1647 continet
1385 1591 1664 1647 referenda

106 1702 238 1757 sunt,
260 1690 390 1745 nihil
415 1689 638 1742 omnino
680 1687 980 1742 secundum
1009 1685 1272 1750 litteram,
1312 1684 1406 1739 sed
1445 1683 1668 1752 spirita-

106 1786 218 1837 liter
245 1782 440 1835 debent
464 1779 724 1831 universa
759 1774 1021 1830 discerni.
1048 1773 1158 1828 Nos
1185 1783 1365 1828 autem
1387 1773 1664 1841 utriusque

1768 570 2092 626 testimoniis
2138 567 2529 639 approbentur,
2576 566 2893 637 diligentius
2941 566 3203 622 debemus
3252 569 3341 620 in-

1769 662 1987 717 tendere
2016 662 2081 716 iis
2109 676 2228 731 quae
2258 660 2561 714 recitantur
2586 660 2637 712 in
2667 658 2806 730 lege,
2843 657 2972 728 quia
3007 657 3181 713 sicubi
3204 657 3344 714 scri-

1764 755 1932 821 bitur,
1986 753 2142 808 verbi
2206 752 2420 822 gratia,
2478 750 2583 805 hoc
2642 765 2764 805 esse
2825 753 3179 818 mandatum,
3235 765 3341 804 non

1765 847 2021 902 continuo
2047 844 2365 899 mandatum
2410 843 2494 898 lex
2534 843 2852 912 accipienda
2885 850 2966 898 est
2996 864 3010 900 :
3040 844 3126 899 vel
3168 841 3342 898 sicubi

1764 940 2025 1009 scriptum
2071 946 2176 1002 est,
2219 938 2339 991 istae
2392 944 2525 990 sunt
2571 934 3017 1003 iustiﬁcationes,
3064 952 3168 991 non
3210 951 3343 989 con-

1768 1033 1918 1085 tinuo
1959 1030 2402 1100 jnstiticationes,
2450 1037 2547 1083 aut
2601 1028 2707 1093 lex,
2760 1038 2852 1082 ant
2888 1030 3200 1082 mandatum
3242 1044 3343 1097 pu-

1767 1126 1944 1180 tanda:
1994 1132 2142 1177 sunt.
2198 1120 2465 1176 Similiter
2526 1130 2708 1176 autem
2759 1129 2814 1175 et
2859 1121 3030 1175 sicubi
3080 1121 3341 1189 scriptum

1765 1227 1847 1270 est
1878 1215 2278 1279 testimonium,
2306 1223 2398 1267 aut
2424 1210 2653 1280 judicia,
2684 1226 2790 1265 non
2818 1210 3045 1265 confuse
3076 1225 3243 1263 unum
3274 1224 3340 1263 ex

1764 1308 2003 1369 caneris,
2039 1306 2130 1362 sed
2169 1306 2442 1359 diversum
2493 1304 2561 1357 ab
2603 1303 2726 1357 aliis
2762 1302 3186 1370 unumquodque
3214 1316 3341 1355 sen-

1768 1399 2010 1453 tiendum
2036 1406 2137 1452 est.
2172 1396 2229 1451 Si
2264 1410 2393 1463 ergo
2424 1393 2686 1462 scriptum
2724 1393 2956 1462 legimus
2995 1392 3063 1458 ⁸⁸,
3104 1392 3228 1460 quia
3259 1391 3342 1444 lex

1767 1490 2014 1543 umbram
2047 1489 2247 1543 habeat
2287 1486 2596 1539 futurorum
2631 1488 2920 1552 bonorum,
2947 1499 3053 1537 non
3082 1484 3345 1537 continuo

1766 1585 1929 1636 etiam
1962 1583 2307 1648 mandatum,
2344 1580 2427 1635 vel
2452 1579 2677 1649 justitia:
2716 1577 2802 1631 vel
2836 1574 3063 1644 judicia,
3116 1575 3181 1628 de
3224 1574 3344 1642 qui-

1766 1674 1866 1730 bus
1897 1674 1999 1729 boc
2032 1689 2136 1728 non
2178 1684 2263 1728 est
2312 1674 2601 1741 scriptum,
2642 1670 2847 1723 umbrae
2888 1683 3008 1723 esse
3058 1666 3345 1720 credendae

1768 1776 1896 1819 sunt
1915 1765 2225 1819 futurorum
2252 1766 2539 1820 bonorum.
2559 1762 2820 1832 Denique,
2837 1770 2893 1814 ut
2913 1758 3147 1828 exempli
3167 1758 3343 1828 gratia

101 1871 401 1927 assertionis
443 1866 787 1921 insolentiam
829 1873 1220 1932 temperantes,
1265 1863 1441 1931 qualis
1476 1862 1661 1932 regula
1697 1835 1736 1888 Β
1768 1870 1931 1908 unum
1958 1869 2221 1922 ponamus
2265 1869 2329 1907 ex
2374 1853 2578 1917 multis,
2629 1868 2734 1905 non
2783 1858 2865 1905 est
2908 1850 3193 1918 scriptum,
3239 1847 3344 1902 hoc

102 1968 147 2020 in
183 1959 549 2031 hujuscemodi
593 1958 727 2028 legis
760 1955 1103 2011 sermonibus
1157 1953 1503 2009 observanda
1559 1956 1659 2021 sit,

96 2072 154 2111 ex
202 2054 496 2109 autoritate
557 2052 868 2105 divinarum
937 2046 1344 2114 Scripturarum
1415 2043 1663 2113 proferre

98 2146 433 2202 tentabimus.
454 2144 724 2212 Scriptum
739 2150 821 2196 est
838 2141 888 2193 in
904 2150 1098 2194 octavo
1118 2138 1336 2193 decimo
1363 2138 1569 2207 psalmo
1582 2139 1658 2195 θδι

98 2260 117 2292 ι
152 2241 253 2294 Lex
279 2238 497 2293 Domini
529 2232 1047 2305 irreprebensibilis,
1074 2240 1401 2287 convertens
1426 2231 1659 2294 animas,

95 2331 452 2388 testimonium
516 2328 731 2383 Domini
786 2326 966 2392 ﬁdele,
1013 2324 1336 2393 sapientiam
1397 2335 1662 2392 prmstans

92 2424 335 2495 parvulis.
383 2423 723 2491 Praeceptum
777 2419 988 2472 Domini
1038 2417 1301 2481 lucidum,
1340 2416 1653 2469 illutninans

91 2516 279 2570 oculos.
311 2513 506 2567 Timor
530 2512 747 2568 Domini
792 2522 999 2575 castus,
1047 2523 1375 2578 permanens
1405 2509 1458 2562 in
1490 2524 1661 2563 saecu-

91 2608 188 2662 lum
241 2605 452 2660 saeculi.
531 2606 766 2661 Iustitiae
831 2602 1042 2659 Domini
1105 2611 1267 2656 rectm
1323 2601 1661 2657 laatiﬁcantes

88 2700 257 2765 corda,
285 2699 501 2767 judicia
532 2698 746 2753 Domini
782 2697 1225 2766 verajustiﬁcata
1252 2697 1305 2749 in
1340 2696 1656 2764 semetipsa,

88 2794 463 2849 desiderabilia
515 2808 682 2861 super
726 2806 921 2846 aurum
967 2802 1024 2845 et
1072 2789 1307 2860 lapidem
1359 2790 1658 2858 pretiosum

88 2886 322 2949 multum,
360 2893 429 2939 et
468 2885 709 2938 dulciora
752 2898 916 2954 super
959 2881 1066 2936 mel
1114 2891 1170 2936 et
1216 2879 1418 2934 favum.
1469 2899 1489 2932 ι
1544 2880 1658 2935 Nisi

85 2991 205 3047 ergo
226 2984 421 3032 essent
451 2977 659 3045 singula
693 2976 795 3030 ista
846 2992 876 3030 a
917 2973 1227 3043 semetipsis
1256 2974 1491 3037 diversa,
1520 2988 1659 3026 nun-

87 3082 237 3135 quam
282 3068 485 3136 utique
541 3068 788 3136 proprias
827 3066 1122 3135 unicuique
1159 3064 1441 3133 Scriptura
1480 3064 1658 3117 divina

1766 1955 1849 1999 est
1908 1946 2220 1998 mandatum
2267 1945 2515 2013 paschae,
2567 1948 2695 2007 sed,
2750 1963 2770 1995 ι
2814 1944 2927 1997 hmc
2971 1951 3056 1997 est
3102 1942 3185 1994 lex
3245 1956 3345 2009 pa-

1765 2039 1913 2093 schae
1935 2040 2002 2091 ⁸⁸.
2029 2057 2048 2090 ι
2072 2039 2136 2092 Et
2155 2038 2275 2107 quia
2302 2037 2385 2092 lex
2408 2038 2597 2091 umbra
2619 2046 2700 2091 est
2728 2036 3029 2090 futurorum
3053 2034 3340 2098 bonorum,

1765 2132 1848 2185 lex
1877 2130 1996 2186 sine
2025 2130 2189 2185 dubio
2216 2129 2432 2198 paschm
2476 2131 2665 2183 umbra
2716 2138 2800 2183 est
2838 2127 3138 2180 futurorum
3182 2126 3345 2178 bono-

1767 2241 1909 2283 rum.
1943 2224 2077 2279 Cum
2110 2240 2240 2295 ergo
2268 2226 2427 2280 venio
2451 2225 2515 2277 ad
2548 2223 2725 2278 locum
2755 2223 2904 2277 illum
2929 2225 3019 2290 qui
3051 2225 3115 2276 de
3138 2225 3343 2292 pascha

1765 2318 1999 2386 scriptus
2028 2325 2130 2377 est,
2172 2318 2224 2369 in
2257 2331 2394 2387 agno
2435 2314 2527 2369 illo
2572 2313 2842 2384 corporali
2886 2314 2998 2383 (l2)
3046 2314 3217 2368 debeo
3258 2315 3344 2367 in-

1768 2409 2008 2479 telligere
2036 2411 2281 2463 umbram
2328 2423 2451 2464 esse
2498 2408 2660 2461 futuri
2701 2408 2849 2470 boni,
2900 2416 2955 2460 et
2999 2408 3097 2461 hoc
3140 2409 3342 2461 sentire

1764 2499 1907 2566 quod
1945 2518 1963 2549 ‹
1993 2498 2194 2569 pascha
2228 2508 2475 2553 nostrum
2512 2498 2823 2551 immolatus
2851 2507 2935 2551 est
2967 2498 3215 2551 Christus
3238 2498 3337 2551 ⁸⁷.»

1768 2589 1943 2643 Simili
1979 2590 2138 2642 modo
2167 2589 2408 2642 invenies
2434 2588 2599 2641 etiam
2629 2588 2694 2640 de
2725 2589 2933 2657 azymis
2960 2598 3015 2641 et
3040 2588 3105 2640 de
3132 2588 3343 2641 cmteris

1766 2683 2029 2736 festorum
2065 2680 2276 2734 dierum
2314 2679 2681 2735 observantiis
2712 2681 3001 2747 scriptum.
3037 2679 3172 2743 Quia
3212 2695 3345 2749 ergo

1765 2775 1880 2830 haec
1912 2773 2092 2830 omnia
2125 2773 2225 2829 sub
2266 2773 2401 2842 legis
2443 2772 2600 2826 titulo
2638 2772 2953 2826 scribuntur
2996 2771 3048 2825 in
3097 2772 3212 2839 lege
3242 2787 3340 2826 ne-

1765 2868 2027 2933 cessa'ria,
2068 2868 2191 2935 quia
2234 2867 2319 2920 lex
2359 2881 2454 2935 per
2500 2873 2822 2934 praesentem
2866 2865 3115 2919 umbram
3158 2864 3341 2919 futura

1764 2963 1911 3017 bona
1948 2964 2217 3033 designat,
2270 2962 2551 3030 requirere
2606 2961 2777 3015 debeo
2814 2976 2935 3030 qua:
2988 2961 3103 3014 sint
3147 2975 3341 3031 azyma

1764 3057 2073 3113 futurorum
2129 3056 2436 3122 bonorum,
2489 3065 2543 3111 et
2589 3056 2807 3110 invenio
2868 3055 3142 3109 dicentem
3208 3056 3342 3111 mihi

88 3158 983 3225 dill‘erentiasindidisset,utaliud
1002 3155 1416 3226 delegeDomini
1434 3155 1659 3218 diceret,
1690 3175 1732 3233 ς
1768 3148 2086 3219 Apostolum
2143 3149 2211 3213 ⁸⁸,
2246 3158 2307 3201 ιιι
2349 3147 2491 3201 diem
2532 3148 2728 3201 festum
2777 3162 3025 3216 agamus,
3080 3164 3099 3197 ι
3139 3162 3244 3201 non
3289 3148 3342 3200 in

86 3250 218 3303 aliud
252 3251 318 3303 de
349 3250 638 3313 mandato,
685 3250 831 3304 aliud
882 3250 949 3302 de
972 3246 1482 3315 justiﬁcationibus,
1519 3247 1664 3300 aliud

85 3339 413 3407 dejudiciis.
456 3340 557 3393 Est
578 3355 731 3411 ergo,
784 3349 842 3394 ut
885 3356 953 3393 ex
1003 3340 1087 3393 his
1121 3338 1484 3402 ostendimus,
1515 3336 1662 3390 aliud

81 3433 181 3496 lex,
231 3434 380 3486 aliud
442 3442 795 3501 praeceptum,
856 3431 1001 3484 aliud
1053 3430 1467 3493 testimonium,
1513 3426 1662 3481 aliud

78 3522 413 3589 justiticatio,
458 3524 606 3577 aliud
634 3523 919 3591 judicium.
953 3521 1059 3576 Sed
1085 3529 1141 3575 et
1171 3520 1227 3573 in
1255 3520 1367 3588 ipsa
1394 3518 1513 3588 lege
1545 3517 1663 3571 evi-

78 3618 289 3670 dentior
330 3617 541 3670 horum
571 3614 879 3668 dillerentia
918 3610 1382 3680 deSignatnr,,ubi
1418 3610 1659 3664 dicitur:

74 3708 189 3763 Haec
217 3717 302 3763 est
332 3709 449 3772 lex,
488 3716 544 3762 et
572 3707 848 3771 mandata,
881 3713 935 3759 et
960 3702 1403 3771 iustiﬁcationes,
1438 3709 1493 3754 et
1521 3712 1663 3767 pra:-

72 3811 243 3871 cepta,
297 3810 357 3856 et
399 3799 756 3863 testimonia,
810 3806 866 3852 et
926 3796 1155 3866 judicia,
1220 3808 1341 3863 qua}
1405 3791 1663 3861 pracepit

74 3896 334 3950 Dominus
370 3893 578 3964 Moysi.
612 3892 744 3945 tium
781 3904 912 3960 ergo
954 3889 1070 3943 haec
1126 3887 1197 3941 ita
1244 3900 1303 3939 se
1352 3884 1575 3947 habere,
1608 3891 1663 3935 et

643 4056 688 4088 ⁸⁵
720 4054 886 4108 llebr.
918 4067 973 4117 Χ,
1004 4050 1091 4103 12.
1168 4049 1213 4080 ⁸⁸
1238 4048 1410 4102 Exod.
1440 4062 1537 4109 xu,
1567 4043 1654 4097 45.

132 4060 179 4091 ⁸⁸
213 4059 377 4113 Vers.
410 4057 567 4112 8-H.

134 4204 244 4275 (lli)
292 4202 460 4275 Hauc
495 4216 616 4269 ergo
653 4198 813 4275 legem
852 4194 1119 4275 observari
1166 4194 1328 4247 etiam
1357 4188 1651 4272 secundum

68 4263 305 4326 litierum
348 4272 515 4325 ’sicut
554 4263 603 4323 Et
643 4268 752 4321 alia
787 4265 1065 4327 nonnulla,
1108 4263 1459 4317 necessarium
1504 4270 1650 4327 puto.

66 4343 365 4397 Cotelerius
403 4346 459 4394 in
502 4341 596 4393 lib.
644 4354 682 4393 ll
728 4335 954 4391 Constit.
996 4344 1191 4401 apost.,
1234 4348 1352 4399 cap.
1403 4330 1656 4401 55,]“80

63 4416 274 4469 erudite
317 4414 561 4467 adnotat
611 4424 732 4476 pag.
762 4406 905 4460 $48:
946 4423 962 4455 ι
998 4398 1372 4476 Veteris‘l‘egis
1406 4398 1653 4476 decimas,

62 4482 313 4548 ὁεκάδαι,
378 4472 1334 4551 δευτεροδεέάδαιηπτωχοδξξςάδαι
1397 4473 1475 4551 (ut
1532 4484 1655 4551 gum

62 4537 405 4625 llierony'mo
459 4537 653 4625 luqitar
694 4537 1101 4625 cit'ca'initiuiit
1136 4545 1229 4625 lib.
1279 4543 1466 4622 xtv'iu
1499 4537 1654 4625 Ἐτε-

62 4611 343 4697 chielem'),
411 4611 704 4697 primitiae,
736 4618 1072 4697 Aportiones,
1127 4611 1426 4694 voluntaria
1480 4611 1653 4688 dona,

65 4679 702 4758 ministeria;viminum,
732 4679 961 4758 fructus,
1012 4693 1158 4745 vota,
1202 4682 1497 4758 priniitit'a,
1547 4679 1659 4746 pri-

61 4766 372 4834 mogenita,
390 4753 714 4834 ’oniuesque
740 4756 1045 4834 oblationes
1072 4769 1134 4808 ac
1158 4753 1445 4834 pensiones
1468 4764 1659 4834 'sacraa

61 4818 180 4886 duo"
204 4818 740 4902 complectebatitur
780 4843 793 4880 :
842 4826 1098 4902 nimirum
1146 4818 1394 4902 naturale
1432 4818 1655 4899 aliquid,

60 4914 109 4957 et
137 4889 356 4973 aliquiti
390 4903 546 4970 quod
568 4906 770 4973 vocant
798 4892 1216 4973 positivum._Ad
1249 4902 1504 4969 naturam
1546 4889 1659 4973 sive

58 4977 121 5027 ad
178 4958 426 5030 rectam'
474 4972 741 5025 rationem
793 4958 1082 5032 moresque
1127 4965 1295 5016 bonos
1355 4958 1660 5030 pertinebat

58 5047 232 5099 sacris
267 5044 720 5113 cperantiunret
744 5046 1061 5113 paupertate
1090 5032 1410 5113 amis-torum
1437 5036 1656 5113 susten:

58 5116 187 5171 tatio
232 5103 340 5185 pei-
382 5111 661 5185 ejusmodi
713 5103 1064 5185 colla'tioues;
1119 5103 1359 5171 positum
1415 5113 1547 5185 vero
1604 5106 1659 5150 et

56 5170 549 5254 certis-regubsa
586 5170 1161 5254 Deo_determinaturn
1204 5182 1324 5254 erat
1360 5170 1655 5254 reliquum.

54 5257 235 5326 Atque
284 5241 595 5326 posteriori
616 5249 854 5326 quidem
888 5261 991 5326 per
1016 5259 1230 5326 nnovum.
1248 5241 1656 5326 Testamentum

53 5312 352 5394 abr'ogat'o,
393 5322 559 5394 prius
580 5312 787 5394 obligat
814 5312 991 5394 etiam
1029 5312 1371 5394 Christianos
1392 5330 1405 5365 :
1428 5312 1543 5393 .qui
1575 5315 1656 5394 te-

54 5377 469 5462 néidGﬁ'érie
500 5392 676 5446 dando
695 5377 948 5462 "decimas
982 5396 1039 5462 et
1064 5384 1360 5462 primitias,
1397 5377 1511 5435 sive
1536 5377 1658 5459 _aiio

51 5481 160 5536 quo
186 5454 477 5522 Ecclesiae
508 5464 678 5536 visum
705 5458 1070 5536 [ιιεειῑι-ηιοιιρτ
1098 5454 1423 5536 clericorum
1446 5460 1508 5536 e't‘
1535 5454 1656 5536 iuo-

52 5520 177 5606 pnrn
196 5520 652 5592 necessitatibus
673 5529 981 5606 subvenire.
1009 5525 1145 5606 _l_linc
1171 5520 1658 5606 interdumnPIatres

52 5589 391 5663 δείέιεὲἰιὶίιέ
434 5613 703 5672 tanquam
732 5598 950 5672 abolitis
991 5598 1284 5659 disserunt,
1333 5602 1391 5672 ut
1422 5589 1659 5672 Epipha-

53 5659 422 5733 ni'us'baeres.
460 5674 523 5735 8,
550 5659 668 5741 cap.
701 5673 757 5734 6,
788 5679 843 5724 et
878 5668 1310 5741 Chrysostomus
1336 5659 1537 5741 homib
1562 5659 1653 5741 74,

50 5750 104 5802 in
130 5732 486 5802 Manlianum
513 5732 536 5796 ἐ
574 5732 844 5796 interdum
870 5732 1252 5793 non'sublatas
1287 5732 1454 5786 fuisse
1477 5732 1653 5802 aiunt,

54 5800 108 5871 ut
132 5800 585 5885 iuse'Origenes
615 5811 800 5867 homil.
831 5810 915 5875 ll,
955 5809 1009 5863 in
1044 5806 1333 5869 Numeros,
1362 5802 1455 5856 ubi
1479 5800 1661 5879 consi-_

1764 3240 2034 3295 fermento
2067 3238 2261 3301 veteri,
2294 3252 2471 3307 neque
2506 3238 2559 3291 in
2609 3238 2877 3292 fermento
2924 3237 3143 3291 malitia:
3170 3246 3222 3292 et
3251 3253 3346 3290 ne-

1768 3332 1973 3401 quitiaa,
2008 3330 2103 3385 sed
2126 3330 2176 3383 in
2210 3328 2418 3398 azymis
2439 3327 2770 3382 sinceritatis
2796 3334 2846 3379 et
2882 3326 3196 3380 veritatis.»
3235 3324 3343 3379 Sed

1768 3430 1824 3477 et
1851 3421 1917 3474 de
1947 3419 2365 3473 circumcisione
2394 3418 2654 3486 scriptum
2686 3425 2770 3469 est
2808 3438 2820 3471 :
2850 3415 2973 3469 Hmc
3009 3423 3090 3468 est
3120 3417 3201 3467 lex
3236 3415 3346 3467 circ

1768 3512 2141 3569 cumcisionis.
2194 3510 2331 3576 Quia
2376 3524 2507 3578 ergo
2555 3516 2610 3560 et
2656 3507 3007 3561 circumcisio
3064 3508 3165 3559 sub
3214 3508 3345 3575 legis

1771 3607 1927 3661 titulo
1952 3612 2230 3668 censetur,
2262 3601 2347 3655 lex
2383 3610 2562 3654 autem
2600 3598 2788 3652 umbra
2830 3605 2933 3664 est,
2985 3611 3173 3664 quaero
3210 3596 3343 3663 quid

1769 3689 2209 3747 circumcisionis
2223 3705 2251 3741 u
2263 3688 2411 3741 mbra
2428 3690 2692 3741 bonorum
2716 3686 2994 3740 contineat
3013 3684 3344 3747 futurorum,

1771 3801 1837 3840 ne
1865 3784 2001 3837 forte
2028 3784 2169 3837 dicat
2197 3780 2327 3834 mihi
2360 3780 2410 3833 in
2440 3779 2635 3831 umbra
2684 3777 3123 3832 circumcisionis
3167 3776 3346 3844 posito

1768 3876 1967 3932 Paulus
1991 3876 2035 3907 ⁸⁹
2070 3893 2082 3927 :
2120 3893 2138 3926 ι
2171 3872 2305 3940 Quia
2328 3873 2372 3926 si
2398 3870 2892 3934 circumcidamini,
2917 3868 3173 3923 Christus
3196 3866 3348 3922 vobis

1734 4040 1777 4073 ⁸⁷
1806 4037 1846 4093 1.
1885 4035 2013 4091 Cor.
2050 4049 2109 4099 γ,
2149 4032 2203 4086 7.
2278 4030 2326 4062 ⁸⁸
2362 4028 2492 4085 ibid.
2524 4028 2590 4101 ,8.
2668 4027 2712 4060 ⁸⁸
2741 4026 2919 4082 Galat.
2943 4043 2997 4092 v,
3026 4026 3082 4080 2.

1758 4182 1962 4238 militer
1990 4177 2237 4244 διαταγεῖ
2266 4172 2489 4228 adhibet
2522 4169 2893 4244 testimonium
2928 4166 3128 4244 Matth.
3151 4181 3207 4244 v,
3249 4167 3344 4231 2i,

1762 4236 1828 4308 veli
1844 4253 2021 4307 obiter
2044 4236 2466 4316 ‘jltrysostmnus
2490 4239 3074 4316 oratione5,_adrersus
3098 4236 3346 4316 λιιάιιμρὲ,

1763 4307 1927 4391 atque
1968 4307 2637 4391 pseudofcltrysostomus
2677 4307 2979 4391 arb-Matth.
3039 4323 3207 4391 xxiii,
3253 4307 3345 4391 2.5.

1765 4377 2037 4446 Praeter-ea
2066 4388 2131 4441 ad
2160 4377 2399 4439 det-imas
2424 4383 2532 4436 Deo
2574 4380 2929 4446 ecclesiisque
2954 4377 3346 4446 persolvendas

1764 4464 2025 4517 habemus
2072 4455 2489 4511 exhortationes
2529 4452 2630 4505 SS.
2674 4447 2971 4509 Ambrosii,
3030 4446 3345 4517 Augustini,

1690 4521 1734 4575 Ῑ)
1768 4516 1823 4587 et
1853 4532 2104 4584 aliorum.
2150 4525 2343 4578 Demos
2385 4532 2528 4583 tunc,
2574 4521 2749 4589 inquit
2792 4528 2996 4589 martyr
3040 4516 3346 4589 Cyprianus

1772 4585 1824 4656 in
1859 4602 1963 4654 line
1993 4607 2254 4651 tractatus
2292 4594 2364 4646 De
2394 4593 2598 4645 unitate
2629 4585 2899 4648 Ecclesiw,
2935 4585 2981 4639 et
3031 4585 3225 4653 fundos
3262 4602 3347 4637 re-

1765 4671 2114 4731 nuntiabant,
2163 4676 2210 4717 et
2260 4669 2535 4715 thesauros
2590 4661 2692 4713 sibi
2749 4661 2803 4710 in
2845 4656 3343 4731 crelo_repouentes,

1762 4725 2128 4794 distribuenda
2168 4736 2224 4787 in
2271 4750 2399 4785 usus
2458 4731 2808 4799 indigentium
2868 4726 3033 4799 pretia
3090 4725 3344 4799 apostolis

1762 4812 2073 4881 o/ferebant.
2107 4807 2171 4857 At
2211 4818 2345 4881 nunc
2388 4802 2461 4881 de.
2502 4795 2823 4881 pairintouio
2862 4813 2953 4849 nec
2986 4796 3216 4873 decimas
3240 4795 3346 4846 da-

1761 4865 1876 4934 ni'us
1904 4897 1922 4943 ;
1950 4889 1997 4931 et
2026 4894 2140 4930 cum
2184 4875 2402 4943 vendere
2431 4870 2615 4943 jubeat
2669 4868 2949 4929 Dominus,
2987 4865 3207 4943 emimus
3243 4880 3345 4943 po-

1762 4953 1866 5005 tius
1904 4934 1958 5002 et
1997 4962 2273 5014 augemus.
2322 4942 2386 5014 Et
2419 4934 2501 5014 Βἴ
2553 4940 2914 5014 llierouymtts
2954 4934 3346 5014 ειμιοιιειιιριιίπ

1767 5037 1889 5089 cap.
1924 5034 1981 5072 ιιι
2007 5036 2019 5071 :
2054 5004 2206 5081 Quod
2229 5015 2292 5067 de
2314 5012 2528 5089 decimis
2558 5004 2908 5089 primitiisque
2938 5004 3339 5089 diminuta-quit:

1763 5072 1889 5144 «Lirin
1940 5072 2211 5142 dabawntur
2241 5101 2271 5135 ιι
2307 5082 2499 5147 populo
2540 5072 2900 5133 sacerdotibus
2944 5092 3006 5127 ac
3041 5072 3257 5135 Levitis,
3286 5072 3344 5125 in

1762 5161 2017 5214 Ecclesirr
2036 5170 2238 5227 quoque
2261 5151 2468 5227 populis
2493 5149 2788 5227 intelligite,
2811 5147 2998 5227 quibus
3020 5155 3341 5227 prazceptum

1759 5242 1854 5294 est,
1890 5246 1991 5283 non
2022 5216 2190 5280 sblunt
2219 5216 2450 5276 decimas
2481 5227 2608 5294 dare
2633 5216 2680 5271 ei
2704 5216 2987 5294 primitias,
3019 5216 3109 5266 sed
3137 5224 3186 5265 et
3223 5228 3344 5290 ven-.-

1761 5287 1883 5354 dere
1912 5299 2087 5353 omnia
2112 5311 2230 5364 qua:
2256 5295 2469 5356 habent,
2500 5303 2557 5364 et
2576 5292 2705 5364 dare
2736 5287 3078 5364 pauperibus,
3116 5292 3165 5364 et
3190 5287 3339 5349 sequi

1760 5352 2047 5423 Dominum
2108 5352 2463 5419 ιςιιιυιιιωηεηι.⁷
2522 5360 2673 5425 Quod
2728 5352 2771 5411 si
2828 5364 3007 5431 facere
3060 5352 3340 5431 nolumus,

1760 5421 1948 5493 saltent
1986 5438 2303 5490 Judaorum
2347 5421 2620 5486 inuteriiur
2650 5421 2893 5490 exordia,
2927 5436 2982 5479 ut
3021 5421 3342 5493 pauperibus

1764 5490 1966 5575 partem
2019 5511 2200 5561 demus
2251 5518 2313 5556 ea:
2362 5513 2492 5575 toto,
2537 5510 2583 5554 et
2632 5498 2993 5553 sacerdotibus
3044 5509 3106 5545 ac
3149 5490 3343 5543 Levitis

1768 5572 2019 5632 honorent
2053 5576 2285 5629 debitum
2311 5572 2634 5642 deferamus.
2682 5589 2701 5622 ι

1861 5628 2189 5718 Πίὸιῆᾐξξ
2213 5628 2389 5699 codd:
2421 5658 2551 5698 mss.
2594 5659 2612 5691 ς
2654 5639 2897 5694 omnino.
2940 5654 2958 5686 ›
2993 5632 3150 5686 Libb.
3188 5628 3344 5694 editi,

1768 5740 1786 5773 ι
1829 5735 2172 5861 δᾝᾜῖιω
2208 5788 2425 5845 Belvac.
2469 5802 2488 5836 ‹
2529 5783 2582 5837 in
2619 5792 2723 5838 ove
2752 5777 2845 5834 illa
2878 5770 3171 5843 corporali.
3212 5788 3232 5822 ι
3296 5844 3308 5866 ο
