3914 6516
585 398 696 459 645

2048 365 2371 425 ORlGENlS
3677 358 3746 413 ιιι

585 519 723 578 nihil
764 510 1006 588 prode,“
1041 527 1056 574 ς
1091 527 1109 562 ,
1151 512 1206 562 ει
1232 502 1365 558 ιιιυά
1397 497 1492 555 σοι
1528 517 1546 550 ι
1583 496 1699 554 Non
1751 497 1893 554 enim
1946 509 2068 567 quae
2107 494 2162 548 in
2197 497 2238 551 Α
2270 489 2395 541 (ιιιιιι
2417 482 2654 539 litteram
2699 475 2769 532 ab
2812 469 3090 544 Evangelii
3133 466 3414 539 discipulis
3451 468 3747 541 observentur;

2069 587 2075 588 ,
2116 585 2128 588 _
2411 577 2425 588 .
2664 586 2675 588 -
2724 587 2733 588 ,
3133 565 3332 588 -__:-.-
3368 568 3478 588 ω.-.
3510 560 3744 588 ,ιηςηημ

585 585 877 668 manifesto
913 604 964 658 in
993 615 1160 656 carae
1183 606 1267 652 est
1291 591 1662 657 circumcisio,
1694 590 1785 646 illa
1816 585 2168 645 circumcisio

585 715 688 770 est,
726 714 903 768 neque
939 695 1030 766 qni
1065 694 1120 747 in
1163 690 1453 746 manifesto
1505 689 1558 743 in
1601 700 1768 742 carne
1797 683 2018 739 .Iudteus
2059 688 2166 743 est,

584 798 681 852 sed
728 793 820 864 qui
849 794 904 848 iu
960 787 1177 846 occulto
1241 785 1462 842 Judazus
1522 791 1608 838 est
1653 799 1668 836 :
1716 791 1772 836 et
1816 775 2168 834 circumcisio

585 888 767 944 cordis
806 887 860 939 in
904 883 1124 953 spiritu,
1170 896 1278 935 non
1331 879 1537 940 littera,
1578 874 1738 944 cujus
1785 873 1908 926 laus
1943 885 2049 924 non
2101 882 2168 923 ex

586 979 924 1042 hominibus,
950 979 1044 1032 sed
1076 991 1143 1030 ex
1175 974 1286 1028 Deo
1312 981 1418 1026 est.
1451 989 1468 1022 ι
1502 967 1626 1023 ll:ec
1654 981 1786 1036 ergo
1813 963 2026 1034 singula
2052 977 2170 1031 qnze

587 1085 932 1142 nequaquam
965 1068 1187 1137 penitus
1215 1063 1512 1121 secundum
1546 1062 1788 1116 litteram
1821 1057 2168 1112 observanda

586 1171 721 1228 dicit
748 1165 1061 1238 Apostolus,
1088 1162 1332 1216 invenies
1365 1160 1547 1214 omnia
1597 1157 1712 1210 l'ere
1752 1155 1895 1224 apud
1948 1153 2167 1224 Moysen

587 1267 689 1323 sub
742 1262 880 1333 legis
939 1250 1091 1314 titulo
1134 1255 1431 1324 designari.
1483 1250 1601 1306 Jam
1649 1265 1778 1304 vero
1839 1249 1892 1303 in
1959 1262 2025 1301 eo
2079 1245 2169 1299 ubi

589 1360 718 1416 dicit
772 1357 841 1422 ⁹¹,
887 1373 906 1404 ι
939 1351 1054 1406 Non
1102 1348 1339 1412 occides,
1407 1361 1512 1398 non
1564 1341 1895 1396 adulterium
1953 1339 2122 1392 facies
2155 1377 2170 1402 ,

591 1466 699 1504 non
759 1446 1056 1508 l‘nraberis,
1095 1461 1114 1495 ι
1168 1449 1222 1496 et
1265 1438 1472 1506 reliqua
1535 1433 1880 1502 hujusmodi,
1929 1447 2033 1484 non
2083 1432 2168 1484 in-

591 1542 810 1604 venies,
857 1536 1117 1606 quoniam
1164 1532 1300 1602 legis
1350 1529 1402 1582 in
1449 1526 1516 1581 iis
1555 1525 1774 1579 titulum
1816 1522 2169 1593 prmmiserit,

592 1633 688 1688 sed
749 1630 925 1700 magis
981 1627 1096 1681 haec
1146 1620 1402 1678 mandata
1449 1618 1726 1681 videntur,
1784 1625 1839 1671 et
1895 1615 2017 1670 ideo
2065 1629 2174 1669 non

591 1721 909 1777 exinanilur
971 1715 1111 1787 apud
1183 1708 1475 1778 discipulos
1545 1707 1828 1778 Evangelii
1906 1706 2173 1776 scriptura

595 1817 722 1878 ista,
751 1813 844 1869 sed
873 1809 1234 1879 adimpletnr:
1262 1805 1411 1873 quia,
1443 1812 1501 1858 ut
1525 1802 1658 1868 dixi,
1689 1816 1794 1854 non
1833 1798 2174 1862 mandatum,
2212 1845 2255 1898 Β

601 1910 696 1964 sed
723 1908 806 1961 lex
835 1904 1036 1959 habere
1056 1897 1256 1952 dicitur
1270 1895 1517 1949 umbram
1544 1891 1849 1946 futurorum
1885 1891 2174 1954 bonorum;

594 2010 652 2056 et
687 1999 807 2052 ideo
855 1996 968 2049 haec
1016 1991 1173 2046 nobis
1200 1987 1500 2042 secundum
1541 1985 1783 2039 litteram
1820 1981 2177 2039 custodienda

594 2103 742 2150 sunt.
787 2091 920 2144 Item
953 2083 1119 2139 alibi:
1164 2099 1184 2132 ε
1219 2079 1406 2144 Juste,
1456 2078 1632 2147 inquit
1675 2077 1748 2136 θ’.
1787 2087 1999 2130 sectare
2039 2077 2180 2141 quod

589 2188 794 2258 justum
826 2188 930 2236 est.
962 2196 980 2228 ι
1025 2173 1164 2241 Quid
1198 2187 1334 2240 opus
1356 2180 1442 2225 est
1483 2170 1535 2224 in
1574 2169 1659 2223 his
1687 2168 1998 2236 allegoriam
2021 2167 2180 2238 305

593 2288 862 2349 qurerere,
909 2284 1032 2324 cum
1083 2265 1315 2321 :ediﬁcet
1363 2263 1529 2317 etiam
1572 2260 1793 2315 littera?
1834 2258 2184 2315 Ostendimus

596 2383 727 2438 ergo
765 2378 884 2420 esse
916 2359 1165 2430 quaedam
1199 2371 1320 2426 qua:
1355 2353 1583 2408 omnino
1613 2367 1718 2407 non
1754 2361 1877 2406 sunt
1916 2353 2182 2406 servanda

595 2457 893 2514 secundum
929 2451 1165 2504 litteram
1202 2445 1357 2515 legis,
1390 2452 1446 2498 et
1475 2457 1596 2498 esse
1619 2445 1871 2513 quaedam
1899 2458 2020 2513 quae
2054 2442 2183 2496 alle-

596 2550 745 2620 goria
774 2544 988 2617 penitus
1021 2542 1308 2596 immutare
1365 2552 1473 2591 non
1517 2535 1699 2601 debet,
1749 2535 1844 2591 sed
1875 2533 2184 2590 omnimode

598 2643 674 2697 ita
707 2649 764 2694 ιιι
791 2637 1088 2705 Scriptura:
1117 2633 1182 2687 de
1208 2631 1277 2684 iis
1310 2632 1591 2684 continent
1629 2625 1968 2682 observanda
1999 2634 2128 2680 sunt
2163 2640 2178 2678 :

600 2744 744 2785 nunc
775 2726 993 2794 requiro
1016 2723 1058 2778 si
1087 2731 1213 2777 sunt
1233 2718 1412 2789 aliqua
1450 2733 1569 2787 qua:
1597 2725 1654 2787 et
1700 2709 1995 2771 secundum
2034 2715 2186 2770 litte-

601 2833 718 2873 ram
757 2815 973 2886 quidem
1007 2821 1152 2866 stare
1183 2807 1406 2877 possint,
1443 2803 1754 2860 necessario
1783 2809 1964 2856 tamen
2009 2802 2062 2855 in
2106 2801 2185 2857 eis

601 2912 771 2974 etiam
807 2904 1116 2975 allegoriam
1153 2900 1558 2970 requirendam.
1590 2896 1656 2950 Et
1679 2895 1804 2949 vide
1827 2894 1871 2949 si
1897 2907 2187 2963 possumus

602 3002 720 3056 hzec
772 2997 1064 3068 apostolica
1122 3002 1177 3048 et
1224 2990 1534 3062 evangeliea
1581 2986 1900 3042 auctoritate
1950 2989 2183 3043 munire.

605 3091 877 3160 Scriptum
909 3097 994 3143 est
1038 3087 1090 3141 in
1141 3085 1257 3155 lege
1289 3083 1336 3116 “
1371 3100 1383 3136 :
1426 3100 1444 3134 ι
1494 3073 1720 3152 Pmptcr
1765 3083 1869 3138 hoc
1922 3082 2189 3152 relinquet

602 3184 770 3238 homo
793 3189 999 3251 patrem
1031 3186 1083 3232 et
1116 3184 1368 3235 matrem,
1402 3180 1457 3225 et
1501 3173 1798 3228 adhaerebit
1843 3174 2000 3228 uxori
2053 3188 2183 3235 sure,
2217 3197 2258 3253 ο

603 3285 658 3329 et
681 3281 842 3329 erunt
872 3273 978 3326 duo
1007 3270 1061 3346 in
1097 3282 1261 3322 carne
1302 3280 1432 3317 una.
1473 3285 1492 3318 ι
1549 3265 1672 3322 Haec
1709 3265 1852 3335 quod
1896 3265 2189 3336 allegorica

605 3364 862 3438 mysteria
921 3361 1262 3426 contineant,
1297 3357 1522 3423 Paulus,
1555 3373 1676 3411 cum
1712 3358 1764 3411 in
1809 3357 2048 3426 Epistula
2095 3373 2192 3411 sua

605 3459 710 3513 hoc
766 3456 936 3525 ipsum
992 3452 1263 3523 posuisset
1323 3449 1668 3520 exemplum,
1734 3449 2052 3518 prennntiat
2109 3447 2194 3502 di-

606 3564 732 3604 cens
766 3548 813 3580 “
849 3565 862 3602 :
907 3565 925 3600 ι
968 3545 1280 3619 Mysterium
1309 3546 1413 3599 hoc
1441 3556 1699 3612 magnum
1733 3549 1836 3606 est,
1868 3555 1970 3610 ego
2011 3548 2192 3594 autem

607 3642 728 3697 dico
760 3641 812 3694 in
835 3639 1077 3703 Christo,
1111 3639 1242 3692 etin
1272 3636 1533 3692 Ecclesia.
1577 3651 1595 3683 ι
1622 3630 1775 3698 Quod
1810 3643 1989 3684 autem
2029 3646 2192 3700 opor-

611 3745 722 3789 teat
758 3736 858 3789 hoc
889 3735 1052 3788 etiam
1097 3731 1391 3788 secundum
1444 3727 1677 3780 litteram
1732 3724 2024 3790 custodiri,
2079 3723 2194 3793 ipse

609 3825 867 3879 Dominus
897 3833 950 3877 et
999 3821 1250 3877 Salvator
1286 3821 1464 3883 docet,
1518 3821 1711 3874 dicens
1729 3818 1775 3852 ⁸⁸
1812 3833 1827 3872 :
1864 3835 1883 3868 ι
1922 3813 2193 3884 Scriptum

610 3924 714 3979 est,
740 3916 966 3983 Propter
995 3914 1099 3967 hoc
1132 3911 1401 3980 relinquet
1429 3913 1590 3966 homo
1617 3919 1823 3980 patrem
1853 3917 1904 3963 et
1941 3916 2194 3973 matrem,

609 4016 666 4063 et
696 4006 992 4060 adluerehit
1021 4005 1173 4060 uxori
1202 4020 1333 4072 sum,
1362 4016 1415 4062 et
1445 4013 1604 4060 erunt
1650 4004 1755 4056 dno
1787 4001 1840 4054 in
1879 4014 2044 4054 carne
2068 4013 2194 4052 una.

609 4097 770 4166 Quod
821 4110 950 4164 ergo
1000 4097 1144 4150 Deus
1186 4094 1490 4163 conjunxit,
1548 4096 1708 4148 homo
1749 4107 1854 4146 non
1897 4099 2134 4160 separet.
2175 4108 2192 4140 ι

614 4189 681 4244 Et
712 4188 950 4244 ostendit
983 4187 1168 4256 utique
1195 4186 1532 4241 observanda
1583 4199 1705 4238 esse
1742 4183 1856 4238 haec
1899 4183 2061 4237 etiam
2111 4195 2200 4235 se-

613 4280 851 4337 cundum
876 4279 1134 4342 litteram,
1175 4292 1296 4331 cum
1346 4275 1577 4343 adjicit:
1615 4291 1633 4324 ι
1681 4272 1832 4340 Quod
1880 4286 2010 4340 ergo
2061 4269 2200 4324 Deus

613 4371 913 4441 conjunxit,
970 4371 1134 4425 homo
1185 4384 1289 4424 non
1348 4376 1580 4438 separet.
1637 4383 1656 4417 ι
1723 4364 1830 4420 Sed
1883 4373 1939 4418 et
1985 4362 2038 4416 in
2079 4360 2202 4415 aliis

611 4463 900 4534 Apostolus
935 4461 1024 4517 ubi
1059 4461 1189 4516 dicit
1219 4461 1291 4526 ",
1327 4477 1346 4512 ι
1393 4458 1519 4528 quia
1556 4455 1831 4510 Abraham
1871 4455 2009 4508 duos
2061 4451 2199 4506 ﬁlios

613 4520 820 4619 habuit,
858 4569 1020 4608 unum
1051 4553 1116 4607 de
1146 4520 1360 4617 ancilla,
1397 4520 1453 4608 et
1478 4565 1642 4605 unum
1676 4547 1744 4602 de
1777 4547 1972 4607 libera,
2005 4564 2025 4597 ι
2072 4542 2194 4612 qnis
2231 4542 2274 4596 D
2298 4520 2453 4596 Pulos

615 4647 821 4702 dubitat
849 4647 961 4701 lucc
987 4647 1286 4701 secundum
1328 4646 1565 4702 litteram
1598 4650 1747 4696 stare
1789 4637 2025 4694 debere?
2065 4636 2197 4690 Cer-

618 4750 728 4794 tum
754 4751 838 4795 est
870 4741 1036 4805 enim,
1067 4741 1192 4809 quia
1221 4751 1275 4796 et
1305 4740 1454 4796 Isaac
1491 4739 1557 4793 de
1593 4733 1754 4798 Sara,
1801 4739 1856 4784 et
1895 4727 2086 4782 Ismael
2127 4725 2194 4781 de

615 4833 761 4903 Agar
791 4833 881 4886 ﬁlii
912 4830 1111 4887 fuerint
1141 4833 1390 4887 Abrahae.
1418 4829 1584 4884 Addit
1616 4836 1794 4881 tamen
1842 4822 1908 4876 iis
1952 4823 2193 4888 Aposto-

616 4924 720 4990 1⁸18,
758 4934 816 4977 ει
860 4924 992 4979 dicit
1020 4926 1065 4956 "
1101 4941 1116 4979 :
1153 4943 1172 4976 ι
1209 4925 1337 4982 Ηωο
1388 4932 1568 4980 autem
1627 4924 1754 4973 sunt
1813 4909 2129 4981 allegorica,
2170 4927 2189 4960 ι

617 5033 735 5087 qua:
760 5017 813 5071 in
849 5019 954 5074 duo
987 5027 1305 5073 testamenta
1351 5012 1646 5075 convertit,
1688 5017 1746 5063 et
1778 5006 1938 5060 Sara!
1976 5002 2194 5072 quidem

617 5108 855 5164 sobolem
890 5117 1145 5178 tanquam
1191 5109 1244 5162 in
1275 5106 1586 5164 libertatem
1616 5098 1888 5174 gignentis
1921 5095 2044 5150 novi
2083 5091 2197 5147 Te-

618 5199 874 5256 stamenti
901 5197 1104 5254 liberos
1134 5199 1300 5263 dicit;
1335 5198 1479 5265 Agar
1495 5203 1675 5250 autem
1709 5198 1969 5258 tanquam
2004 5184 2056 5238 in
2086 5197 2201 5238 ser-

618 5292 840 5347 vitutem
887 5289 1196 5362 generantis
1241 5301 1472 5344 terrenze
1534 5282 1834 5341 Jerusalem
1905 5279 2046 5335 ﬁlios
2106 5293 2204 5332 no-

618 5384 862 5440 minavit.
898 5382 1268 5446 Ostendimus,
1308 5389 1367 5434 nt
1395 5379 1609 5447 opinor,
1670 5372 1996 5427 auctoritate
2043 5367 2204 5423 Scri-

620 5487 789 5546 ptnrze
809 5477 1025 5540 divinae,
1056 5475 1215 5530 exiis
1243 5487 1364 5544 quae
1399 5471 1452 5526 in
1498 5469 1616 5539 lege
1658 5465 1860 5534 scripta
1908 5469 2056 5526 sunt,
2103 5457 2203 5512 ali-

619 5589 724 5643 qua
758 5556 972 5642 penitus
995 5569 1311 5641 refugienda
1343 5581 1464 5621 esse
1497 5572 1551 5619 et
1579 5558 1842 5622 cavenda,
1897 5570 1965 5609 ne
2004 5565 2202 5608 secun-

692 5715 739 5746 '°
773 5713 926 5766 Rom.
953 5727 1014 5774 ιι,
1049 5709 1144 5769 28.
1172 5709 1264 5763 ‘29.
1339 5707 1383 5738 ⁹¹
1422 5705 1578 5758 Rom.
1617 5695 1828 5774 xnr._$_)._

624 5801 735 5849 ιιι,
774 5763 891 5836 sisi
1056 5763 1264 5835 “est.
1323 5774 1533 5849 was-2.
1641 5771 1684 5803 υτ
1724 5767 1855 5822 ibid.
1884 5763 1974 5819 at.

622 5847 732 5910 2|.
791 5853 811 5884 ³
838 5855 968 5908 ibid.
998 5851 1090 5904 ἰδὲ.
1168 5854 1188 5881 ’⁸
1217 5849 1346 5904 ibid.
1374 5847 1462 5900 ‘zl‘l.

1928 5689 2024 5744 "1
2054 5688 2194 5744 Tim.
2227 5698 2304 5747 vr,
2340 5680 2430 5735 Η.

2081 5757 2168 5812 “l
2197 5754 2324 5812 Cor.
2355 5766 2431 5806 ις.

2273 577 2519 648 quaedam
2554 586 2686 629 vero
2712 569 3024 626 omnimode
3050 576 3111 620 ut
3131 565 3334 633 scripta
3367 568 3485 614 sunt
3508 560 3747 628 obtinenda;

2271 669 2374 722 alia
2397 677 2578 722 autem
2609 667 2813 720 habere
2843 659 3061 731 quidem
3092 655 3390 712 secundum
3431 652 3630 707 litteram
3658 658 3751 712 teri-

2275 769 2438 815 tatem
2491 758 2599 824 sui,
2651 756 2895 826 recipere
2945 761 3127 804 tamen
3174 746 3377 802 utiliter
3431 753 3484 799 et
3530 751 3752 804 necessario

2273 854 2437 909 etiam
2470 849 2818 920 allegoricum
2849 847 3094 900 sensum.

2344 945 2398 998 2.
2444 943 2561 997 Erit
2596 954 2726 1008 ergo
2752 937 2862 1006 jam
2914 931 3176 1002 sapientis
3221 928 3411 984 scribae
3454 937 3505 982 et
3547 928 3682 981 edocti
3716 932 3755 983 de

2277 1052 2441 1108 regno
2476 1036 2591 1098 Dei,
2626 1032 2716 1102 qui
2750 1031 2890 1086 sciat
2922 1029 2990 1082 de
3017 1023 3283 1080 thesauris
3324 1021 3407 1074 his
3443 1019 3652 1089 proferre
3669 1038 3752 1074 non

2275 1142 2331 1185 et
2357 1139 2561 1194 vetera,
2585 1126 2725 1182 scire
2755 1120 3028 1192 quomodo
3054 1119 3106 1172 in
3147 1129 3254 1168 uno
3285 1127 3490 1183 quoque
3534 1113 3631 1166 loco
3665 1114 3758 1166 Scii-

2281 1233 2475 1291 pturae,
2504 1228 2596 1274 aut
2629 1217 2852 1286 abjiciat
2877 1213 3093 1284 penitus
3130 1208 3465 1264 occidentem
3503 1204 3758 1269 litteram,et

2279 1315 2526 1386 spiritum
2567 1310 2931 1366 viviﬁcantem
2961 1303 3238 1373 requirat,
3285 1306 3382 1352 aut
3426 1296 3670 1350 conﬁrmet
3687 1312 3760 1350 οιιι-

2276 1412 2513 1472 nimode,
2558 1416 2614 1463 et
2659 1405 2848 1460 utilem
2884 1417 2949 1456 ac
2999 1399 3363 1455 necessariam
3414 1395 3587 1464 probet
3632 1395 3758 1449 littera

2279 1502 2580 1558 doctrinam
2613 1518 2627 1566 ;
2656 1508 2748 1552 aut
2786 1502 3040 1550 manente
3062 1491 3313 1554 historia,
3350 1497 3621 1556 opportune
3643 1496 3683 1540 et
3704 1489 3762 1540 de

2277 1605 2472 1650 center
2505 1592 2818 1647 introdueat
2843 1590 3006 1645 etiam
3043 1584 3333 1654 mysticum
3361 1593 3582 1634 sensum.
3608 1576 3764 1630 Sicine

2279 1687 2332 1740 in
2365 1687 2468 1740 hoc
2497 1698 2750 1740 sermone
2784 1698 2945 1752 quem
2989 1678 3252 1733 habemus
3307 1673 3362 1726 in
3413 1670 3634 1724 manibus
3669 1671 3764 1722 sibi.

2283 1789 2395 1833 tror
2421 1776 2743 1842 convenire;
2795 1776 2954 1828 decet
2994 1771 3140 1825 enim
3173 1778 3229 1822 et
3271 1765 3406 1819 utile
3432 1771 3510 1818 est
3550 1764 3678 1817 etiam
3707 1779 3762 1816 sa-

2282 1867 2597 1923 cerdotibus
2633 1862 2911 1934 Evangelii
2948 1859 3135 1916 oﬁerri
3178 1857 3465 1926 primitias.
3506 1853 3573 1907 lta
3604 1855 3709 1907 enin:
3735 1866 3768 1908 et

2285 1959 2546 2016 Dominus
2573 1957 2861 2028 disposuit,
2909 1963 2970 2009 ut
3000 1952 3094 2022 qui
3129 1947 3474 2018 Evangelium
3513 1949 3765 2009 annuntiant,

2282 2053 2350 2107 de
2375 2049 2667 2120 Evangelio
2711 2048 2914 2110 vivant,
2966 2055 3020 2100 et
3060 2044 3155 2114 q'ui
3207 2041 3370 2095 altari
3410 2040 3694 2100 deserviunt,
3729 2041 3769 2093 de

2283 2144 2440 2198 altari
2472 2141 2796 2212 participem
2817 2139 2885 2192 ⁸³.
2919 2139 2988 2192 Ει
3019 2137 3166 2191 sicut
3193 2134 3300 2188 hoc
3331 2132 3544 2202 dignum
3578 2141 3621 2185 et
3641 2131 3768 2185 decem

2291 2245 2398 2301 est,
2435 2236 2513 2290 sic
2545 2233 2852 2290 econtrario
2897 2241 2952 2286 et
2987 2229 3245 2284 indecens
3295 2234 3352 2279 et
3384 2225 3631 2294 indignum
3650 2223 3770 2276 existi

2296 2344 2386 2383 mo
2415 2338 2469 2384 et
2493 2328 2735 2398 impium,
2783 2334 2842 2379 ut
2867 2325 2912 2378 is
2939 2324 3028 2392 qui
3067 2321 3233 2374 Deum
3263 2319 3412 2380 colit,
3469 2328 3522 2372 et
3563 2317 3766 2385 iugredittt

2288 2421 2591 2477 Ecclesium
2643 2418 2763 2482 Dei,
2810 2417 2902 2487 qui
2964 2415 3071 2470 scit
3125 2413 3444 2468 sacerdotes
3491 2419 3540 2464 et
3579 2409 3772 2463 ministros

2293 2514 2553 2568 assistere
2583 2511 2766 2575 altari,
2827 2517 2884 2564 et
2926 2515 3020 2561 aut
3069 2506 3236 2562 verbo
3290 2504 3391 2558 Dei
3433 2512 3522 2556 aut
3557 2500 3772 2554 ministerio

2287 2604 2548 2660 Ecclesiae
2595 2600 2894 2666 deservire,
2947 2599 3014 2652 de
3064 2596 3330 2651 fructibus
3377 2603 3532 2648 terrae
3580 2606 3687 2661 quos
3719 2592 3774 2644 dat

2287 2695 2431 2749 Deus
2465 2693 2629 2748 solem
2659 2705 2814 2745 suum
2843 2687 3214 2756 producendo,
3243 2693 3300 2740 et
3334 2683 3542 2754 pluvias
3583 2695 3680 2736 suas
3711 2681 3772 2732 mi-

2285 2784 2596 2846 nistrando,
2627 2797 2733 2836 non
2775 2779 2971 2835 oﬁ‘erat
3011 2776 3279 2847 primitias
3331 2768 3774 2828 sacerdotibus.fiaa

2289 2876 2426 2931 mihi
2457 2874 2672 2929 videtur
2716 2869 3027 2941 hujusmodi
3083 2867 3263 2921 anima
3315 2866 3519 2920 habere
3549 2862 3774 2917 memoriae

2291 2967 2409 3033 Dei,
2445 2981 2546 3020 nec
2574 2965 2837 3035 cogitare,
2875 2976 2975 3016 nec
3017 2961 3244 3014 credere
3297 2956 3428 3027 quia
3485 2956 3610 3008 Deus
3640 2951 3776 3006 deluit

2291 3059 2498 3115 fructus
2529 3071 2667 3126 quos
2699 3053 2861 3123 cepit,
2887 3067 3022 3122 quos
3052 3051 3123 3105 ita
3152 3049 3403 3104 recondit
3460 3045 3599 3116 quasi
3643 3044 3778 3096 alienos

2294 3167 2324 3206 a
2361 3151 2491 3205 Deo.
2523 3148 2580 3203 Si
2614 3147 2758 3202 enim
2806 3160 2834 3199 a
2881 3145 2990 3197 Deo
3035 3141 3138 3196 sibi
3193 3141 3354 3196 datos
3399 3138 3640 3198 crederet,
3675 3135 3777 3188 sciret

2297 3243 2483 3310 utique
2537 3237 2876 3294 numerando
2911 3233 3227 3288 sacerdotes
3274 3232 3543 3286 honorare
3585 3228 3710 3282 Deum
3742 3226 3780 3276 de

2295 3335 2438 3390 datis
2461 3341 2518 3388 et
2538 3329 2855 3385 muneribus
2877 3329 3011 3384 suis.
3052 3327 3120 3382 Et
3157 3325 3335 3380 adhuc
3389 3333 3449 3377 ut
3491 3321 3683 3391 amplius
3713 3318 3780 3370 hac

2295 3427 2631 3485 observanda
2655 3424 2822 3479 etiam
2855 3421 3157 3476 secundum
3189 3418 3430 3472 litteram
3457 3416 3612 3486 ipsius
3643 3412 3782 3465 Deira.

2298 3519 2453 3574 cibus
2487 3517 2806 3574 doceantur,
2832 3509 3095 3564 addemus
3129 3506 3194 3560 ad
3219 3505 3357 3559 haec.
3387 3501 3624 3556 Dominus
3644 3497 3733 3550 dicit
3752 3493 3781 3545 in

2300 3604 2609 3677 Evangeliis
2624 3603 2672 3663 οἳ
2693 3619 2708 3656 :
2733 3620 2751 3652 ι
2785 3597 2874 3652 Vae
2903 3599 3080 3662 vobis,
3107 3594 3315 3649 Scriba:
3349 3602 3404 3648 et
3431 3587 3786 3654 Pharisziliyp-

2301 3676 2476 3762 critm,
2509 3696 2601 3765 qui
2635 3691 2916 3749 decimatis
2939 3688 3236 3752 mentham,
3267 3704 3288 3738 ι
3311 3686 3416 3739 hoc
3437 3691 3538 3748 est,
3560 3699 3577 3731 ι
3606 3676 3783 3733 decima

2305 3791 2447 3847 datis
2473 3789 2733 3851 menthte,
2764 3796 2820 3841 et
2860 3781 3081 3853 cymini,
3125 3786 3180 3833 et
3222 3776 3436 3841 anethi,
3489 3782 3541 3828 et
3587 3766 3786 3841 premitis

2301 3899 2423 3956 qua:
2468 3882 2676 3952 majora
2725 3885 2850 3936 sunt
2893 3871 3030 3942 legis
3070 3885 3086 3923 :
3127 3867 3457 3938 hypocrita,
3506 3865 3608 3919 hac
3645 3867 3786 3956 operta

2302 3950 2444 4040 ﬁeri,
2479 3982 2535 4029 et
2558 3950 2666 4027 illa
2710 3985 2814 4026 non
2863 3963 3064 4022 omitti.
3118 3979 3138 4014 ι
3201 3958 3342 4013 Vide
3397 3971 3526 4027 ergo
3571 3950 3787 4022 diligentius

2301 4065 2573 4138 quomodo
2598 4075 2778 4119 sermo
2833 4055 3049 4112 Domini
3102 4052 3218 4107 vult
3267 4050 3392 4106 ﬁeri
3439 4047 3636 4119 quidem
3675 4041 3788 4096 aulai-

2305 4135 2461 4214 niode
2487 4171 2606 4226 qua:
2634 4154 2841 4224 majora
2875 4156 3003 4206 sunt
3056 4145 3216 4217 legis,
3247 4159 3358 4198 non
3396 4153 3570 4196 tamen
3598 4135 3730 4192 omini
3758 4142 3790 4183 et

2304 4255 2418 4309 haec
2447 4265 2567 4321 quae
2605 4248 2900 4304 secundum
2931 4246 3172 4301 litteram
3201 4237 3578 4308 designantur.
3616 4225 3729 4295 Quod
3761 4226 3787 4321 si

2303 4310 2482 4406 dicas;
2539 4340 2667 4409 quia
2720 4337 2839 4392 haec
2888 4337 2954 4390 ad
3009 4333 3318 4388 Pbarisaaos
3377 4322 3606 4385 diccbat,
3646 4310 3790 4409 nocti

2305 4404 2616 4502 discipulos,
2657 4429 2780 4482 audi
2825 4428 3020 4481 iterum
3076 4424 3253 4494 ipsum
3294 4419 3566 4474 dicentem
3609 4411 3664 4465 ad
3690 4404 3792 4502 disci.

2580 4537 2599 4572 ι
2661 4519 2773 4573 Nisi
2833 4513 3193 4571 abundaverit
3257 4510 3476 4583 justitia
3531 4512 3683 4560 vestra
3721 4495 3792 4566 liius

2305 4629 2471 4685 quam
2497 4611 2893 4667 Pharisaeorum
2919 4615 2972 4663 et
3002 4605 3345 4670 Scribarum,
3379 4615 3491 4656 non
3534 4587 3792 4653 intrabitisi:

2307 4721 2533 4776 regnum
2560 4701 2821 4758 caelorum
2847 4701 2891 4754 ³.
2933 4717 2952 4751 ι
2995 4695 3151 4763 Quod
3201 4711 3332 4766 ergo
3360 4694 3480 4749 vult
3528 4687 3632 4744 ﬁeri
3665 4698 3688 4736 a
3709 4679 3792 4731 Pht-

2301 4771 2497 4865 riszeis,
2532 4797 2705 4852 multo
2739 4793 2908 4863 magis
2939 4801 2994 4846 et
3021 4793 3228 4862 majore
3257 4801 3382 4843 cum
3409 4778 3703 4840 abundantia
3727 4771 3794 4820 wit

2305 4906 2336 4946 a
2353 4887 2630 4958 discipulis
2653 4885 2864 4956 impleri
2886 4903 2900 4950 ;
2921 4885 3069 4955 quod
3090 4891 3268 4937 autem
3292 4878 3412 4932 ﬁeri
3434 4891 3464 4929 a
3483 4866 3714 4939 discipulis

2305 4984 2442 5051 vult,
2484 4953 2586 5037 nec
2621 4953 2915 5035 Pha—risaeis
2938 4953 3193 5045 imperat
3228 4966 3563 5028 faciendum.
3602 4953 3796 5051 Quonim?

2307 5045 2485 5131 autem
2534 5072 2652 5144 plus
2699 5069 2832 5126 velit
2886 5067 3005 5124 ﬁeri
3058 5081 3088 5120 a
3136 5061 3420 5132 discipulis
3473 5067 3621 5126 quam
3654 5045 3794 5144 facint

2309 5142 2594 5235 Pharisaii,
2632 5169 2684 5223 in
2721 5182 2789 5222 eo
2817 5165 3059 5222 declarat
3083 5161 3177 5216 ubi
3218 5158 3350 5214 dicit
3383 5157 3408 5188 ⁸
3451 5168 3468 5209 :
3504 5169 3524 5204 ι
3554 5149 3724 5235 Dictunt

2310 5263 2587 5332 antiquis:
2615 5257 2733 5314 Non
2762 5256 3034 5314 occides.»
3063 5253 3175 5308 Hoc
3198 5251 3498 5305 observant
3521 5251 3574 5296 et
3599 5231 3794 5332 Phariae.

2309 5321 2597 5424 Discipulis
2625 5360 2805 5404 autem
2840 5347 2972 5402 dicit
2999 5345 3022 5378 ⁸
3059 5363 3073 5399 :
3113 5359 3134 5394 ι
3170 5341 3282 5410 Ego
3323 5347 3511 5392 autem
3541 5321 3797 5424 dieat‘ttbfv

2309 5448 2437 5519 quia
2471 5446 2514 5501 si
2539 5444 2663 5515 quis
2703 5443 2876 5495 iratus
2903 5437 3068 5493 fuerit
3099 5435 3256 5491 fratri
3289 5445 3412 5495 suo,
3447 5439 3567 5481 reus
3595 5419 3682 5474 eri'.
3705 5407 3795 5519 30f-

2307 5499 2413 5599 elio.
2452 5556 2473 5592 ι
2505 5499 2769 5593 Similiter
2806 5541 2859 5587 ct
2893 5530 2961 5585 de
2994 5544 3059 5585 eo
3085 5526 3231 5598 quod
3253 5523 3516 5592 scriptum
3535 5523 3610 5570 est
3636 5510 3671 5562 δε
3691 5499 3797 5555 £509

2534 5675 2580 5708 ”
2599 5671 2737 5727 Gen.
2769 5684 2828 5738 ιι,
2855 5667 2948 5723 24.
3043 5667 3090 5700 ³⁸
3113 5665 3306 5738 Ephes.
3335 5676 3390 5738 γ,
3424 5656 3583 5738 52.Μ
3604 5648 3642 5680 ⁸⁸

2507 5746 2554 5780 οι
2588 5711 2967 5808 ια’ἔίἱίιῗὶἷιῖῖ,
2993 5738 3088 5792 25.
3113 5711 3411 5788 "fama.
3436 5711 3491 5792 ἡ,
3519 5723 3604 5776 eo.
3676 5711 3798 5762 ἰδίει
