3914 6508
152 352 241 411 C15
1318 353 1385 408 IN
1419 353 1757 415 NUMEROS
1796 354 2082 411 llOMlLlA
2113 354 2205 409 Xl.
3272 360 3378 416 646

150 470 479 537 adulterabis,
526 488 545 522 ι
582 483 800 524 suorum
837 467 1221 540 discipulorum
1262 472 1311 527 in
1340 490 1407 530 eo
1439 475 1697 531 vultam-
1726 485 1771 535 Α
1801 477 1924 546 quia
1957 485 2080 531 sunt
2105 472 2363 544 primitiae
2407 471 2571 539 Asiae,
2612 484 2666 529 et
2709 474 2801 530 alii
2846 475 3098 546 primitiae
3139 477 3374 534 Achaiae.

149 569 269 642 plius
293 564 567 618 abundare
606 562 898 631 justitiam,
955 570 1013 615 ut
1050 578 1116 618 ne
1160 565 1442 621 mulierem
1478 568 1697 636 quidem
1804 569 1955 625 Unde
1982 580 2318 635 consequens
2342 574 2424 618 est
2451 581 2547 634 per
2587 566 2828 636 singulas
2860 567 3128 622 Ecclesias
3163 570 3372 639 aliquos

146 661 340 717 videant
370 656 436 709 ad
468 655 977 723 concupiscendum.
1005 655 1168 723 Igitur
1201 672 1269 711 ex
1314 658 1397 711 his
1430 675 1551 727 quae
1580 675 1701 727 pro-
1802 660 2159 723 credentium,
2202 672 2339 727 quos
2383 667 2560 711 tatnen
2612 660 2939 727 apestulicus
2979 661 3203 730 spiritus
3251 678 3377 731 pro-

149 749 347 806 tulimus
379 745 585 815 paucis,
617 745 661 799 si
694 746 784 814 qui
831 742 1057 800 studiosi
1104 758 1230 803 sunt
1283 750 1334 802 in
1398 750 1699 819 Scripturis
1800 750 2030 812 baverit,
2081 748 2349 818 primitias
2387 748 2676 801 nominari.
2719 750 2793 803 Ex
2830 752 3026 821 quibus
3066 768 3187 807 esse
3232 754 3377 809 arbi—

145 838 338 903 divinis,
371 835 629 905 perfacile
666 838 923 907 colligere
956 848 1209 907 poterunt
1254 840 1416 895 etiam
1469 851 1699 896 caetero-
1802 851 1915 897 tror
1938 842 2101 896 etiam
2134 840 2442 896 Cornelium
2473 838 2619 893 illum
2667 844 2753 910 qui
2788 844 3140 902 Caesariensis
3179 848 3376 902 Eccle-

146 948 246 989 rum
275 930 671 986 distinctiones.
707 930 938 1001 Sapiens
968 934 1110 987 enim
1144 934 1185 988 si
1222 933 1424 996 audiat,
1457 934 1627 1002 inquit
1650 936 1695 1001 ⁵,
1798 934 1891 989 siae
1921 950 2042 987 cum
2082 935 2148 988 iis
2181 915 2303 989 cum
2336 935 2529 1003 quibus
2569 936 2831 1004 Spiritum
2888 949 3136 992 sanctum
3180 940 3378 993 meruit

144 1026 347 1079 verbum
379 1040 484 1077 non
512 1024 686 1076 solum
713 1024 975 1088 laudabit,
1001 1029 1093 1079 sed
1127 1034 1181 1078 et
1202 1026 1419 1093 adjiciet
1452 1026 1516 1078 ad
1544 1027 1692 1081 illud.
1798 1029 2067 1098 accipere,
2094 1029 2349 1097 primitiae
2378 1028 2571 1082 merito
2603 1030 2799 1083 dicitur
2833 1032 2897 1085 ¹¹.
2938 1030 3001 1084 Ει
3046 1048 3149 1085 non
3200 1034 3373 1086 solum

140 1116 259 1186 Quid
284 1114 538 1184 adjiciet?
566 1125 622 1169 ιιι
659 1117 913 1171 discutiat
948 1127 1003 1171 et
1043 1118 1317 1171 discernat
1365 1118 1416 1170 in
1467 1119 1693 1187 singulis
1798 1120 1953 1197 hujus
1987 1120 2276 1186 Ecclesiae,
2316 1107 2411 1174 sed
2453 1120 2705 1174 fortassis
2751 1129 2805 1173 et
2851 1123 3093 1174 omnium
3132 1126 3373 1193 gentium

138 1207 421 1277 quibusque
473 1206 722 1275 capitulis
775 1207 930 1274 legis,
988 1207 1075 1261 ubi
1137 1209 1391 1280 fugienda
1438 1211 1507 1265 sit
1561 1210 1694 1278 legis
1797 1213 2049 1282 primitiae
2095 1211 2382 1266 Cornelius
2421 1213 2774 1282 appellandus
2816 1222 2931 1277 est;
2971 1214 3175 1280 primus
3229 1217 3372 1269 enim

136 1300 328 1365 littera,
354 1298 442 1351 ubi
476 1298 865 1367 amplectenda,
900 1299 987 1352 ubi
1016 1300 1177 1354 etiam
1228 1303 1469 1355 narratio
1523 1303 1694 1358 histov
1797 1305 2027 1358 credidit
2059 1320 2123 1358 ex
2164 1305 2435 1373 gentibus,
2486 1314 2539 1358 et
2585 1305 2792 1372 primus
2830 1314 3022 1358 sancto
3054 1304 3259 1374 Spiritu
3290 1323 3374 1362 re-

136 1390 218 1444 rize
242 1404 360 1442 cum
398 1390 620 1460 mystica
655 1391 998 1458 expositione
1040 1394 1349 1447 conveniat.
1384 1412 1403 1444 ι
1440 1395 1693 1450 Christus
1796 1396 1971 1464 pletus
2012 1402 2115 1448 est.
2144 1395 2209 1447 Et
2240 1395 2359 1448 ideo
2395 1404 2539 1448 recte
2563 1396 2815 1462 primitiae
2841 1395 3083 1464 gentium
3132 1398 3373 1466 appella-

132 1485 261 1538 enim
299 1498 398 1537 nos
437 1482 666 1537 redemit
701 1484 767 1538 de
797 1484 1086 1538 maledicto
1137 1485 1269 1553 legis
1295 1486 1348 1551 ⁶;
1390 1505 1409 1536 ι
1450 1502 1551 1539 non
1596 1502 1693 1541 nos
1796 1488 1962 1541 bitur.
1990 1487 2096 1541 Sed
2134 1488 2367 1555 requiris
2413 1488 2644 1541 fortasse
2672 1488 2793 1556 quis
2848 1488 2983 1541 istas
3026 1486 3219 1542 offerat
3264 1489 3376 1556 pri-

134 1574 349 1630 redemit
379 1575 444 1629 de
476 1575 763 1630 maledicto
822 1577 1086 1641 mandati,
1136 1592 1236 1630 nec
1292 1578 1357 1632 de
1402 1578 1691 1634 maledicto
1796 1580 1977 1633 mitias
2009 1565 2399 1646 Deo.autquis
2426 1588 2509 1631 est
2536 1579 2779 1647 pontifex
2824 1580 2977 1649 cujus
3024 1581 3135 1634 haec
3190 1581 3369 1633 ratio-

132 1667 433 1730 tastitnonii,
471 1683 571 1723 nec
625 1668 692 1722 de
744 1667 1036 1725 maledicto
1087 1669 1442 1737 iudiciorum,
1500 1673 1594 1726 sed
1628 1674 1692 1727 de
1794 1672 1954 1725 nibus
1977 1672 2193 1723 cedant.
2228 1670 2339 1737 Ego
2370 1670 2609 1724 arbitror
2647 1671 2785 1738 quod
2827 1672 3119 1724 secundum
3156 1671 3371 1723 Domini

129 1756 406 1811 maledicto
445 1756 607 1826 legis,
658 1759 711 1813 id
757 1768 841 1813 est
886 1772 953 1812 ne
1011 1757 1238 1825 subjecti
1285 1773 1532 1814 essemus
1582 1761 1691 1815 cir-
1726 1821 1758 1829 _
1794 1762 2018 1815 verbum
2048 1776 2176 1829 ager
2204 1761 2416 1813 dicatur
2452 1760 2537 1813 hic
2567 1762 2819 1814 mundus.
2856 1762 2998 1829 Ager
3034 1772 3215 1815 autem
3263 1777 3369 1815 non

126 1849 439 1902 cumcisioni
501 1850 684 1904 carnis
734 1865 834 1905 nec
877 1850 1247 1906 observationi
1300 1850 1688 1918 Sabhaturum,
1726 1821 1764 1875 Β
1797 1864 1953 1906 terrae
2010 1852 2222 1916 solum,
2275 1852 2368 1906 sed
2436 1851 2599 1904 corda
2672 1851 3044 1921 intelliguntur
3094 1853 3365 1915 humana,

124 1938 347 2006 aliisque
380 1939 574 1994 horum
610 1941 899 2008 similibus,
960 1956 1079 2011 quae
1134 1955 1239 1995 non
1291 1941 1343 1994 in
1391 1944 1686 2010 mandatis,
1792 1959 1952 2013 quem
2028 1959 2213 2014 agrum
2289 1944 2461 2014 angeli
2546 1943 2640 1997 Dei
2714 1944 3053 2011 susceperint
3124 1945 3374 1998 excolen-

121 2030 204 2084 sed
236 2030 285 2084 in
323 2030 436 2100 lege
467 2032 691 2087 dicenda
722 2044 847 2089 sunt
880 2033 1169 2089 contineri.
1229 2035 1515 2101 Quomodo
1560 2050 1689 2102 ergo
1791 2037 1917 2090 dum
1960 2037 2095 2105 (Η).
2140 2036 2377 2091 Culturae
2418 2052 2550 2107 ergo
2578 2052 2687 2090 suae
2735 2036 2945 2089 fructus
2985 2036 3085 2104 ipsi
3149 2038 3367 2104 quidem

119 2123 350 2176 abundat
371 2123 576 2193 justitia
597 2124 758 2196 306
784 2136 968 2181 nostra
1016 2128 1134 2197 plus
1181 2144 1341 2198 quam
1374 2127 1686 2181 Scribarum
1792 2128 2087 2195 possident,
2120 2138 2173 2181 et
2201 2129 2424 2191 habent,
2457 2144 2551 2182 eos
2578 2127 2830 2181 videlicet
2876 2126 2965 2195 qui
3021 2128 3121 2179 sub
3172 2142 3371 2195 procu-

117 2222 164 2267 ει
208 2213 637 2283 Pharisaeorum,
678 2218 723 2271 si
779 2218 857 2271 illi
914 2218 981 2272 de
1040 2217 1306 2274 fructibus
1366 2229 1523 2274 terrae
1579 2234 1689 2272 suae
1795 2219 2100 2273 rationibus
2133 2229 2324 2288 agunt,
2371 2230 2427 2273 et
2462 2218 2757 2281 actoribus,
2814 2227 2870 2273 et
2914 2218 3150 2273 nondum
3201 2235 3372 2290 usque

118 2315 337 2376 gustare
364 2322 470 2361 non
502 2311 702 2363 audent
730 2310 1043 2380 priusquam
1086 2311 1356 2383 primitias
1394 2311 1690 2365 sacerd'oti-
1792 2314 1857 2361 ad
1884 2324 2155 2362 summam
2182 2318 2395 2362 aetatem
2425 2309 2775 2377 perfectionis
2826 2316 3113 2362 venerunt.
3149 2308 3205 2363 Si
3234 2324 3370 2378 quo-

114 2400 206 2453 bus
234 2398 492 2464 offerant,
525 2410 581 2455 et
616 2402 790 2457 levitis
838 2405 1079 2459 decimas
1134 2414 1389 2471 separent
1438 2404 1585 2473 (l3);
1633 2413 1689 2456 et
1794 2417 1911 2454 rutn
1943 2415 2070 2454 vero
2094 2402 2255 2455 corda
2292 2400 2577 2470 diligenter
2604 2400 2848 2464 exculta,
2883 2409 2939 2454 et
2963 2400 3030 2453 ad
3061 2402 3363 2469 perfectum

113 2505 205 2559 ego
239 2492 377 2545 nihil
412 2494 608 2547 horum
643 2492 850 2549 faciens
878 2494 1145 2550 fructibus
1175 2506 1333 2550 terrae
1370 2500 1441 2550 ita
1471 2496 1685 2564 abutar,
1792 2496 2046 2563 perducta
2088 2503 2235 2559 sunt,
2282 2494 2381 2549 hos
2424 2504 2677 2562 tanquam
2723 2493 2924 2547 electos
2959 2499 3014 2546 et
3064 2493 3366 2561 praecipuos

116 2592 167 2637 ut
193 2585 454 2639 sacerdos
482 2587 706 2652 nesciat,
734 2586 926 2642 levites
959 2589 1189 2657 ignoret,
1233 2591 1475 2644 divinum
1517 2592 1689 2646 altare
1789 2600 1852 2640 ex
1882 2585 2097 2639 caeteris
2127 2585 2398 2653 primitias
2431 2582 2669 2639 offerunt
2713 2583 2952 2654 pontifici
2993 2598 3211 2651 magno.
3263 2583 3368 2636 De-

114 2694 213 2734 non
232 2680 473 2734 sentiat?
490 2680 621 2733 lllud
640 2695 768 2734 sane
788 2682 1096 2737 necessario
1114 2683 1563 2737 commonendum
1582 2694 1685 2749 est,
1791 2677 1955 2745 nique
1980 2678 2286 2732 invenimus
2309 2677 2482 2745 ipsum
2511 2676 2821 2731 Cornelium
2844 2685 3138 2744 antequam
3164 2674 3370 2729 doctri-

108 2772 241 2840 quod
272 2772 359 2826 lex
392 2772 683 2842 dupliciter
709 2773 907 2828 dicitur
936 2792 949 2828 :
985 2790 1107 2828 nam
1147 2777 1476 2845 generaliter
1506 2776 1649 2832 omni

1829 2783 1912 2820 am
1946 2766 2093 2820 verbi
2148 2766 2261 2830 Dei,
2304 2768 2385 2820 vel
2442 2766 2671 2836 gratiam
2708 2765 2961 2834 baptismi
3004 2764 3309 2833 susciperet
3338 2780 3369 2818 a

108 2862 225 2925 ista,
258 2862 366 2917 hoc
418 2872 499 2916 est
528 2863 865 2930 mandatum,
904 2864 1343 2932 iustificationes,
1392 2878 1685 2936 ρι-τροεριε,
1788 2858 1973 2921 Petro,
2018 2858 2232 2912 audisse
2276 2860 2343 2912 ah
2379 2856 2589 2925 angelo,
2647 2855 2773 2923 quia
2813 2856 3091 2910 orationes
3155 2855 3271 2924 ejus
3314 2863 3370 2908 et

110 2952 441 3015 testimonia,
463 2952 688 3019 judicia,
722 2952 803 3006 lex
836 2954 1211 3023 appellantur;
1258 2957 1568 3026 specialiter
1592 2974 1690 3011 au-
1789 2950 2145 3021 eleemosynre
2173 2950 2547 3004 ascendissent
2589 2947 2654 3001 ad
2683 2948 2848 3001 Deum
2884 2948 2946 3011 ¹³,
2981 2949 3123 3000 unde
3170 2954 3224 3000 et
3274 2960 3371 3015 per

106 3053 206 3096 tem
231 3058 362 3111 pars
401 3044 581 3114 aliqua
615 3062 681 3099 ex
718 3046 784 3099 iis
810 3062 933 3114 quae
966 3047 1018 3099 in
1053 3047 1169 3118 lege
1196 3049 1398 3118 scripta
1435 3060 1558 3105 sunt
1602 3051 1687 3105 lex
1792 3044 1965 3114 ipsum
1989 3045 2243 3119 angelum
2274 3045 2485 3097 videtur
2530 3043 2639 3098 Deo
2678 3043 2935 3113 primitiae
2986 3040 3205 3095 oblatus
3243 3053 3369 3093 esse

102 3136 318 3199 dicitur,
364 3146 425 3190 ut
457 3146 583 3191 sunt
619 3139 722 3193 ista
768 3141 834 3194 de
883 3139 1081 3208 quibus
1126 3143 1378 3211 superius
1427 3143 1685 3198 disserui-
1712 3182 1753 3237 c
1790 3137 2097 3191 Cornelius.
2136 3135 2432 3191 Possumus
2458 3145 2639 3189 autem
2666 3135 2847 3188 dicere
2876 3134 3039 3188 etiam
3091 3133 3156 3186 de
3184 3130 3367 3196 Petro,

100 3243 236 3282 mus.
271 3226 561 3283 Generalis
588 3238 766 3284 autem
800 3230 884 3283 lex
922 3231 1281 3301 significatur,
1310 3234 1459 3287 verbi
1487 3234 1681 3304 gratia,
1715 3223 1753 3237 “
1787 3238 1839 3282 et
1869 3228 2036 3284 Paulo
2062 3228 2382 3296 caeterisque
2412 3226 2694 3295 apostolis,
2720 3228 2861 3297 quod
2896 3236 2952 3279 et
2993 3225 3093 3293 ipsi
3135 3223 3363 3279 creden-

98 3335 217 3374 cum
260 3322 330 3375 de
358 3319 646 3376 Saltatore
676 3322 871 3375 dicitur
898 3323 942 3386 ⁷,
976 3324 1107 3390 quia
1157 3342 1177 3375 ‹
1225 3339 1329 3378 non
1369 3325 1517 3379 venit
1568 3325 1682 3379 sol-
1788 3322 1916 3373 tium
1948 3336 2042 3389 per
2081 3336 2138 3375 se
2168 3320 2433 3389 primitias
2477 3317 2727 3382 offerant,
2782 3319 2921 3371 sicut
2957 3316 3089 3371 dicit
3129 3316 3363 3384 Aposto-

94 3426 217 3466 vere
249 3412 455 3481 legem,
486 3412 578 3465 sed
605 3411 919 3480 adimplere.
959 3432 977 3464 ι
1012 3412 1076 3465 Ει
1108 3413 1232 3467 item
1267 3413 1394 3467 alibi
1418 3414 1439 3445 ⁸
1469 3432 1484 3468 :
1519 3432 1537 3464 ι
1564 3414 1682 3469 Ple-
1786 3412 1868 3466 lus
1901 3412 1965 3477 η,
1995 3412 2117 3481 quia
2146 3413 2212 3465 ab
2238 3411 2539 3465 Jerusalem
2574 3411 2627 3463 in
2659 3408 2887 3474 circuitu
2918 3422 3087 3475 usque
3132 3407 3198 3459 ad
3235 3404 3363 3475 llly‘

98 3502 288 3557 nitudo
314 3517 456 3572 ergo
488 3501 620 3571 legis
645 3510 727 3557 est
754 3502 993 3558 dilectio.
1026 3523 1044 3556 ι
1073 3503 1127 3557 ln
1158 3519 1267 3575 quo
1294 3504 1481 3573 utique
1503 3505 1682 3558 omnia
1786 3504 1955 3558 ricutn
1997 3503 2285 3572 repleverit
2318 3504 2671 3571 Evangelium
2719 3499 2942 3565 Christi,
2978 3510 3032 3553 et
3065 3499 3134 3551 ita
3162 3498 3359 3567 praedi-

90 3593 251 3650 simul
275 3610 409 3664 quae
434 3596 634 3664 scripta
652 3596 850 3648 suntin
872 3595 1007 3664 lege,
1028 3595 1199 3665 legem
1225 3594 1538 3649 nominavit.
1558 3594 1684 3650 llaec
1785 3596 1990 3650 caverit
2028 3595 2373 3665 Evangelium
2408 3610 2516 3648 non
2574 3594 2664 3647 ubi
2713 3591 3028 3647 nominatus
3080 3598 3161 3643 est
3208 3587 3366 3642 Chri-

92 3686 336 3741 diximus
376 3697 692 3742 asserentes
723 3688 1033 3741 mandatum
1061 3687 1129 3741 de
1174 3687 1428 3756 primitiis
1468 3687 1681 3757 frugum
1783 3696 1920 3752 stus,
1972 3702 2043 3742 ne
2096 3702 2259 3754 super
2316 3686 2556 3740 alienum
2593 3683 3006 3737 fundamentum
3041 3680 3362 3733 aedificaret.

87 3777 169 3829 vel
194 3794 491 3846 pecorum,
524 3779 721 3832 debere
741 3777 901 3829 etiam
926 3777 1224 3830 secundum
1255 3778 1491 3831 litteram
1512 3787 1679 3833 stare.
1782 3778 1998 3832 Intuere
2035 3792 2164 3847 ergo
2189 3776 2438 3842 Paulum,
2470 3789 2660 3829 omnes
2685 3789 2779 3827 cos
2808 3787 2945 3842 quos
3001 3769 3213 3834 docuit,
3240 3768 3365 3837 qui-

152 3867 208 3923 3.
236 3869 600 3923 Nuncautem
629 3868 907 3922 videamus
930 3868 1201 3936 quomodo
1226 3882 1280 3924 et
1304 3868 1678 3938 allegoricum,
1782 3871 1884 3925 bus
1917 3869 2255 3937 praedicavit,
2297 3868 2389 3937 qui
2433 3882 2501 3921 ex
2550 3867 2665 3936 ipso
2717 3866 3066 3934 profecerunt
3124 3860 3178 3915 in
3238 3861 3365 3927 fide,

83 3958 134 4013 id
164 3968 253 4012 est
277 3958 589 4027 spiritalem
637 3957 863 4026 recipiat
908 3956 1263 4015 intellectum.
1316 3957 1681 4028 Requiramus
1785 3970 2041 4029 tanquam
2096 3960 2306 4014 fructus
2340 3972 2468 4013 suos
2526 3956 2864 4021 offerentem,
2926 3963 2980 4008 et
3032 3962 3363 4022 quaerentem

80 4062 212 4118 ergo
238 4050 427 4104 sicubi
462 4049 514 4102 in
550 4046 854 4117 Scripturis
889 4058 1089 4118 praeter
1130 4050 1244 4104 haec
1273 4051 1338 4104 de
1371 4052 1566 4118 quibus
1588 4066 1681 4105 su-
1782 4053 2023 4122 quotidie
2056 4065 2223 4105 novos
2276 4063 2437 4118 agros
2482 4064 2619 4117 quos
2664 4047 2900 4111 excolat,
2950 4054 3002 4100 et
3052 4059 3189 4098 nova
3238 4058 3362 4095 rura

77 4155 174 4211 pra
210 4144 434 4196 dietum
485 4151 590 4208 est,
626 4142 932 4197 invenimus
961 4143 1232 4213 primitias
1269 4144 1557 4209 nominari,
1594 4145 1681 4199 hic
1781 4161 1901 4216 quae
1933 4144 2166 4200 seminet
2196 4183 2211 4209 ,
2258 4153 2311 4197 et
2356 4143 2426 4198 ob
2468 4142 2570 4196 hoc
2614 4141 2889 4195 dicentem
2935 4137 3002 4191 ad
3049 4136 3310 4205 quosdam
3351 4154 3362 4188 :

76 4236 222 4288 enim
262 4236 416 4290 dixit
449 4238 469 4268 ⁹
501 4254 513 4290 ;
549 4254 567 4286 ι
604 4234 808 4292 Omnes
856 4238 1128 4307 primitias
1182 4237 1288 4292 olei
1343 4246 1398 4292 et
1440 4238 1572 4301 vini,
1625 4247 1681 4292 et
1794 4256 1811 4288 ε
1849 4238 2019 4305 Cupio
2042 4237 2186 4291 enim
2221 4235 2410 4290 venire
2443 4234 2509 4288 ad
2549 4248 2665 4298 vos,
2723 4240 2782 4286 ut
2829 4230 3062 4297 aliquem
3118 4227 3357 4281 fructum

77 4324 377 4393 frumenti,
440 4328 633 4381 horum
703 4328 946 4383 omnium
1006 4328 1264 4398 primitiae
1314 4342 1436 4397 quae
1484 4327 1680 4383 oblatae
1785 4329 2011 4383 habeam
2044 4338 2098 4382 et
2127 4328 2180 4381 in
2205 4327 2381 4392 vobis,
2411 4326 2552 4379 sicut
2583 4333 2638 4378 et
2685 4323 2738 4376 in
2791 4319 3007 4377 caeteris
3037 4317 3307 4383 gentibus.
3338 4332 3359 4367 ο

74 4418 289 4473 fuerint
342 4420 480 4481 Deo.
533 4420 629 4473 tibi
687 4418 807 4472 dedi
856 4433 940 4474 ea.
992 4438 1010 4471 ι
1058 4419 1301 4488 Requiro
1354 4434 1489 4487 ergo
1535 4434 1680 4474 nunc
1782 4422 2026 4484 Intuere,
2080 4420 2323 4488 inquam,
2372 4433 2493 4473 eum
2543 4432 2610 4471 ex
2666 4415 2733 4468 iis
2796 4413 3047 4467 omnibus
3099 4407 3364 4464 fructibus

72 4521 281 4577 praeter
357 4512 477 4565 haec
525 4512 613 4566 ubi
668 4510 922 4580 primitiae
980 4511 1356 4566 nominentur.
1416 4511 1477 4565 Si
1531 4512 1674 4566 eniti
1710 4529 1754 4584 ι)
1783 4514 1954 4569 electa
1998 4526 2226 4581 quaeque
2269 4511 2599 4579 signantem,
2643 4516 2695 4562 et
2722 4506 2993 4561 dicentem
3034 4502 3099 4556 de
3142 4500 3364 4569 quihus-

68 4617 267 4659 onines
310 4606 575 4673 primitiae
599 4606 665 4659 ad
695 4604 1008 4675 pontificem
1039 4602 1333 4673 pertinent,
1366 4604 1676 4659 necessario
1785 4608 1929 4671 dam,
1960 4606 2096 4660 sicut
2118 4619 2278 4672 supra
2313 4602 2570 4663 diximus,
2594 4600 2720 4667 quia
2754 4604 2880 4649 sunt
2912 4592 3168 4661 primitiae
3197 4590 3361 4653 Asiae,

67 4696 231 4751 nobis
268 4707 331 4750 et
362 4698 608 4766 pontifex
642 4701 997 4769 requirendus
1036 4708 1141 4763 est,
1182 4699 1250 4753 ad
1299 4713 1459 4767 quem
1499 4700 1675 4766 perti-
1783 4706 1837 4751 et
1894 4697 1983 4750 alii
2034 4696 2284 4764 primitiae
2330 4691 2561 4751 Achaiae,
2611 4699 2664 4743 et
2726 4685 3060 4755 singularum
3106 4695 3366 4750 quarum-

64 4802 200 4841 nere
253 4789 507 4844 debeant
562 4790 725 4844 etiam
786 4792 891 4846 illae
952 4791 1211 4860 primitiae
1265 4805 1400 4859 quas
1448 4791 1502 4844 in
1554 4788 1674 4845 aliis
1781 4804 1887 4857 que
1931 4787 2293 4843 Ecclesiarum
2328 4785 2531 4854 eligere
2578 4779 2848 4850 primitias
2891 4784 2944 4829 et
2982 4774 3175 4828 offerre
3228 4773 3360 4825 Deo.

65 4879 393 4950 Scripturae
425 4881 559 4935 locis
603 4882 805 4938 inditas
855 4882 1182 4937 invenimus.
1232 4881 1298 4935 Et
1336 4881 1512 4950 primo
1553 4878 1674 4947 qui-
1783 4880 1955 4934 liabet
2000 4888 2177 4933 autem
2242 4876 2494 4930 fortassis
2551 4873 2760 4941 aliquos
2834 4877 2888 4923 et
2951 4862 3359 4936 primogenitos.

58 4972 186 5025 dem
259 4974 523 5027 omnium
580 4974 647 5028 de
698 4975 817 5044 ipso
878 4975 1107 5029 Domino
1169 4972 1389 5028 Christo
1448 4970 1673 5041 legimus
1780 4969 1956 5024 Credo
1991 4978 2170 5023 autem
2208 4969 2349 5037 quod
2386 4966 2661 5020 habeatet
2695 4961 2904 5029 aliquos
2945 4955 3233 5010 inferiores
3265 4954 3363 5007 ho-
3426 5026 3441 5044 ᾖ

56 5066 348 5133 scriptum
412 5065 477 5130 “,
541 5066 668 5134 quia
719 5066 791 5120 sit
852 5066 1108 5135 primitiae
1175 5073 1539 5118 mortuorum.
1573 5060 1673 5115 Est
1779 5076 1921 5127 rum,
1948 5076 2084 5131 quos
2110 5074 2286 5129 neque
2318 5074 2414 5127 pro
2450 5048 3099 5126 primogenitis(l5),sed
3139 5061 3238 5116 pro
3262 5047 3359 5098 de-
3422 5047 3437 5125 ξ

52 5170 196 5227 ergo
239 5166 306 5212 et
354 5156 478 5227 ipse
522 5158 702 5227 aliqua
744 5160 797 5213 in
836 5169 990 5229 parte
1027 5158 1325 5227 primitiae.t
1363 5153 1429 5208 Et
1470 5155 1667 5208 iterum
1779 5154 1937 5209 cimis
1974 5153 2145 5223 possit
2175 5152 2391 5207 offerre.
2423 5150 2530 5205 Sed
2558 5159 2612 5204 et
2655 5144 3025 5215 unusquisque
3075 5142 3359 5229 doctorum

53 5247 404 5305 invenimus
432 5249 497 5303 de
538 5228 865 5319 quibusdam
920 5250 1123 5305 dictum
1175 5245 1246 5301 ab
1298 5244 1562 5315 Apostolo
1598 5243 1663 5311 “,
1775 5255 1906 5315 puto
1938 5246 2078 5315 quod
2108 5261 2204 5316 pro
2234 5260 2299 5300 eo
2327 5245 2470 5315 quod
2501 5243 2661 5298 docet
2689 5249 2743 5294 et
2767 5238 3024 5308 praedicat
3053 5242 3108 5289 et
3139 5228 3363 5286 instruit

127 5411 151 5445 ⁸
176 5409 367 5466 Prov.
405 5426 447 5473 ι,
481 5409 532 5463 5.
612 5411 633 5441 ⁸
662 5408 780 5465 Gal.
817 5408 993 5476 "1,15.
1070 5410 1090 5440 "
1118 5407 1310 5462 Matth.
1342 5421 1395 5469 v,
1425 5407 1513 5460 17.
1587 5406 1609 5438 ⁸
1633 5406 1673 5460 Β

1824 5405 1959 5468 xtu,‘
1989 5403 2078 5476 10.
2099 5473 2113 5476 Α
2174 5400 2389 5476 ξξηιηηΖ
2414 5396 2807 5476 xviii,12.__‘°
2836 5392 2954 5449 Col.
2985 5386 3195 5458 1,1831
3225 5387 3358 5445 Cor.

52 5483 285 5547 mea.
361 5467 464 5532 u't
491 5482 615 5536 Cor.
653 5496 763 5545 XVI,
795 5467 896 5537 15$
944 5480 985 5509 ι’
1012 5480 1137 5535 Act.
1168 5495 1223 5531 ι.
1303 5478 1348 5510 ιι
1376 5467 1504 5530 ibid.
1539 5479 1593 5531 ιι.

1303 5478 1348 5510 “
1376 5467 1504 5530 ibid.
1539 5479 1593 5531 4.
1670 5478 1713 5509 ίδ
1740 5480 1896 5533 Rom.
1927 5467 2017 5540 Xv,
2057 5473 2144 5539 l9,
2180 5473 2272 5525 20.
2347 5472 2389 5503 ⁸⁸
2418 5472 2574 5525 Rom.
2609 5485 2649 5536 ι,
2686 5467 2774 5524 15.

127 5575 257 5646 (13)
283 5574 455 5635 Mss,
491 5591 509 5624 ι
543 5573 781 5627 decimas
812 5581 1084 5642 separent.
1124 5591 1143 5625 ι
1175 5571 1332 5626 Libb.
1356 5570 1509 5634 editi,
1540 5571 1666 5625 tde-
1775 5577 1966 5646 quaesi.
1991 5568 2053 5646 £5.
2080 5582 2240 5646 (tum;
2259 5565 2327 5646 9_6
2351 5574 2405 5619 el
2432 5564 2553 5645 ἵζ’
2747 5644 2787 5646 η
2826 5641 2996 5646 ΜΨ,
3031 5638 3124 5646 __‘
3161 5616 3325 5646 “gn,

49 5635 613 5709 cititae'separentur.
652 5664 669 5695 ι
875 5635 889 5642 ’
1382 5710 1390 5711 ί
1792 5635 1811 5711 ’γ
1848 5639 1959 5711 (l5)
1985 5638 2164 5692 Codex
2203 5636 2565 5711 Belvacensis_,
2608 5650 2627 5682 ι
2658 5644 2793 5700 quos
2825 5641 3000 5697 neque
3030 5638 3128 5696 pro
3161 5635 3357 5694 primi.

122 5716 253 5787 (14)
301 5706 484 5787 Quem
530 5731 715 5787 agrum
753 5713 925 5787 angeli
970 5711 1082 5787 “Dei
1128 5710 1657 5787 susceperittfmexco-
1779 5706 1867 5766 tiis
1893 5706 2066 5779 neque
2084 5722 2181 5778 pro
2217 5706 2612 5778 pritnogeuitis.
2651 5720 2671 5754 ι

48 5780 606 5842 Ιρηίἰιιὲηοίϐοηευῑε
664 5780 916 5839 lluetium
959 5781 1396 5854 Origeuianorum
1447 5780 1544 5837 lib.
1602 5794 1667 5844 tt,
