3914 6534
522 391 627 450 647

1969 380 2317 438 ORIGENIS.

3626 387 3770 457 ,ωδ

522 508 817 572 auditores,
853 522 1039 577 agrum
1064 489 1314 558 Ecclesiae
1350 500 1493 556 illius
1519 515 1681 570 quam
1715 502 1894 565 docet,
1931 501 1982 555 id
2012 509 2096 558 est
2123 504 2170 560 Α
2199 498 2454 568 apostoli,
2487 509 2542 555 et
2573 501 2911 570 singulorum
2941 517 3036 572 per
3055 502 3328 571 ordinem,
3369 505 3453 561 vel
3496 519 3601 576 pro
3627 508 3766 561 meri-

521 601 856 656 credentium
887 598 1049 652 corda
1091 597 1336 650 videatur
1368 596 1636 649 excolere.
1671 594 1843 649 liabet
1874 610 2005 664 ergo
2035 607 2087 649 et

523 694 637 762 ipse
668 692 893 746 cultura:
926 705 1036 745 sum
1065 689 1326 753 fructum,
1369 699 1425 742 et
1467 689 1519 742 in
1568 689 1635 742 iis
1671 687 1924 743 omnibus
1975 689 2091 742 fru-

521 785 702 838 ctibus
734 782 938 836 invenit
970 782 1086 836 sine
1115 781 1279 836 dubio
1315 781 1545 834 electum
1584 781 1816 850 aliquem
1833 789 1910 835 et
1950 796 2091 850 prae.-

519 875 761 942 cipuum,
787 887 946 941 quem
1004 872 1157 941 quasi
1211 873 1480 940 primitias
1517 871 1732 934 oll'erat.
1789 873 1993 927 invenit
2039 883 2093 926 et

521 976 657 1031 quos
689 976 782 1030 pro
828 960 1223 1030 primogenitis,
1256 968 1310 1012 et
1350 960 1484 1013 alios
1521 974 1618 1028 pro
1660 958 1903 1013 decimis.
1939 957 2092 1024 Quod

522 1053 565 1108 si
597 1066 699 1106 non
738 1053 949 1105 videtur
980 1051 1327 1105 temerarium
1362 1051 1564 1104 audere
1594 1050 1649 1103 in
1693 1050 1917 1115 talibus,
1959 1064 2094 1120 pos-

525 1153 652 1196 sunt
684 1141 912 1196 fortasse
943 1141 1284 1210 primogeniti
1322 1155 1448 1195 vere
1479 1140 1556 1193 illi
1611 1139 1739 1205 dici,
1786 1141 1853 1194 de
1899 1141 2096 1210 quibus

525 1233 790 1299 scriptum
815 1242 897 1286 est
921 1233 1034 1263 ³⁶ο¹⁷
1059 1233 1180 1299 quia
1206 1246 1327 1286 cum
1354 1231 1669 1285 mulieribus
1699 1245 1758 1284 se
1787 1246 1892 1284 non
1920 1232 2098 1299 inqui-

524 1333 808 1386 navcrunt,
849 1321 1086 1389 virgines
1138 1321 1279 1374 enim
1330 1330 1764 1389 permanserunt,
1813 1322 2092 1374 autetiam

525 1415 593 1468 de
635 1414 966 1486 martyribus
1017 1422 1196 1482 potest
1249 1413 1449 1466 dictum
1484 1412 1672 1467 videri.
1730 1411 1796 1465 Et
1847 1413 2097 1482 primitiae

526 1503 874 1558 nihilominus
902 1514 1127 1572 possunt
1157 1503 1382 1573 intelligi
1413 1503 1667 1557 Ecclesize
1698 1503 1955 1573 virgines.
1989 1503 2094 1558 De-

526 1596 682 1650 cimae
716 1610 930 1664 quoque
962 1595 998 1649 ii
1040 1595 1130 1664 qui
1173 1604 1294 1664 post
1330 1595 1636 1664 coniugium
1676 1595 2018 1650 continenter
2044 1605 2100 1650 et

524 1700 670 1740 caste
710 1688 962 1740 vixerint.

591 1778 651 1831 4.
734 1777 930 1831 Verum
998 1776 1250 1845 quoniam
1317 1791 1383 1831 ex
1456 1778 1767 1846 angelorum
1839 1783 2097 1851 primitiis

521 1883 701 1924 sermo
754 1869 979 1938 sumpsit
1035 1869 1358 1931 exordium,
1425 1886 1563 1938 quas
1621 1871 1805 1926 oll‘erri
1867 1875 1936 1928 ab
1999 1877 2094 1929 iis-
2129 1845 2169 1899 Β

522 1962 642 2016 dem
672 1961 888 2014 humani
937 1961 1150 2030 generis
1215 1962 1516 2018 cultoribus
1557 1965 1887 2032 dixeramus,
1933 1969 2093 2038 307

520 2065 679 2122 atque
713 2055 779 2108 ad
803 2054 1072 2122 apostolos
1095 2058 1340 2123 sequenti
1379 2056 1518 2120 loco,
1555 2067 1611 2111 et
1644 2058 1768 2113 inde
1793 2060 1859 2112 ad
1898 2076 2094 2114 unum-

519 2161 787 2215 quemque
835 2147 1116 2201 doctorum
1167 2148 1383 2203 deducti
1440 2165 1654 2214 smnus,
1706 2153 1990 2206 redeamus
2025 2154 2092 2206 ad

518 2240 782 2309 originem
821 2254 1009 2294 eorum
1050 2256 1172 2308 qua:
1215 2241 1489 2296 discutere
1523 2257 1885 2309 cmperamus.
1927 2243 2095 2312 Igitur

521 2329 891 2399 unusquisque
915 2331 1228 2401 angelorum
1265 2331 1376 2401 (l6)
1421 2333 1471 2385 in
1501 2335 1968 2388 consummatione
1995 2350 2096 2389 sa:-

518 2421 625 2475 culi
673 2423 847 2476 aderit
895 2423 947 2476 in
990 2424 1213 2492 judicio,
1257 2425 1492 2478 cducens
1526 2439 1618 2479 eos
1659 2440 1842 2479 secum
1895 2428 2092 2495 quibus

521 2513 753 2582 praefuit,
799 2530 935 2582 quos
987 2515 1215 2583 adjuvit,
1272 2529 1409 2583 quos
1451 2516 1731 2581 instruxit,
1768 2532 1865 2585 pro
1898 2517 2094 2584 quibus

523 2619 734 2674 semper
763 2606 897 2659 vidit
931 2605 1124 2659 faciem
1149 2606 1326 2660 Patris
1357 2608 1447 2676 qui
1481 2608 1532 2660 in
1563 2607 1717 2663 caelis
1745 2619 1847 2662 est.
1870 2609 1934 2663 Et
1967 2620 2093 2680 puto

523 2695 687 2750 etiam
731 2696 804 2750 ibi
851 2696 1253 2764 inquisitionem
1306 2697 1566 2760 futuram,
1606 2714 1712 2752 non
1755 2700 1976 2769 quidem
2024 2716 2092 2756 an

523 2785 746 2840 cultura:
781 2785 1058 2840 hominum
1093 2786 1315 2856 angelus
1345 2786 1600 2854 defuerit,
1642 2789 1738 2843 sed
1766 2805 1832 2843 an
1869 2791 2094 2845 culturae

525 2875 779 2946 angelica:
795 2891 1134 2946 nequaquam
1165 2876 1325 2947 digne
1354 2879 1581 2948 segnitia
1616 2879 1849 2934 humana
1871 2895 2097 2948 respon-

524 2966 684 3023 derit.
722 2969 837 3022 Erit
860 2983 988 3038 ergo
1020 2969 1147 3023 etin
1181 2969 1282 3022 hoc
1306 2969 1567 3037 judicium
1598 2971 1693 3026 Dei
1723 2983 1902 3026 utrum
1924 2975 2093 3044 negli-

523 3059 699 3126 gentia
723 3060 900 3129 aliqua
927 3061 1299 3114 ministrorum
1324 3062 1611 3131 spirituum
1637 3065 1726 3132 qui
1755 3065 1821 3119 ad
1849 3065 2096 3119 ministe-

525 3153 663 3204 rium
696 3161 751 3206 et
783 3152 1109 3220 adiutorium
1143 3153 1290 3207 missi
1329 3163 1455 3208 sunt
1481 3168 1704 3225 propter
1732 3173 1825 3212 eos
1857 3159 1947 3226 qui
1985 3159 2094 3212 ha:-

523 3243 806 3297 reditatem
846 3243 1066 3312 capiunt
1095 3245 1309 3308 salutis,
1338 3263 1404 3299 an
1456 3262 1644 3302 eorum
1678 3250 1770 3316 qui
1809 3250 1878 3303 ab
1913 3248 2096 3318 iisju~

525 3345 722 3388 vantur
774 3335 986 3405 ignavia
1048 3347 1154 3389 tam
1210 3337 1363 3390 multi
1429 3337 1609 3407 lapsus
1671 3339 1793 3392 vita:
1846 3340 2096 3396 humanae

522 3427 842 3495 proveniant
901 3426 1034 3497 (l7).
1078 3428 1230 3494 Quod
1281 3429 1325 3484 si
1360 3429 1432 3482 ita
1476 3440 1576 3496 est,
1621 3432 1727 3485 erit
1759 3448 1891 3504 ergo
1931 3434 2094 3488 etiam

524 3518 666 3572 inter
691 3519 912 3586 angelos
939 3529 992 3572 et
1021 3519 1266 3576 homines
1304 3522 1566 3589 iudicium
1597 3523 1726 3578 Dei:
1760 3534 1814 3577 et
1846 3526 2098 3580 fortassis

514 3609 904 3680 iudicabuntur
936 3612 1104 3682 aliqui
1143 3627 1266 3668 cum
1292 3614 1457 3671 Paulo
1488 3625 1542 3670 et
1567 3617 1916 3671 conferentur
1939 3617 2094 3673 labo-

524 3699 672 3756 ribus
705 3702 840 3770 ejus,
877 3712 931 3758 et
961 3704 1229 3760 fructibus
1262 3708 1353 3776 qui
1377 3721 1442 3760 ex
1487 3708 1831 3762 multitudine
1870 3711 2098 3764 creden-

525 3791 656 3846 tium
687 3794 945 3847 veniunt:
980 3804 1033 3849 et
1056 3794 1197 3850 forte
1226 3797 1526 3852 invenietur
1555 3799 1606 3852 in
1639 3798 1914 3854 laboribus
1937 3815 2100 3869 supe-

526 3881 636 3934 rior
671 3882 834 3935 etiam
862 3884 1132 3954 aliquibus
1167 3887 1394 3955 angelis,
1427 3897 1481 3942 et
1514 3888 1637 3943 ideo
1668 3889 1926 3942 nimirum
1958 3891 2099 3944 dice-

525 3971 616 4025 bat
647 3972 689 4003 “
721 3990 734 4026 :
773 3993 790 4024 ι
827 3975 934 4028 Aut
963 3978 1184 4032 nescitis
1219 3979 1342 4047 quia
1389 3979 2041 4050 angelosjudicabimus?
2075 4002 2092 4033 ι

527 4062 642 4116 Νοη
685 4068 825 4132 quod
874 4066 988 4136 ipse
1033 4068 1234 4122 Paulus
1280 4071 1484 4138 jttdicet
1537 4074 1777 4143 angelos,
1831 4075 1923 4127 sed
1955 4077 2098 4146 quod

525 4172 661 4225 opus
693 4157 839 4212 Pauli
890 4162 1031 4229 quod
1067 4163 1178 4231 egit
1222 4165 1272 4217 in
1315 4166 1624 4236 Evangelio.
1655 4175 1709 4220 et
1729 4180 1856 4236 erga
1888 4169 2102 4222 animas

525 4249 889 4313 credentium,
940 4250 1207 4318 juilicabit
1255 4253 1510 4322 aliquos:
1559 4272 1662 4310 non
1703 4257 1848 4311 enim
1885 4273 2096 4324 omnes,

525 4339 619 4392 sed
651 4340 862 4409 aliquos
899 4343 1234 4413 angelorum.
1264 4345 1327 4399 Et
1355 4358 1637 4416 pr0pterea
1664 4347 1910 4404 fortassis
1934 4351 2099 4405 etiam

525 4429 718 4486 Petrus
749 4433 816 4488 ad
851 4436 950 4489 ista
998 4438 1332 4506 respomlens
1385 4440 1602 4495 dicebat
1635 4441 1676 4473 ¹⁹
1711 4461 1723 4496 :
1765 4460 1783 4493 ι
1819 4443 1874 4496 In
1937 4459 2098 4512 quem

524 4527 912 4592 Mueupiscunt
945 4527 1109 4582 etiam
1138 4531 1310 4600 angeli
1329 4533 1641 4601 prospicere
1673 4557 1684 4589 :
1725 4554 1745 4587 ι
1775 4537 2022 4603 quamvis
2045 4545 2100 4591 et
2135 4541 2176 4596 D
2205 4533 2511 4604 loquentem
2567 4535 2750 4590 dicere
2781 4534 2826 4566 ”
2862 4552 2876 4588 ε

527 4613 631 4684 ipsi
656 4619 880 4685 apostoli
920 4621 1125 4690 angelis
1163 4631 1388 4677 utantur
1415 4625 1753 4694 adjutorihus
1783 4629 1847 4679 ad
1875 4629 2102 4698 explen-

527 4710 652 4760 dum
701 4713 1101 4778 praedicationis
1137 4729 1246 4769 suae
1290 4731 1508 4780 munus,
1550 4728 1606 4772 et
1653 4733 1786 4786 Opus
1825 4719 2100 4790 Evangelii

527 4807 1035 4862 consumn‘iamlum.
1103 4808 1196 4862 Sic
1246 4810 1390 4863 enim
1443 4809 1725 4864 dicebatur
1760 4810 1813 4864 in
1866 4811 2098 4866 Actibus

528 4891 894 4956 apostolorum
925 4897 992 4960 ⁸ο,
1023 4899 1148 4965 quia
1177 4899 1403 4968 angelus
1433 4899 1576 4954 Petri
1612 4908 1755 4954 esset
1787 4901 1877 4969 qui
1911 4901 2098 4969 pulsa-

521 4992 610 5058 .ret
655 4983 721 5037 ad
777 4986 997 5042 osdum.
1049 4990 1314 5044 Similiter
1365 5007 1493 5060 ergo
1534 4992 1853 5062 intelligitur
1877 5009 2000 5048 esse
2046 5007 2101 5050 et

526 5069 664 5126 alius
696 5072 840 5128 Pauli
871 5076 1117 5148 angelus,
1143 5081 1284 5135 sicut
1316 5090 1398 5135 est
1431 5081 1598 5147 Petri,
1624 5092 1678 5136 et
1707 5082 1846 5137 alius
1879 5083 2103 5140 alterius

601 5189 717 5266 ‘3‘"
746 5191 914 5266 Apoc:
940 5209 1050 5262 xtv,
1087 5197 1142 5250 4.
1221 5197 1266 5228 ¹⁸
1299 5197 1318 5252 l
1351 5198 1477 5254 Cor.
1503 5215 1577 5266 vt,
1609 5200 1663 5256 5.

527 5258 574 5289 ’³
603 5257 738 5315 Gen.
769 5257 844 5328 XI,
882 5264 932 5316 7.

553 5471 566 5483 ο
597 5401 920 5483 (l6)nlg_itur_
935 5411 1282 5483 unusquisque
1307 5411 1633 5480 angelorum,
1657 5419 1762 5483 etc.
1793 5411 2097 5468 Vide‘llue-

525 5474 662 5596 tﬁipnt
692 5474 1148 5546 'Origenianorum
1187 5482 1285 5537 lib.
1323 5474 1396 5544 tt;
1429 5474 1625 5550 quaest.
1654 5481 1707 5548 5,
1757 5498 1909 5536 num.
1941 5483 2014 5537 20
2044 5492 2100 5540 et

597 5612 709 5694 (I7)
740 5613 859 5694 Erit
883 5625 1081 5694 ergoet
1107 5619 1161 5672 in
1196 5618 1292 5674 hoc
1323 5618 1588 5689 judicium
1619 5620 1710 5675 Dei
1735 5631 1909 5694 utrium
1935 5623 2099 5692 negli-

525 5685 700 5762 gentia
731 5685 910 5762 aliqua
943 5685 1616 5762 ministrorumspirituum
1641 5694 1729 5760 qui
1761 5693 1827 5745 ad
1857 5685 2099 5746 ministe-

530 5759 667 5832 τριετῆ
692 5763 740 5806 et
763 5759 1090 5832 adjutorium
1126 5762 1270 5832 missi
1298 5771 1420 5813 sunt
1453 5759 1662 5827 propter
1695 5779 1780 5815 eos
1810 5763 1900 5832 qui
1925 5763 2101 5815 ltwre-

529 5821 740 5876 ditatem
769 5821 979 5889 capiunt
1001 5829 1211 5897 salutis,
1245 5848 1314 5884 an
1338 5821 1517 5886 eorum
1542 5821 1629 5900 qui
1661 5834 1724 5885 ab
1754 5821 2101 5902 eis'juvamur

1744 5200 1788 5232 ¹⁹
1823 5201 1840 5255 l
1872 5199 1988 5257 Pet.
2023 5220 2060 5270 ι,
2104 5205 2190 5258 12.

2197 593 2285 658 tis,
2318 607 2453 661 quos
2485 594 2670 664 utique
2708 594 2764 647 in
2798 593 3076 650 laboribus
3106 603 3156 650 et
3196 595 3453 651 doctrina
3495 612 3627 660 sua,
3669 597 3766 652 sive

2195 685 2559 752 apostolorum
2611 685 2729 738 sive
2775 683 3110 752 reliquorum
3161 695 3278 755 post
3333 702 3433 741 eos
3477 687 3771 753 doctore,

2197 788 2416 828 necesse
2451 786 2534 829 est
2557 775 2760 843 primas
2785 786 2968 844 partes
3004 775 3202 830 habere
3225 787 3283 831 et
3321 779 3644 831 animarum
3674 794 3772 844 qu

2197 878 2291 934 per
2317 881 2411 921 eos
2464 867 2838 935 profecerunt,
2889 876 2945 920 et
2987 865 3217 920 fructum
3253 883 3360 920 uua
3407 881 3543 920 cum
3581 867 3650 920 iis
3699 883 3772 935 pet

2197 970 2333 1024 quos
2352 959 2558 1026 Operati
2579 968 2705 1013 sunt
2733 958 2800 1011 ad
2825 973 3009 1012 aream
3034 957 3243 1013 Domini
3265 967 3656 1026 comportare.
3685 958 3773 1011 Erit

2196 1061 2328 1117 ergo
2355 1046 2407 1101 in
2436 1048 2860 1117 congregatione
2900 1047 3194 1111 fructuum,
3225 1049 3274 1100 id
3315 1060 3408 1103 est
3436 1051 3496 1102 in
3527 1049 3778 1102 eleg-time

2198 1138 2555 1202 credentium,
2588 1138 2698 1202 ille,
2727 1139 2878 1193 verbi
2931 1142 3126 1210 gratia,
3152 1142 3244 1210 qui
3272 1142 3380 1194 fuit
3414 1141 3577 1194 illius
3612 1139 3778 1193 Eccle-

2199 1229 2292 1284 siae
2323 1228 2625 1297 praecipuus
2672 1238 2728 1283 et
2783 1230 3038 1294 eximius,
3069 1233 3345 1300 primitiae,
3397 1240 3456 1285 et
3514 1230 3612 1284 ille
3639 1233 3780 1284 etiam

2200 1317 2302 1372 hoc
2349 1320 2597 1386 superior
2646 1320 2795 1375 illius
2834 1320 3090 1377 Ecclesiae
3127 1323 3567 1394 primogenitus.
3600 1322 3668 1375 ab
3689 1324 3782 1382 illo,

2199 1411 2346 1463 verbi
2372 1412 2569 1479 gratia,
2603 1411 2797 1481 angelo
2824 1413 3059 1468 oblatus.
3091 1413 3158 1468 Et
3194 1414 3268 1468 ita
3301 1429 3481 1469 omne
3518 1415 3630 1468 hoc
3663 1415 3782 1482 quod

2199 1502 2575 1557 adumbratum
2614 1515 2700 1558 est
2733 1505 2784 1557 in
2832 1504 2970 1575 lege,
2998 1505 3256 1574 quoniam
3286 1505 3378 1560 lex
3414 1506 3680 1559 umbram
3708 1505 3787 1557 lu-

2201 1595 2291 1649 bet
2340 1595 2644 1650 futurorum
2682 1598 2970 1662 bonorum,
3024 1598 3205 1667 aliquo
3235 1598 3403 1654 modo
3444 1612 3555 1668 per
3578 1597 3787 1667 angelo-

2203 1701 2320 1740 rum
2376 1688 2675 1742 ministeria
2735 1689 2790 1742 in
2842 1688 3154 1745 futurorum
3220 1690 3512 1744 bonorum
3579 1690 3789 1743 veritate

2201 1781 2593 1850 complebitur:
2628 1790 2686 1835 ut
2716 1797 2836 1851 quae
2864 1781 3205 1851 praeformata
3225 1791 3361 1836 sunt
3400 1783 3462 1835 in
3489 1781 3590 1834 illo
3619 1780 3790 1847 Israel,

2198 1873 2289 1942 qui
2335 1873 2630 1927 secundum
2684 1888 2905 1927 carnem
2945 1871 3111 1928 Israel
3159 1874 3392 1939 dicitur,
3437 1873 3500 1926 in
3551 1872 3790 1927 lsraeiitis

2198 1965 2342 2017 veris
2368 1974 2422 2017 et
2449 1964 2762 2018 caelestibus
2807 1965 3158 2032 impleantur.
3187 1965 3400 2018 Nomen
3428 1963 3595 2017 enim
3647 1964 3789 2017 Israel

2197 2055 2441 2124 pervenit
2466 2069 2636 2122 usque
2663 2055 2729 2109 ad
2755 2056 3030 2124 angelicos
3057 2058 3296 2123 ordines,
3325 2056 3441 2109 nisi
3469 2055 3610 2124 quia
3647 2055 3791 2108 mulio

2196 2147 2480 2201 veriusilli
2533 2148 2955 2216 appellabuntur
3001 2149 3189 2215 Israel,
3234 2159 3460 2218 quanto
3495 2149 3689 2202 verius
3729 2148 3787 2199 illi

2195 2249 2320 2294 sunt
2348 2255 2500 2293 mens
2528 2240 2715 2293 videns
2747 2239 2934 2294 Deum.
2983 2241 3098 2296 Hoc
3125 2241 3270 2296 enim
3304 2239 3492 2294 Israel
3531 2240 3786 2305 interpreo

2199 2340 2346 2384 tatur
2393 2329 2529 2401 (18).
2573 2329 2709 2384 Puto
2749 2332 2894 2385 enim
2924 2331 3072 2400 quia,
3115 2331 3258 2386 sicut
3291 2330 3561 2398 quaedam
3594 2329 3787 2382 noiu

2195 2423 2282 2476 vel
2333 2423 2600 2491 gentium,
2653 2422 2739 2477 vel
2797 2422 3128 2491 principum,
3164 2423 3217 2475 in
3268 2421 3602 2490 Scripturis
3633 2421 3788 2489 posita

2194 2515 2461 2582 videmus,
2497 2529 2616 2584 qua:
2667 2515 2876 2584 absque
2920 2515 3029 2569 ulla
3081 2515 3437 2569 dubitatione
3505 2515 3579 2568 ad
3643 2515 3788 2567 malos

2195 2609 2438 2675 angelos,
2477 2613 2530 2660 et
2562 2605 2628 2658 ad
2669 2604 2901 2660 virtutes
2940 2607 3248 2661 contrarias
3282 2605 3628 2660 referantur
3659 2621 3674 2667 ;
3703 2605 3788 2658 sic-

2196 2703 2278 2759 ut,
2306 2694 2458 2747 verbi
2497 2693 2695 2763 gratia,
2722 2693 2933 2749 Pharao
2955 2710 3049 2749 rex
3079 2694 3325 2766 Egypti,
3357 2703 3420 2750 et
3446 2693 3789 2749 Nabuchodo»

2197 2803 2358 2842 nosor
2385 2787 2711 2856 Babylonius
2735 2796 2789 2841 et
2809 2786 3066 2856 Assyrius
3094 2803 3110 2852 ;
3141 2787 3212 2840 ita
3248 2787 3429 2841 etiam
3465 2802 3564 2851 ea,
3598 2802 3711 2856 qu:
3733 2793 3786 2840 de

2198 2879 2403 2933 sanctis
2433 2879 2564 2933 viris
2605 2888 2661 2934 et
2690 2888 2850 2949 gente
2883 2877 3133 2946 religiosa
3169 2879 3538 2942 scribuntur,
3577 2880 3644 2932 ad
3683 2892 3787 2932 sn-

2195 2979 2312 3026 ctos
2335 2971 2554 3040 angelos
2583 2980 2640 3025 et
2675 2972 2741 3024 ad
2779 2971 3038 3040 benignas
3071 2969 3336 3025 debemus
3371 2969 3606 3024 referre
3636 2971 3782 3022 virtue

2199 3073 2297 3117 tes.
2335 3062 2490 3128 Quod
2521 3071 2704 3116 autent
2740 3079 2832 3117 rex
2869 3063 3042 3132 gentis
3069 3061 3249 3131 impiae
3284 3062 3357 3114 ad
3403 3063 3671 3115 virtutem
3701 3060 3787 3113 ali-

2199 3168 2358 3224 quam
2393 3154 2681 3224 malignam
2734 3156 2800 3208 ab
2828 3153 3110 3223 Scriptura
3148 3152 3455 3216 referatur,
3495 3154 3623 3205 audi
3673 3167 3785 3220 quo-

2203 3247 2361 3302 modo
2408 3245 2578 3300 Isaias
2610 3248 2676 3299 de
2717 3245 3220 3300 Nabuchodonosor
3242 3245 3450 3298 dicat:
3492 3261 3513 3296 σ
3564 3244 3630 3297 Et
3656 3243 3785 3295 inda-

2199 3354 2341 3404 eani,
2377 3340 2554 3407 inquit
2583 3340 2648 3403 ²¹,
2674 3339 2914 3408 gladium
2952 3352 3113 3406 super
3142 3347 3371 3406 gentem
3409 3351 3686 3406 magnam,
3708 3350 3786 3388 sa-

2200 3445 2295 3500 per
2329 3432 2624 3501 principem
2657 3431 3030 3499 Assyriorum.
3062 3430 3154 3483 Ait
3182 3430 3334 3482 enim
3365 3443 3383 3481 :
3433 3429 3645 3482 Virtute
3679 3441 3784 3479 mea

2202 3523 2416 3585 faciant,
2449 3531 2502 3576 et
2531 3522 2794 3591 sapientia
2819 3535 3010 3574 sensus
3044 3521 3148 3574 tnei
3179 3520 3473 3572 destruant
3504 3520 3641 3572 ﬁnes
3667 3533 3786 3586 geu-

2203 3616 2358 3680 tium,
2395 3624 2450 3668 et
2503 3616 2764 3669 virtutem
2825 3629 3016 3668 eorum
3059 3612 3455 3680 deprzcdabor.
3507 3631 3529 3663 ι
3577 3611 3642 3663 Et
3672 3610 3783 3662 item

2201 3707 2325 3762 alibi
2368 3707 2528 3775 quasi
2585 3708 2651 3760 de
2710 3705 2954 3774 principe
3007 3707 3187 3774 gentis
3225 3704 3527 3772 cujusdam
3583 3705 3786 3768 loquens

2199 3799 2335 3855 dicit
2361 3802 2407 3832 "
2437 3817 2450 3853 :
2495 3818 2512 3850 ι
2562 3799 2848 3866 Quomodo
2878 3799 3078 3854 cecidit
3108 3801 3174 3853 de
3205 3799 3352 3852 curio
3402 3798 3646 3859 Lucifer,
3701 3797 3782 3863 qui

2203 3906 2360 3946 tuane
2391 3887 2708 3946 oriebatur?
2758 3909 2778 3943 ι
2833 3891 2876 3945 si
2922 3905 3052 3958 ergo
3088 3892 3202 3944 ιιωο
3241 3889 3436 3942 omnia
3470 3891 3540 3942 ad
3579 3890 3788 3958 angelos

2201 3983 2466 4050 quosdam
2525 3982 2776 4051 maligna:
2805 3980 2912 4053 (l9)
2947 3983 3170 4035 vir-tntis
3230 3979 3438 4034 referri
3471 3980 3620 4050 cogit
3661 3979 3786 4031 ratio

2205 4078 2474 4141 veritatis,
2520 4092 2698 4131 nonne
2727 4079 2917 4132 eadem
2949 4076 3342 4145 consequentia
3383 4077 3556 4131 etiam
3588 4091 3707 4147 qua:
3731 4077 3790 4126 de

2204 4169 2384 4232 bonis,
2424 4168 2509 4220 Vrl
2551 4169 2913 4238 principibus,
2945 4169 3022 4222 vel
3054 4169 3314 4238 gentibus
3341 4170 3790 4223 conscribuntur.

2203 4261 2268 4312 ad
2295 4259 2583 4322 bonarum,
2617 4269 2674 4311 ut
2709 4275 2874 4328 supra
2930 4260 3185 4323 diximus,
3239 4261 3516 4313 virtutum
3556 4259 3794 4328 angelus.

2207 4353 2597 4421 ministrosque
2639 4350 3111 4406 referentur‘ISed
3151 4362 3210 4406 et
3245 4353 3381 4406 illud
3414 4354 3560 4421 quod
3581 4353 3636 4405 ia
3691 4351 3793 4404 Ge-

2207 4444 2319 4497 nesi
2347 4443 2607 4512 scriptum
2645 4443 2894 4512 legimus,
2933 4443 3103 4496 Deum
3129 4447 3197 4498 ad
3229 4444 3463 4514 angelos
3491 4446 3608 4498 sine
3637 4443 3798 4494 ἀηδέα

2936 4553 2955 4585 ι
3002 4535 3192 4590 Venite
3241 4537 3654 4590 confundamus
3701 4535 3796 4585 ﬁa-

2203 4641 2340 4696 guas
2365 4641 2578 4695 eorum,
2621 4645 2639 4679 ι
2676 4627 2805 4696 quid
2843 4626 2986 4681 aliud
3026 4627 3328 4695 putandum
3364 4639 3472 4691 est,
3512 4627 3621 4681 nisi
3661 4643 3798 4694 quas;

2203 4724 2404 4780 diversi
2434 4724 2609 4794 angeli
2643 4724 2887 4778 diversas
2922 4723 2979 4777 in
3002 4723 3321 4778 hominibus
3347 4723 3563 4792 linguas
3588 4721 3798 4787 operai-'1

2205 4815 2315 4869 sint
2349 4829 2412 4868 ac
2440 4814 2718 4883 loquelas?
2755 4813 2842 4877 Ut,
2867 4814 3019 4868 verbi
3051 4815 3249 4881 gratia,
3280 4830 3426 4867 unus
3450 4814 3664 4880 aliquis
3695 4811 3800 4862 fue—

2204 4906 2295 4970 rit,
2350 4905 2441 4974 qui
2477 4905 2874 4976 Bahylonicam
2921 4915 3050 4960 tunc
3081 4905 3173 4960 uni
3211 4906 3427 4961 homini
3463 4906 3802 4972 impresserit

2207 4997 2474 5066 linguam,
2500 4997 2639 5051 alius
2667 4998 2757 5066 qui
2781 4997 2871 5050 alii
2893 4996 3232 5068 Egyptiam,
3257 5008 3314 5050 et
3354 4996 3496 5049 alius
3513 4997 3613 5062 qui
3659 4994 3802 5047 Gnt-

2211 5103 2351 5153 cam,
2395 5098 2449 5142 et
2486 5090 2566 5144 sic
2595 5090 2938 5144 diversarum
2993 5090 3238 5158 gentium
3285 5087 3391 5156 ipsi
3440 5087 3513 5141 illi
3565 5086 3800 5140 fortasse

2270 5208 2315 5240 ²⁰
2353 5209 2472 5263 Act.
2510 5225 2611 5264 xu.
2721 5211 2765 5240 ¹¹
2800 5209 2904 5263 lsa.
2932 5224 2984 5272 x,
3016 5210 3103 5272 12,
3142 5209 3230 5266 I5.
3307 5209 3357 5239 ”
3401 5206 3499 5261 Isa.
3539 5220 3668 5268 xxv,
3725 5202 3799 5254 t2.

2203 5411 2414 5480 ignavia
2445 5419 2551 5463 tam
2580 5408 2732 5462 multi
2781 5408 2958 5478 lapsus
3007 5410 3130 5480 vita
3171 5410 3419 5463 humanm
3459 5411 3797 5480 promam.

2206 5478 2329 5535 Hrec
2359 5483 2410 5533 in
2451 5481 2611 5533 editis
2642 5481 2842 5533 omissa
2877 5479 3195 5546 supplentur
3229 5495 3260 5533 e
3308 5481 3464 5534 codd.
3507 5478 3798 5548 Saganis,

2205 5549 2542 5615 Belvacensi,
2567 5559 2620 5604 et
2650 5551 2836 5603 Sancti
2875 5547 3223 5605 Theudorici.

2277 5644 2387 5717 (l8)
2425 5641 2616 5697 Viden;
2644 5642 2836 5695 Deum.
2873 5640 2987 5696 Hoc
3016 5643 3157 5696 enim
3194 5640 3796 5711 Israeiinterprauu.

2204 5737 2248 5792 Α
2277 5747 2402 5796 nm
2431 5753 2449 5787 ι
2484 5735 2639 5802 vidit,
2687 5753 2706 5786 ι
2739 5742 2791 5789 et
2815 5718 2888 5793 Ss:
2915 5752 2935 5786 ι
2970 5734 3127 5789 Deus.
3158 5752 3176 5785 ι

2279 5831 2390 5903 (l9)
2440 5829 2592 5898 Mss.,
2630 5847 2650 5881 ς
2688 5829 2958 5898 maiignze.
2994 5846 3012 5880 ι
3048 5828 3207 5884 Libb.
3249 5829 3396 5892 editi,
3427 5845 3444 5879 ι
3489 5843 3792 5899 ωερε..
