3914 6510
171 282 262 338 619

1354 271 1421 338 ιιι
1460 264 1797 340 Νυιιιςῐιοε
1834 281 2119 338 ιιοιιιιιιι
2148 284 2240 338 x1.

3295 284 3402 351 650

171 405 431 479 principes
470 400 689 470 fuerint,
717 398 808 474 qui
828 415 883 460 et
906 404 1209 476 linguarum
1239 420 1302 459 ac
1329 406 1555 475 loquelae
1584 406 1735 461 vide-
1764 403 1810 460 A
1840 404 2053 466 merito,
2106 418 2172 459 eo
2216 405 2358 474 quod
2394 406 2656 462 creditam
2686 408 2788 465 sibi
2832 407 3208 481 multiplicavit
3239 420 3397 481 pecua-

171 500 357 554 bantur
386 506 636 553 auctores
662 512 674 549 :
711 499 973 563 manserit
1015 507 1193 552 autem
1223 497 1403 568 lingua
1430 512 1527 566 per
1555 499 1728 553 Adam

170 589 410 658 primitus
444 587 590 651 data,
646 598 702 642 ut
732 599 1010 656 putamus,
1058 586 1344 654 Ilebrtris,‘
1373 591 1426 643 in
1470 604 1531 644 ea
1574 601 1731 660 parte

170 680 461 745 hominum,
486 696 605 750 quae
634 695 737 736 non
771 698 896 751 pars
924 681 1153 750 alicujus
1188 682 1390 754 angeli,
1415 683 1496 739 vel
1530 685 1730 752 princi-

168 771 245 842 pis
275 772 413 826 facta
439 782 543 836 esl,
573 774 663 826 sed
692 787 812 841 quae
850 774 940 826 Dei
967 774 1145 842 partio
1173 776 1486 843 permansit.
1507 776 1727 831 Interim

166 874 221 919 ut
244 864 423 919 dicere
467 880 827 934 cmperainus,
858 856 1098 922 offerunt
1129 876 1184 922 et
1211 867 1387 939 angeli
1434 869 1726 938 primitias,

167 958 530 1029 unusquisque
577 958 742 1013 credo
786 960 962 1028 gentis
1015 974 1150 1024 suae,
1181 968 1237 1014 et
1282 970 1497 1014 rursum
1557 975 1725 1014 unus-

164 1052 385 1121 quisque
430 1050 686 1105 Ecclesia:
715 1065 845 1104 sum.
902 1051 1112 1116 Quibus
1153 1051 1363 1119 angelis
1401 1061 1456 1104 et
1489 1046 1728 1106 Joannes

166 1144 215 1198 in
243 1142 562 1213 Apocalypsi
593 1142 831 1196 scribere
867 1142 1082 1197 videtur
1110 1140 1176 1207 ⁸⁵,
1215 1144 1367 1198 verbi
1397 1145 1594 1212 gratia,
1629 1159 1727 1198 au-

163 1234 276 1305 gelo
312 1235 563 1291 Ecclesiae
613 1233 989 1305 Ephesiorum,
1050 1235 1132 1290 vel
1166 1235 1589 1308 Smyrntcorum,
1644 1238 1726 1291 vel

163 1327 588 1392 Laodicensium,
623 1327 962 1397 aliarumque
988 1342 1106 1395 qua:
1130 1328 1345 1397 scriptae
1374 1338 1520 1382 sunt.
1556 1327 1726 1384 Offert

163 1435 283 1490 ergo
327 1420 697 1489 unusquisque
733 1420 1046 1489 angelorum
1079 1421 1368 1487 primitias,
1416 1422 1497 1475 vel
1540 1418 1729 1476 Eccle-

161 1512 267 1574 siae,
299 1511 383 1564 vel
429 1511 607 1580 gentis
646 1526 757 1566 suae
788 1527 908 1579 quae
934 1512 982 1565 ei
1012 1511 1382 1581 dispensanda
1434 1514 1725 1568 commissa

160 1611 256 1657 est.
286 1604 394 1656 Aut
421 1600 559 1657 forte
579 1611 633 1657 et
665 1601 755 1655 alii
782 1602 1127 1657 extrinsecus
1150 1604 1326 1673 angeli
1359 1613 1505 1670 sunt,
1540 1606 1630 1674 qui
1660 1619 1727 1659 ex

158 1693 407 1748 omnibus
464 1693 715 1763 gentibus
767 1692 950 1747 ﬁdeles
983 1708 1232 1761 quosque
1266 1707 1613 1765 congregem.
1662 1696 1726 1749 Et
1761 1723 1775 1765 ί

160 1784 562 1838 consideremus
608 1798 674 1839 ne
717 1782 857 1838 forte
895 1784 1034 1838 sicut
1067 1785 1233 1856 308
1260 1785 1313 1839 in
1345 1786 1550 1855 aliqua,
1579 1788 1728 1842 verbi

157 1878 354 1947 gratia,
390 1877 631 1940 civitate,
670 1878 757 1931 tibi
794 1881 1033 1932 nondum
1073 1879 1368 1932 Christiani
1421 1881 1532 1933 nati
1580 1889 1727 1947 sunt,

157 1972 197 2024 si
244 1970 472 2023 accedat
507 1969 726 2038 aliquis,
756 1979 812 2023 et
854 1970 1055 2024 docere
1099 1970 1345 2041 incipiat,
1383 1971 1611 2037 laboret,
1649 1973 1731 2026 ius

156 2070 352 2125 struat,
416 2061 651 2115 adducat
689 2060 755 2114 ad
808 2060 988 2123 ﬁdem,
1038 2069 1092 2114 et
1144 2061 1259 2129 ipse
1289 2064 1627 2131 postmodum
1662 2066 1728 2119 iis

156 2167 290 2218 quos
342 2152 525 2206 docuit
569 2151 823 2220 princeps
871 2161 925 2203 et
968 2153 1255 2221 episcopus
1312 2155 1399 2207 fit:
1456 2154 1529 2209 ita
1562 2155 1726 2209 etiam

155 2245 333 2297 sancti
373 2243 546 2313 angeli
584 2242 694 2313 (20)
732 2260 917 2302 eorum
950 2260 1088 2315 quos
1138 2261 1168 2301 e
1204 2246 1437 2301 diversis
1478 2249 1734 2318 gentibus

154 2338 628 2405 congregaverint,
648 2347 699 2391 et
724 2338 912 2393 labore
936 2354 1038 2393 suo
1057 2355 1121 2393 ac
1143 2339 1447 2394 ministerio
1465 2338 1734 2408 proﬁcere

154 2423 532 2495 fecerint,ipsi
567 2442 754 2482 eorum
782 2430 942 2483 etiam
980 2430 1031 2483 in
1053 2428 1234 2483 futuro
1252 2431 1525 2499 principes
1563 2430 1728 2483 ﬁant:

152 2528 210 2571 ut
238 2518 493 2574 Christus
531 2536 635 2574 non
668 2528 774 2574 tam
810 2537 902 2575 rex
941 2522 1154 2577 dicatur
1190 2538 1352 2591 quam
1391 2536 1484 2576 rex
1520 2539 1730 2591 regum,

150 2619 203 2664 et
235 2627 347 2664 non
378 2619 483 2666 tam
520 2610 801 2675 Dominus,
825 2630 986 2681 quam
1027 2604 1284 2667 Dominus
1310 2614 1728 2669 dominantium.

151 2698 365 2769 Quippe
396 2704 443 2755 si
488 2702 573 2755 isti
632 2718 784 2773 reges
835 2707 966 2757 ﬁunt
1001 2720 1188 2758 eorum
1228 2710 1365 2773 quos
1399 2716 1614 2775 regunt,
1678 2715 1735 2760 et

152 2789 425 2857 proficere
461 2791 688 2858 faciunt,
733 2794 832 2861 ipsi
857 2808 985 2861 ergo
1017 2793 1251 2849 olleritnt
1305 2797 1574 2864 quosdam
1609 2797 1731 2865 qui-

150 2882 272 2937 dem
304 2884 570 2952 pontiﬁci,
599 2886 859 2954 quosdam
890 2901 1018 2941 vero
1062 2887 1183 2942 ﬁliis
1211 2888 1510 2959 potitiﬁcis,
1539 2890 1589 2943 id
1627 2898 1730 2951 est,

151 2974 534 3043 superioribus
592 2976 909 3042 virtutibus,
950 2986 1005 3032 et
1030 2976 1409 3045 archangelis,
1464 2980 1727 3049 quosdam

1834 493 2000 552 niam,
2054 497 2304 563 pervenit
2333 496 2398 548 ad
2455 495 2761 565 hujusmodi
2818 508 3166 570 potestatem.
3210 498 3402 557 Omnia

1830 585 1972 638 enim
2022 587 2160 654 apud
2200 588 2367 643 Deum
2417 591 2625 646 ratione
2654 603 2709 647 et
2744 593 2954 662 judicio
2979 595 3134 660 tlunt,
3184 610 3284 650 nec
3335 591 3402 649 ad

1830 678 2082 747 gratiam,
2115 680 2208 735 sed
2241 695 2339 750 pro
2377 683 2570 738 merito
2602 683 2739 738 alius
2780 688 3027 756 princeps
3057 701 3177 743 esse
3207 688 3403 741 multo»

1832 782 1948 823 rum
1980 772 2216 838 ponitur,
2257 773 2395 829 alius
2427 775 2702 843 subjectus
2737 791 2859 832 esse
2884 774 3230 848 principatui.
3267 777 3407 830 Eva;

1829 862 1937 931 gati
1974 861 2199 918 forsitan
2246 866 2542 935 prolixiore
2591 868 2875 922 videamur
2908 882 3155 935 excessu,
3185 871 3279 925 sed
3337 870 3405 925 de

1829 954 2083 1021 primitiis
2122 959 2518 1026 exponentibus
2558 960 2921 1014 neCessarium
2974 960 3075 1015 fuit
3103 962 3267 1017 etiam
3298 961 3402 1014 ista

1828 1037 2119 1110 discutere,
2149 1047 2585 1117 quandoquidem
2622 1050 2756 1103 tanti
2790 1050 3011 1104 honoris
3037 1059 3233 1106 nomen
3260 1051 3405 1105 istud

1832 1135 1883 1189 in
1917 1133 2213 1206 Scripturis
2247 1140 2445 1195 divinis
2478 1141 2706 1195 habetur
2730 1151 2786 1195 ut
2820 1141 2986 1194 etiam
3021 1142 3134 1209 ipSe
3155 1143 3407 1197 Christus

1829 1229 2084 1299 primitiae
2113 1231 2420 1286 nominatus
2451 1233 2545 1297 sit,
2576 1243 2631 1287 et
2656 1232 2910 1302 primitiae
2935 1233 3317 1287 dormientium
3336 1234 3402 1287 '7.

1829 1320 1896 1375 Et
1925 1322 2069 1375 sicut
2111 1338 2203 1376 rex
2237 1338 2447 1394 regum,
2496 1334 2550 1379 et
2590 1324 2846 1379 Dominus
2878 1325 3294 1390 dominantium,
3352 1331 3408 1380 et

1831 1416 2016 1481 pastor
2045 1410 2347 1483 pastorum,
2390 1416 2771 1484 etpontiﬁcum
2808 1417 3074 1486 pontifex,
3110 1418 3182 1471 ita
3217 1432 3409 1472 censes

1830 1515 2063 1573 quenter
2092 1513 2145 1558 et
2179 1506 2540 1572 pritnitiatnm
2576 1508 2831 1575 primitiae
2870 1509 3101 1562 dicetur.
3135 1508 3265 1574 Quae
3299 1509 3409 1577 prie

1834 1594 1997 1647 initiae
2034 1611 2136 1649 non
2169 1595 2281 1663 jam
2318 1596 2580 1664 pontiﬁci.
2610 1594 2701 1652 sed
2745 1598 2851 1652 Deo
2881 1597 3076 1654 oblata!
3122 1610 3269 1664 sunt,
3320 1614 3410 1654 se-

1833 1685 2066 1739 cundum
2096 1688 2196 1742 hoc
2239 1688 2380 1756 quod
2411 1688 2647 1758 seipsurn
2685 1692 2918 1745 hostiam
2960 1691 3155 1746 obtulit
3191 1691 3322 1756 Deo,
3353 1699 3410 1746 et

1835 1792 2063 1849 surgens
2095 1793 2124 1833 a
2169 1781 2399 1836 mortuis
2444 1783 2584 1836 sedit
2626 1784 2678 1836 in
2728 1784 2976 1838 dextram
3035 1778 3147 1838 Dei.
3200 1782 3410 1839 Dicitur

1833 1880 2013 1925 autem
2046 1858 2093 1904 ‘8
2135 1872 2250 1942 ipse
2286 1882 2342 1927 et
2387 1875 2657 1941 primitiae,
2706 1885 2754 1928 et
2802 1876 3190 1945 primogenitus
3245 1877 3412 1930 totius

1834 1974 2123 2028 creatura),
2155 1964 2299 2032 quod
2325 1976 2503 2018 utrum
2538 1966 2628 2019 tali
2664 1966 2819 2020 modo
2857 1981 2950 2035 per
2980 1968 3219 2036 singulas
3245 1983 3412 2036 quas--

1835 2067 1939 2121 que
1974 2064 2255 2108 creaturas
2300 2051 2525 2123 intelligi
2563 2055 2775 2121 debeat,
2806 2057 2953 2126 quali
2988 2059 3134 2112 inter
3163 2059 3410 2114 homines"

1835 2142 2090 2209 primitias
2143 2145 2529 2198 dormientium
2578 2145 2794 2212 dicitur,
2846 2156 2899 2199 et
2956 2148 3292 2217 intelligitur,
3336 2163 3406 2201 an

1835 2234 2013 2305 aliqua
2069 2234 2297 2290 celsiore
2337 2247 2391 2290 et
2431 2237 2698 2292 diviniore
2745 2238 3120 2308 intelligentia,
3179 2257 3283 2294 non
3325 2248 3410 2295 est

1818 2306 2116 2394 praesentis
2135 2328 2393 2396 temporis
2424 2329 2699 2397 persequi.

1905 2416 1957 2471 5.
1985 2416 2291 2473 Redeamus
2319 2434 2449 2488 ergo
2474 2420 2544 2473 ad
2574 2418 2933 2488 primitiarum
2979 2417 3240 2475 rationem
3270 2434 3407 2490 quas

1836 2511 2072 2567 diximus
2127 2510 2308 2566 oﬁ‘erri
2360 2528 2457 2581 per
2510 2513 2749 2582 angelos,
2806 2529 2926 2583 quae
2975 2516 3303 2586 colliguntur
3341 2532 3406 2570 ex

1837 2603 1985 2673 agris
2042 2603 2199 2672 hujus
2240 2604 2441 2657 mundi.
2478 2597 2605 2674 Agri
2647 2614 2828 2659 autem
2855 2604 3191 2674 angelorum,
3242 2610 3405 2662 corda

1837 2704 2019 2749 nostra
2041 2703 2184 2748 sunt.
2215 2694 2595 2764 Unusquisque
2614 2711 2745 2766 ergo
2772 2712 2958 2752 eorum
2986 2710 3051 2753 ex
3083 2713 3212 2768 agro
3242 2709 3403 2768 quem

1836 2785 1988 2850 colit,
2025 2784 2185 2839 otl‘ert
2218 2784 2486 2854 primitias
2526 2781 2653 2840 Deo.
2703 2786 2816 2841 Etsi
2850 2801 3087 2842 mererer
3114 2802 3213 2857 ego
3247 2788 3409 2842 hodie

1839 2892 2103 2947 magnum
2136 2876 2391 2943 aliquem,
2425 2886 2481 2931 et
2512 2892 2723 2933 summo
2753 2882 3007 2948 pontifice
3035 2883 3255 2949 dignum
3285 2894 3410 2934 seu:

1837 2983 1955 3022 sum
2001 2967 2269 3035 proferre,
2314 2969 2387 3022 ita
2425 2977 2484 3022 ut
2533 2970 2691 3025 exiis
2720 2973 2975 3028 omnibus
2996 2989 3114 3044 qua:
3136 2974 3409 3043 loquimur

146 3066 321 3121 etiam
364 3065 588 3130 Levitis,
634 3066 687 3120 id
739 3076 822 3121 est
867 3069 1025 3135 paulo
1064 3069 1432 3137 inferioribus,
1460 3072 1505 3125 si
1556 3083 1731 3126 tamen
1760 3093 1804 3152 ο
1840 3069 1896 3114 ει
1940 3059 2219 3152 ἀοςοφυευ
2270 3070 2417 3114 esset
2446 3058 2648 3129 aliqum
2693 3062 2993 3132 θετεςῖιιω.
3022 3064 3167 3132 quod
3198 3073 3412 3116 ευηιηιο
3454 3120 3457 3121 ν

147 3173 499 3228 consequens
518 3161 762 3214 videatur
796 3161 884 3212 tali
911 3160 1141 3228 quadam
1169 3162 1350 3232 specie
1371 3164 1535 3217 etiam
1560 3180 1728 3234 ange-

147 3249 285 3306 licos
330 3253 569 3309 ordines.
626 3262 684 3306 ut
728 3252 1007 3307 lsraelitici
1065 3265 1210 3319 sunt,
1260 3271 1381 3310 esse
1429 3257 1730 3324 distinctos,

145 3345 594 3413 quandoquidem
648 3343 911 3400 Israelitte
956 3346 1069 3414 (2t)
1114 3348 1318 3401 umbrae
1346 3357 1402 3401 et
1432 3346 1732 3416 exemplari

141 3434 409 3489 dicantur
438 3437 716 3491 deservire
740 3438 1062 3493 cmlestium.
1090 3436 1389 3494 Possumus
1418 3455 1547 3509 ergo
1582 3441 1734 3495 dice-

147 3540 227 3589 re,
251 3525 388 3595 quia
424 3526 566 3581 forte
599 3528 651 3582 in
689 3529 869 3583 futuro
893 3546 1013 3584 cum
1044 3545 1234 3585 omnes
1265 3528 1476 3585 fructus
1507 3545 1734 3601 congre-

141 3619 425 3685 gabuntur
456 3620 522 3674 ad
568 3635 771 3685 aream,
800 3634 958 3678 erunt
981 3624 1196 3692 quidam
1239 3625 1412 3692 portio
1439 3625 1729 3694 pontiﬁeis,

142 3710 239 3761 sed
274 3708 426 3765 illius
458 3711 568 3765 veri
600 3712 871 3780 pontiﬁcis
892 3712 1116 3769 Christi.
1149 3714 1320 3768 Erunt
1349 3722 1406 3768 et
1439 3714 1529 3769 alii
1559 3715 1736 3784 portio

138 3796 493 3868 Levitarum,
537 3803 676 3859 sicut
724 3805 837 3874 jam
872 3820 1032 3874 supra
1077 3806 1335 3869 diximus,
1383 3806 1465 3860 vel
1506 3806 1732 3877 anchis,

137 3898 224 3946 vel
259 3894 387 3948 aliis
414 3896 731 3951 coelestibus
762 3897 1054 3953 virtutibus
1082 3907 1441 3966 sequestrata.
1475 3892 1611 3953 Puto
1637 3914 1735 3953 au-

136 3997 249 4040 tem
285 3985 435 4055 quod
474 3997 635 4042 erunt
666 3990 883 4057 quidam
922 3990 1097 4058 portio
1125 3990 1290 4044 etiam
1335 3989 1611 4044 heminum
1640 4004 1733 4045 eo-

133 4085 263 4132 rum
326 4080 588 4134 dunIaXat
623 4082 714 4152 qui
762 4082 815 4135 in
853 4082 954 4137 hac
980 4083 1087 4135 vita
1128 4084 1419 4151 prudentes
1444 4097 1509 4137 ac
1545 4082 1732 4136 fideles

132 4172 552 4242 dispensatores
590 4174 741 4229 verbi
773 4173 864 4229 Dei
901 4174 1139 4227 fuerunt.
1173 4172 1286 4230 Iloc
1316 4175 1464 4227 enim
1494 4175 1732 4228 arbitror

133 4262 190 4315 in
225 4264 552 4333 Evangeliis
584 4265 855 4333 designari
887 4280 916 4318 a
955 4266 1200 4331 Domino,
1245 4266 1332 4318 uhi
1373 4266 1447 4318 ait
1479 4266 1545 4318 ad
1583 4280 1729 4331 eum,

129 4354 225 4407 cui
264 4356 582 4409 crediderat
620 4357 860 4425 quinque
899 4369 1077 4419 muas,
1115 4365 1170 4409 et
1209 4355 1412 4409 fecerat
1438 4362 1499 4409 ex
1524 4355 1603 4410 eis
1632 4356 1729 4409 de-

1837 3150 2108 3206 sacerdoti
2139 3154 2353 3220 placere
2384 3152 2627 3216 deberet,
2671 3163 2882 3222 poterat
2915 3154 3146 3209 fortasse
3180 3153 3317 3220 fieri,
3352 3159 3413 3208 ut

1838 3244 2061 3314 angelus
2088 3245 2176 3312 qui
2216 3254 2410 3312 praeest
2430 3245 2703 3308 Ecclesiae,
2736 3260 2799 3298 ex
2836 3247 3092 3300 omnibus
3124 3246 3284 3300 dictis
3309 3261 3412 3299 nos

1837 3339 1970 3393 stris
2017 3337 2243 3406 eligeret
2291 3335 2511 3405 aliquid,
2542 3346 2595 3390 et
2640 3335 2758 3390 loco
2784 3338 3145 3406 primitiarum
3185 3337 3412 3391 Domino

1841 3431 1907 3489 de
1939 3429 2117 3499 agello
2144 3428 2247 3482 mei
2278 3427 2461 3482 cordis
2488 3426 2727 3483 offerret.
2764 3430 2869 3483 Sed
2900 3444 3000 3496 ego
3030 3442 3116 3483 me
3149 3429 3264 3484 scio
3306 3444 3411 3480 non

1844 3519 2061 3585 mereri,
2096 3532 2193 3574 nec
2242 3520 2495 3573 conscius
2545 3535 2664 3573 sum
2708 3520 2861 3583 mihi,
2890 3520 3032 3589 quod
3065 3520 3187 3574 talis
3217 3519 3414 3586 aliquis

1837 3624 2031 3667 sensus
2055 3611 2364 3665 inveniatur
2397 3614 2451 3665 in
2492 3628 2596 3674 me,
2632 3627 2793 3680 quem
2830 3612 3048 3683 dignum
3078 3612 3288 3681 iudicet
3315 3626 3412 3664 ξιιμ

1835 3707 1988 3778 gelus
2019 3709 2109 3775 qui
2149 3722 2247 3763 nos
2283 3705 2505 3771 excolit,
2538 3704 2733 3760 offerre
2759 3721 2853 3775 pro
2893 3704 3170 3774 primitiis,
3194 3705 3278 3759 vel
3312 3712 3411 3773 pro

1835 3797 2215 3867 prituogenitis
2246 3796 2492 3852 Domino.
2528 3799 2704 3867 Atque
2756 3802 2958 3851 utinam
2992 3798 3095 3851 tale
3145 3798 3216 3851 sit
3270 3787 3414 3866 quod

1840 3888 2116 3957 loquimur
2166 3897 2222 3941 et
2272 3888 2553 3947 docemus.
2611 3896 2667 3939 ut
2700 3900 2803 3940 non
2860 3901 2956 3955 pro
2989 3886 3168 3941 verbis
3213 3887 3415 3941 nostris

1840 3977 2191 4033 condemnari
2221 3992 2554 4043 mereamur,
2581 3978 2850 4033 sufﬁceret
2886 3977 3041 4030 nobis
3066 3976 3181 4029 hinc
3216 3978 3413 4045 gratia.

1835 4064 2224 4135 Oﬁ'eruntergo
2243 4070 2417 4139 angeli
2439 4084 2502 4123 ex
2524 4069 2684 4124 nobis
2707 4070 2995 4139 primitias,
3018 4077 3070 4121 et
3088 4066 3416 4136 cxcolitffiﬁ}

1838 4164 2208 4233 unusquisque
2247 4176 2343 4215 eos
2374 4175 2510 4231 quos
2548 4161 2729 4215 studio
2760 4170 2814 4215 et
2853 4160 3128 4228 diligeu’ia
3186 4174 3284 4213 sua
3345 4157 3413 4212 ab

1835 4255 2119 4311 erroribus
2144 4252 2383 4324 gentium
2412 4254 2682 4306 convertit
2718 4251 2783 4306 ad
2810 4250 2976 4304 Deum
3004 4266 3017 4306 :
3046 4260 3101 4305 et
3136 4262 3218 4306 est
3250 4265 3416 4305 unus!i

1838 4347 2068 4415 quisque
2095 4344 2147 4397 in
2186 4343 2438 4412 portione
2468 4342 2555 4395 vel
2592 4356 2721 4396 cura
2752 4342 2897 4395 illius
2930 4341 3106 4409 angeli
3144 4359 3157 4394 :
3188 4350 3243 4395 et
3275 4343 3415 4395 sicut

128 4462 256 4501 cem
289 4438 345 4479 is
380 4465 395 4501 ε
427 4458 446 4499 ι
485 4449 611 4502 Es",
640 4424 960 4518 polesmem
998 4448 1205 4502 habens
1235 4449 1399 4516 supra
1442 4448 1731 4503 decemci-
1766 4424 1812 4481 Ι)
1841 4450 1904 4489 ex
1940 4434 2095 4517 initio
2129 4433 2311 4488 szeculi
2370 4431 2528 4500 hujus
2577 4447 2698 4486 cum
2729 4432 3063 4502 dispergeret
3110 4432 3246 4485 Deus
3276 4430 3416 4485 ﬁlios

127 4539 371 4594 vitates.
410 4552 430 4591 ι
469 4540 563 4595 Cui
594 4556 723 4596 vero
753 4543 1059 4599 crediderat
1091 4558 1276 4606 unam,
1308 4551 1365 4595 et
1406 4540 1608 4594 fecerat
1660 4551 1729 4593 ex

127 4644 198 4682 ca
245 4632 497 4700 quinque
548 4633 628 4685 ἐς
678 4653 696 4686 ‹
748 4632 879 4689 Esto
930 4643 1259 4704 potestatem
1310 4634 1521 4688 habens
1567 4647 1729 4701 supra

128 4723 391 4792 quinque
423 4725 685 4780 civitates.
715 4746 733 4778 ι
766 4727 893 4792 Qn:c
911 4727 1052 4780 enim
1080 4727 1167 4781 hic
1193 4734 1430 4796 potestas
1451 4722 1732 4778 civitatum

128 4797 499 4883 intelligenda
545 4824 648 4880 est,
690 4816 791 4869 nisi
838 4815 1158 4883 gubernatio
1206 4811 1545 4869 animarum?
1577 4810 1734 4866 Unde

127 4915 186 4960 et
240 4909 466 4963 videtur
510 4910 636 4964 mihi
668 4911 810 4979 quod
852 4909 971 4962 sine
1001 4923 1161 4963 causa
1189 4908 1354 4962 etiam
1386 4908 1531 4960 inter
1583 4905 1730 4972 ipsos

127 5002 374 5073 angelos
400 5002 489 5057 alii
521 5012 842 5073 potestatem
884 5012 937 5056 et
980 4999 1347 5071 principatum
1387 5011 1551 5065 super
1594 4994 1735 5049 alios

124 5101 362 5157 gerant,
398 5090 486 5144 alii
518 5101 701 5147 autem
730 5091 1066 5161 subjaceant,
1093 5100 1145 5144 et
1175 5090 1550 5155 obtemperent
1575 5094 1727 5155 pote-

121 5183 296 5236 stati.
328 5181 484 5236 Sicut
514 5199 581 5238 ne
610 5184 711 5240 iste
738 5183 950 5252 quidem
984 5182 1067 5235 cui
1100 5186 1339 5251 potestas
1374 5178 1560 5232 decem
1601 5176 1733 5229 civi-

122 5282 348 5338 tatum,
390 5274 473 5327 vel
526 5274 615 5329 ille
666 5275 750 5327 cui
790 5275 1027 5343 quinque
1068 5271 1346 5325 civitatum
1376 5267 1560 5330 datur,
1614 5266 1732 5320 sine

204 5371 259 5405 "
293 5373 467 5440 Apoc.
502 5390 558 5427 ιι.
635 5373 683 5404 ’⁸
702 5371 837 5426 Luc.
882 5386 997 5434 six,
1042 5366 1128 5425 Π.
1205 5365 1251 5398 ²⁶
1274 5364 1402 5419 ibid.
1451 5360 1540 5418 l9.

209 5466 338 5534 ('20)
370 5466 455 5520 Ita
487 5469 645 5520 etiam
694 5467 862 5520 sancti
906 5463 1098 5533 angeli.
1151 5469 1259 5515 etc.
1305 5458 1440 5534 Vide
1473 5456 1725 5511 IIuetium

125 5529 595 5607 Origeitinnorum
624 5538 714 5591 lib.
750 5552 806 5593 lt.
843 5529 1033 5607 quaest.
1056 5534 1114 5607 75,
1149 5546 1298 5607 nunt.
1328 5529 1418 5607 2-6.

234 5598 341 5666 ἐς)
369 5604 520 5666 Mss,
546 5623 564 5655 ι
603 5598 875 5659 Israelith
911 5624 926 5654 ι
949 5602 1271 5661 ιίιιὶι.οι1ἰιῑ,
1313 5617 1329 5647 ι
1360 5598 1723 5651 Israeliticae.)

234 5608 307 5658 it
369 5604 520 5666 Mss,
546 5623 564 5655 ι
603 5608 875 5659 Israelita}.
911 5624 926 5654 ι
949 5604 1271 5661 ιίιιὶι.οι1ἱιῑ,
1313 5617 1329 5647 ι
1360 5604 1723 5651 Israeliticae.)

205 5604 344 5745 (se;
372 5675 526 5729 Lihh.
562 5677 714 5740 editi,
752 5695 769 5723 c
814 5675 1092 5745 excolunt,
1130 5692 1147 5722 ›
1181 5671 1273 5745 sed
1310 5682 1466 5745 mss,
1508 5686 1525 5716 ι
1568 5681 1730 5745 exeo.

119 5735 228 5801 ιιι.“
265 5764 288 5797 ›
328 5735 494 5800 ῬιιιιΙυ
522 5735 821 5814 postcudex
844 5747 901 5799 S.
932 5740 1277 5805 Theoderici,
1309 5757 1326 5790 ι
1360 5739 1426 5792 ab
1453 5735 1734 5792 erroribus

477 5840 744 5901 Parnm.
780 5842 895 5902 Gn.
936 5837 1074 5899 XII.

635 5373 683 5404 ³⁵
702 5371 837 5426 Luc.
882 5386 997 5434 xix,
1042 5366 1128 5425 I7.

1617 5364 1660 5395 "’
1686 5365 1700 5417 I
1729 5363 1952 5425 Cor.xv,
1978 5358 2070 5413 9.0.

1835 4527 2007 4581 Adam
2028 4513 2095 4589 “,
2132 4525 2323 4580 statuit
2357 4525 2492 4578 ﬁnes
2523 4525 2764 4593 gentium
2792 4525 3090 4589 secundum
3125 4536 3412 4578 numerum

1836 4619 2149 4690 angelorum
2179 4617 2297 4681 Dei,
2323 4627 2381 4670 et
2410 4627 2752 4685 unaquaeque
2780 4630 2913 4684 gens
2948 4616 3049 4669 sub
3097 4616 3185 4669 illo
3226 4616 3413 4685 angelo

1837 4710 1981 4764 facta
2015 4719 2096 4762 est
2127 4725 2140 4761 :
2171 4724 2275 4761 uua
2304 4719 2483 4762 autem
2507 4706 2605 4760 fuit
2632 4718 2687 4761 et
2714 4708 2883 4761 electa
2912 4720 3044 4776 gens
3072 4706 3262 4769 Israel,
3294 4716 3415 4773 qua:

1838 4802 2016 4871 portio
2053 4801 2263 4855 Domini
2296 4794 2423 4863 fuit,
2466 4807 2521 4853 et
2572 4797 2846 4853 funiculus
2881 4798 3219 4852 Iizcretlitatis
3248 4795 3363 4863 ejus
3398 4802 3412 4847 t

1838 4894 1913 4947 ita
1940 4892 2103 4947 credo
2142 4891 2274 4945 etin
2312 4889 2421 4945 ﬁne
2456 4889 2614 4959 hujus
2640 4889 2821 4943 mandi
2856 4897 3020 4956 atque
3050 4889 3102 4941 in
3135 4888 3287 4942 initio
3312 4898 3415 4941 suae

1837 4987 1941 5043 culi
1971 4984 2197 5039 alterius
2230 4981 2467 5037 futurum
2492 4978 2630 5050 (25),
2671 4990 2731 5034 ut
2762 4980 2957 5032 iterum
2999 4979 3202 5032 dividat
3229 4974 3415 5031 Excela

1838 5096 1930 5138 sus
1961 5079 2100 5135 ﬁlios
2119 5077 2293 5130 Adam
2316 5094 2328 5128 :
2352 5083 2407 5129 et
2431 5075 2524 5142 qui
2552 5088 2656 5128 non
2682 5071 3044 5140 potueriutita
3082 5069 3264 5123 mundi
3295 5078 3416 5123 esse

1838 5172 2007 5230 corde
2059 5177 2118 5223 ut
2169 5166 2344 5235 ipsum
2373 5161 2597 5218 videant
2638 5161 2947 5224 Dominum,
2981 5166 3037 5214 et
3074 5175 3195 5214 esse
3237 5159 3416 5227 portio

1840 5260 2080 5324 Domini,
2110 5260 2328 5313 videant
2357 5264 2577 5312 sanctos
2604 5253 2849 5323 angelos,
2885 5264 2939 5309 et
2971 5255 3080 5309 sint
3113 5249 3413 5306 secundum

2148 5354 2193 5385 ’⁸
2226 5353 2434 5409 Coloss.
2470 5368 2508 5414 t,
2537 5351 2623 5405 I5.
2702 5348 2747 5381 ²⁹
2778 5349 2935 5403 Deut.
2960 5362 3127 5401 xxxii.

1838 5454 2098 5528 gentium.
2137 5469 2155 5502 ι
2194 5446 2349 5528 Libb.
2378 5445 2591 5528 editi,”
2624 5443 2692 5528 ab
2708 5440 3210 5528 (ξι-ι’(ιι-ῙνΙιιιεΔςιιξιιιιιΔ
3316 5505 3330 5528 Ξ

2369 5516 2492 5600 el’t'n
2521 5498 2625 5581 ﬁne
2650 5513 2808 5600 ltuj-us

1840 5572 2361 5648 no‘EJ/can'anerius
2410 5572 2668 5653 [ιιιοίνωη.
2705 5572 2812 5634 etc.
2848 5572 3265 5653 Videnlluc'tiuin
3293 5572 3415 5627 ari:

1840 5667 2180 5735 genianorum
2208 5660 2296 5711 lih.
2333 5648 2609 5723 li,'qu;est.
2642 5654 2726 5712 il,
2759 5664 2905 5703 num.
2950 5648 3032 5699 IO.

3021 5796 3098 5859 21
