3914 6524
503 289 602 348 (ΗΠ

1965 292 2284 358 ORIGENIS
3659 297 3741 354 052

506 423 791 464 numerum
822 406 1133 478 angelorum
1153 405 1268 463 Dei.
1301 405 1406 462 Sed
1438 407 1632 464 beatus
1655 417 1733 466 est
1769 413 1858 483 qui
1885 415 2080 487 dignus
2109 421 2154 474 Α
2183 416 2324 470 enim
2369 416 2524 486 panis
2568 416 2684 485 qui,
2739 429 2862 470 cum
2905 429 3120 486 semper
3167 416 3512 480 comedatur,
3559 427 3742 484 sempu

503 501 669 557 fuerit
721 501 773 554 in
818 499 907 553 illa
941 499 1049 554 vita
1083 498 1423 569 esse'portiu
1479 502 1714 572 Domini,
1757 516 1810 559 et
1853 506 2082 576 populus

502 599 620 669 ejus
639 596 824 659 Jacob,
851 610 913 650 ac
930 594 1208 651 funiculus
1233 597 1562 653 haereditatis
1580 614 1691 654 suae
1716 597 1902 654 Israel.
1924 598 2085 670 Opta-

504 692 613 747 bile
646 700 729 747 est
764 705 914 761 ergo,
945 689 1278 755 utdiximus,
1309 689 1384 744 ita
1415 691 1684 761 proﬁcere
1717 708 2081 763 unumquem-

504 798 631 852 que,
669 790 727 836 ut
749 782 892 836 inter
917 781 1206 851 primitias,
1231 781 1313 836 vel
1336 783 1696 853 primogenita
1726 783 1854 855 eligi
1873 799 2082 839 merea-

499 885 612 939 tur,
629 883 682 929 et
697 873 879 928 offerri
902 873 1032 940 Deo,
1054 884 1107 928 et
1124 888 1245 928 esse
1259 888 1386 942 pars
1405 874 1641 939 Domini,
1659 875 1798 930 sicut
1826 887 2078 931 econtra-

497 967 580 1022 rio
609 965 760 1020 valde
779 965 1072 1020 timendum
1101 974 1183 1020 est
1203 979 1270 1019 ne
1299 966 1638 1020 inveniamur
1666 967 1806 1022 inter
1831 968 1970 1037 illos,
2007 970 2074 1024 dc

497 1056 694 1128 quibus
712 1056 975 1124 scriptum
993 1055 1160 1109 est”:
1188 1075 1205 1107 ι
1229 1055 1532 1111 Introibunt
1547 1057 1598 1109 in
1616 1056 1873 1111 inferiora
1896 1068 2076 1125 terrm,

497 1145 782 1200 tradentur
801 1145 852 1197 in
877 1145 1260 1216 ntanusgladii,
1281 1155 1462 1215 partes
1482 1145 1726 1214 vulpium
1739 1158 1917 1200 erunt.
1946 1165 1964 1199 ι
1988 1147 2080 1201 Vi-

495 1235 590 1289 des
605 1236 770 1306 309
796 1251 926 1307 ergo
959 1237 1380 1293 resurrectionis
1416 1247 1666 1308 tempore
1690 1254 1812 1293 cum
1837 1239 2078 1294 dividere

495 1330 733 1398 cmperit
763 1329 1027 1384 Excelsus
1057 1340 1263 1400 gentes,
1295 1341 1348 1385 et
1388 1347 1486 1401 pro
1528 1334 1735 1387 meritis
1769 1333 2078 1402 dispergere

498 1420 638 1475 ﬁlios
689 1421 886 1487 Adam,
926 1421 1137 1478 futuros
1185 1438 1306 1478 esse
1350 1424 1614 1493 quosdam
1662 1425 1753 1494 qui
1790 1424 1993 1480 intrent
2022 1426 2074 1479 in

495 1509 753 1565 inferiora
800 1519 982 1577 terrae,
1026 1520 1082 1566 et
1111 1522 1299 1581 partes
1336 1513 1604 1581 vulpium,
1661 1515 1712 1568 id
1761 1523 1847 1569 est
1895 1525 2076 1583 partes

495 1603 798 1656 daemonum
850 1603 1002 1657 ﬁant.
1039 1602 1170 1673 Ipsae
1201 1604 1344 1658 enim
1394 1613 1525 1658 sunt
1580 1604 1766 1675 vulpes
1810 1606 2072 1661 extermi-

494 1705 688 1750 nantes
716 1695 905 1748 vineas
933 1694 1001 1759 ³¹,
1025 1709 1091 1748 ex
1128 1693 1325 1763 quibus
1355 1703 1474 1749 erat
1503 1702 1557 1748 et
1587 1693 1844 1759 llerodes,
1876 1699 1940 1752 de
1965 1713 2072 1767 quo

492 1789 690 1843 dicitur
718 1788 763 1820 ⁸³
795 1805 809 1842 :
850 1805 868 1838 ι
925 1787 1021 1850 lte,
1053 1787 1220 1841 dicite
1272 1787 1418 1857 vulpi
1468 1785 1615 1841 huic.
1661 1807 1680 1840 ι
1715 1763 2070 1860 Refugiamus
2103 1763 2142 1817 Β

489 1894 618 1951 ergo
655 1889 899 1935 terrenos
931 1888 1085 1934 actus
1111 1887 1164 1933 et
1215 1879 1635 1950 intelligentiam
1673 1890 1974 1946 terrenam,
2008 1897 2073 1935 ne

491 1974 766 2044 aggravati
801 1972 1036 2027 terrenis
1067 1971 1337 2036 sensibus,
1369 1970 1598 2028 introire
1627 1973 1874 2028 dicamur
1903 1977 1954 2028 in
1986 1975 2065 2029 in-

489 2065 690 2120 feriora
721 2073 898 2127 terrtc,
941 2072 996 2118 et
1035 2073 1220 2132 partes
1247 2063 1488 2132 vulpium
1519 2063 1657 2120 ﬁeri.
1690 2064 1898 2120 lntrant
1925 2066 2068 2120 enim

489 2163 544 2208 et
570 2155 644 2208 illi
679 2156 730 2207 in
760 2152 1019 2209 inferiora
1050 2164 1229 2218 terrae,
1254 2157 1347 2223 qui
1377 2155 1548 2226 legem
1575 2155 1668 2210 Dei
1693 2168 1750 2210 et
1775 2158 2070 2226 repromis-

488 2243 701 2299 sionum
726 2243 889 2308 bona,
913 2241 1275 2312 intelligentia
1309 2252 1540 2296 terrenae
1567 2243 1916 2312 cogitationis
1971 2256 2094 2306 ex:

487 2335 711 2405 cipiunt,
738 2344 792 2387 et
818 2349 923 2388 non
942 2333 1186 2388 excitant
1213 2334 1425 2386 animas
1454 2332 1756 2386 auditorum
1785 2332 1851 2385 ad
1876 2346 2065 2400 exspe-

487 2431 782 2482 elationem
839 2425 1169 2491 etelestium,
1237 2434 1292 2480 et
1341 2425 1598 2478 intuitum
1658 2438 2064 2493 supernorum:

487 2535 612 2576 cum
648 2518 931 2574 evidenter
969 2516 1261 2588 Apostolus
1298 2517 1440 2572 dicat
1479 2515 1569 2570 “:
1611 2533 1628 2566 ι
1681 2515 1737 2570 Si
1779 2530 2068 2570 consurre-

485 2613 646 2669 xistis
683 2626 806 2668 cum
857 2610 1080 2666 Christo
1110 2626 1232 2680 qua:
1266 2625 1485 2666 sursum
1532 2618 1660 2665 sunt
1699 2612 1942 2680 quaerite,
1978 2609 2066 2664 ubi

486 2705 735 2760 Christus
777 2713 860 2759 est
898 2704 950 2757 in
1000 2703 1224 2759 dextera
1272 2701 1365 2756 Dei
1395 2702 1612 2765 sedens,
1641 2717 1747 2756 non
1797 2717 1916 2771 quae
1943 2711 2068 2756 sunt

485 2814 650 2869 super
676 2807 876 2852 terram
909 2815 923 2852 :
965 2816 984 2850 ι
1033 2797 1177 2867 quod
1209 2797 1396 2866 utique
1438 2795 1543 2850 illis
1579 2795 1797 2849 dicebat
1831 2797 2065 2864 Aposto-

483 2889 566 2943 lus
611 2889 676 2956 ³⁸,
701 2890 794 2958 qui
824 2897 1044 2944 terrena
1077 2888 1486 2952 observatione,
1534 2886 1765 2940 terrenis
1800 2902 1818 2936 ι
1855 2900 1921 2940 ne
1947 2886 2066 2939 teti-

483 2981 677 3050 geritis
706 2998 725 3032 ι
767 2979 1009 3045 aiebant,
1047 2997 1065 3031 ι
1105 2994 1174 3034 ne
1202 2978 1571 3050 gustaveritis,
1609 2994 1676 3032 ne
1704 2977 2063 3032 attaminave-

483 3072 624 3137 ritis,
656 3090 672 3123 ι
703 3072 906 3142 quibus
928 3071 1073 3126 addit
1111 3085 1126 3124 :
1172 3088 1190 3123 ι
1237 3071 1368 3137 Quae
1405 3082 1531 3126 sunt
1560 3071 1744 3126 omnia
1790 3071 1843 3124 in
1871 3085 2062 3125 corru-
2091 3101 2132 3160 ο

480 3164 724 3233 ptionem
765 3165 880 3235 ipso
910 3180 1035 3232 usu,
1066 3162 1366 3221 secundum
1403 3163 1665 3219 mandata
1695 3172 1752 3218 et
1783 3161 2063 3219 doctrinas

481 3256 785 3313 hominum.
827 3277 846 3310 ι

551 3352 606 3408 6.
635 3353 798 3409 Addit
842 3365 963 3424 post
994 3355 1110 3411 haec
1134 3354 1176 3387 ³⁵
1210 3370 1224 3408 :
1264 3372 1282 3406 ι
1321 3353 1388 3409 Ει
1416 3354 1628 3411 loeutus
1669 3367 1754 3410 est
1802 3355 2062 3411 Dominus

477 3445 544 3500 ad
582 3447 762 3501 Aaron
798 3446 980 3501 dicens
1016 3463 1030 3500 :
1061 3445 1199 3502 Ecce
1247 3463 1346 3519 ego
1377 3446 1500 3502 dedi
1536 3447 1690 3501 vobis
1735 3445 1802 3501 ad
1843 3461 2060 3502 conser-

476 3538 710 3592 vandum
741 3538 1034 3607 primitias.
1070 3559 1091 3591 ›
1123 3538 1379 3606 Quamvis
1406 3540 1459 3593 in
1490 3537 1763 3595 nonnullis
1787 3537 2062 3607 exempla-

475 3626 627 3682 ribus
678 3626 1017 3693 Latinorum,
1068 3647 1088 3680 ε
1145 3631 1211 3684 ad
1261 3629 1694 3695 observandum,
1741 3647 1760 3680 ι
1795 3629 2058 3697 scriptum

474 3719 566 3785 sit,
591 3721 775 3775 verius
799 3729 979 3775 tamen
1007 3733 1091 3776 est
1119 3741 1140 3774 ο
1179 3724 1245 3777 ad
1282 3729 1742 3779 conservandum.
1782 3741 1801 3775 ι
1835 3721 1940 3775 Sed
1972 3735 2057 3776 te-

473 3811 803 3880 quirendum
833 3821 915 3867 est
945 3815 1214 3882 quomodo
1263 3817 1556 3870 secundum
1601 3815 1774 3886 legem
1806 3813 2058 3882 primitiae

472 3910 886 3957 conserventur.
920 3903 1036 3960 Non
1067 3906 1210 3960 enim
1248 3916 1306 3960 ut
1338 3915 1578 3971 servent,
1620 3907 1933 3962 sacerdotes
1967 3920 2057 3959 ac-

474 3993 686 4062 cipiunt
713 3995 1004 4064 primitias,
1030 4000 1124 4053 sed
1165 4009 1224 4052 ut
1271 4001 1565 4053 insumant.
1609 3999 1887 4064 Quomodo
1927 4012 2056 4067 ergo

471 4083 603 4139 dicit
633 4104 645 4139 :
675 4104 694 4137 ι
731 4086 870 4143 Ecce
916 4089 1039 4144 dedi
1090 4092 1242 4146 vobis
1287 4091 1554 4158 primitias
1605 4091 1672 4145 ad
1720 4105 2057 4145 conservan-

472 4176 640 4230 dum?
671 4195 690 4228 ι
719 4176 874 4233 Unde
910 4189 1126 4235 constat
1156 4197 1260 4235 non
1295 4197 1452 4250 posse
1497 4182 1597 4236 hoc
1653 4183 1719 4235 ad
1760 4181 1931 4251 legem
1965 4182 2054 4234 lit-

472 4279 622 4331 terae,
671 4269 765 4324 sed
815 4271 881 4324 ad
927 4270 1099 4342 legem
1151 4274 1376 4342 spiritus
1429 4273 1709 4343 applicari.
1744 4272 1863 4327 Istae
1909 4274 2054 4326 enim

467 4359 723 4428 primitiae
763 4378 900 4432 quas
950 4378 1112 4432 supra
1161 4365 1476 4434 spiritaliter
1505 4365 1877 4434 exposuimus,
1918 4382 2052 4420 con-

2184 515 2484 576 permanet,
2511 507 2618 562 imo
2641 519 2855 576 semper
2875 517 3122 577 augetur.
3153 508 3250 564 Est
3277 523 3433 578 ergo,
3460 508 3607 562 sicut
3629 507 3745 572 Ape-

2183 597 2354 653 stolus
2385 596 2516 651 dicit
2549 597 2614 664 ³⁷,
2657 596 2920 666 spiritalis
2965 613 3124 666 esca,
3180 616 3302 670 qua:
3351 611 3560 670 quanto
3603 596 3744 669 magis

2184 687 2497 752 insumitur,
2529 697 2677 742 tanto
2706 688 2936 756 amplius
2969 691 3186 745 crescit.
3229 692 3449 759 Quanto
3471 691 3617 746 enim
3645 705 3742 742 am-

2183 781 2321 850 plius
2353 782 2572 836 verbum
2617 779 2712 836 Dei
2748 784 3065 850 sumpseris,
3115 794 3318 854 quanto
3353 782 3648 838 instantius
3684 781 3746 836 ci-

2182 874 2307 927 bum
2340 873 2501 928 istum
2544 871 2868 940 comederis,
2901 881 3049 928 tanto
3082 874 3134 929 in
3164 888 3216 931 te
3264 874 3579 928 afﬂuentius
3605 873 3746 927 abun-

2167 966 2350 1020 dabit.
2406 965 2530 1021 Ilaec
2563 966 2711 1020 dicta
2751 976 2877 1021 sunt
2914 983 3018 1036 pro
3048 982 3113 1024 eo
3153 971 3298 1038 quod
3353 968 3620 1038 scriptum
3659 975 3744 1031 est,

2187 1077 2206 1110 ι
2244 1059 2311 1113 ad
2344 1060 2771 1114 conservandum
2806 1060 3096 1126 primitias.
3142 1080 3160 1112 ι

2251 1147 2302 1200 7.
2351 1147 2609 1218 Sequitur
2663 1159 2844 1202 autem
2887 1149 2932 1180 ³³
2970 1167 2982 1202 :
3017 1168 3036 1200 ι
3074 1150 3149 1204 Ex
3180 1152 3436 1204 omnibus
3487 1163 3610 1220 quae
3646 1164 3748 1201 sau-

2180 1237 2491 1292 ctiﬁcantur
2523 1239 2654 1292 mihi
2689 1254 2719 1292 a
2766 1238 2892 1291 filiis
2927 1238 3115 1294 Israel.
3147 1260 3165 1292 ι
3199 1239 3309 1296 Nec
3356 1241 3464 1296 hoc
3520 1240 3637 1294 sine
3678 1255 3747 1294 sa-

2178 1341 2458 1385 cramento
2492 1332 2726 1399 dicitur;
2759 1348 2864 1386 non
2898 1334 3012 1387 vult
3045 1334 3190 1386 enim
3229 1332 3368 1387 Deus
3415 1332 3639 1386 aliunde
3678 1344 3749 1386 aco

2178 1423 2358 1491 cipere
2389 1426 2681 1493 primitias,
2717 1427 2819 1480 nisi
2847 1441 2875 1479 a
2907 1426 3262 1481 sanctiﬁcatis
3308 1424 3496 1479 Israel.
3546 1425 3745 1479 Poterat

2178 1519 2320 1569 enim
2371 1517 2487 1570 ﬁeri
2526 1526 2584 1570 ut
2621 1528 2676 1572 et
2711 1521 2850 1588 apud
2901 1519 3130 1588 gentiles
3165 1519 3550 1573 invenirentur
3590 1518 3748 1587 aliqua

2177 1621 2338 1676 opera
2369 1609 2529 1678 digna
2558 1608 2687 1666 Deo.
2733 1610 3103 1666 Excoluerunt
3152 1610 3296 1664 enim
3345 1621 3402 1664 et
3451 1611 3603 1664 inter
3648 1611 3750 1664 illos

2179 1699 2341 1768 aliqui
2394 1701 2623 1756 virtutes
2663 1702 2852 1768 animi,
2903 1713 2956 1756 et
3001 1702 3338 1772 philosophia
3389 1703 3443 1755 in
3495 1701 3752 1756 nonnullis

2175 1790 2283 1859 egit
2312 1789 2729 1860 aliquantulum,
2763 1795 2856 1848 sed
2898 1808 3005 1848 non
3045 1793 3157 1847 vult
3203 1794 3305 1848 ista
3352 1792 3552 1848 oﬁ'erri
3583 1793 3634 1846 in
3659 1792 3754 1862 pri-

2177 1879 2363 1933 mitiis.
2395 1880 2472 1934 Ex
2509 1881 2614 1936 illis
2658 1883 2768 1936 vult
2794 1883 2932 1938 Deus
2974 1883 3255 1937 benefacta
3290 1884 3603 1951 suscipere,
3635 1896 3752 1952 queo

2175 1984 2292 2022 rum
2324 1985 2475 2026 mens
2502 1973 2648 2027 videt
2673 1973 2860 2041 Deum,
2885 1983 2953 2040 et
2983 1974 3073 2044 qui
3109 1974 3439 2028 sanctiﬁcati
3489 1985 3622 2028 sunt
3661 1975 3753 2029 Deo

2174 2075 2269 2127 per
2298 2062 2476 2116 ﬁdem.
2504 2063 2733 2120 Gentilis
2762 2075 2942 2121 autem
2970 2066 3184 2120 etiamsi
3228 2066 3435 2136 aliquid
3474 2066 3749 2120 honestum

2172 2162 2227 2217 et
2265 2154 2543 2223 probabile
2585 2157 2785 2212 habere
2819 2158 3066 2212 videatur
3111 2158 3163 2211 in
3206 2159 3483 2224 moribus,
3518 2159 3623 2212 hoc
3655 2159 3750 2228 ipso

2172 2250 2315 2316 quod
2345 2263 2447 2303 non
2476 2249 2585 2302 Deo
2629 2251 2855 2305 ascribit
2887 2251 3052 2305 animi
3096 2251 3375 2314 virtutem,
3409 2253 3512 2306 sed
3551 2253 3749 2320 jactan-

2175 2339 2270 2392 tiaz'
2305 2354 2417 2392 suae
2462 2339 2721 2408 deputat,
2765 2356 2872 2395 non
2930 2352 3012 2396 est
3057 2342 3399 2396 sanctiﬁcata
3448 2342 3746 2411 hujusmodi

2173 2429 2446 2498 probitas,
2504 2441 2558 2484 et
2617 2431 2736 2485 ideo
2797 2447 2901 2486 non
2957 2433 3221 2503 recipitur
3274 2433 3421 2488 inter
3477 2435 3746 2502 primitias.

2171 2520 2443 2585 Quantum
2472 2529 2652 2574 autem
2683 2521 2749 2575 ad
2780 2523 3148 2578 deﬁnitionem
3187 2525 3385 2580 litterae
3426 2525 3595 2594 legis,
3625 2526 3747 2578 vidc-

2173 2618 2258 2663 tur
2285 2611 2450 2664 etiam
2483 2611 2790 2682 proselytos
2816 2613 3106 2668 excludere
3137 2616 3206 2670 ab
3243 2614 3632 2688 hujuscemodi
3659 2632 3748 2667 ιιιιι-

2169 2717 2318 2756 nere.
2364 2702 2521 2757 Solos
2563 2705 2704 2758 enim
2753 2705 3120 2761 sanetiﬁcatos
3163 2722 3228 2761 ex
3270 2707 3400 2760 ﬁliis
3437 2707 3615 2762 Israel
3654 2709 3747 2761 vult

2168 2793 2366 2850 oﬁ‘erre
2392 2795 2679 2864 primitias.
2715 2795 2854 2851 Puto
2878 2807 3056 2851 autem
3086 2798 3386 2852 lsraelitetn
3441 2798 3556 2852 dici
3589 2813 3748 2866 posse,

2167 2903 2230 2943 ex
2257 2902 2365 2957 quo
2400 2888 2529 2942 licet
2556 2888 2604 2942 ei
2641 2888 2845 2958 ingredi
2885 2889 2936 2943 in
2978 2889 3274 2943 Erclcsiam
3319 2888 3421 2942 Dei
3450 2905 3466 2941 :
3502 2891 3744 2960 scriptum

2166 2985 2250 3032 est
2293 2977 2434 3032 enim
2482 2976 2570 3030 ”:
2611 2995 2628 3028 ι
2662 2975 2777 3030 Non
2824 2978 3225 3031 abominaberis
3263 2975 3601 3043 Idutnazum,
3642 2978 3746 3045 quia

2169 3068 2340 3123 frater
2391 3079 2512 3124 tuus
2569 3077 2688 3135 est,
2739 3083 2840 3124 nec
2874 3069 3215 3140 Egyptiuttt,
3269 3070 3544 3139 quoniam
3593 3071 3744 3125 incola

2167 3161 2318 3217 fuisti
2349 3161 2402 3216 in
2431 3169 2575 3214 terra
2611 3157 2852 3230 Egypti.
2888 3158 3013 3213 Filii
3057 3161 3101 3214 si
3135 3159 3245 3213 nati
3287 3159 3506 3214 fuerint
3543 3161 3646 3224 eis,
3670 3176 3746 3230 ge-

2165 3255 2446 3310 neratione
2487 3250 2644 3306 tertia
2686 3251 2990 3305 introibant
3023 3251 3076 3304 in
3107 3251 3410 3305 Ecclesiam
3443 3251 3566 3306 Dei.
3603 3271 3623 3303 ι
3655 3251 3747 3306 De-

2163 3360 2264 3400 nec
2284 3359 2412 3415 ergo
2433 3344 2668 3398 fructum
2695 3359 2799 3396 non
2832 3341 2990 3396 affert
3012 3340 3321 3412 Egy'ptius,
3351 3341 3441 3395 vel
3471 3341 3742 3402 Idumam.

2162 3452 2264 3493 nec
2291 3437 2482 3492 fecerit
2515 3436 2654 3491 filios
2680 3436 2866 3505 primae
2894 3443 2947 3487 et
2972 3434 3220 3488 secundae
3241 3442 3295 3486 et
3319 3433 3508 3486 tertia:
3537 3447 3746 3502 genera-

2163 3532 2347 3596 tionis,
2382 3547 2485 3586 non
2519 3539 2696 3599 potest
2725 3530 2954 3583 introire
2981 3527 3034 3582 in
3064 3525 3363 3582 Ecclesium
3401 3524 3641 3584 Domini,
3662 3522 3744 3577 sed

2161 3624 2396 3680 ﬁliorum
2434 3625 2714 3694 generatio
2759 3622 2889 3676 facit
2939 3635 3033 3676 eos
3075 3620 3304 3675 introire
3345 3618 3404 3671 in
3447 3617 3738 3670 Ecclesia

2162 3718 2396 3773 Domini.
2427 3716 2693 3772 Observet
2727 3715 3037 3786 diligentius
3069 3714 3160 3782 qui
3205 3713 3330 3781 legit
3377 3711 3597 3764 litteras
3621 3709 3744 3762 diri-

2160 3827 2279 3877 nas,
2318 3820 2374 3866 et
2409 3826 2513 3865 non
2549 3818 2607 3863 ut
2645 3809 2773 3863 libet
2827 3808 3122 3877 Scriptura:
3156 3804 3325 3859 verba
3364 3808 3740 3873 pertranseat:

2160 3902 2252 3956 sed
2289 3901 2514 3970 aspiciat
2542 3900 2608 3953 ad
2641 3911 3084 3966 unumquemque
3113 3910 3456 3959 sermonem,
3485 3893 3739 3963 quomodo

2160 4007 2264 4048 non
2295 3992 2457 4053 dixit,
2478 3991 2520 4045 si
2564 3989 2675 4044 nati
2719 3974 2921 4043 fuerint
2956 3988 3035 4042 eis
3061 3987 3154 4040 ﬁlii
3182 3987 3265 4040 vel
3302 3985 3452 4050 ﬁliae,
3488 3985 3586 4038 sed
3614 4002 3630 4035 t
3658 3982 3742 4036 ﬁlii

2159 4083 2201 4137 si
2240 4083 2348 4137 nati
2381 4083 2582 4137 fuerint
2620 4081 2720 4142 eis,
2749 4080 2908 4133 tertia
2953 4078 3305 4146 generatione
3357 4077 3664 4131 introibant
3694 4074 3741 4126 in

2158 4172 2454 4227 Ecclesiam
2479 4170 2711 4225 Domini.
2728 4188 2745 4222 ι
2777 4168 2843 4223 Ει
2863 4168 3170 4232 considera,
3192 4169 3234 4221 si
3256 4177 3434 4238 potes,
3457 4165 3738 4220 secundum

2157 4265 2442 4334 mysticum
2475 4276 2718 4324 sensum,
2751 4275 2850 4314 cur
2899 4259 2999 4314 soli
3048 4260 3138 4313 filii
3173 4260 3304 4322 sint,
3342 4275 3452 4312 non
3491 4259 3653 4313 etiam
3686 4257 3740 4308 li-

2158 4357 2258 4420 li;e,
2287 4357 2376 4424 qui
2405 4356 2608 4408 faciunt
2637 4353 2863 4406 introire
2891 4363 3074 4421 patres
3097 4353 3148 4406 iu
3171 4352 3479 4407 Ecclesium
3514 4351 3742 4406 Domini.

467 4452 676 4506 servari
705 4463 949 4523 possunt,
981 4455 1083 4508 illa:
1112 4471 1216 4510 non
1245 4466 1489 4524 possunt.
1517 4455 1621 4509 Sed
1649 4465 1702 4510 et
1725 4455 1771 4510 si
1799 4456 2052 4510 Christus

2168 4447 2404 4516 Denique
2443 4445 2688 4500 invenies
2713 4444 2878 4497 etiam
2925 4452 3140 4498 sanctos
3182 4443 3382 4512 quibus
3414 4444 3678 4498 eximium
3709 4456 3736 4492 ι

467 4552 552 4596 est
581 4545 874 4600 secundum
904 4547 1218 4617 Apostolum
1244 4548 1516 4618 primitiae,
1545 4563 1672 4604 vere
1714 4550 1831 4604 ista:
1862 4549 2051 4619 primi-

468 4633 556 4688 tia:
586 4636 653 4690 ad
683 4641 1113 4696 conservandum
1151 4641 1290 4695 data:
1333 4652 1461 4696 sunt
1509 4641 1683 4696 nobis.
1718 4641 1856 4707 Quid
1903 4641 2048 4695 enim

468 4735 578 4780 tam
608 4725 849 4795 beatum,
868 4746 1023 4798 quam
1059 4741 1115 4785 ut
1138 4733 1320 4786 anima
1342 4748 1459 4802 quae
1486 4734 1724 4800 suscepit
1749 4733 2046 4796 Christum,

465 4831 682 4888 semper
707 4835 828 4875 eum
860 4832 1168 4890 conservet,
1204 4834 1258 4878 et
1287 4838 1502 4894 semper
1528 4823 1726 4878 habeat
1764 4824 1817 4877 in
1847 4816 1904 4877 se
1934 4839 2049 4876 ma-

464 4912 724 4966 nentem?
752 4912 818 4967 Et
848 4914 969 4969 talis
1009 4917 1189 4970 anima
1238 4931 1360 4971 vere
1409 4917 1677 4986 primitias
1725 4915 1951 4984 suscipit
1981 4915 2047 4970 ad

421 4990 438 5012 ³
464 5005 924 5060 conservandum.
955 5005 1090 5060 Nam
1119 5007 1224 5061 illa).
1252 5008 1503 5076 primitize
1532 5023 1651 5077 qua:
1676 5005 2049 5063 offerebantur

461 5092 515 5146 in
547 5093 682 5163 lege,
722 5099 1189 5155 consumebantur
1231 5117 1328 5170 per
1376 5101 1549 5166 cibos,
1578 5111 1634 5156 et
1683 5100 1945 5170 ingressa:
1993 5099 2044 5152 in

458 5193 726 5254 ventrem,
769 5187 1161 5258 dirigebantur,
1199 5203 1256 5245 ut
1303 5190 1656 5261 Evangelium
1698 5191 1832 5244 dicit
1867 5190 1932 5255 ",
1992 5189 2044 5243 in

458 5289 758 5333 secessum.
789 5279 928 5336 Istas
969 5291 1147 5336 autem
1190 5283 1460 5352 primitias
1490 5283 1581 5354 qui
1613 5282 2042 5349 manducavcrit,

455 5373 840 5441 etgustaverit
885 5389 1084 5443 panem
1139 5378 1229 5445 qni
1277 5378 1344 5429 de
1407 5375 1544 5430 coelo
1598 5375 1899 5438 descendit,
1937 5389 2041 5428 non

456 5465 743 5536 morietur,
775 5467 870 5524 sed
896 5477 1181 5537 permanet
1205 5469 1258 5523 in
1305 5469 1468 5524 vitam
1503 5478 1787 5524 aeternam.
1819 5468 1921 5524 Iste
1960 5476 2045 5522 est

527 5647 571 5678 ³ο
597 5648 734 5703 l‘sal.
773 5649 1015 5716 ι.ιιιι,10,
1045 5652 1128 5706 ll.
1209 5652 1251 5684 ³¹
1287 5651 1440 5706 Cant.
1473 5667 1530 5706 ιι.

457 5731 610 5782 XVIII,
645 5720 697 5772 8.
777 5722 820 5753 ³⁸
844 5721 1037 5776 Matth.
1068 5739 1154 5791 xv,
1200 5724 1281 5777 I'I.
1363 5723 1404 5753 ³⁷
1438 5723 1456 5776 I
1488 5723 1614 5778 Cor.
1670 5739 1722 5779 ιι.

1637 5652 1681 5683 ³³
1709 5650 1991 5716 Luc.-xut,
2018 5649 2108 5705 52.

1801 5723 1842 5754 ³⁸
1875 5722 2034 5778 Nunt.
2068 5733 2225 5787 xvm,
2266 5722 2322 5776 8.

2159 4543 2270 4596 Dco
2325 4539 2693 4593 testimonium
2756 4536 2938 4597 datur,
2999 4533 3216 4587 diﬁicile
3267 4534 3430 4602 ﬁlias,
3467 4533 3564 4589 sed
3609 4533 3737 4586 ﬁlius

2157 4634 2429 4704 genuisse.
2460 4632 2733 4685 Abraham
2767 4643 2872 4681 non
2897 4627 3083 4696 genuit
3117 4626 3274 4691 ﬁlias,
3314 4625 3471 4679 Isaac
3507 4640 3608 4678 nec
3635 4625 3737 4692 ipse

2156 4725 2396 4794 quidem,
2430 4723 2577 4777 solus
2600 4721 2772 4776 Jacob
2799 4735 2961 4773 unam
2987 4718 3192 4786 genuit,
3219 4727 3273 4771 et
3290 4718 3465 4785 ipsam
3485 4715 3735 4770 fratribus

2157 4832 2219 4871 ac
2249 4817 2564 4886 parentibus
2595 4830 2840 4885 gravent.
2881 4809 3262 4866 Contaminata
3308 4811 3458 4863 enim
3485 4810 3554 4863 ab
3582 4803 3736 4861 Emor

2157 4910 2270 4963 ﬁlio
2295 4909 2538 4972 Sicltem,
2555 4906 2906 4976 cpprobrium
2941 4903 3125 4974 generi
3149 4911 3201 4956 et
3220 4901 3480 4956 vindicta:
3503 4900 3735 4954 furorem

2151 5002 2417 5056 fratribus
2435 5001 2715 5055 excitavit.
2747 4999 2852 5054 Sed
2872 5007 2928 5052 et
2960 5006 3041 5051 ter
3077 4999 3129 5051 in
3164 5010 3307 5049 anno
3333 5007 3606 5064 apparere
3635 4991 3738 5044 Do-

2152 5095 2300 5148 mino
2325 5092 2546 5161 jubetur
2573 5106 2734 5146 omne
2771 5089 3149 5144 masculinum.
3198 5087 3424 5141 Femina
3464 5086 3533 5139 ad
3570 5097 3735 5152 appa-

2149 5189 2378 5242 rcndutn
2405 5187 2632 5241 Domino
2667 5201 2772 5240 non
2804 5193 3052 5240 vocatur.
3082 5181 3174 5236 Sic
3202 5195 3334 5249 ergo
3362 5180 3407 5234 si
3433 5181 3559 5250 quis
3590 5175 3735 5232 Scri-
3762 5183 3770 5190 '

2147 5281 2324 5352 pturis
2352 5279 2550 5333 divinis
2579 5279 2868 5348 diligenter
2902 5275 3166 5336 intendat,
3198 5273 3443 5328 inveniet
3469 5287 3578 5326 non
3610 5271 3738 5324 otio-

2147 5389 2263 5426 sum
2293 5371 2440 5440 quod
2479 5369 2607 5424 alibi
2646 5369 2866 5439 quidem
2923 5366 3168 5428 nominat
3216 5380 3341 5419 cum
3394 5363 3521 5418 ﬁliis
3569 5362 3728 5416 etiam

2146 5464 2308 5531 filias,
2339 5463 2469 5518 alibi
2517 5471 2696 5518 autem
2744 5459 2978 5515 ﬁliarum
3035 5473 3142 5514 non
3193 5458 3326 5512 facit
3377 5456 3717 5512 mentionem.

2186 5649 2230 5682 ⁸³
2255 5648 2468 5704 Coloss.
2501 5663 2583 5712 ιιι,
2619 5648 2668 5712 l,
2697 5644 2748 5700 2.
2831 5644 2876 5676 ³⁸
2898 5642 3102 5698 Coloss.
3130 5657 3188 5711 ιι,
3214 5640 3304 5708 9-1,
3332 5637 3421 5693 9.2.
3496 5635 3539 5667 ³⁵
3557 5631 3706 5688 Μαι.

2406 5720 2449 5750 ³⁸
2491 5720 2647 5772 Deut.
2685 5731 2843 5784 unt,
2875 5715 2925 5780 7,
2951 5714 3006 5770 8.
