3914 6554
224 397 308 456 655

1398 376 1463 432 IN
1500 375 1833 432 NUMERUS
1872 373 2159 427 llOMlLlA
2193 371 2287 432 XL

3336 367 3442 425 δδι

2582 446 2597 468 \

224 522 276 576 Et
302 516 373 571 hic
392 502 519 579 ergo
560 505 812 578 primitiae
848 517 967 570 qua:
1003 498 1324 561 oﬂ'eruntur,
1350 513 1377 552 a
1406 496 1759 552 sanctiﬁcatis
1788 495 1834 551 Α
1861 500 1982 547 ctus
2035 490 2139 546 dici
2189 498 2406 560 potest:
2435 503 2563 545 vere
2608 496 2788 544 autem
2838 497 2893 540 et
2938 502 3150 557 semper
3217 496 3442 541 sanctus

224 610 327 666 ﬁliis
355 599 529 665 Israel,
559 613 665 652 non
701 596 865 650 etiam
910 609 940 647 a
990 592 1203 646 ﬁliabus
1238 589 1497 658 jubentur
1527 586 1707 642 offerri
1740 604 1753 641 :

219 716 319 771 quae
345 706 511 751 tamen
561 688 858 745 secundum
909 684 1207 756 spiritalem
1252 681 1607 746 intellectum,
1648 695 1753 734 non

220 775 274 846 ad
315 797 504 845 sexus,
555 779 647 834 sed
696 780 999 833 animarum
1044 773 1430 830 discretionem
1475 771 1757 827 referenda

216 887 340 935 sunt.
374 893 390 927 ι
422 871 538 926 Tibi
569 872 737 935 enim,
783 870 956 940 inquit
983 865 1057 931 ⁵ο,
1087 866 1205 921 dedi
1262 880 1325 921 ea
1377 865 1428 919 in
1473 864 1755 926 honorem,

215 982 261 1027 et
284 968 390 1022 ﬁliis
418 965 519 1019 tuis
551 974 670 1032 post
703 974 753 1017 te
788 962 1088 1032 legitimum
1122 970 1405 1015 aeternum.
1450 977 1468 1008 ι
1499 955 1643 1020 Tibi,
1670 956 1758 1010 in-

214 1062 329 1133 quit.
350 1056 475 1113 Cui?
498 1056 821 1123 Aaron,sine
844 1056 1006 1110 dubio
1036 1052 1405 1123 respondebis.
1439 1049 1544 1105 Sed
1577 1064 1758 1105 sermo

210 1156 286 1226 qui
330 1151 583 1218 sequitur,
615 1148 785 1218 magis
833 1148 899 1201 de
956 1161 1083 1200 vero
1128 1144 1383 1214 pontiﬁce
1431 1143 1669 1206 Christo,
1705 1152 1759 1197 et

208 1249 318 1304 ﬁliis
339 1243 492 1315 310
519 1242 635 1312 ejus
662 1239 943 1310 apostolis,
970 1250 1024 1293 et
1049 1239 1362 1293 doctoribus
1389 1236 1755 1299 Ecclesiarum

206 1340 378 1394 suadet
402 1332 651 1401 intelligi.
683 1332 772 1385 Ait
797 1331 940 1385 enim
976 1348 990 1384 :
1018 1349 1035 1380 ι
1068 1330 1391 1400 Legititnum
1414 1337 1699 1383 internum.
1731 1347 1749 1379 ι

206 1427 459 1496 Quomodo
504 1439 631 1492 ergo
666 1432 931 1476 attentum
967 1432 1143 1489 potest
1187 1436 1311 1475 esse
1357 1420 1517 1489 quod,
1543 1418 1757 1475 visibile

202 1519 304 1576 est?
332 1532 445 1570 cum
478 1514 770 1583 Apostolus
810 1512 956 1566 dicat
985 1511 1025 1542 “
1060 1529 1073 1565 :
1110 1530 1126 1561 ι
1162 1511 1291 1577 Quae
1318 1510 1461 1565 enim
1481 1503 1753 1567 videntur,

202 1607 494 1681 temporalia
528 1616 694 1671 sunt;
732 1620 849 1673 qua:
884 1613 1194 1657 autemnon
1250 1602 1517 1664 videntur,
1550 1609 1755 1653 aeterna

195 1714 324 1762 sunt.
363 1722 381 1753 ι
420 1700 475 1755 Si
526 1714 654 1770 ergo
690 1697 931 1753 visibiles
982 1707 1110 1751 sunt
1156 1696 1409 1766 primitiae
1454 1710 1574 1764 qua:
1622 1692 1758 1749 offc-

196 1807 372 1852 runtur
397 1798 599 1856 Aaron,
634 1806 754 1861 qua:
805 1789 1034 1844 visibilia
1075 1802 1224 1855 sunt,
1264 1790 1366 1844 dici
1415 1798 1614 1843 aeterna
1652 1802 1755 1840 non

191 1899 418 1959 possunt.
448 1886 720 1940 Similiter
749 1892 806 1939 et
837 1884 1183 1938 circumcisio
1214 1881 1462 1944 visibilis,
1489 1890 1543 1935 et
1565 1895 1752 1950 azyma

190 1983 412 2044 visibile,
452 1987 511 2034 et
561 1979 764 2047 pascha
811 1975 1026 2030 visibile
1085 1991 1306 2030 necesse
1352 1986 1436 2029 est
1490 1984 1753 2029 :eternum

190 2092 284 2129 non
311 2087 448 2138 esse,
473 2073 568 2126 sed
606 2071 919 2139 temporale,
946 2070 1072 2139 quia
1100 2084 1221 2138 quae
1250 2068 1518 2130 videntur,
1552 2076 1756 2134 tempo-

188 2168 309 2222 ralia
355 2176 506 2221 sunt.
567 2164 632 2218 Et
685 2178 876 2218 rursus
921 2163 967 2193 δ’
1000 2180 1012 2215 :
1047 2161 1092 2215 si
1149 2175 1270 2229 qua:
1318 2175 1426 2213 non
1476 2159 1754 2220 videntur,

181 2272 370 2316 aeterna
425 2268 578 2323 sunt,
615 2274 743 2327 ergo
792 2268 845 2311 et
894 2258 1181 2312 invisibilis
1227 2256 1591 2321 circumcisio,
1637 2270 1756 2325 qua:

182 2362 258 2405 est
288 2354 339 2404 in
366 2351 605 2414 occulto,
639 2363 842 2405 aeterna
879 2359 980 2416 est,
1020 2359 1072 2401 et
1104 2364 1299 2418 azyma
1333 2348 1664 2407 sinceritatis
1703 2356 1758 2401 ct

185 2440 440 2505 veritatis,
462 2449 522 2493 et
552 2440 727 2508 ipsum
763 2440 887 2507 quia
914 2440 1066 2493 exiis
1096 2448 1315 2506 estqua:
1347 2453 1453 2491 non
1482 2437 1753 2498 videntur,

178 2544 432 2587 mlernum
473 2541 585 2591 est.
628 2532 803 2586 Simili
848 2548 978 2603 ergo
1024 2531 1182 2585 modo
1212 2539 1266 2585 et
1309 2530 1425 2585 haec
1454 2546 1559 2584 non
1590 2529 1639 2584 ei
1667 2529 1755 2596 qui

178 2626 227 2678 in
256 2624 577 2690 manifesto,
613 2612 709 2679 sed
742 2625 816 2678 illi
861 2626 952 2693 qui
985 2625 1036 2679 in
1068 2624 1281 2680 occulto
1311 2623 1526 2678 Judaeus
1568 2630 1672 2687 est,
1701 2634 1758 2676 et

174 2716 258 2785 qui
306 2716 539 2785 spiritu,
593 2732 701 2771 non
736 2716 917 2771 littera
963 2715 1135 2787 legem
1185 2716 1422 2771 custodit
1460 2715 1757 2770 secundum

173 2809 483 2865 interiorem
525 2809 821 2873 hominem,
852 2808 1093 2877 legitima
1148 2816 1202 2862 et
1239 2813 1440 2862 aeterna
1478 2806 1754 2861 dicuntur.

173 2919 193 2952 ι
228 2901 290 2954 Ει
328 2902 433 2957 hoc
475 2902 558 2957 sit
601 2901 754 2956 vobis
800 2917 866 2956 ex
916 2900 983 2955 iis
1027 2915 1149 2971 qua
1191 2898 1596 2955 sanctiﬁcantur
1632 2914 1757 2955 san-

169 2994 269 3050 etis
300 2993 365 3047 “.
404 3012 426 3045 ι

230 3086 282 3140 8.
313 3085 392 3141 De
422 3084 720 3140 sacriﬁciis
746 3084 1034 3154 aliquoties
1078 3084 1217 3154 apud
1248 3083 1624 3153 memetipsum
1656 3083 1757 3138 ista

164 3193 493 3248 percurrens
551 3176 810 3244 requisivi
850 3194 863 3229 :
898 3192 1141 3244 quaenam
1186 3186 1374 3231 essent
1418 3175 1755 3230 sanctiﬁcata
1786 3212 1830 3269 ϐ

160 3280 367 3339 sancta,
396 3280 454 3324 et
484 3268 710 3323 videtur
750 3267 883 3321 mihi
921 3270 1075 3337 quasi
1125 3269 1191 3322 ad
1238 3268 1641 3323 distinctionem
1669 3284 1762 3322 eo-

164 3376 278 3413 rum
306 3376 432 3430 qua:
475 3375 589 3414 non
623 3359 963 3414 sanctiﬁcata
997 3371 1186 3415 sancta
1228 3371 1374 3423 sunt,
1405 3360 1491 3415 hic
1523 3360 1763 3415 sanctiﬁ-

157 3462 275 3506 cata
313 3462 516 3507 sancta
558 3452 786 3505 dixisse.
822 3452 960 3506 Puto
991 3467 1119 3522 ergo
1148 3452 1290 3522 quod
1328 3462 1548 3506 sanctus
1583 3452 1760 3521 Spiri-

161 3554 242 3598 tus
276 3545 350 3597 ita
403 3555 645 3599 sanctus
693 3544 783 3607 sit,
828 3553 887 3596 ut
928 3558 1033 3598 non
1081 3544 1154 3599 sit
1199 3545 1592 3599 sancti‘icatus.
1645 3543 1760 3599 Non

152 3635 297 3689 enim
326 3636 379 3689 ei
409 3633 773 3689 extrinsecus
794 3644 850 3686 et
878 3633 1095 3689 aliunde
1119 3637 1352 3689 accessit
1379 3634 1758 3701 sanctiﬁcatio,

153 3740 271 3791 qua;
307 3736 444 3782 ante
495 3740 613 3781 non
642 3721 838 3788 fuerat,
875 3725 969 3780 sed
1008 3740 1223 3795 semper
1265 3724 1365 3778 fuit
1400 3733 1638 3792 sanctus,
1665 3740 1762 3780 nec

149 3814 369 3871 initium
413 3820 696 3874 sanctitas
740 3820 856 3889 ejus
897 3818 1125 3887 accepit.
1174 3815 1454 3885 Similique
1492 3817 1652 3870 modo
1696 3819 1761 3871 de

146 3904 311 3962 Patre
342 3923 398 3964 et
429 3910 585 3967 Filio
614 3912 1021 3983 intelligendum
1055 3920 1156 3965 est.
1193 3909 1320 3964 Sola
1348 3909 1493 3963 enim
1524 3909 1760 3965 Trinita-

146 3999 213 4053 tis
244 4004 585 4057 substantia
638 4014 743 4070 est,
786 4020 907 4074 qua:
963 4018 1067 4057 non
1153 4004 1491 4058 extrinsecus
1540 4017 1758 4073 accepta

143 4092 636 4159 sanctiﬁcatione,
676 4097 770 4150 sed
820 4097 904 4151 sui
948 4106 1141 4151 natura
1190 4098 1262 4150 sit
1317 4108 1528 4151 sancta.
1572 4096 1761 4152 Oinnis

140 4196 271 4238 vero
297 4195 581 4240 creatura
612 4186 693 4241 vel
720 4186 1035 4255 dignatione
1054 4188 1223 4242 sancti
1257 4188 1515 4258 Spiritus,
1542 4190 1623 4244 vel
1651 4206 1763 4245 me-

139 4274 379 4328 ritorum
454 4278 693 4331 ratione
761 4276 1100 4332 sanctiﬁcata
1150 4290 1334 4333 sancta
1387 4281 1617 4336 dicetur.
1669 4283 1762 4337 Sic

134 4380 265 4436 ergo
298 4376 360 4422 et
392 4369 687 4436 scriptum
734 4368 962 4439 legimus
990 4370 1035 4401 “
1062 4388 1074 4423 :
1106 4389 1123 4421 ι
1159 4370 1344 4425 Sancti
1387 4382 1583 4438 estote,
1626 4389 1763 4443 quo-

134 4456 283 4512 niam
306 4476 419 4529 ego
452 4472 696 4516 sanctus
738 4477 880 4528 sum,
919 4482 937 4513 ι
974 4463 1103 4517 dicit
1134 4462 1396 4518 Dominus
1443 4464 1603 4520 Deus.
1640 4465 1757 4521 Non

1860 584 2007 639 solus
2036 592 2117 639 est
2141 582 2304 637 Deus.
2334 582 2429 637 Vis
2477 591 2659 636 autem
2696 581 2789 636 tibi
2835 592 2889 636 et
2924 582 2989 636 de
3030 581 3332 651 Scriptnris
3359 582 3442 635 di-

1860 676 2002 731 vinis
2036 675 2197 746 hujus
2239 674 2412 746 apicis
2453 672 2568 746 (ΞΗ)
2601 674 2846 743 aperiam
2875 673 3274 731 dill‘erentiam?
3305 674 3441 727 Audi
3524 728 3527 731 .

1860 768 2135 838 quomodo
2179 768 2378 824 Paulus
2434 770 2501 824 ad
2563 768 2821 825 Hebraeos
2876 768 3124 823 scribens
3176 766 3307 821 dicit
3342 764 3438 822 δέ

1866 877 1885 911 ι
1922 859 2022 926 Qui
2057 860 2199 914 enim
2226 860 2553 928 sanctiﬁcat,
2575 870 2632 915 et
2654 861 2745 929 qui
2781 860 3209 923 sanctiﬁcantur,
3236 874 3302 913 ex
3336 874 3442 912 uno

1860 966 2070 1006 omnes.
2105 970 2124 1003 ι
2159 951 2291 1019 Quis
2316 966 2443 1022 ergo
2471 950 2807 1006 sanctiﬁcat?
2829 951 3079 1005 Christus
3103 951 3220 1005 sine
3241 950 3440 1005 dubio:

1861 1052 1916 1097 et
1957 1044 2045 1112 qui
2094 1042 2541 1098 sanctiﬁcantur?
2583 1043 2868 1097 credentes
2898 1041 2950 1094 in
2982 1040 3220 1098 Christo.
3267 1040 3446 1095 Mani-

1860 1133 2059 1189 festum
2092 1149 2223 1205 ergo
2264 1146 2347 1189 est
2381 1135 2525 1204 quod
2562 1134 2651 1202 qui
2686 1134 3013 1197 sanctiﬁcat,
3068 1148 3291 1187 sanctus
3338 1142 3444 1196 est,

1860 1228 1983 1295 quia
2016 1242 2229 1296 semper
2257 1236 2483 1282 sanctus
2507 1235 2609 1282 est.
2643 1226 2741 1291 Qui
2794 1237 2973 1280 autem
3009 1228 3441 1293 sanctilicantur,

1860 1336 1966 1373 non
2004 1319 2326 1389 simpliciter
2371 1320 2572 1384 sancti,
2620 1320 2712 1374 sed
2757 1319 3078 1373 sanctiﬁcati
3131 1319 3303 1373 sancti
3355 1318 3441 1372 di-

1859 1413 2015 1466 cendi
2050 1421 2191 1467 sunt.
2223 1412 2331 1467 Nec
2358 1422 2515 1481 putes
2559 1412 2685 1467 huic
2717 1413 2900 1468 sensui
2945 1426 3065 1467 esse
3106 1412 3442 1466 contrarium

1860 1504 1990 1557 illud
2015 1504 2155 1572 quod
2191 1494 2257 1559 de
2279 1504 2495 1560 Christo
2540 1505 2803 1574 scriptum
2834 1505 3062 1574 legimus
3091 1505 3135 1536 “
3166 1519 3180 1558 :
3219 1522 3238 1556 ι
3274 1510 3444 1571 Quem

1862 1600 2020 1655 Pater
2050 1603 2411 1657 sanctiﬁcavit
2438 1613 2490 1658 et
2523 1604 2669 1657 misit
2698 1605 2751 1659 in
2787 1606 2930 1658 hunc
2964 1606 3246 1659 mundum.
3288 1624 3307 1658 ι
3342 1605 3447 1659 Hic

1860 1697 2006 1751 enim
2033 1697 2124 1767 qui
2154 1695 2550 1762 sanctiﬁcatur,
2602 1700 2898 1753 secundum
2930 1714 3151 1754 carnem
3193 1698 3447 1754 Christus

1862 1795 1966 1851 est,
2002 1802 2109 1842 non
2142 1789 2440 1843 secundum
2467 1785 2739 1855 spiritum.
2771 1787 2905 1841 Nam
2955 1791 3252 1842 secundum
3283 1788 3449 1856 spiri-

1865 1889 1977 1931 tum
2010 1879 2215 1947 pariter
2242 1872 2293 1934 et
2334 1880 2633 1933 secundum
2671 1894 2891 1934 carnem
2921 1878 3171 1935 Christus
3197 1878 3335 1934 dixit
3360 1879 3443 1935 δτι

1868 1991 1884 2025 ι
1924 1971 2036 2041 Ego
2071 1974 2359 2028 sanctiﬁco
2393 1974 2659 2045 meipsum
2700 1987 2797 2043 pro
2824 1974 2903 2028 eis
2937 1990 2951 2027 :
2989 1994 3007 2025 ι
3034 1983 3091 2028 ut
3125 1974 3213 2041 qui
3244 1976 3446 2030 sancti-

1865 2064 2017 2130 lical,
2070 2066 2363 2120 secundum
2403 2066 2653 2135 spiritum
2707 2066 3088 2137 intelligatur:
3130 2068 3220 2136 qui
3267 2077 3446 2122 autem

1862 2156 2230 2211 sanctiﬁCatur
2257 2173 2354 2226 pro
2384 2159 2682 2228 discipulis,
2709 2160 3009 2213 secundum
3040 2174 3282 2225 carnem,
3307 2174 3448 2213 unus

1866 2260 2042 2303 tamen
2071 2259 2231 2318 atque
2254 2249 2395 2303 idem
2439 2248 2688 2306 Christus
2711 2253 2803 2317 sit,
2829 2253 2920 2321 qui
2971 2267 3113 2305 nunc
3157 2250 3212 2304 in
3250 2251 3445 2320 spiritu

1864 2341 2187 2408 sanctiﬁcat,
2219 2357 2363 2396 nunc
2405 2344 2785 2399 sanctilicatur
2821 2346 2873 2399 in
2913 2359 3099 2399 carne.
3146 2344 3226 2397 Ab
3262 2345 3449 2398 omni—

1864 2433 1963 2488 bus
1981 2449 2110 2504 ergo
2130 2435 2391 2490 fructibus
2413 2437 2765 2491 sanctiﬁcata:
2782 2448 2982 2491 sanctae
3005 2446 3131 2490 sunt
3156 2434 3447 2490 ollerendaa

1864 2528 2136 2595 primitiae,
2166 2529 2260 2582 sed
2283 2528 2520 2598 spiritali
2548 2531 2815 2599 pontiﬁci.
2848 2529 2925 2582 Ex
2956 2528 3151 2598 quibus
3173 2543 3304 2594 ergo
3330 2530 3446 2581 l'ru-

1864 2619 2041 2674 ctibns
2095 2622 2365 2691 spiritales
2413 2624 2683 2691 primitias
2746 2621 3076 2677 oﬁ'eremus?
3123 2622 3266 2675 Audi
3315 2632 3447 2689 quot

1865 2710 2074 2766 fructus
2126 2723 2413 2768 enumeret
2470 2712 2832 2782 Apostolus“
2881 2730 2943 2766 ς(
2980 2712 3217 2767 Fructus
3264 2724 3445 2766 autem

1864 2805 2087 2873 spiritus
2113 2815 2216 2869 est,
2253 2807 2510 2869 charitas,
2536 2808 2811 2876 gaudium,
2855 2822 2980 2876 pax,
3024 2798 3308 2876 patientia,
3342 2824 3359 2856 ι
3392 2815 3449 2860 et

1864 2905 2086 2951 caetera.
2128 2898 2273 2963 Quas
2323 2897 2485 2967 igitur
2516 2898 2781 2965 primitias
2825 2914 2888 2951 ex
2929 2897 3217 2951 charitatis
3248 2895 3444 2958 fructu,

1864 2990 1955 3059 qui
1982 2991 2188 3059 primus
2212 3000 2297 3045 est
2334 2991 2544 3045 fructus
2571 2991 2813 3060 spiritus,
2837 2990 3127 3046 oll‘eramus
3154 3004 3281 3044 vero
3313 3005 3415 3058 pou
3433 3018 3449 3031 -

1868 3068 2047 3137 tiﬁci?°
2087 3078 2208 3138 Ilias
2251 3098 2354 3153 ego
2400 3092 2531 3152 puto
2577 3097 2698 3139 esse
2742 3082 3012 3153 primitias
3055 3083 3361 3147 charitatis,
3389 3092 3449 3136 ut

1864 3178 2086 3247 diligam
2122 3175 2408 3231 Dominum
2438 3178 2605 3232 Deum
2644 3194 2825 3234 meum
2854 3194 2918 3234 ex
2954 3186 3071 3233 toto
3107 3177 3271 3232 corde
3302 3192 3444 3240 meo,

1863 3281 1916 3324 et
1943 3286 2007 3324 ex
2030 3279 2137 3324 tota
2156 3272 2337 3323 anima
2357 3285 2497 3339 mea,
2520 3281 2575 3327 et
2597 3287 2659 3326 ex
2688 3280 2793 3328 tota
2817 3280 2998 3325 mente
3019 3285 3158 3325 mea.
3173 3268 3295 3325 Istae
3321 3278 3449 3324 sunt

1864 3367 2136 3434 primitiae.
2163 3368 2301 3433 Quid
2329 3375 2509 3421 autem
2535 3374 2619 3419 est
2642 3364 2784 3432 quod
2808 3379 2873 3418 ex
2899 3363 3001 3418 isto
3028 3362 3319 3417 charitatis
3339 3360 3467 3414 fru—

1864 3469 1951 3513 ctu
1975 3459 2213 3513 secundo
2242 3459 2364 3514 loco
2386 3459 2590 3513 habere
2622 3456 2888 3511 debeam?
2913 3455 2980 3512 Ut
3006 3456 3228 3522 diligam
3257 3454 3445 3523 proxi-

1864 3565 2012 3603 mum
2040 3564 2217 3621 meum
2254 3552 2393 3604 sicut
2427 3549 2714 3616 meipsum.
2742 3547 2850 3600 Illa:
2871 3560 2999 3615 ergo
3037 3544 3290 3615 primitiae
3316 3544 3449 3597 cha-

1864 3641 2040 3694 ritatis
2064 3639 2172 3695 Deo
2193 3640 2498 3696 olferuntur
2536 3655 2633 3710 per
2661 3638 2992 3710 pontiﬁcem,
3028 3637 3144 3692 haec
3174 3650 3305 3691 vero
3326 3651 3449 3705 quae

1862 3732 1917 3785 in
1960 3732 2200 3787 secando
2238 3740 2367 3787 sunt
2412 3731 2555 3797 loco,
2618 3732 2751 3786 meis
2809 3730 2996 3785 usibus
3041 3729 3446 3798 relinquuntur.

1861 3822 1999 3877 Puto
2052 3837 2173 3877 esse
2216 3821 2421 3892 aliquid
2453 3837 2521 3877 ex
2568 3820 2673 3876 hoc
2713 3821 2891 3875 l'ructu
2946 3821 3088 3889 quod
3134 3818 3292 3875 tertio
3329 3819 3451 3874 loco

1862 3917 2173 3971 habendum
2211 3917 2318 3979 sit,
2373 3924 2433 3970 ut
2486 3914 2708 3983 diligam
2748 3915 2915 3968 etiam
2970 3912 3225 3968 inimicos
3273 3927 3447 3987 meos.

1864 4008 1999 4063 Vide
2030 4018 2233 4073 autem,
2275 4006 2318 4061 si
2366 4015 2543 4076 potes,
2572 4004 2823 4059 similiter
2855 4004 2994 4058 etde
3016 4005 3230 4059 caeteris
3261 4004 3452 4057 fructi-

1864 4102 1964 4154 hus
2025 4101 2252 4168 spiritus
2299 4099 2504 4153 similes
2556 4096 2804 4151 invenire
2845 4095 3130 4165 primitias.
3177 4093 3448 4149 Gaudium

1863 4193 2101 4246 secundo
2157 4192 2274 4247 loco
2332 4190 2543 4245 fructus
2592 4189 2815 4259 spiritus
2869 4188 3147 4243 scribitur.
3206 4186 3264 4241 Si
3319 4200 3451 4252 ergo

1865 4285 1917 4339 in
1965 4284 2193 4339 Domino
2244 4284 2545 4355 gaudeam,
2593 4293 2649 4338 et
2698 4298 2794 4352 spe
2835 4283 3118 4352 gaudeam,
3145 4288 3200 4335 et
3243 4280 3285 4335 si
3316 4295 3450 4347 gau-

1864 4376 2019 4431 deam
2070 4391 2168 4445 pro
2210 4375 2429 4431 nomine
2470 4375 2679 4429 Domini
2722 4386 2914 4443 passus
2951 4371 3227 4440 injuriam,
3272 4374 3324 4426 in
3365 4371 3452 4427 his

1863 4449 2125 4524 omnibus.
2145 4469 2375 4539 aliisque
2414 4470 2607 4524 horum
2643 4468 2933 4533 similibus,
2966 4466 3237 4535 primitias
3267 4467 3451 4535 gaudii

132 4550 410 4606 continuo
432 4552 758 4607 similitudo
779 4552 1087 4607 sanctitatis
1115 4553 1168 4607 in
1200 4554 1308 4608 Deo
1334 4565 1497 4623 atque
1525 4556 1758 4611 homini-
1792 4562 1840 4621 Ι)
1866 4578 1964 4632 per
1987 4563 2295 4632 pontiﬁcem
2324 4578 2512 4617 verum
2546 4562 2656 4616 Deo
2682 4562 2872 4618 obtuli.
2910 4562 3014 4616 Sed
3046 4571 3101 4616 et
3137 4562 3179 4616 si
3208 4563 3452 4631 rapinam

128 4642 231 4695 bus
265 4646 576 4711 ponenda.
616 4646 689 4699 De
720 4643 828 4698 Deo
853 4644 997 4698 cuitu
1020 4644 1222 4701 dicitur
1249 4648 1374 4716 quia
1410 4658 1630 4703 sanctus
1657 4661 1759 4715 est,

128 4734 394 4792 homines
427 4747 637 4791 autem
673 4740 828 4806 quasi
873 4740 967 4807 qui
1010 4754 1118 4794 non
1166 4754 1380 4809 semper
1425 4740 1644 4808 fuerint,
1677 4742 1759 4810 ju-

124 4828 337 4882 bentur
364 4840 431 4883 ut
475 4830 628 4883 ﬁant
659 4831 852 4884 sancti.
884 4831 1123 4900 Denique
1155 4845 1335 4887 sermo
1361 4833 1449 4886 hic
1469 4832 1522 4886 in
1549 4831 1760 4901 Graeco,

128 4919 216 4971 ubi
261 4936 374 4975 nos
411 4922 730 4986 habemus,
768 4940 785 4972 ι
824 4923 993 4976 sancti
1025 4932 1221 4988 estote,
1262 4940 1280 4973 ι
1318 4924 1420 4977 hoc
1462 4925 1630 4993 magis
1676 4940 1764 4979 so.

124 5017 243 5071 nat,
290 5029 310 5060 ι
354 5013 565 5066 sancti
611 5012 908 5066 ellieimini.
949 5031 969 5064 ι
1000 5011 1108 5068 Sed
1138 5014 1307 5068 nostri
1339 5016 1661 5084 interpretes
1688 5017 1769 5069 in-

121 5088 509 5167 differenter:
558 5122 581 5156 ε
624 5115 796 5173 estote
829 5127 847 5157 ι
885 5122 981 5176 pro
1024 5125 1043 5159 ι
1085 5106 1364 5162 ellicimini
1401 5127 1420 5159 ι
1452 5120 1765 5177 posuerunt.

122 5191 569 5265 Unusquisque
598 5212 730 5265 ergo
756 5210 1002 5254 nostrum
1030 5215 1097 5254 ex
1131 5214 1238 5267 quo
1271 5199 1486 5254 accedit
1517 5200 1777 5256 adiimu-

122 5296 240 5334 tem
284 5284 419 5348 Dei,
450 5297 518 5340 et
551 5286 804 5342 divinam
833 5290 1022 5359 recipit
1047 5289 1101 5342 in
1127 5302 1187 5343 se
1212 5289 1541 5354 doctrinam,
1573 5305 1639 5344 ex
1662 5307 1769 5359 quo

116 5390 178 5427 se
209 5378 606 5447 mancipavit
644 5378 774 5439 Deo,
810 5382 855 5434 si
882 5391 1062 5437 tamen
1093 5396 1157 5436 ex
1182 5386 1379 5455 animo
1417 5386 1766 5456 mancipavit,

116 5482 186 5519 cx
222 5483 296 5523 eo
325 5479 600 5525 sanctus
636 5470 887 5532 ellicitur.
925 5476 1032 5532 Sed
1080 5478 1168 5532 bie
1218 5477 1593 5534 sanctiﬁcatus
1638 5494 1767 5533 sau-

188 5626 245 5697 ‘f
272 5626 460 5681 Num.
494 5642 678 5691 xvm,
702 5628 756 5683 8.
834 5630 878 5663 “
908 5631 947 5686 II
982 5633 1109 5687 Cor,
1142 5649 1216 5697 ιγ,
1246 5634 1332 5688 13,

134 5696 179 5725 ’J
202 5695 393 5757 Hebr.
417 5715 495 5767 ll,
521 5700 634 5757 11.
696 5700 909 5759 MsJoan.
930 5704 1089 5769 3,36.

187 5813 313 5883 tu)
348 5813 554 5881 Luco,
599 5831 621 5863 ι
667 5813 852 5882 apicis,
893 5835 913 5869 ι
954 5815 1009 5872 in
1054 5831 1185 5873 mss.
1231 5816 1447 5886 legitur,
1485 5838 1503 5871 ι
1541 5819 1705 5877 modi.
1745 5842 1765 5876 ι

1408 5634 1492 5687 "l
1524 5634 1647 5689 Cor.
1678 5651 1711 5687 ν
1743 5649 1794 5695 et
1836 5640 1994 5699 Rom.
2028 5658 2086 5697 ιι.

1228 5703 1272 5736 ⁵⁷
1296 5703 1455 5758 Joan.
1501 5721 1634 5765 xvii.
1680 5709 1757 5764 19.

1864 5710 2089 5769 ⁸(Ξιιιιιι.
2146 5729 2196 5782 v,
2237 5715 2326 5770 22.
2404 5717 2448 5748 ιθ
2487 5703 2646 5772 llebr.
2696 5733 2748 5783 χ,
2785 5715 2874 5771 δι.
2917 5714 2996 5786 ,ιο
3034 5703 3160 5768 ιλιι(
3195 5730 3323 5782 un,
3361 5714 3453 5773 ει.

1871 4657 2134 4709 bonorum
2169 4669 2415 4708 meorum
2443 4669 2565 4707 cum
2596 4652 2791 4722 gaudio
2836 4653 3133 4706 sustineam
3164 4652 3231 4719 ",
3261 4660 3316 4706 et
3354 4651 3452 4706 tri-

1871 4747 2199 4812 bulationes,
2226 4747 2267 4800 si
2299 4758 2698 4816 paupertatem,
2730 4748 2775 4802 si
2806 4746 3237 4815 qualemcunque
3259 4756 3454 4800 contu-

1870 4840 2088 4894 nteliam
2121 4841 2362 4910 gaudens
2408 4839 2653 4903 tolerent,
2687 4848 2776 4892 est
2818 4837 2947 4891 mihi
2983 4845 3037 4891 ct
3067 4836 3169 4891 iste
3213 4837 3452 4890 secundo

1869 4932 1923 4985 in
1961 4932 2081 4987 loco
2115 4947 2183 4987 ex
2216 4932 2482 4986 fructibus
2535 4931 2781 5002 spiritus,
2819 4928 3026 4983 fructus
3075 4929 3281 4997 gaudii.
3312 4927 3449 4981 Nam

1866 5025 1909 5078 si
1941 5023 2205 5093 gaudeam
2237 5023 2304 5077 de
2338 5024 2498 5079 rebus
2528 5022 2730 5084 szeculi,
2762 5022 2829 5076 de
2861 5021 3182 5086 honoribus,
3216 5022 3281 5074 de
3315 5020 3455 5074 divit

1869 5117 1980 5181 tiis,
2014 5116 2147 5171 falsa
2196 5125 2322 5171 sunt
2367 5116 2580 5185 gaudia,
2631 5130 2699 5170 ex
2742 5116 3074 5172 vanitatibus
3131 5115 3453 5171 vanitatum.’

1876 5208 1934 5262 Si
1968 5223 2096 5264 vero
2132 5210 2184 5263 in
2219 5208 2373 5263 malis
2403 5210 2688 5279 gaudeam,
2717 5220 2774 5266 et
2811 5210 3077 5265 exsultent
3120 5209 3186 5263 de
3223 5208 3452 5262 aliorum

1876 5301 2070 5364 ruinis,
2106 5301 2206 5356 ista
2236 5302 2347 5372 jam
2387 5317 2493 5357 non
2539 5303 2713 5358 solum
2766 5319 2926 5370 vana,
2976 5306 3067 5359 sed
3100 5315 3156 5359 et
3187 5300 3451 5358 diabolica

1875 5393 2093 5462 gaudia,
2122 5394 2230 5448 imo
2257 5409 2354 5450 nec
2384 5398 2579 5466 gaudia
2623 5399 2950 5455 nominanda
2987 5408 3129 5452 sunt.
3164 5414 3185 5447 ι
3227 5394 3340 5449 Νοιι
3372 5400 3458 5447 est

1876 5484 2113 5554 gaudere
2144 5486 2343 5556 impiis,
2376 5487 2511 5543 dicit
2554 5487 2818 5551 Dominus
2848 5491 2915 5544 '°.
2954 5510 2972 5543 ι
3014 5490 3143 5545 Volo
3193 5490 3366 5544 adhuc
3400 5498 3457 5546 et

2164 5643 2209 5675 ’⁸³
2236 5643 2393 5700 Num.
2422 5646 2654 5706 xvm.9.
2786 5646 2830 5676 δ’
2862 5641 3030 5697 ιθνῖι.
3071 5657 3165 5706 XX,
3202 5640 3231 5693 7
3271 5648 3323 5694 οι
3359 5640 3449 5693 ἓῦ.
