3914 6536
466 355 576 413 655

467 475 633 528 alium
666 471 900 526 fructum
933 469 1115 541 gaudii
1167 467 1466 541 requirere,
1499 481 1608 526 into
1651 479 1706 526 et
1757 457 1890 524 alias
1934 474 2046 540 pri-
2077 477 2121 534 Α

466 564 648 620 mitias
680 562 1018 635 gaudiorum.
1047 562 1105 616 Si
1145 563 1406 632 gaudeam
1449 562 1502 616 in
1537 563 1701 618 verbo
1729 561 1964 628 Domini,
1998 563 2042 617 si

466 656 728 726 gaudeam
763 655 829 709 de
865 655 1092 709 scientia
1138 656 1519 726 mysteriorum
1554 654 1668 720 Dei,
1704 654 1750 709 si
1776 655 2043 725 gaudeam

465 749 608 818 quod
637 748 831 818 dignus
871 746 1091 801 habitus
1127 761 1244 800 sum
1298 746 1577 816 sapientia:
1618 746 1713 800 Dei
1755 754 1962 800 secreta
1991 755 2047 798 et

466 854 660 893 arcana
698 853 1041 910 cognoscere,
1082 838 1126 892 si
1157 839 1418 908 gaudeam
1449 838 1594 907 quod
1635 837 1840 893 relictis
1864 837 2041 892 omni-

466 931 566 985 bus
597 945 714 998 quae
751 937 876 983 sunt
910 929 962 983 in
995 929 1093 984 hoc
1125 931 1346 996 mundo,
1384 945 1490 984 non
1522 930 1697 984 solum
1736 929 2043 992 inutilibus,

467 1023 564 1074 sed
591 1028 647 1074 et
675 1018 914 1083 utilibus,
949 1034 1053 1073 non
1087 1018 1260 1074 solum
1291 1020 1464 1083 vanis,
1491 1021 1584 1074 sed
1613 1029 1668 1074 et
1698 1019 2042 1084 necessariis,

466 1110 566 1166 soli
594 1127 678 1167 me
700 1111 864 1166 verbo
892 1111 980 1168 Dei
1013 1121 1174 1182 atque
1201 1111 1321 1181 ejus
1352 1112 1629 1181 sapientia:
1655 1111 2040 1182 maneiparim;

468 1203 520 1256 in
562 1202 627 1256 iis
653 1201 906 1256 omnibus
949 1203 1102 1268 satis,
1146 1199 1303 1270 311
1358 1210 1416 1252 ut
1462 1208 1611 1268 puto,
1656 1208 1890 1267 acceptae
1936 1197 2044 1250 Deo

467 1293 720 1361 primitiae
753 1291 932 1360 gaudii
959 1290 1274 1345 oll'erentur.
1309 1289 1418 1345 Sed
1444 1299 1499 1344 et
1525 1290 1592 1345 de
1621 1290 1833 1345 caeteris
1860 1286 2046 1343 fructi-

468 1388 567 1440 bus
598 1385 819 1454 spiritus
850 1400 918 1440 ex
950 1385 1061 1439 otio
1094 1383 1385 1453 unicuique
1411 1397 1531 1452 quas
1577 1389 1882 1451 competunt
1915 1379 2041 1432 lice-

469 1478 546 1532 bit
575 1488 783 1548 aptare,
825 1492 890 1532 ne
925 1493 1022 1533 nos
1057 1493 1358 1533 sermonem
1395 1477 1545 1547 justo
1580 1475 1790 1545 longius
1831 1481 2044 1542 protra-

469 1570 682 1624 Iunius.

538 1687 592 1742 9.
625 1704 644 1737 ι
674 1685 736 1739 Et
765 1686 833 1740 ab
861 1686 1130 1752 omnibus,
1168 1684 1422 1754 inquit",
1447 1682 1762 1738 muneribus
1792 1695 2035 1737 eorum.»

469 1778 662 1831 Munus
688 1778 811 1846 quis
837 1776 1033 1830 obtulit
1063 1776 1192 1841 Deo,
1221 1783 1276 1829 et
1304 1789 1491 1829 rursus
1537 1788 1602 1827 ex
1633 1787 1860 1828 munere
1909 1771 2041 1827 offe-

469 1873 648 1925 rendae
677 1878 802 1924 sunt
827 1869 1082 1937 primitize
1115 1867 1376 1936 pontiﬁci.
1438 1864 1552 1921 Hoc
1603 1865 1656 1920 in
1697 1866 2038 1935 expositione

467 1960 763 2028 allegorica
803 1961 874 2013 ita
919 1961 1158 2014 arbitror
1189 1972 1346 2028 posse
1367 1970 1645 2014 constare.
1681 1957 1737 2013 Si
1774 1960 1894 2026 quis
1953 1959 2036 2012 vel

467 2054 746 2124 egentibus
778 2053 1086 2116 distribuat,
1111 2051 1192 2108 vel
1232 2051 1394 2106 faciat
1426 2051 1628 2119 aliquid
1663 2051 1786 2105 boni
1832 2051 2035 2120 operis,

465 2163 562 2217 pro
604 2146 858 2200 mandato
888 2161 1084 2200 munus
1115 2145 1310 2200 obtulit.
1359 2142 1492 2199 Deo.
1543 2142 1647 2198 Sed
1690 2158 1876 2197 rursus
1925 2141 2035 2214 (25)

467 2238 713 2294 numeris
744 2239 904 2294 oll'ert
939 2237 1240 2309 primitias,
1267 2239 1311 2292 si
1349 2251 1454 2291 non
1489 2234 1663 2291 solum
1690 2235 1861 2302 cibos,
1889 2237 2036 2292 verbi

464 2331 661 2402 gratia,
694 2333 778 2384 vel
806 2331 1091 2401 pecuniam
1118 2329 1401 2400 largiatur,
1434 2329 1527 2382 sed
1561 2338 1616 2383 et
1659 2327 1909 2384 allectum
1936 2328 2038 2380 iiii-

465 2422 678 2478 sereudi
717 2423 936 2483 habeat,
967 2431 1022 2477 et
1044 2420 1432 2489 compatieudi.
1466 2419 1579 2476 lloc
1609 2421 1752 2475 enim
1785 2429 1863 2474 est
1895 2419 2037 2489 quod

467 2515 693 2584 requirit
721 2514 789 2569 ab
831 2513 1049 2568 homine
1079 2513 1240 2576 Deus,
1265 2523 1322 2566 ut
1353 2528 1506 2568 mens
1547 2513 1661 2582 ipsa
1698 2513 1802 2582 piis
1847 2523 1902 2567 et
1939 2514 2039 2566 iiii-

465 2604 834 2663 scricordibus
869 2601 1140 2673 repleatur
1169 2613 1222 2657 et
1255 2603 1518 2658 formetur
1567 2603 1872 2659 allectibus.
1915 2622 1932 2654 ι
1975 2605 2037 2658 Et

465 2701 534 2753 ab
574 2695 826 2753 omnibus
869 2693 1332 2751 immolationibus
1393 2709 1604 2749 eorum.
1649 2715 1668 2746 ι
1734 2695 2039 2752 lmmolatio

467 2787 727 2859 spiritalis
749 2803 832 2844 ρει
875 2786 965 2842 illa
1007 2801 1171 2854 quam
1202 2785 1495 2852 legimus"
1535 2801 1548 2839 :
1587 2804 1606 2837 ι
1647 2785 1868 2840 lmmola
1930 2785 2038 2841 Deo

472 2884 806 2939 sacrilicium
838 2881 1036 2948 laudis,
1063 2891 1120 2935 et
1169 2881 1334 2936 redde
1366 2878 1649 2935 Altissimo
1676 2887 1802 2934 vota
1859 2886 1970 2933 tua.
2013 2897 2033 2930 ι

469 2977 713 3034 Laudare
739 2990 871 3045 ergo
907 2974 1098 3036 Deum,
1134 2983 1191 3028 et
1214 2982 1336 3028 vota
1363 2971 1629 3027 orationis
1653 2969 1870 3036 oﬂ'erre,
1929 2971 2037 3025 im-

469 3070 672 3125 uiolare
691 3078 774 3124 est
804 3067 932 3123 Deo.
958 3065 1064 3120 Sed
1092 3065 1252 3134 hujus
1282 3063 1674 3120 immolationis
1695 3063 1943 3135 primitia:
1962 3063 2036 3117 ita

1917 355 2240 415 ORIGENIS
3627 364 3720 421 C56

2713 472 2992 528 IIOMILIA
3039 465 3146 530 XII.

2527 564 2602 620 De
2649 574 2806 633 puteo
2850 574 2901 621 et
2953 567 3162 622 cantico
3206 571 3342 638 ejus.

2219 680 2267 733 1.
2309 677 2494 733 Lectio
2525 677 2681 733 nobis
2709 677 2875 745 putei,
2909 690 2964 734 et
2993 682 3191 738 cantici
3225 683 3372 754 quod
3435 683 3579 753 apud
3635 700 3720 752 pu-

2149 766 2730 833 teunicecinitlsrael,
2762 783 2827 822 ex
2882 768 3242 827 Numerorum
3290 773 3431 828 libro
3495 773 3718 828 recitata

2145 868 2248 923 est,
2276 873 2435 928 quam
2463 857 2656 920 solitis,
2691 857 2796 910 imo
2826 856 2966 914 forte
2998 869 3052 914 et
3083 862 3313 932 amplius
3366 863 3530 918 solito
3583 865 3720 917 vide-

2145 971 2266 1012 mus
2298 955 2597 1014 redundare
2631 954 2933 1030 mysteriis.
2977 960 3070 1014 Ait
3099 959 3242 1014 enim
3268 960 3314 991 “
3351 977 3364 1012 :
3414 979 3435 1010 ‹
3471 960 3537 1014 Et
3593 961 3719 1014 bibit

2145 1047 2210 1102 de
2244 1056 2401 1117 puteo
2430 1049 2680 1118 populus.
2718 1051 2817 1108 Hic
2849 1057 2932 1107 est
2955 1061 3172 1121 puteus,
3216 1067 3377 1120 quem
3430 1053 3574 1104 dixit
3624 1050 3718 1106 Do-

2145 1137 2324 1194 minus
2354 1141 2419 1193 ad
2448 1141 2666 1212 Moysen
2700 1159 2713 1195 :
2741 1141 3019 1214 Congrega
3059 1143 3340 1212 populum,
3369 1155 3422 1199 et
3473 1145 3618 1199 dabo
3646 1145 3717 1198 eis

2145 1245 2339 1300 aquam
2367 1233 2577 1288 bibere.
2621 1253 2640 1286 ι
2709 1235 2818 1290 Sed
2872 1235 2926 1290 in
2976 1233 3060 1288 liis
3107 1236 3268 1290 dictis
3327 1252 3436 1290 non
3498 1236 3715 1289 multum

2144 1323 2276 1378 mihi
2305 1323 2442 1393 juris
2469 1325 2682 1380 videtur
2712 1327 2971 1382 historica
3027 1328 3205 1383 littera
3245 1328 3552 1396 possidere.
3589 1327 3717 1393 Quid

2143 1423 2225 1470 est
2249 1416 2395 1469 enim
2433 1417 2576 1486 quod
2606 1433 2938 1488 magnopere
2977 1421 3235 1490 przecepit
3268 1421 3532 1474 Dominus
3558 1417 3717 1490 Moysi

2142 1506 2399 1578 populum
2427 1523 2781 1578 congregare,
2821 1519 2878 1563 ut
2911 1510 3001 1563 det
3058 1511 3140 1564 eis
3185 1524 3381 1579 aquam
3434 1510 3505 1562 de
3565 1520 3718 1575 puteo

2142 1597 2371 1654 bibere?
2396 1599 2550 1669 quasi
2577 1615 2705 1652 vero
2727 1614 2832 1653 non
2861 1599 3022 1653 etiam
3050 1610 3242 1668 sponte
3265 1598 3503 1667 pepulus
3533 1596 3720 1650 bibes.

2143 1689 2196 1742 di
2222 1689 2393 1759 gratia
2424 1689 2741 1744 convenerit
2769 1690 2834 1743 ad
2883 1699 3125 1758 puteum.
3173 1688 3315 1754 Quid
3350 1701 3491 1755 ergo
3547 1695 3722 1738 tauto-

2146 1794 2272 1850 pere
2302 1781 2574 1850 prophetae
2603 1781 2934 1849 pr:ecipitur,
2965 1791 3021 1835 ut
3051 1779 3270 1850 proprio
3329 1777 3518 1832 studio
3553 1785 3610 1829 et
3654 1776 3723 1827 la-

2145 1871 2275 1926 bore
2325 1882 2619 1943 congreget
2683 1874 2941 1944 populum
3017 1875 3084 1928 ad
3149 1870 3515 1928 hauriendam
3583 1868 3721 1937 putei

2145 1978 2338 2032 aquam
2364 1963 2386 2016 ?
2414 1963 2570 2019 Unde
2607 1965 2787 2019 vilitas
2821 1963 2935 2035 (26)
2983 1963 3182 2018 littera:
3209 1963 3274 2018 ad
3322 1960 3720 2030 preliositatein

2145 2071 2244 2110 nos
2276 2056 2539 2124 spiritalis
2564 2057 2788 2110 remittit
2824 2055 3222 2127 intelligentiae.
3271 2054 3342 2109 Et
3372 2053 3499 2107 ideo
3526 2067 3722 2106 conve-

2145 2147 2299 2200 niens
2316 2156 2446 2216 puto
2475 2147 2638 2201 etiam
2672 2147 2739 2202 de
2773 2147 2899 2201 aliis
2933 2145 3235 2214 Scriptum
3260 2144 3401 2199 locis
3431 2151 3717 2214 puteorum

2143 2251 2476 2308 congregare
2514 2238 2794 2309 mysteria,
2827 2248 2879 2293 ut
2907 2253 2972 2292 ex
3013 2237 3428 2307 comparatione
3452 2235 3717 2304 plurimo-

2145 2346 2286 2397 rum,
2312 2332 2354 2384 si
2385 2331 2513 2402 quid
2555 2345 2794 2400 praesens
2823 2345 3004 2386 sermo
3039 2328 3396 2385 obscuritatis
3451 2327 3712 2388 continet,

2145 2423 2433 2478 eluccscat.
2472 2423 2563 2477 Ait
2595 2437 2724 2494 ergo
2750 2423 2974 2493 Spiritus
3006 2422 3096 2477 Dei
3144 2435 3240 2492 per
3286 2418 3644 2474 Salomonem
3671 2417 3714 2469 in

2145 2515 2456 2572 Proverbiis
2494 2517 2540 2548 ⁸⁵
2567 2531 2580 2567 :
2617 2533 2635 2567 ι
2669 2514 2799 2571 Bibe
2825 2529 2999 2584 aquas
3024 2515 3090 2569 de
3121 2513 3229 2569 tuis
3257 2513 3407 2567 vasis
3438 2521 3495 2566 et
3527 2512 3597 2564 de
3635 2524 3716 2578 pu-

2148 2609 2354 2665 teorum
2381 2619 2597 2663 tuorum
2628 2607 2798 2672 fonte,
2826 2617 2880 2662 et
2920 2623 3024 2663 non
3057 2603 3585 2676 supereﬂ‘undantur
3612 2601 3712 2668 (27)

2147 2702 2239 2756 tibi
2283 2715 2437 2770 aqua:
2463 2707 2618 2756 extra
2647 2708 2800 2754 tuum
2834 2697 3064 2754 fontem.
3097 2715 3116 2750 ι
3171 2695 3438 2762 Quamvis
3488 2694 3544 2748 in
3606 2693 3712 2745 aliis

2144 2793 2546 2863 exemplaribus
2569 2793 2904 2864 legerimus:
2937 2793 3034 2846 «Et
3055 2789 3407 2846 effundantur
3439 2786 3539 2840 tibi
3571 2799 3711 2854 aqua!

2145 2897 2298 2944 extra
2323 2896 2471 2940 tuum
2501 2884 2726 2940 fontem.
2766 2902 2786 2937 ι
2828 2884 2996 2953 Aqua?
3047 2893 3148 2936 tuae
3199 2880 3309 2936 sint
3349 2879 3447 2933 tibi
3503 2878 3626 2938 soli,
3666 2891 3713 2929 ei

2147 2991 2307 3033 nemo
2327 2976 2537 3032 alienus
2562 2975 2850 3046 participet
2879 2989 2945 3030 ex
2983 2974 3083 3028 eis.
3111 2971 3283 3027 liabet
3310 2985 3444 3039 ergo
3467 2969 3552 3038 (ιιι
3581 2968 3631 3019 in
3657 2968 3714 3022 iis

2146 3067 2487 3140 designatur)
2517 3067 2895 3136 unusquisque
2916 3050 3162 3120 nostrum
3193 3063 3247 3116 in
3273 3060 3575 3130 semetipso
3625 3075 3712 3126 pu-

468 3174 560 3230 pCl'
576 3158 886 3229 νοιιιὶῡςριιι
907 3156 1226 3221 οΙΙόιοιιιυΓ,
1243 3157 1287 3210 εἰ
1309 3169 1411 3210 non
1425 3153 1596 3208 solum
1614 3153 1792 3209 verbis
1809 3161 1864 3208 οι
1886 3167 2038 3218 νορθ,
2064 3173 2113 3236 c
2149 3172 2318 3218 leum.
2347 3161 2460 3215 [mo
2483 3168 2538 3215 ει
2560 3157 2763 3228 ahquid
2785 3155 3017 3226 amplius
3041 3155 3302 3217 dicemus,
3350 3151 3713 3221 unusquisque

467 3251 561 3308 sed
585 3263 638 3306 et
670 3259 855 3304 mcutc
876 3261 1096 3303 oremus
1124 3255 1178 3301 et
1203 3246 1389 3307 corde,
1417 3243 1715 3300 secundum
1733 3243 1874 3312 quod
1893 3253 1948 3298 et
1966 3243 2038 3295 A-

470 3345 712 3414 postolus
739 3340 971 3396 monet"
1003 3357 1016 3394 :
1044 3335 1254 3393 tOrabo
1281 3335 1500 3406 spiritu,
1527 3335 1695 3390 orabo
1721 3342 1777 3389 et
1813 3341 1995 3388 mente
2021 3350 2036 3386 :

472 3437 737 3504 t-Sahnnm
774 3435 950 3488 dicam
973 3432 1190 3502 spiritu,
1235 3429 1502 3499 psalmum
1527 3427 1706 3482 dicam
1733 3429 2030 3481 etmente.»

467 3529 741 3581 Assistuiit
766 3539 909 3579 enim
946 3533 1000 3577 et
1033 3535 1175 3576 nunc
1209 3518 1384 3588 angeli
1423 3517 1515 3572 Dei
1546 3515 1782 3572 cultores
1811 3524 1866 3571 et
1899 3515 2043 3584 agri-

468 3622 597 3675 (οἰκ
651 3620 834 3673 cordis
868 3617 1062 3680 nostri,
1093 3624 1146 3670 ct
1170 3613 1453 3683 requirunt
1477 3609 1520 3664 si
1547 3618 1631 3664 est
1662 3608 1714 3662 in
1741 3607 1920 3677 aliquo
1945 3621 2042 3661 no-

466 3720 642 3764 strum
677 3706 1052 3777 hujuscemodi
1075 3721 1229 3759 mens
1250 3714 1354 3758 tant
1370 3701 1627 3763 sollicita,
1666 3709 1773 3752 tam
1811 3698 2039 3762 intenta,

465 3813 587 3870 qum
608 3800 831 3854 verbum
852 3797 944 3852 Dei
966 3807 1219 3865 tauquam
1251 3808 1433 3849 semen
1463 3792 1704 3845 divinum
1738 3799 1846 3842 tota
1875 3788 2046 3841 avidi-

471 3904 581 3946 tate
630 3889 932 3958 susceperit
959 3929 975 3952 ,
1007 3889 1053 3944 si
1087 3888 1318 3942 lructum
1345 3887 1528 3940 statim
1559 3893 1617 3937 ιιι
1647 3885 1714 3938 ad
1739 3882 2043 3938 orationem

469 3983 746 4053 surgimus
773 3979 1103 4045 ostenderit,
1126 3979 1177 4034 id
1205 3987 1307 4040 est,
1327 3977 1370 4032 si
1391 3976 1632 4033 collectis
1652 3984 1708 4030 et
1739 3987 2010 4044 congrega
2028 4003 2042 4014 -

473 4075 711 4130 tisintra
753 4085 812 4128 se
833 4069 1084 4128 sensibus
1114 4077 1234 4124 oret
1283 4067 1472 4133 Deum,
1533 4067 1579 4121 si
1627 4081 1732 4121 non
1787 4074 2048 4135 evagetur

472 4176 677 4226 :ncute.
704 4174 760 4220 et
794 4160 1214 4233 cogitationibus
1241 4158 1440 4224 cvolet,
1485 4158 1557 4212 ita
1587 4166 1645 4211 ut
1678 4170 1906 4227 corpore
1930 4156 2046 4224 qui-

473 4259 596 4313 dem
630 4257 682 4310 in
713 4255 964 4311 oratione
985 4260 1262 4314 curvetur,
1295 4248 1548 4308 sensibus
1579 4255 1761 4303 autem
1819 4261 1916 4316 per
1964 4247 2047 4301 di-

475 4361 630 4402 versa
673 4348 963 4401 discurrat.
992 4342 1047 4398 Si
1079 4341 1218 4412 quis,
1269 4341 1528 4409 inquam,
1558 4338 1823 4392 intentam
1873 4343 1927 4389 et
1968 4333 2046 4388 di-

476 4451 683 4495 rectam
721 4431 1622 4496 senseritobsecrationemsuam,
1651 4435 1707 4484 et
1761 4426 1892 4496 ipsis
1948 4424 2043 4479 Dei

2143 3262 2385 3310 nostrum
2423 3252 2589 3307 habet
2618 3266 2723 3307 non
2753 3259 2977 3322 puteum
3009 3248 3200 3310 tinum,
3227 3246 3322 3300 sed
3348 3254 3547 3314 puteos
3587 3241 3711 3298 mul-

2143 3357 2248 3411 tos,
2276 3353 2329 3399 et
2359 3359 2463 3399 non
2492 3357 2655 3398 unum
2680 3355 2776 3394 vas
2801 3354 2977 3409 aqua},
3026 3337 3120 3392 sed
3145 3350 3305 3390 .vasa
3357 3333 3553 3389 multa.
3605 3332 3708 3386 No

2142 3436 2288 3496 enim
2312 3434 2472 3498 dixit,
2507 3451 2526 3485 ι
2561 3431 2683 3486 bibe
2709 3443 2882 3500 aquas
2909 3446 2928 3480 ι
2957 3427 3024 3482 de
3056 3436 3147 3480 tuo
3169 3439 3319 3490 vase,
3348 3423 3445 3478 sed
3474 3440 3492 3474 ι
3526 3424 3591 3478 de
3618 3423 3710 3475 tuis

2145 3527 2320 3580 vasis:
2355 3544 2373 3578 ι
2401 3533 2458 3579 et
2490 3537 2595 3576 non
2621 3521 2778 3586 dixit,
2810 3527 2864 3572 et
2886 3516 2955 3570 de
2978 3516 3122 3585 putei
3145 3516 3220 3569 ttii
3251 3513 3430 3576 fonte,
3460 3513 3556 3568 sed
3591 3530 3610 3563 ι
3654 3511 3711 3564 de

2143 3628 2430 3690 puteorum
2457 3623 2670 3671 tuorum
2714 3612 2883 3668 fonte.
2922 3628 2943 3661 ι
2989 3607 3242 3678 Legimus
3267 3607 3316 3638 "
3368 3605 3626 3660 habuisse
3662 3611 3710 3658 et

2145 3713 2483 3783 patriarchas
2534 3719 2772 3779 puteos;
2827 3704 3015 3760 habuit
3072 3703 3381 3762 Abraham,
3428 3700 3614 3754 habuit
3662 3705 3711 3748 et

2144 3805 2314 3862 Isaac.
2344 3803 2484 3858 Puto
2513 3810 2695 3855 autem
2723 3797 2976 3852 habuisse
2997 3805 3052 3850 et
3075 3793 3262 3850 ὅποι).
3289 3793 3356 3848 Ει
3377 3793 3449 3847 ab
3487 3792 3607 3847 istis
3631 3807 3713 3860 po-

2148 3896 2252 3952 teis
2266 3902 2482 3962 sumpto
2503 3889 2681 3954 initio,
2703 3899 2963 3956 percurre
2986 3899 3203 3940 omnem
3229 3883 3595 3952 Scripturam,
3626 3896 3712 3950 pn-

2147 3997 2265 4044 teos
2290 3986 2602 4055 requirens,
2631 3990 2684 4035 et
2724 3977 2948 4048 perveni
2984 3990 3156 4046 usque
3189 3975 3255 4030 ad
3305 3973 3613 4044 Evangelia,
3665 3981 3712 4024 et

2148 4081 2219 4136 ibi
2249 4077 2494 4134 invenies
2535 4083 2756 4144 puteum
2805 4081 2969 4138 supra
3017 4081 3182 4136 quem
3235 4065 3493 4122 Salvator
3541 4071 3712 4118 noster

2147 4170 2369 4227 sedebat
2395 4168 2739 4238 requiescens
2768 4170 2888 4232 post
2910 4162 3119 4216 itineris
3141 4159 3409 4221 laborem,
3442 4169 3568 4210 tunc
3600 4172 3710 4207 rum

2148 4264 2399 4317 veniente
2441 4258 2671 4312 muliere
2711 4254 3080 4313 Samaritana.
3113 4259 3168 4304 et
3220 4249 3440 4304 volente
3491 4249 3697 4300 haurire

2151 4370 2346 4425 aquam
2377 4353 2445 4409 de
2475 4359 2658 4422 puteo,
2683 4365 2805 4419 quae
2829 4354 2974 4402 esset
3017 4346 3068 4398 in
3109 4341 3411 4412 Scripturis
3449 4340 3594 4408 putei
3640 4336 3712 4389 vel

2149 4459 2437 4520 puteorum
2461 4445 2635 4498 virtus
2660 4443 2970 4513 exponitur,
3000 4445 3055 4494 et
3094 4438 3437 4504 comparatio
3468 4436 3530 4487 lit
3561 4446 3715 4500 aqua-

474 4530 874 4599 conspectibus.
905 4536 1066 4596 atque
1093 4523 1350 4579 inelIahili
1388 4520 1578 4576 lumini
1609 4535 1668 4574 se
1711 4516 2045 4572 intellexerit
2075 4537 2126 4594 ι)
2151 4516 2296 4602 ium,
2323 4535 2416 4590 ubi
2444 4543 2500 4588 et
2523 4533 2689 4588 divini
2714 4530 2961 4603 mysterii
2989 4527 3302 4597 pandum“,
3328 4539 3555 4578 "una.
3581 4521 3717 4574 Dici-

473 4620 841 4687 assistcuteni,
892 4618 1073 4686 ibique
1133 4615 1446 4680 orationes,
1506 4619 1560 4668 et
1613 4607 2044 4674 obsecrationes,

473 4710 970 4782 postulationesque
997 4717 1052 4762 et
1077 4707 1374 4780 gratiarum
1440 4702 1687 4756 actiones
1727 4714 1859 4754 suas
1915 4713 2048 4768 pro-

475 4802 699 4864 fuderit,
730 4799 925 4855 nullius
959 4798 1302 4855 extrinsecus
1370 4793 1664 4866 phantasia:
1717 4789 2046 4847 sollicitatus

476 4894 711 4962 imagine
743 4891 869 4948 :hic
904 4906 962 4947 se
1008 4891 1222 4946 noverit
1258 4903 1353 4958 per
1397 4885 1650 4954 angelum
1696 4883 1789 4953 qui
1839 4880 2048 4936 assistit

477 4983 665 5049 altari,
707 4982 974 5039 obtulisse
1019 4978 1409 5035 immolationis
1453 4992 1562 5032 suae
1604 4974 1876 5046 primitias
1919 4987 2055 5042 pon-

473 5074 609 5132 tilici
651 5089 845 5145 magno
879 5084 934 5129 et
966 5088 1116 5137 vero,
1153 5071 1372 5126 Christo
1399 5069 1526 5124 Jesu
1572 5067 1799 5121 Domino
1837 5075 2046 5129 nostro,

473 5169 658 5223 cuiest
691 5165 861 5236 gloria
900 5174 955 5220 et
1004 5165 1290 5234 imperium
1341 5163 1394 5216 in
1444 5159 1644 5216 szecula
1701 5156 2044 5214 saeculorum.

471 5261 666 5315 Arnen.

542 5466 586 5497 ⁸¹
611 5463 767 5518 Num.
796 5477 948 5526 xvttr,
982 5460 1034 5514 9.
1114 5460 1160 5491 ⁸¹
1190 5459 1337 5513 Psal.
1368 5472 1514 5519 sua,
1541 5455 1629 5526 ιι.

470 5550 572 5592 xm
606 5546 659 5588 et
705 5548 854 5588 xxvt.
957 5529 999 5561 ⁸⁷
1024 5527 1179 5585 Joan.
1218 5544 1293 5593 tv,
1320 5528 1408 5581 Η.
1514 5526 1558 5558 ³⁸
1587 5525 1744 5581 Joan.
1777 5541 1869 5588 vri,
1908 5526 1998 5581 58.

545 5627 658 5709 (ἐξ)
689 5626 870 5681 Codex
901 5623 1273 5687 Belvacensis,
1306 5641 1324 5674 ι
1357 5635 1562 5675 rursus.
1597 5639 1616 5672 ι
1659 5618 1814 5674 Libb.
1865 5619 2000 5676 editi
2027 5661 2041 5686 ,

477 5713 500 5754 ί
533 5700 870 5836 ’ἓξὲξδὶξιάιι
929 5762 1317 5836 Ebroiecusis,
1371 5760 1720 5836 Carnoteiisis
1770 5769 1822 5814 et
1873 5759 2048 5815 sancti

477 5830 822 5900 Theoderici,
853 5854 871 5888 ι
904 5836 1104 5890 vilitas.
1153 5851 1174 5886 ι
1214 5833 1384 5901 Alias,
1422 5851 1440 5885 ι
1475 5830 1772 5886 humilitas.
1820 5848 1840 5882 ι

1711 5455 1754 5488 ⁵³
1783 5455 1798 5508 l
1828 5455 1967 5528 (Ξοζ.Δ
2007 5475 2122 5528 xiv,
2156 5458 2243 5515 15.

2155 4639 2244 4684 tur
2280 4627 2425 4683 enim
2454 4625 2579 4695 quia
2611 4625 2657 4680 si
2706 4624 2828 4693 quis
2856 4621 3004 4676 bibat.
3034 4633 3098 4674 ex
3127 4619 3194 4672 iis
3223 4617 3405 4686 aquis,
3438 4629 3576 4684 quas
3594 4629 3718 4668 con-

2156 4720 2365 4776 tinebat
2393 4726 2586 4788 puteus
2615 4715 2704 4769 ille
2738 4725 3011 4775 terrenus,
3050 4710 3200 4764 sitiet
3229 4723 3482 4770 rursum;
3522 4706 3611 4776 qui
3635 4719 3721 4754 au-

2154 4823 2262 4870 tem
2283 4827 2353 4868 ex
2380 4810 2486 4865 illis
2515 4808 2895 4876 biberit,quas
2931 4802 3223 4864 datJesus,
3256 4820 3276 4853 ι
3312 4801 3475 4856 lietin
3516 4814 3582 4853 eo
3609 4799 3720 4850 fons

2158 4917 2312 4974 aquae
2331 4900 2576 4956 salientis
2603 4899 2656 4952 in
2687 4899 2851 4951 vitam
2882 4906 3141 4951 aeternam
3159 4895 3227 4948 ⁸⁷.
3277 4912 3297 4946 ι
3331 4892 3388 4946 In
3416 4891 3527 4944 alio
3552 4901 3720 4944 autem

2152 4993 2438 5063 Evangelii
2462 4991 2578 5046 loco
2599 4988 2711 5057 jam
2741 5003 2848 5043 non
2882 4987 3024 5048 fons,
3051 4999 3227 5054 neque
3250 4993 3471 5055 puteus,
3501 4981 3594 5034 sed
3618 4993 3724 5032 arn-

2151 5087 2292 5158 plius
2313 5083 2515 5155 aliquid
2541 5083 2758 5138 dicitur.
2799 5099 2816 5132 ι
2846 5077 2946 5146 Qui
2977 5077 3173 5142 credit,
3199 5075 3375 5145 inquit
3390 5074 3458 5139 ⁸⁸,
3493 5073 3548 5126 in
3580 5083 3720 5130 eum,

2153 5180 2298 5234 sicut
2329 5176 2613 5246 Scriptura
2639 5173 2796 5236 dicit,
2829 5173 3056 5227 ﬂumina
3096 5171 3163 5226 de
3187 5179 3379 5224 ventre
3405 5166 3526 5236 ejus
3566 5163 3724 5219 ﬂuent
3746 5225 3758 5238 .

2153 5285 2309 5340 aqua:
2339 5270 2490 5323 vivae.
2540 5286 2558 5319 ι
2597 5266 2756 5321 Vides
2781 5280 2912 5336 ergo
2941 5264 3067 5334 quia
3113 5262 3208 5332 qui
3271 5259 3446 5314 credit
3489 5259 3541 5311 in
3578 5270 3717 5313 eum,

2155 5378 2261 5418 non
2287 5361 2461 5417 solum
2494 5368 2742 5428 puteum,
2769 5358 2932 5411 sedet
2959 5365 3172 5425 puteos,
3202 5362 3258 5407 et
3279 5367 3385 5405 non
3414 5348 3583 5404 solum
3604 5344 3719 5397 fon-

2345 5455 2391 5489 ”
2431 5454 2589 5509 Num.
2620 5469 2735 5519 χιιι,
2777 5452 2866 5507 16.
2971 5450 3018 5481 ⁵⁵
3046 5447 3209 5504 Prov.
3245 5462 3300 5512 v,
3328 5446 3416 5500 l5.
3517 5438 3710 5494 “Gen.

2225 5615 2337 5688 (‘27)
2377 5614 2561 5688 Codex
2583 5608 2958 5688 Carnoteri_s_is,
2987 5625 3016 5688 ι.
3045 5602 3457 5688 supercﬂluant.

2152 5672 2278 5758 post
2306 5672 2360 5740 in
2388 5684 2573 5739 codice
2599 5681 2779 5758 sancti
2829 5672 3168 5758 Theudorici
3199 5673 3570 5758 desiderantur

2155 5743 2319 5811 'vei'ba
2357 5773 2369 5807 :
2402 5773 2420 5806 ι
2451 5753 2701 5823 quamvis
2726 5752 2776 5803 in
2809 5749 2928 5802 aliis
2959 5746 3361 5823 exemplaribus
3392 5743 3664 5807 legerimus
3687 5748 3701 5760 '

2153 5840 2206 5883 c‘.
2227 5815 2572 5882 cllundaritur
2592 5822 2681 5877 tibi
2703 5837 2856 5888 aqua:
2885 5827 3038 5875 extra
3062 5828 3213 5871 tuum
3244 5815 3453 5870 fotttem.
3471 5828 3489 5861 ι
