3914 6514
161 440 267 497 657

1325 426 1391 481 IN
1428 422 1762 481 NITMEROS
1796 420 2083 478 IIOMIHA
2126 412 2236 470 XII.

3294 394 3399 448 658

163 568 269 623 tes,
302 555 396 611 sed
417 564 473 610 et
512 554 732 609 fhuuiua
760 553 919 607 habet
947 550 1087 605 intra
1119 564 1202 605 se.
1229 548 1430 603 Fontes
1473 556 1649 600 autem
1681 555 1734 599 et
1762 548 1810 604 Α
1839 538 2233 599 nerationibus,
2270 542 2417 588 recte
2442 529 2634 586 horum
2666 526 2895 583 scientia
2934 520 3076 591 putri
3142 517 3397 620 appellati

158 646 405 711 ﬂumina,
438 662 541 700 non
572 660 690 715 quae
717 644 826 715 (28)
854 644 1011 699 islam
1039 640 1318 697 mortalem
1353 626 1513 710 312
1562 639 1726 692 vitam

159 739 424 802 solentur,
454 736 546 792 sed
570 750 689 804 quae
716 744 976 789 aeternam
1005 733 1303 788 conferant.
1338 730 1506 800 Igitur
1535 745 1730 785 secun-

161 832 288 883 dum
312 843 373 882 ea
409 843 527 897 qum
555 828 606 881 itt
637 826 944 881 Proverbiis
977 825 1178 893 scripta
1206 822 1609 891 proposuimus,
1638 819 1731 873 ttbi

162 918 313 987 putei
351 917 511 972 simul
564 933 685 970 cum
741 916 890 972 fonte
948 916 1314 979 nominantur,
1358 910 1731 980 accipiendum

162 1022 249 1064 est
274 1013 495 1064 verbum
532 1009 644 1063 Dei.
674 1008 871 1062 Puteus
916 1007 1136 1076 quidem
1164 1007 1206 1059 si
1250 1002 1501 1074 profundi
1533 999 1731 1070 aliquid

164 1103 409 1173 mysterii
436 1102 587 1170 tegit,
615 1100 735 1153 fons
769 1108 949 1153 autem
972 1098 1015 1153 si
1045 1098 1113 1151 ad
1145 1096 1374 1167 populos
1406 1094 1644 1148 abundat
1679 1100 1733 1146 et

162 1196 355 1249 eflluit.
383 1195 488 1250 Sed
521 1208 623 1246 non
669 1192 849 1247 otiose
890 1189 1274 1259 requirendum
1326 1196 1410 1243 est
1464 1184 1734 1255 quomodo

160 1290 439 1358 possimus
462 1284 723 1356 pluralem
754 1297 1037 1337 numerum
1073 1281 1138 1333 de
1166 1280 1342 1349 puteis
1364 1293 1656 1347 exponere,
1679 1285 1734 1331 et

162 1380 497 1447 singularem
539 1377 605 1432 de
634 1375 804 1439 fonte,
830 1373 953 1443 quia
1004 1373 1056 1425 in
1098 1369 1412 1423 Proverbiis
1460 1367 1591 1421 dicit
1637 1366 1736 1420 Sa-

161 1473 371 1544 pientia
423 1472 466 1503 ⁸³
522 1492 533 1524 :
600 1488 618 1521 ι
668 1468 797 1522 Bibe
858 1479 1028 1534 aquas
1085 1463 1151 1516 de
1193 1470 1476 1531 puteorum
1521 1468 1733 1513 tuorum

162 1567 341 1619 fonte.
382 1583 400 1615 ι
444 1560 731 1616 Videamus
772 1574 901 1627 ergo
947 1570 1176 1626 quorum
1229 1563 1511 1623 puteorum
1569 1567 1734 1605 unum

159 1655 363 1710 dixerit
392 1653 613 1708 fontem.
651 1651 761 1720 Ego
789 1660 917 1719 puto
949 1646 1090 1716 quod
1113 1642 1336 1697 scientia
1375 1640 1592 1710 ingeniti
1616 1628 1737 1692 Pa-

162 1751 289 1811 tris,
320 1763 460 1802 unus
484 1746 653 1815 possit
683 1742 905 1811 intelligi
956 1750 1145 1809 puteus
1171 1777 1186 1802 ,
1228 1734 1322 1790 sed
1367 1742 1420 1786 et
1475 1731 1735 1800 unigeniti

159 1835 288 1891 Filii
314 1835 429 1905 ejus
449 1832 672 1902 agnitio,
700 1830 841 1884 alius
863 1839 1056 1898 puteus
1080 1825 1303 1894 intelligi
1335 1821 1547 1877 debeat.
1585 1821 1738 1876 Alius

1832 642 1957 688 sunt
1992 644 2007 683 :
2040 643 2159 684 cum
2187 635 2366 681 autem
2390 624 2528 677 sicut
2562 618 2764 673 Paulus
2787 617 2917 670 dicit.
2941 615 3007 679 “,
3051 609 3397 667 credentibus

1837 743 1856 776 ι
1896 717 2257 778 manifestat-it
2288 716 2431 769 Deus
2477 728 2575 784 per
2594 709 2855 779 Spiritum
2887 721 3065 769 suutn,
3104 704 3133 755 t‘
3167 700 3417 775 efﬁcis-no}

1834 827 1920 870 tur
1945 816 2056 868 hate
2080 810 2260 865 omnia
2289 809 2483 867 fontes,
2511 814 2565 859 et
2597 804 2815 857 ﬂumina
2844 817 2858 853 :
2894 808 2950 853 ttt
2992 798 3103 867 jam
3159 809 3264 849 non
3319 793 3393 845 ita

1834 905 2100 960 habeatur
2131 904 2182 956 in
2212 900 2426 956 occulto
2456 898 2651 952 horum
2687 892 2938 955 scientia,
2966 889 3061 945 sed
3090 885 3400 957 proferatur

1834 996 1900 1050 ad
1927 994 2143 1059 multos,
2183 1002 2237 1047 et
2276 992 2415 1063 riget
2474 988 2758 1043 credentes
2812 999 2873 1037 ac
2930 981 3113 1035 saliet.
3162 976 3229 1031 Et
3278 976 3402 1030 ideo

1837 1088 2028 1153 credo,
2054 1086 2304 1141 Salvator
2337 1082 2547 1137 dicebat
2577 1079 2641 1131 ad
2669 1074 2957 1143 discipulos
2974 1086 3122 1134 suos,
3153 1068 3276 1138 quia
3309 1066 3398 1135 qui

1834 1178 2006 1234 credit
2048 1178 2100 1230 in
2131 1190 2279 1241 eunt,
2300 1181 2354 1227 et
2377 1186 2573 1241 aquam
2600 1166 2861 1221 doctrinae
2898 1162 3015 1231 ejus
3039 1159 3257 1223 biberit,
3288 1173 3398 1214 non

1831 1270 1941 1340 jam
1973 1278 2193 1337 puteus,
2218 1280 2316 1318 nec
2340 1262 2480 1325 fons,
2511 1260 2604 1314 sed
2634 1259 2763 1311 flent
2798 1256 2850 1309 in
2886 1269 2952 1309 eo
2979 1252 3196 1307 lluntina
3250 1263 3402 1318 aqua:

1835 1361 1971 1414 viva:
1998 1359 2063 1416 “.
2098 1359 2249 1413 Sicut
2277 1355 2422 1409 enim
2454 1368 2592 1406 unus
2619 1350 2722 1405 iste
2750 1355 2959 1417 puteus.
2988 1344 3078 1412 qui
3108 1351 3189 1395 est
3220 1352 3397 1394 sermo

1838 1453 1951 1515 Dei,
1976 1450 2207 1505 edicitur
2232 1448 2398 1518 putei,
2429 1455 2483 1498 et
2512 1442 2705 1505 fontes,
2748 1444 2801 1493 et
2833 1435 3049 1491 flumina
3085 1433 3397 1487 innumera-

1836 1550 1967 1606 bilia
2001 1566 2015 1600 :
2048 1548 2120 1600 ita
2142 1556 2194 1599 et
2216 1544 2394 1597 anima
2426 1538 2682 1598 hominis,
2707 1550 2824 1603 quae
2849 1535 2915 1586 ad
2959 1529 3248 1598 imaginem
3304 1522 3401 1577 Dei

1840 1640 1952 1713 (29)
1979 1640 2118 1693 facta
2155 1646 2260 1699 est,
2291 1643 2466 1705 potest
2494 1632 2546 1684 in
2570 1645 2627 1685 se
2662 1628 2882 1691 habere,
2907 1632 2961 1680 et
2993 1620 3297 1692 producere
3329 1618 3413 1669 ex‘

1840 1710 1918 1795 se,
1950 1740 2001 1784 et
2031 1737 2242 1798 puteos,
2276 1733 2330 1779 et
2356 1722 2555 1783 fontes,
2592 1727 2649 1773 et
2689 1713 2931 1769 flumina.
2968 1710 3074 1766 Sed
3126 1716 3181 1763 et
3212 1717 3400 1759 revera

1841 1823 1985 1891 putei
2014 1820 2102 1888 qui
2133 1826 2259 1872 sunt
2283 1815 2336 1869 itt
2386 1814 2565 1867 anima
2594 1819 2776 1864 nostra
2821 1806 3065 1871 indigent
3117 1799 3400 1855 fodiente:

159 1881 185 1891 ⁵
214 1881 288 1889 ····
317 1881 428 1905 Ἴτ’-
450 1881 672 1902 νυ---ηνι
703 1881 834 1884 -ί-ε““
865 1881 876 1898 ι
909 1881 913 1882 ν
943 1881 952 1883 ~
1256 1881 1285 1894 ν
1844 1881 1855 1891 .
2032 1881 2043 1888 .

158 1928 311 1980 enim
340 1941 367 1978 a
393 1925 552 1978 Patre
574 1923 763 1986 Filius,
786 1931 967 1975 etnon
993 1920 1133 1973 idem
1165 1916 1336 1970 Filius
1359 1912 1446 1980 qui
1474 1922 1526 1966 et
1556 1912 1735 1975 Pater,
1770 1881 1812 1935 Β
1839 1913 2035 1966 debent
2062 1908 2205 1964 enim
2236 1902 2506 1965 mundari,
2531 1911 2584 1955 et
2614 1913 2775 1954 omne
2806 1895 2948 1966 quod
2992 1903 3266 1948 terrenum
3321 1892 3409 1938 est

159 2012 309 2065 sicut
334 2012 446 2080 ipse
485 2011 536 2063 in
563 2009 869 2078 Evangeliis
902 2006 1132 2061 dicit”:
1183 2024 1202 2056 ς
1257 2003 1411 2058 Alius
1445 2011 1525 2055 est
1551 2001 1638 2070 qui
1684 2010 1738 2054 et

162 2103 538 2155 testimonium
579 2101 644 2155 de
677 2115 761 2153 me
791 2099 921 2153 dicit
947 2097 1126 2153 Pater.
1170 2115 1188 2149 ι
1218 2096 1278 2150 Et
1307 2110 1498 2149 rursus
1521 2092 1735 2145 tertium

158 2203 298 2262 puto
348 2191 517 2245 videri
576 2200 795 2260 puteum
849 2203 1041 2257 posse,
1089 2188 1454 2257 cognitionem
1504 2182 1738 2251 Spiritus

158 2283 364 2336 sancti.
395 2282 545 2335 Alius
566 2281 710 2335 enim
741 2289 795 2334 et
824 2280 937 2348 ipse
961 2288 1042 2333 est
1076 2293 1104 2331 a
1131 2278 1310 2337 Patre,
1344 2284 1398 2329 et
1422 2272 1579 2334 Filio,
1601 2272 1740 2325 sicut

158 2385 220 2427 et
248 2375 317 2427 de
346 2375 460 2440 ipso
488 2372 841 2426 nihilominus
864 2371 914 2423 in
942 2368 1233 2435 Evangelia
1254 2365 1510 2421 dicitur“
1539 2381 1553 2416 :
1585 2362 1738 2416 «Mit-

160 2476 245 2520 tet
267 2466 426 2520 vobis
447 2462 613 2518 Pater
642 2462 807 2517 alium
845 2462 1186 2517 Paracletum
1235 2459 1485 2529 spiritum
1542 2456 1740 2510 verita-

160 2558 261 2610 tis.
311 2576 330 2607 ›
365 2557 454 2611 Est
482 2570 610 2624 ergo
640 2556 754 2609 haec
786 2554 950 2608 trium
984 2534 1262 2609 distinctio
1299 2565 1648 2619 personarum
1684 2548 1738 2602 in

160 2649 335 2703 Patre
369 2658 421 2702 et
446 2647 582 2702 Filio
606 2658 658 2701 et
686 2647 889 2715 Spiritu
946 2655 1157 2707 sancto,
1187 2658 1307 2711 qua;
1363 2642 1428 2695 ad
1476 2640 1739 2710 pluralem

154 2752 455 2810 puteorum
497 2754 779 2795 numerum
812 2746 1117 2792 revocatur.
1174 2736 1280 2791 Sed
1320 2735 1513 2789 horum
1547 2741 1739 2803 puteo-

158 2849 290 2886 rum
325 2848 461 2887 unus
486 2842 569 2887 est
592 2832 731 2886 fons.
763 2830 876 2886 Una
900 2831 1052 2884 enim
1086 2828 1387 2883 substantia
1419 2834 1520 2892 est,
1554 2833 1606 2878 et
1646 2837 1742 2876 na-

159 2936 296 2978 tura
324 2922 628 2978 Trinitatis.
659 2923 728 2978 Et
762 2921 1054 2995 boetnodo
1089 2935 1193 2974 non
1228 2921 1405 2973 otiosa
1437 2915 1743 2971 invenietur

160 3016 476 3086 Scriptura:
505 3023 709 3071 sanctte
738 3013 1030 3075 distinctio,
1064 3027 1180 3079 qute
1206 3012 1356 3079 dicit,
1391 3030 1409 3061 ι
1451 3009 1517 3062 de
1551 3017 1739 3077 puteo-

156 3122 291 3159 rum
334 3116 549 3160 tuorum
581 3107 752 3162 fonte.
788 3124 806 3158 ι
854 3104 959 3159 Sed
1006 3106 1366 3159 observanter
1393 3102 1620 3173 mystica
1663 3099 1741 3154 si-

153 3196 358 3265 gnavit
386 3195 618 3264 eloquia,
640 3205 697 3247 ut
722 3195 863 3264 quod
882 3194 1161 3262 pluraliter
1176 3193 1377 3247 dictum
1415 3199 1499 3246 est
1525 3191 1591 3243 de
1616 3206 1741 3260 per-

152 3287 349 3350 sonis,
380 3284 723 3355 singulariter
753 3284 1068 3338 substantiae
1121 3283 1457 3341 conveniret.
1515 3279 1747 3335 Possunt

154 3383 356 3427 autem
380 3382 433 3428 et
462 3373 536 3426 illi
574 3373 717 3443 pulei
747 3371 939 3435 videri,
970 3372 1037 3425 de
1071 3386 1301 3440 quorum
1339 3370 1567 3423 scientia
1600 3370 1748 3423 dice-

163 3465 275 3518 bat
302 3461 415 3529 ille,
443 3462 533 3531 qui
569 3462 807 3531 repletus
836 3475 918 3516 εει
948 3461 1211 3527 sapientia
1248 3459 1339 3514 Dei
1402 3461 1447 3492 ³³
1491 3478 1503 3514 :
1552 3478 1571 3510 ι
1630 3458 1748 3528 Ipse

152 3554 321 3607 enim
346 3553 477 3607 mihi
502 3554 856 3609 dediteorum
895 3568 1015 3622 qua:
1048 3560 1174 3606 sunt
1222 3551 1507 3607 scientiam
1539 3565 1745 3619 veram,

154 3657 229 3701 ut
254 3647 459 3700 scirem
489 3646 850 3701 substantiam
878 3645 1086 3711 mundi,
1113 3653 1167 3698 et
1204 3644 1596 3699 elementorum
1637 3643 1749 3696 vir-

153 3744 370 3803 tutem,
400 3737 609 3792 initium
636 3746 689 3792 et
718 3736 876 3791 finem
920 3745 975 3790 et
1022 3735 1396 3799 medietatem,
1438 3742 1744 3802 temporum

149 3826 652 3892 vicissitudinem,
713 3826 1139 3895 permutationes
1189 3836 1243 3879 et
1293 3825 1749 3880 commutationes

154 3927 508 3985 temporum,
538 3918 665 3972 anni
699 3916 932 3972 circulos
981 3925 1037 3969 et
1095 3926 1365 3969 astrorum
1413 3916 1747 3984 positiones,

152 4016 401 4064 naturas
452 4009 790 4073 animalium,
848 4017 902 4064 et
940 4008 1047 4061 iras
1102 4008 1423 4073 bestiarum,
1457 4007 1746 4075 spirituum

153 4097 486 4162 violentias,
511 4107 564 4151 et
609 4098 973 4166 cogitationes
1034 4096 1311 4149 hominum
1342 4137 1357 4160 ,
1417 4095 1749 4152 dilferentias

150 4188 557 4257 virgultorum,
585 4198 639 4242 et
669 4188 895 4243 virtutes
933 4187 1197 4243 radicum.
1250 4206 1269 4238 ι
1338 4186 1499 4243 Vides
1557 4190 1747 4259 quanti

151 4291 302 4336 sunt
332 4280 478 4349 putei
531 4282 582 4335 in
642 4295 822 4335 rerum
863 4279 1132 4335 scientia?
1174 4276 1376 4332 Puteus
1418 4290 1537 4345 est,
1596 4282 1747 4336 verbi

149 4374 371 4443 gratia,
402 4372 629 4428 scientia
655 4372 1039 4442 virgultorum,
1074 4384 1128 4429 et
1163 4374 1300 4429 forte
1328 4373 1751 4443 uniuscujusque

150 4464 399 4534 virgulti
427 4474 623 4518 natura
647 4464 813 4519 habet
847 4465 1127 4535 proprium
1162 4477 1403 4535 puteum.
1460 4465 1525 4519 Et
1554 4467 1748 4519 iterum

1838 2004 1906 2059 ab
1928 2003 2006 2058 eis
2056 2001 2216 2055 debet
2247 1998 2479 2059 auferri,
2539 2003 2596 2046 ut
2646 1990 2797 2044 vena:
2839 1989 2941 2043 illa)
2997 1978 3403 2039 rationabiliuut

1840 2108 2117 2156 sensuum,
2142 2105 2277 2160 quas
2320 2089 2368 2143 ei
2412 2084 2640 2140 inseruit
2696 2082 2856 2143 Deus,
2900 2090 3043 2146 pura
3081 2088 3142 2127 ac
3192 2071 3402 2125 sincera

1837 2185 2036 2240 fluenta
2061 2181 2380 2251 producant.
2415 2177 2590 2229 Donec
2616 2173 2758 2225 enim
2793 2178 2937 2221 terra
2972 2160 3205 2231 contegit
3237 2170 3405 2226 aqua-

1841 2294 1959 2334 rum
1991 2292 2176 2340 vertas,
2205 2284 2261 2328 et
2292 2272 2511 2328 obturat
2540 2265 2807 2321 occultum
2840 2256 3022 2313 fluenti
3048 2296 3061 2321 ,
3098 2254 3411 2317 nonpotest

1842 2372 1960 2442 puri
2019 2368 2197 2426 laticis
2256 2363 2397 2419 unda
2439 2358 2732 2429 proﬂuere.
2808 2351 3402 2442 Denique-propterea

1840 2435 2102 2529 scriptum
2128 2464 2213 2512 est
2235 2454 2302 2520 “,
2337 2453 2461 2522 quia
2503 2447 2650 2519 pueri
2678 2441 2951 2499 Abraham
2989 2435 3259 2490 fodiebant
3288 2445 3407 2529 “plu.-

1842 2520 1980 2611 teos',
2010 2548 2103 2604 sed
2131 2520 2411 2615 replebant
2442 2553 2601 2610 atque
2628 2535 2951 2604 operiebant
2972 2545 3067 2585 eos
3109 2536 3254 2578 terra
3288 2520 3407 2574 Phi-

1842 2640 2047 2696 listiim.
2083 2638 2188 2693 Sed
2220 2645 2274 2690 et
2314 2632 2484 2698 Isaac,
2524 2632 2613 2702 qui
2667 2626 3035 2683 luet-editatem
3092 2618 3410 2683 susceperat

1840 2734 2036 2804 patris,
2061 2743 2274 2785 rursum
2305 2727 2441 2781 fodit
2475 2734 2688 2794 puteos,
2712 2731 2765 2775 et
2794 2727 2998 2772 terram
3030 2706 3264 2765 removit
3286 2702 3409 2756 Phi-

1841 2824 2168 2889 listinorum,
2225 2834 2388 2891 quam
2436 2831 2533 2889 per
2584 2812 2841 2869 invidiam
2898 2806 3201 2876 iniecerant
3231 2796 3405 2865 aquis.

1843 2915 1949 2972 Sed
1977 2924 2031 2971 et
2059 2914 2187 2970 illttd
2215 2890 2628 2968 observavimus
2652 2907 2704 2960 iu
2732 2901 2952 2964 Genesi,
2983 2896 3124 2950 unde
3153 2902 3207 2947 et
3235 2890 3407 2944 histo-

1843 3010 1924 3066 ria
1950 3010 2067 3063 h:ec
2090 3007 2305 3061 videtur
2328 3010 2628 3070 assumpta,
2652 2996 2792 3068 quod
2819 2995 2992 3048 donec
3016 2990 3219 3042 viveret
3240 2981 3413 3035 Abra—

1846 3101 1993 3163 ham,
2043 3113 2148 3152 non
2186 3095 2403 3148 fuerunt
2452 3090 2570 3144 ausi
2610 3085 2898 3141 Philistiim
2942 3077 3150 3147 replere
3198 3078 3415 3140 puteos.

1769 3219 1813 3277 ρ
1847 3203 1943 3247 aut
1975 3190 2201 3261 injicere
2226 3187 2305 3242 eis
2334 3195 2555 3239 terram.
2603 3180 2711 3234 Sed
2753 3192 2874 3233 cum
2926 3171 3165 3228 excessit
3206 3181 3269 3221 ex
3316 3164 3416 3216 hac

1846 3285 1978 3349 vita,
2008 3259 2135 3336 tunc
2169 3278 2509 3333 invaluerunt
2554 3271 2841 3326 Philistiim
2888 3276 2944 3322 et
2988 3259 3231 3319 insidiati
3285 3262 3447 3309 sunt,

1847 3376 2026 3446 puteis
2051 3371 2189 3439 ejus.
2217 3370 2322 3425 Sed
2349 3374 2674 3436 reparantur
2696 3358 3038 3430 postmodum
3089 3367 3187 3421 per
3240 3349 3412 3407 lsaac,

1848 3439 1904 3520 et
1931 3462 2227 3519 redeuntin
2253 3470 2452 3515 statum
2483 3472 2660 3513 suum.
2692 3455 2957 3509 Praeterea
2998 3455 3050 3501 et
3076 3456 3206 3512 puer
3246 3439 3418 3491 Abra-

1848 3555 1973 3609 ham
2004 3568 2124 3607 cum
2159 3552 2332 3621 pergit
2390 3562 2614 3604 uxorem
2670 3544 2957 3614 spondere,
3010 3536 3092 3590 vel
3153 3532 3419 3587 deducere

1848 3648 2024 3711 Isaae,
2053 3646 2191 3716 apud
2249 3653 2470 3715 puteum
2508 3639 2708 3695 invenit
2765 3636 3066 3690 [lebeceatn
3104 3667 3120 3693 ,
3166 3639 3287 3695 quae
3334 3622 3416 3676 in-

1852 3747 2181 3807 terpretatur
2251 3736 2502 3803 patientia
2575 3731 2686 3801 (50)
2743 3746 2757 3782 :
2815 3727 2930 3781 base
2991 3721 3220 3777 efficitur
3279 3729 3416 3807 uxor

1849 3806 2016 3894 Isaac,
2045 3846 2150 3885 non
2175 3827 2307 3883 alibi
2340 3826 2439 3880 nisi
2472 3824 2611 3894 apud
2662 3830 2872 3889 puteos.
2910 3814 3175 3870 Similiter
3228 3818 3282 3863 et
3329 3806 3418 3859 Ja-

1850 3925 1971 3988 cob,
2011 3937 2135 3977 cum
2186 3921 2238 3974 in
2303 3914 2746 3985 Mesopotamiam
2800 3909 2969 3971 venit,
3029 3906 3235 3959 habens
3287 3913 3422 3967 prte-

1852 4022 2061 4085 ceptum
2098 4012 2286 4081 patris,
2322 4023 2388 4062 ne
2415 4006 2576 4061 alieni
2634 4002 2850 4073 generis
2881 4000 2962 4053 vel
2998 3994 3242 4052 extranei
3292 4006 3419 4044 san-

1851 4079 2030 4175 guinis
2058 4079 2337 4168 conjugem
2386 4102 2643 4155 sumeret,
2687 4090 2826 4159 apud
2864 4097 3055 4157 puteos
3086 4083 3249 4137 etiam
3299 4079 3416 4144 ipse

1853 4195 2058 4251 invenit
2089 4191 2313 4246 Rachel.
2356 4190 2422 4243 Et
2451 4187 2661 4257 Moyses
2692 4182 2993 4253 Sepltoram
3043 4176 3181 4245 apud
3229 4182 3419 4243 puteos

1853 4287 2052 4357 reperit
2075 4286 2140 4338 ⁸⁸.
2174 4285 2229 4339 Si
2258 4298 2387 4354 ergo
2430 4277 2742 4336 intellexisti
2802 4289 2921 4344 quae
2957 4272 3252 4341 qualesque
3308 4263 3422 4317 sint

1856 4395 2055 4435 uxores
2076 4386 2411 4440 sanctorum,
2437 4373 2603 4427 etiam
2650 4380 2703 4423 ttt
2768 4367 2814 4422 si
2866 4367 2945 4418 vis
3000 4358 3316 4432 patientiam
3368 4354 3421 4407 in

1856 4467 2167 4538 conjugium
2201 4466 2294 4519 tibi
2325 4463 2631 4519 adsciScere
2651 4501 2666 4525 ,
2690 4459 2732 4514 si
2762 4455 3106 4525 sapientiam,
3139 4458 3193 4502 et
3226 4448 3271 4500 si
3307 4459 3427 4514 quae

147 4568 373 4625 puteus
406 4564 489 4611 est
516 4555 582 4611 de
609 4556 930 4611 animalium
956 4557 1206 4621 scientia,
1232 4566 1284 4611 et
1325 4555 1464 4610 forte
1495 4571 1752 4624 unaquaa-
1784 4554 1828 4608 D
1857 4535 1976 4612 alite
2008 4535 2135 4611 sunt
2163 4555 2361 4609 animat
2385 4552 2632 4613 virtutes,
2661 4558 2714 4602 et
2749 4548 2930 4601 dicere
2960 4541 3100 4613 quod
3136 4542 3199 4593 de
3223 4535 3430 4604 sapien-

148 4662 279 4718 que
315 4647 531 4717 species
552 4647 863 4702 animalium
904 4648 1179 4717 proprium
1214 4647 1378 4701 habet
1403 4654 1644 4715 puteum.
1687 4647 1755 4702 Et

146 4743 374 4799 iterum
402 4750 604 4811 puteus
626 4750 709 4797 est
737 4742 806 4795 de
840 4740 1047 4795 ratione
1078 4749 1402 4808 temporum,
1437 4746 1490 4793 et
1538 4737 1754 4793 vicissi-

144 4834 386 4898 tudine,
419 4849 484 4888 ae
512 4834 929 4903 permutatione.
965 4833 1032 4887 Et
1072 4833 1186 4886 haac
1224 4830 1436 4900 singula
1493 4832 1752 4899 quoniam

144 4928 357 4982 altam.
396 4926 827 4997 profundamque
885 4927 1083 4981 habent
1116 4924 1427 4985 scientiam,
1465 4922 1658 4976 merito
1693 4924 1755 4975 ti-

142 5024 440 5094 gulariter
464 5026 615 5094 putei
652 5025 1009 5096 appellantur.
1043 5024 1108 5078 Et
1159 5023 1331 5077 donec
1378 5020 1598 5089 quidem
1625 5019 1752 5072 abs-

139 5118 461 5173 conditum
495 5117 596 5173 fuit
635 5118 950 5190 mysterium
978 5118 1178 5172 Christi
1214 5132 1242 5169 a
1281 5114 1491 5170 saeculis
1551 5126 1605 5166 et
1666 5126 1754 5182 ge-

1531 5250 1570 5281 “
1602 5248 1758 5305 .Ioau.
1799 5264 1908 5312 xtv,
1950 5246 2038 5301 l6.

1627 5321 1667 5350 ⁸⁷
1705 5320 1843 5389 δίῳ.
1867 5334 1962 5386 vtt,
1993 5318 2080 5372 10.

255 5252 308 5283 ⁸⁸
336 5249 598 5307 Proverb.
633 5269 685 5317 v,
724 5254 808 5307 15.

138 5323 203 5354 ⁸⁸
240 5320 411 5377 Jonn.
443 5338 540 5387 νη,
571 5323 657 5379 58.

924 5254 969 5285 ⁸ο
994 5251 1149 5307 Joan.
1176 5268 1292 5313 vut,
1326 5252 1410 5305 IS.

736 5324 780 5357 "
810 5323 947 5379 Gen.
981 5340 1128 5377 xxvi.
1204 5323 1249 5354 ⁸⁸
1289 5323 1456 5377 Exod.
1490 5339 1547 5374 ll.

242 5481 369 5551 (28)
410 5480 588 5535 Codex
621 5484 812 5540 Sancti
849 5485 1171 5541 Theodorici
1199 5502 1213 5540 :
1246 5504 1264 5536 ‹
1306 5499 1410 5537 non
1447 5498 1567 5552 qua:
1596 5481 1752 5536 istam

135 5552 466 5622 moitaleut
489 5552 662 5607 solent
694 5556 904 5610 nutrire
936 5557 1122 5617 vitam,
1164 5556 1257 5608 sed
1282 5569 1420 5622 quat,
1459 5573 1475 5604 ι
1503 5564 1610 5607 etc.

239 5620 364 5694 (-29)
392 5620 567 5694 ﬁlias,
620 5645 637 5674 ‹
674 5626 797 5692 quia
856 5626 920 5678 ad
973 5624 1261 5694 imaginem
1303 5619 1398 5677 est
1438 5623 1562 5688 Dei,
1597 5641 1617 5674 ι
1661 5619 1756 5675 sed

134 5692 350 5755 cortex
383 5692 568 5745 Sancti
601 5695 949 5757 Theodorici,
979 5704 1037 5747 ut
1074 5692 1345 5751 in.nostro
1374 5702 1541 5745 textu.

240 5760 366 5833 (30)
420 5759 551 5824 Quae
598 5767 971 5831 interpretatur
1020 5764 1292 5832 patientia.
1345 5764 1386 5815 A
1444 5763 1594 5820 verb.
1643 5771 1760 5819 fta-1

136 5832 265 5890 vel
304 5842 425 5899 22:1
467 5847 486 5881 ι
527 5836 752 5891 multum
788 5850 931 5901 esse,
970 5832 1570 5905 multiplicat-igeth
1615 5850 1630 5883 ι
1662 5846 1759 5886 ex-

1860 4652 1929 4704 tia
1957 4649 2158 4704 dictum
2179 4654 2263 4701 est
2285 4646 2327 4676 ⁸⁷
2354 4661 2366 4696 :
2398 4643 2575 4697 illanc
2602 4638 2803 4701 amavi,
2839 4636 2978 4689 hanc
3007 4629 3227 4700 quaesivi
3256 4627 3431 4682 addu-

1857 4756 1983 4796 cere
2010 4738 2139 4793 mihi
2168 4751 2390 4792 uxorem
2429 4753 2442 4788 :
2480 4753 2499 4786 ι
2529 4743 2646 4787 esto
2675 4730 2952 4797 frequens,
3011 4734 3129 4780 esto
3176 4721 3428 4776 assiduus

1855 4832 2004 4887 circa
2037 4840 2231 4899 puteos
2263 4824 2417 4891 istos,
2445 4834 2500 4879 et
2529 4823 2604 4877 ibi
2642 4820 2881 4890 reperies
2909 4813 3217 4887 hujusmodi
3248 4810 3436 4878 conju-

1858 4938 2001 4991 gem.
2029 4921 2184 4991 Apud
2211 4934 2378 4989 aquas
2400 4918 2545 4973 enim
2578 4916 2746 4978 vivas,
2778 4912 2829 4966 id
2864 4922 2966 4976 est,
3002 4909 3144 4979 apud
3198 4903 3432 4959 viventis

1857 5014 2010 5070 verbi
2040 5012 2272 5076 fluenta,
2316 5021 2523 5065 certum
2558 5018 2640 5062 est
2701 5020 2894 5061 omnes
2953 5002 3116 5058 animi
3186 4997 3436 5053 habitare

1860 5108 2115 5162 virtutes.
2167 5104 2307 5158 Sunt
2363 5118 2492 5172 ergo
2557 5100 2712 5155 multi
2761 5098 2947 5170 putei,
2999 5109 3136 5165 quos
3192 5090 3434 5146 diximus

2139 5245 2184 5277 “
2224 5243 2351 5313 Sap.
2387 5258 2476 5309 vtt,
2516 5243 2579 5297 Π
2604 5252 2659 5296 et
2705 5254 2856 5310 seqq.
2962 5234 3198 5293 “lCor.
3242 5249 3305 5300 tt,
3345 5229 3435 5287 10.

1863 5483 2127 5546 spectavit
2162 5501 2180 5537 ι
2224 5482 2451 5537 deducta
2504 5478 2717 5532 videtur
2786 5475 2899 5546 hzec
2942 5465 3290 5546 etymologia.

1863 5536 2165 5608 Rebeccant
2200 5536 2395 5607 dictam
2448 5550 2635 5603 νυΙιιιιι
2684 5564 2711 5598 a
2762 5544 2931 5597 verbo
2987 5536 3275 5594 Chaldaico
3318 5539 3440 5608 33:)

1872 5601 2588 5689 (agitant,{quassatae
2621 5617 2722 5673 fuit
2770 5612 2949 5689 vitula?
3005 5608 3292 5675 saginatae:
3346 5601 3436 5689 alii

1869 5669 2625 5758 Ilcb‘eccain,itilerpretantur
2655 5704 2673 5736 ι
2707 5669 3114 5739 contentionem
3154 5693 3174 5729 ι
3202 5690 3231 5729 a
3274 5669 3438 5738 verba

1868 5771 1968 5822 Tn
2023 5779 2041 5813 ι
2077 5760 2326 5830 litigavit,
2361 5758 2661 5814 contendit.
2701 5773 2725 5807 ι
