  <div class='ocr_page' id='page_1' title='image "/cluster/home/n/w/nwhite01/storage/ocr_20150623/12/hvd.32044019207638/333.png"; bbox 0 0 3914 6514; ppageno 0'>
   <div class='ocr_carea' id='block_1_1' title="bbox 516 397 620 454">
    <p class='ocr_par' dir='ltr' id='par_1_1' title="bbox 516 397 620 454">
     <span class='ocr_line' id='line_1_1' title="bbox 516 397 620 454; baseline 0.019 -2"><span class='ocrx_word' id='word_1_1' title='bbox 516 397 620 454; x_wconf 61' lang='grc'><strong>039</strong></span> 
     </span>
    </p>
   </div>
   <div class='ocr_carea' id='block_1_2' title="bbox 1992 384 2313 445">
    <p class='ocr_par' dir='ltr' id='par_1_2' title="bbox 1992 384 2313 445">
     <span class='ocr_line' id='line_1_2' title="bbox 1992 384 2313 445; baseline 0 0"><span class='ocrx_word' id='word_1_2' title='bbox 1992 384 2313 445; x_wconf 78' lang='lat' dir='ltr'><strong>ORIGENIS</strong></span> 
     </span>
    </p>
   </div>
   <div class='ocr_carea' id='block_1_3' title="bbox 517 505 3742 590">
    <p class='ocr_par' dir='ltr' id='par_1_3' title="bbox 517 505 3742 590">
     <span class='ocr_line' id='line_1_3' title="bbox 517 505 3742 590; baseline -0.002 -18"><span class='ocrx_word' id='word_1_3' title='bbox 517 533 637 573; x_wconf 82' lang='lat' dir='ltr'><strong>esse</strong></span> <span class='ocrx_word' id='word_1_4' title='bbox 660 515 799 571; x_wconf 86' lang='lat' dir='ltr'><strong>intra</strong></span> <span class='ocrx_word' id='word_1_5' title='bbox 833 513 1092 568; x_wconf 88' lang='lat' dir='ltr'><strong>animam.</strong></span> <span class='ocrx_word' id='word_1_6' title='bbox 1152 510 1291 590; x_wconf 74' lang='lat' dir='ltr'><strong>Sunt</strong></span> <span class='ocrx_word' id='word_1_7' title='bbox 1342 518 1398 567; x_wconf 89' lang='lat' dir='ltr'><strong>et</strong></span> <span class='ocrx_word' id='word_1_8' title='bbox 1452 510 1542 567; x_wconf 90' lang='lat' dir='ltr'><strong>alii</strong></span> <span class='ocrx_word' id='word_1_9' title='bbox 1589 510 1834 583; x_wconf 80' lang='lat' dir='ltr'><strong>plurimi,</strong></span> <span class='ocrx_word' id='word_1_10' title='bbox 1889 507 1982 579; x_wconf 85' lang='lat' dir='ltr'><strong>qui</strong></span> <span class='ocrx_word' id='word_1_11' title='bbox 2033 508 2085 561; x_wconf 91' lang='lat' dir='ltr'><strong>in</strong></span> <span class='ocrx_word' id='word_1_12' title='bbox 2118 513 2161 567; x_wconf 86' lang='lat' dir='ltr'><strong>A</strong></span> <span class='ocrx_word' id='word_1_13' title='bbox 2190 514 2368 576; x_wconf 87' lang='lat' dir='ltr'><strong>potest</strong></span> <span class='ocrx_word' id='word_1_14' title='bbox 2406 505 2611 563; x_wconf 88' lang='lat' dir='ltr'><strong>habere</strong></span> <span class='ocrx_word' id='word_1_15' title='bbox 2657 509 2992 578; x_wconf 79' lang='lat' dir='ltr'><strong>peccatum?</strong></span> <span class='ocrx_word' id='word_1_16' title='bbox 3034 506 3139 566; x_wconf 89' lang='lat' dir='ltr'><strong>Sed</strong></span> <span class='ocrx_word' id='word_1_17' title='bbox 3177 518 3234 566; x_wconf 87' lang='lat' dir='ltr'><strong>et</strong></span> <span class='ocrx_word' id='word_1_18' title='bbox 3285 511 3524 582; x_wconf 87' lang='lat' dir='ltr'><strong>amplius</strong></span> <span class='ocrx_word' id='word_1_19' title='bbox 3560 512 3742 582; x_wconf 77' lang='lat' dir='ltr'><strong>aliquid</strong></span> 
     </span>
    </p>
   </div>
   <div class='ocr_carea' id='block_1_4' title="bbox 515 601 2085 679">
    <p class='ocr_par' dir='ltr' id='par_1_4' title="bbox 515 601 2085 679">
     <span class='ocr_line' id='line_1_4' title="bbox 515 601 2085 679; baseline -0.005 -17"><span class='ocrx_word' id='word_1_20' title='bbox 515 607 742 679; x_wconf 76' lang='lat' dir='ltr'><strong>singulis</strong></span> <span class='ocrx_word' id='word_1_21' title='bbox 809 607 1116 678; x_wconf 84' lang='lat' dir='ltr'><strong>quibusque</strong></span> <span class='ocrx_word' id='word_1_22' title='bbox 1157 606 1560 676; x_wconf 90' lang='lat' dir='ltr'><strong>Scripturarum</strong></span> <span class='ocrx_word' id='word_1_23' title='bbox 1613 603 1955 660; x_wconf 84' lang='lat' dir='ltr'><strong>sermonibus</strong></span> <span class='ocrx_word' id='word_1_24' title='bbox 2003 601 2085 655; x_wconf 89' lang='lat' dir='ltr'><strong>in-</strong></span> 
     </span>
    </p>
   </div>
   <div class='ocr_carea' id='block_1_5' title="bbox 520 694 2086 767">
    <p class='ocr_par' dir='ltr' id='par_1_5' title="bbox 520 694 2086 767">
     <span class='ocr_line' id='line_1_5' title="bbox 520 694 2086 767; baseline -0.003 -15"><span class='ocrx_word' id='word_1_25' title='bbox 520 699 842 767; x_wconf 89' lang='lat' dir='ltr'><strong>telliguntur</strong></span> <span class='ocrx_word' id='word_1_26' title='bbox 898 708 953 755; x_wconf 91' lang='lat' dir='ltr'><strong>et</strong></span> <span class='ocrx_word' id='word_1_27' title='bbox 1005 699 1275 754; x_wconf 85' lang='lat' dir='ltr'><strong>sensibus.</strong></span> <span class='ocrx_word' id='word_1_28' title='bbox 1335 699 1430 753; x_wconf 85' lang='lat' dir='ltr'><strong>Est</strong></span> <span class='ocrx_word' id='word_1_29' title='bbox 1499 708 1679 752; x_wconf 89' lang='lat' dir='ltr'><strong>tamen</strong></span> <span class='ocrx_word' id='word_1_30' title='bbox 1760 694 2086 751; x_wconf 78' lang='lat' dir='ltr'><strong>eminentior</strong></span> 
     </span>
    </p>
   </div>
   <div class='ocr_carea' id='block_1_6' title="bbox 510 783 2081 858">
    <p class='ocr_par' dir='ltr' id='par_1_6' title="bbox 510 783 2081 858">
     <span class='ocr_line' id='line_1_6' title="bbox 510 783 2081 858; baseline -0.006 -13"><span class='ocrx_word' id='word_1_31' title='bbox 510 788 672 858; x_wconf 80' lang='lat'><strong>313</strong></span> <span class='ocrx_word' id='word_1_32' title='bbox 713 789 923 844; x_wconf 68' lang='lat' dir='ltr'><strong>cmteris</strong></span> <span class='ocrx_word' id='word_1_33' title='bbox 976 789 1076 843; x_wconf 85' lang='lat' dir='ltr'><strong>iste</strong></span> <span class='ocrx_word' id='word_1_34' title='bbox 1125 798 1338 858; x_wconf 87' lang='lat' dir='ltr'><strong>puteus,</strong></span> <span class='ocrx_word' id='word_1_35' title='bbox 1381 795 1434 842; x_wconf 88' lang='lat' dir='ltr'><strong>et</strong></span> <span class='ocrx_word' id='word_1_36' title='bbox 1485 786 1738 852; x_wconf 83' lang='lat' dir='ltr'><strong>eximius,</strong></span> <span class='ocrx_word' id='word_1_37' title='bbox 1775 785 1841 840; x_wconf 91' lang='lat' dir='ltr'><strong>de</strong></span> <span class='ocrx_word' id='word_1_38' title='bbox 1871 797 1978 852; x_wconf 90' lang='lat' dir='ltr'><strong>quo</strong></span> <span class='ocrx_word' id='word_1_39' title='bbox 2028 783 2081 836; x_wconf 92' lang='lat' dir='ltr'><strong>in</strong></span> 
     </span>
    </p>
   </div>
   <div class='ocr_carea' id='block_1_7' title="bbox 511 877 2079 951">
    <p class='ocr_par' dir='ltr' id='par_1_7' title="bbox 511 877 2079 951">
     <span class='ocr_line' id='line_1_7' title="bbox 511 877 2079 951; baseline -0.003 -18"><span class='ocrx_word' id='word_1_40' title='bbox 511 881 762 948; x_wconf 68' lang='lat' dir='ltr'><strong>praesenti</strong></span> <span class='ocrx_word' id='word_1_41' title='bbox 816 882 936 936; x_wconf 90' lang='lat' dir='ltr'><strong>loco</strong></span> <span class='ocrx_word' id='word_1_42' title='bbox 972 881 1250 951; x_wconf 79' lang='lat' dir='ltr'><strong>Scriptura</strong></span> <span class='ocrx_word' id='word_1_43' title='bbox 1307 880 1458 946; x_wconf 91' lang='lat' dir='ltr'><strong>dicit,</strong></span> <span class='ocrx_word' id='word_1_44' title='bbox 1514 879 1638 949; x_wconf 85' lang='lat' dir='ltr'><strong>quia</strong></span> <span class='ocrx_word' id='word_1_45' title='bbox 1681 877 1914 933; x_wconf 73' lang='lat' dir='ltr'><strong>foderint</strong></span> <span class='ocrx_word' id='word_1_46' title='bbox 1955 889 2079 931; x_wconf 82' lang='lat' dir='ltr'><strong>eum</strong></span> 
     </span>
    </p>
   </div>
   <div class='ocr_carea' id='block_1_8' title="bbox 510 968 2081 1043">
    <p class='ocr_par' dir='ltr' id='par_1_8' title="bbox 510 968 2081 1043">
     <span class='ocr_line' id='line_1_8' title="bbox 510 968 2081 1043; baseline -0.003 -17"><span class='ocrx_word' id='word_1_47' title='bbox 510 988 617 1028; x_wconf 92' lang='lat' dir='ltr'><strong>non</strong></span> <span class='ocrx_word' id='word_1_48' title='bbox 650 974 963 1043; x_wconf 83' lang='lat' dir='ltr'><strong>quicunque</strong></span> <span class='ocrx_word' id='word_1_49' title='bbox 1009 987 1328 1030; x_wconf 79' lang='lat' dir='ltr'><strong>communes</strong></span> <span class='ocrx_word' id='word_1_50' title='bbox 1371 973 1640 1036; x_wconf 87' lang='lat' dir='ltr'><strong>homines,</strong></span> <span class='ocrx_word' id='word_1_51' title='bbox 1679 972 1772 1026; x_wconf 90' lang='lat' dir='ltr'><strong>sed</strong></span> <span class='ocrx_word' id='word_1_52' title='bbox 1809 968 2081 1039; x_wconf 82' lang='lat' dir='ltr'><strong>principes</strong></span> 
     </span>
    </p>
   </div>
   <div class='ocr_carea' id='block_1_9' title="bbox 506 1061 2077 1132">
    <p class='ocr_par' dir='ltr' id='par_1_9' title="bbox 506 1061 2077 1132">
     <span class='ocr_line' id='line_1_9' title="bbox 506 1061 2077 1132; baseline -0.003 -14"><span class='ocrx_word' id='word_1_53' title='bbox 506 1075 555 1118; x_wconf 91' lang='lat' dir='ltr'><strong>et</strong></span> <span class='ocrx_word' id='word_1_54' title='bbox 579 1066 756 1120; x_wconf 89' lang='lat' dir='ltr'><strong>adhuc</strong></span> <span class='ocrx_word' id='word_1_55' title='bbox 786 1067 978 1120; x_wconf 92' lang='lat' dir='ltr'><strong>borum</strong></span> <span class='ocrx_word' id='word_1_56' title='bbox 1013 1065 1380 1126; x_wconf 89' lang='lat' dir='ltr'><strong>sublimiores,</strong></span> <span class='ocrx_word' id='word_1_57' title='bbox 1414 1079 1548 1132; x_wconf 90' lang='lat' dir='ltr'><strong>quos</strong></span> <span class='ocrx_word' id='word_1_58' title='bbox 1575 1078 1730 1132; x_wconf 85' lang='lat' dir='ltr'><strong>rcges</strong></span> <span class='ocrx_word' id='word_1_59' title='bbox 1766 1061 2077 1132; x_wconf 82' lang='lat' dir='ltr'><strong>appellavit.</strong></span> 
     </span>
    </p>
   </div>
   <div class='ocr_carea' id='block_1_10' title="bbox 505 1153 2078 1227">
    <p class='ocr_par' dir='ltr' id='par_1_10' title="bbox 505 1153 2078 1227">
     <span class='ocr_line' id='line_1_10' title="bbox 505 1153 2078 1227; baseline -0.002 -18"><span class='ocrx_word' id='word_1_60' title='bbox 505 1155 737 1225; x_wconf 88' lang='lat' dir='ltr'><strong>Propter</strong></span> <span class='ocrx_word' id='word_1_61' title='bbox 765 1157 992 1224; x_wconf 87' lang='lat' dir='ltr'><strong>quodet</strong></span> <span class='ocrx_word' id='word_1_62' title='bbox 1053 1158 1285 1227; x_wconf 83' lang='lat' dir='ltr'><strong>hymnus</strong></span> <span class='ocrx_word' id='word_1_63' title='bbox 1317 1157 1535 1210; x_wconf 91' lang='lat' dir='ltr'><strong>canitur</strong></span> <span class='ocrx_word' id='word_1_64' title='bbox 1584 1155 1696 1209; x_wconf 92' lang='lat' dir='ltr'><strong>Dco</strong></span> <span class='ocrx_word' id='word_1_65' title='bbox 1745 1155 1886 1223; x_wconf 88' lang='lat' dir='ltr'><strong>apud</strong></span> <span class='ocrx_word' id='word_1_66' title='bbox 1934 1153 2078 1206; x_wconf 88' lang='lat' dir='ltr'><strong>hunc</strong></span> 
     </span>
    </p>
   </div>
   <div class='ocr_carea' id='block_1_11' title="bbox 505 1245 2069 1318">
    <p class='ocr_par' dir='ltr' id='par_1_11' title="bbox 505 1245 2069 1318">
     <span class='ocr_line' id='line_1_11' title="bbox 505 1245 2069 1318; baseline -0.004 -16"><span class='ocrx_word' id='word_1_67' title='bbox 505 1250 753 1303; x_wconf 87' lang='lat' dir='ltr'><strong>eumdem</strong></span> <span class='ocrx_word' id='word_1_68' title='bbox 810 1259 1052 1317; x_wconf 83' lang='lat' dir='ltr'><strong>puteum.</strong></span> <span class='ocrx_word' id='word_1_69' title='bbox 1084 1249 1143 1302; x_wconf 77' lang='lat' dir='ltr'><strong>Et</strong></span> <span class='ocrx_word' id='word_1_70' title='bbox 1190 1249 1307 1303; x_wconf 87' lang='lat' dir='ltr'><strong>ideo</strong></span> <span class='ocrx_word' id='word_1_71' title='bbox 1338 1249 1596 1318; x_wconf 91' lang='lat' dir='ltr'><strong>scriptum</strong></span> <span class='ocrx_word' id='word_1_72' title='bbox 1635 1256 1746 1304; x_wconf 90' lang='lat' dir='ltr'><strong>est:</strong></span> <span class='ocrx_word' id='word_1_73' title='bbox 1785 1266 1803 1298; x_wconf 85' lang='grc'><em>‹</em></span> <span class='ocrx_word' id='word_1_74' title='bbox 1846 1245 2012 1309; x_wconf 75' lang='lat' dir='ltr'><strong>Vade,</strong></span> <span class='ocrx_word' id='word_1_75' title='bbox 2050 1263 2069 1296; x_wconf 85' lang='grc' dir='ltr'><strong>ι</strong></span> 
     </span>
    </p>
   </div>
   <div class='ocr_carea' id='block_1_12' title="bbox 471 1339 2072 1412">
    <p class='ocr_par' dir='ltr' id='par_1_12' title="bbox 471 1339 2072 1412">
     <span class='ocr_line' id='line_1_12' title="bbox 471 1339 2072 1412; baseline -0.001 -16"><span class='ocrx_word' id='word_1_76' title='bbox 471 1343 702 1412; x_wconf 70' lang='grc' dir='ltr'><strong>οἰηίιιιίι,</strong></span> <span class='ocrx_word' id='word_1_77' title='bbox 733 1362 751 1395; x_wconf 69' lang='grc' dir='ltr'><strong><em>ε</em></strong></span> <span class='ocrx_word' id='word_1_78' title='bbox 791 1345 855 1396; x_wconf 88' lang='lat' dir='ltr'><strong>ad</strong></span> <span class='ocrx_word' id='word_1_79' title='bbox 885 1353 1125 1411; x_wconf 91' lang='lat' dir='ltr'><strong>puteum.</strong></span> <span class='ocrx_word' id='word_1_80' title='bbox 1152 1362 1170 1394; x_wconf 75' lang='grc' dir='ltr'><strong>ι</strong></span> <span class='ocrx_word' id='word_1_81' title='bbox 1210 1341 1309 1396; x_wconf 88' lang='lat' dir='ltr'><strong>llic</strong></span> <span class='ocrx_word' id='word_1_82' title='bbox 1343 1350 1431 1398; x_wconf 90' lang='lat' dir='ltr'><strong>est</strong></span> <span class='ocrx_word' id='word_1_83' title='bbox 1479 1351 1668 1412; x_wconf 90' lang='lat' dir='ltr'><strong>puteus</strong></span> <span class='ocrx_word' id='word_1_84' title='bbox 1723 1355 1880 1410; x_wconf 85' lang='lat' dir='ltr'><strong>quem</strong></span> <span class='ocrx_word' id='word_1_85' title='bbox 1933 1339 2072 1395; x_wconf 78' lang='lat' dir='ltr'><strong>dixit</strong></span> 
     </span>
    </p>
   </div>
   <div class='ocr_carea' id='block_1_13' title="bbox 509 1433 2072 1505">
    <p class='ocr_par' dir='ltr' id='par_1_13' title="bbox 509 1433 2072 1505">
     <span class='ocr_line' id='line_1_13' title="bbox 509 1433 2072 1505; baseline -0.001 -17"><span class='ocrx_word' id='word_1_86' title='bbox 509 1435 768 1489; x_wconf 87' lang='lat' dir='ltr'><strong>Dominus</strong></span> <span class='ocrx_word' id='word_1_87' title='bbox 814 1436 878 1488; x_wconf 89' lang='lat' dir='ltr'><strong>ad</strong></span> <span class='ocrx_word' id='word_1_88' title='bbox 934 1434 1152 1505; x_wconf 80' lang='lat' dir='ltr'><strong>Moysen</strong></span> <span class='ocrx_word' id='word_1_89' title='bbox 1179 1435 1223 1466; x_wconf 77' lang='grc'><strong>⁵⁸</strong></span> <span class='ocrx_word' id='word_1_90' title='bbox 1256 1453 1272 1488; x_wconf 85' lang='lat'><strong>:</strong></span> <span class='ocrx_word' id='word_1_91' title='bbox 1301 1454 1320 1485; x_wconf 73' lang='grc' dir='ltr'><strong>ι</strong></span> <span class='ocrx_word' id='word_1_92' title='bbox 1359 1436 1634 1505; x_wconf 76' lang='lat' dir='ltr'><strong>Congrega</strong></span> <span class='ocrx_word' id='word_1_93' title='bbox 1685 1433 1962 1503; x_wconf 87' lang='lat' dir='ltr'><strong>p0pulum,</strong></span> <span class='ocrx_word' id='word_1_94' title='bbox 2019 1440 2072 1489; x_wconf 89' lang='lat' dir='ltr'><strong>et</strong></span> 
     </span>
    </p>
   </div>
   <div class='ocr_carea' id='block_1_14' title="bbox 505 1525 2075 1596">
    <p class='ocr_par' dir='ltr' id='par_1_14' title="bbox 505 1525 2075 1596">
     <span class='ocr_line' id='line_1_14' title="bbox 505 1525 2075 1596; baseline 0 -18"><span class='ocrx_word' id='word_1_95' title='bbox 505 1527 644 1580; x_wconf 90' lang='lat' dir='ltr'><strong>daho</strong></span> <span class='ocrx_word' id='word_1_96' title='bbox 671 1527 749 1581; x_wconf 88' lang='lat' dir='ltr'><strong>eis</strong></span> <span class='ocrx_word' id='word_1_97' title='bbox 788 1543 984 1595; x_wconf 88' lang='lat' dir='ltr'><strong>aquam</strong></span> <span class='ocrx_word' id='word_1_98' title='bbox 1018 1529 1084 1581; x_wconf 87' lang='lat' dir='ltr'><strong>de</strong></span> <span class='ocrx_word' id='word_1_99' title='bbox 1109 1537 1293 1596; x_wconf 84' lang='lat' dir='ltr'><strong>puteo,</strong></span> <span class='ocrx_word' id='word_1_100' title='bbox 1339 1545 1356 1578; x_wconf 84' lang='grc' dir='ltr'><strong>ι</strong></span> <span class='ocrx_word' id='word_1_101' title='bbox 1397 1526 1531 1580; x_wconf 77' lang='lat' dir='ltr'><strong>dixit</strong></span> <span class='ocrx_word' id='word_1_102' title='bbox 1557 1525 1837 1580; x_wconf 86' lang='lat' dir='ltr'><strong>Dominus.</strong></span> <span class='ocrx_word' id='word_1_103' title='bbox 1863 1525 2075 1595; x_wconf 82' lang='lat' dir='ltr'><strong>Moyses</strong></span> 
     </span>
    </p>
   </div>
   <div class='ocr_carea' id='block_1_15' title="bbox 504 1607 2074 1689">
    <p class='ocr_par' dir='ltr' id='par_1_15' title="bbox 504 1607 2074 1689">
     <span class='ocr_line' id='line_1_15' title="bbox 504 1607 2074 1689; baseline 0 -18"><span class='ocrx_word' id='word_1_104' title='bbox 504 1633 837 1688; x_wconf 80' lang='lat' dir='ltr'><strong>congregare</strong></span> <span class='ocrx_word' id='word_1_105' title='bbox 877 1617 1102 1686; x_wconf 86' lang='lat' dir='ltr'><strong>juhctur</strong></span> <span class='ocrx_word' id='word_1_106' title='bbox 1157 1619 1437 1689; x_wconf 48' lang='lat' dir='ltr'><strong>pupulum,</strong></span> <span class='ocrx_word' id='word_1_107' title='bbox 1474 1626 1531 1672; x_wconf 91' lang='lat' dir='ltr'><strong>ttt</strong></span> <span class='ocrx_word' id='word_1_108' title='bbox 1563 1619 1852 1673; x_wconf 80' lang='lat' dir='ltr'><strong>conveniat</strong></span> <span class='ocrx_word' id='word_1_109' title='bbox 1881 1619 1944 1673; x_wconf 91' lang='lat' dir='ltr'><strong>ad</strong></span> <span class='ocrx_word' id='word_1_110' title='bbox 1975 1607 2074 1688; x_wconf 72' lang='lat' dir='ltr'><strong>pit-</strong></span> 
     </span>
    </p>
   </div>
   <div class='ocr_carea' id='block_1_16' title="bbox 505 1710 2070 1782">
    <p class='ocr_par' dir='ltr' id='par_1_16' title="bbox 505 1710 2070 1782">
     <span class='ocr_line' id='line_1_16' title="bbox 505 1710 2070 1782; baseline 0.001 -19"><span class='ocrx_word' id='word_1_111' title='bbox 505 1719 675 1776; x_wconf 90' lang='lat' dir='ltr'><strong>teum,</strong></span> <span class='ocrx_word' id='word_1_112' title='bbox 705 1723 759 1765; x_wconf 89' lang='lat' dir='ltr'><strong>et</strong></span> <span class='ocrx_word' id='word_1_113' title='bbox 805 1713 957 1766; x_wconf 87' lang='lat' dir='ltr'><strong>bibat</strong></span> <span class='ocrx_word' id='word_1_114' title='bbox 989 1727 1208 1782; x_wconf 91' lang='lat' dir='ltr'><strong>aquam.</strong></span> <span class='ocrx_word' id='word_1_115' title='bbox 1237 1711 1455 1782; x_wconf 83' lang='lat' dir='ltr'><strong>Moysen</strong></span> <span class='ocrx_word' id='word_1_116' title='bbox 1482 1719 1659 1765; x_wconf 89' lang='lat' dir='ltr'><strong>autem</strong></span> <span class='ocrx_word' id='word_1_117' title='bbox 1691 1711 1864 1779; x_wconf 81' lang='lat' dir='ltr'><strong>legem</strong></span> <span class='ocrx_word' id='word_1_118' title='bbox 1898 1710 2070 1778; x_wconf 86' lang='lat' dir='ltr'><strong>accipi</strong></span> 
     </span>
    </p>
   </div>
   <div class='ocr_carea' id='block_1_17' title="bbox 2190 597 3739 666">
    <p class='ocr_par' dir='ltr' id='par_1_17' title="bbox 2190 597 3739 666">
     <span class='ocr_line' id='line_1_17' title="bbox 2190 597 3739 666; baseline 0.005 -16"><span class='ocrx_word' id='word_1_119' title='bbox 2190 598 2379 652; x_wconf 91' lang='lat' dir='ltr'><strong>habet.</strong></span> <span class='ocrx_word' id='word_1_120' title='bbox 2417 597 2474 653; x_wconf 89' lang='lat' dir='ltr'><strong>Si</strong></span> <span class='ocrx_word' id='word_1_121' title='bbox 2503 599 2648 654; x_wconf 90' lang='lat' dir='ltr'><strong>enim</strong></span> <span class='ocrx_word' id='word_1_122' title='bbox 2685 601 2902 654; x_wconf 79' lang='lat' dir='ltr'><strong>veneris</strong></span> <span class='ocrx_word' id='word_1_123' title='bbox 2926 602 2992 655; x_wconf 88' lang='lat' dir='ltr'><strong>ad</strong></span> <span class='ocrx_word' id='word_1_124' title='bbox 3041 603 3354 658; x_wconf 82' lang='lat' dir='ltr'><strong>hacrcticam</strong></span> <span class='ocrx_word' id='word_1_125' title='bbox 3410 607 3739 666; x_wconf 84' lang='lat' dir='ltr'><strong>sententiam.</strong></span> 
     </span>
    </p>
   </div>
   <div class='ocr_carea' id='block_1_18' title="bbox 2186 689 3741 764">
    <p class='ocr_par' dir='ltr' id='par_1_18' title="bbox 2186 689 3741 764">
     <span class='ocr_line' id='line_1_18' title="bbox 2186 689 3741 764; baseline 0.005 -20"><span class='ocrx_word' id='word_1_126' title='bbox 2186 689 2228 744; x_wconf 90' lang='lat' dir='ltr'><strong>si</strong></span> <span class='ocrx_word' id='word_1_127' title='bbox 2274 691 2493 745; x_wconf 87' lang='lat' dir='ltr'><strong>veneris</strong></span> <span class='ocrx_word' id='word_1_128' title='bbox 2554 693 2620 744; x_wconf 92' lang='lat' dir='ltr'><strong>ad</strong></span> <span class='ocrx_word' id='word_1_129' title='bbox 2668 691 3084 747; x_wconf 88' lang='lat' dir='ltr'><strong>amaritudinem</strong></span> <span class='ocrx_word' id='word_1_130' title='bbox 3155 698 3384 764; x_wconf 86' lang='lat' dir='ltr'><strong>peccati.</strong></span> <span class='ocrx_word' id='word_1_131' title='bbox 3451 699 3648 752; x_wconf 80' lang='lat' dir='ltr'><strong>venisti</strong></span> <span class='ocrx_word' id='word_1_132' title='bbox 3690 701 3741 751; x_wconf 83' lang='lat' dir='ltr'><strong>ad</strong></span> 
     </span>
    </p>
   </div>
   <div class='ocr_carea' id='block_1_19' title="bbox 2188 783 3740 852">
    <p class='ocr_par' dir='ltr' id='par_1_19' title="bbox 2188 783 3740 852">
     <span class='ocr_line' id='line_1_19' title="bbox 2188 783 3740 852; baseline 0.005 -17"><span class='ocrx_word' id='word_1_133' title='bbox 2188 792 2381 852; x_wconf 91' lang='lat' dir='ltr'><strong>puteos</strong></span> <span class='ocrx_word' id='word_1_134' title='bbox 2441 783 2754 840; x_wconf 88' lang='lat' dir='ltr'><strong>bituminis.</strong></span> <span class='ocrx_word' id='word_1_135' title='bbox 2799 784 3078 852; x_wconf 87' lang='lat' dir='ltr'><strong>Bitumen,</strong></span> <span class='ocrx_word' id='word_1_136' title='bbox 3124 805 3248 844; x_wconf 87' lang='lat' dir='ltr'><strong>esca</strong></span> <span class='ocrx_word' id='word_1_137' title='bbox 3277 801 3331 845; x_wconf 89' lang='lat' dir='ltr'><strong>et</strong></span> <span class='ocrx_word' id='word_1_138' title='bbox 3363 792 3740 846; x_wconf 78' lang='lat' dir='ltr'><strong>nutrimentum</strong></span> 
     </span>
    </p>
   </div>
   <div class='ocr_carea' id='block_1_20' title="bbox 2185 875 3740 952">
    <p class='ocr_par' dir='ltr' id='par_1_20' title="bbox 2185 875 3740 952">
     <span class='ocr_line' id='line_1_20' title="bbox 2185 875 3740 952; baseline 0.005 -24"><span class='ocrx_word' id='word_1_139' title='bbox 2185 875 2326 942; x_wconf 81' lang='lat' dir='ltr'><strong>ignis</strong></span> <span class='ocrx_word' id='word_1_140' title='bbox 2357 885 2464 935; x_wconf 85' lang='lat' dir='ltr'><strong>est.</strong></span> <span class='ocrx_word' id='word_1_141' title='bbox 2501 878 2557 933; x_wconf 89' lang='lat' dir='ltr'><strong>Si</strong></span> <span class='ocrx_word' id='word_1_142' title='bbox 2591 894 2722 950; x_wconf 88' lang='lat' dir='ltr'><strong>ergo</strong></span> <span class='ocrx_word' id='word_1_143' title='bbox 2775 890 2829 935; x_wconf 91' lang='lat' dir='ltr'><strong>et</strong></span> <span class='ocrx_word' id='word_1_144' title='bbox 2862 891 2915 936; x_wconf 91' lang='lat' dir='ltr'><strong>tu</strong></span> <span class='ocrx_word' id='word_1_145' title='bbox 2950 884 3256 951; x_wconf 83' lang='lat' dir='ltr'><strong>gustaveris</strong></span> <span class='ocrx_word' id='word_1_146' title='bbox 3283 899 3487 952; x_wconf 84' lang='lat' dir='ltr'><strong>aquam</strong></span> <span class='ocrx_word' id='word_1_147' title='bbox 3540 883 3609 937; x_wconf 91' lang='lat' dir='ltr'><strong>de</strong></span> <span class='ocrx_word' id='word_1_148' title='bbox 3642 884 3740 936; x_wconf 80' lang='lat' dir='ltr'><strong>istis</strong></span> 
     </span>
    </p>
   </div>
   <div class='ocr_carea' id='block_1_21' title="bbox 2184 972 3738 1046">
    <p class='ocr_par' dir='ltr' id='par_1_21' title="bbox 2184 972 3738 1046">
     <span class='ocr_line' id='line_1_21' title="bbox 2184 972 3738 1046; baseline 0.002 -22"><span class='ocrx_word' id='word_1_149' title='bbox 2184 973 2390 1040; x_wconf 89' lang='lat' dir='ltr'><strong>puteis,</strong></span> <span class='ocrx_word' id='word_1_150' title='bbox 2427 972 2471 1027; x_wconf 89' lang='lat' dir='ltr'><strong>si</strong></span> <span class='ocrx_word' id='word_1_151' title='bbox 2508 975 2812 1043; x_wconf 86' lang='lat' dir='ltr'><strong>sumpseris</strong></span> <span class='ocrx_word' id='word_1_152' title='bbox 2835 973 3154 1030; x_wconf 67' lang='lat' dir='ltr'><strong>hmrcticum</strong></span> <span class='ocrx_word' id='word_1_153' title='bbox 3203 992 3450 1039; x_wconf 90' lang='lat' dir='ltr'><strong>sensum,</strong></span> <span class='ocrx_word' id='word_1_154' title='bbox 3483 977 3526 1030; x_wconf 89' lang='lat' dir='ltr'><strong>si</strong></span> <span class='ocrx_word' id='word_1_155' title='bbox 3545 977 3738 1046; x_wconf 79' lang='lat' dir='ltr'><strong>peccati</strong></span> 
     </span>
    </p>
   </div>
   <div class='ocr_carea' id='block_1_22' title="bbox 2181 1066 3739 1139">
    <p class='ocr_par' dir='ltr' id='par_1_22' title="bbox 2181 1066 3739 1139">
     <span class='ocr_line' id='line_1_22' title="bbox 2181 1066 3739 1139; baseline 0.004 -23"><span class='ocrx_word' id='word_1_156' title='bbox 2181 1066 2599 1121; x_wconf 81' lang='lat' dir='ltr'><strong>amaritudinem</strong></span> <span class='ocrx_word' id='word_1_157' title='bbox 2644 1069 2874 1137; x_wconf 91' lang='lat' dir='ltr'><strong>ceperis,</strong></span> <span class='ocrx_word' id='word_1_158' title='bbox 2914 1067 3150 1123; x_wconf 77' lang='lat' dir='ltr'><strong>fomenta</strong></span> <span class='ocrx_word' id='word_1_159' title='bbox 3182 1069 3236 1123; x_wconf 91' lang='lat' dir='ltr'><strong>in</strong></span> <span class='ocrx_word' id='word_1_160' title='bbox 3279 1081 3330 1123; x_wconf 88' lang='lat' dir='ltr'><strong>te</strong></span> <span class='ocrx_word' id='word_1_161' title='bbox 3381 1071 3526 1139; x_wconf 73' lang='lat' dir='ltr'><strong>ignis</strong></span> <span class='ocrx_word' id='word_1_162' title='bbox 3583 1079 3635 1123; x_wconf 89' lang='lat' dir='ltr'><strong>et</strong></span> <span class='ocrx_word' id='word_1_163' title='bbox 3665 1085 3739 1138; x_wconf 80' lang='lat' dir='ltr'><strong>ge-</strong></span> 
     </span>
    </p>
   </div>
   <div class='ocr_carea' id='block_1_23' title="bbox 2182 1157 3740 1230">
    <p class='ocr_par' dir='ltr' id='par_1_23' title="bbox 2182 1157 3740 1230">
     <span class='ocr_line' id='line_1_23' title="bbox 2182 1157 3740 1230; baseline 0.001 -17"><span class='ocrx_word' id='word_1_164' title='bbox 2182 1159 2375 1214; x_wconf 65' lang='lat' dir='ltr'><strong>hennae</strong></span> <span class='ocrx_word' id='word_1_165' title='bbox 2415 1157 2662 1213; x_wconf 88' lang='lat' dir='ltr'><strong>incendia</strong></span> <span class='ocrx_word' id='word_1_166' title='bbox 2715 1160 3063 1227; x_wconf 64' lang='lat' dir='ltr'><strong>praeparabis.</strong></span> <span class='ocrx_word' id='word_1_167' title='bbox 3116 1159 3183 1214; x_wconf 86' lang='lat' dir='ltr'><strong>Et</strong></span> <span class='ocrx_word' id='word_1_168' title='bbox 3216 1169 3511 1230; x_wconf 81' lang='lat' dir='ltr'><strong>propterea</strong></span> <span class='ocrx_word' id='word_1_169' title='bbox 3560 1161 3630 1213; x_wconf 90' lang='lat' dir='ltr'><strong>ad</strong></span> <span class='ocrx_word' id='word_1_170' title='bbox 3665 1177 3740 1215; x_wconf 79' lang='lat' dir='ltr'><strong>eos</strong></span> 
     </span>
    </p>
   </div>
   <div class='ocr_carea' id='block_1_24' title="bbox 2181 1251 3737 1322">
    <p class='ocr_par' dir='ltr' id='par_1_24' title="bbox 2181 1251 3737 1322">
     <span class='ocr_line' id='line_1_24' title="bbox 2181 1251 3737 1322; baseline 0.004 -21"><span class='ocrx_word' id='word_1_171' title='bbox 2181 1252 2273 1321; x_wconf 90' lang='lat' dir='ltr'><strong>qui</strong></span> <span class='ocrx_word' id='word_1_172' title='bbox 2314 1251 2505 1306; x_wconf 90' lang='lat' dir='ltr'><strong>nolunt</strong></span> <span class='ocrx_word' id='word_1_173' title='bbox 2535 1251 2602 1306; x_wconf 90' lang='lat' dir='ltr'><strong>de</strong></span> <span class='ocrx_word' id='word_1_174' title='bbox 2624 1251 2714 1307; x_wconf 88' lang='lat' dir='ltr'><strong>illo</strong></span> <span class='ocrx_word' id='word_1_175' title='bbox 2738 1264 2902 1320; x_wconf 85' lang='lat' dir='ltr'><strong>puteo</strong></span> <span class='ocrx_word' id='word_1_176' title='bbox 2931 1268 3128 1321; x_wconf 88' lang='lat' dir='ltr'><strong>aquam</strong></span> <span class='ocrx_word' id='word_1_177' title='bbox 3167 1254 3379 1318; x_wconf 90' lang='lat' dir='ltr'><strong>bibere,</strong></span> <span class='ocrx_word' id='word_1_178' title='bbox 3410 1268 3578 1322; x_wconf 86' lang='lat' dir='ltr'><strong>quem</strong></span> <span class='ocrx_word' id='word_1_179' title='bbox 3603 1257 3737 1322; x_wconf 82' lang='lat' dir='ltr'><strong>prio-</strong></span> 
     </span>
    </p>
   </div>
   <div class='ocr_carea' id='block_1_25' title="bbox 2180 1343 3740 1416">
    <p class='ocr_par' dir='ltr' id='par_1_25' title="bbox 2180 1343 3740 1416">
     <span class='ocr_line' id='line_1_25' title="bbox 2180 1343 3740 1416; baseline 0.003 -17"><span class='ocrx_word' id='word_1_180' title='bbox 2180 1345 2329 1415; x_wconf 90' lang='lat' dir='ltr'><strong>cipes</strong></span> <span class='ocrx_word' id='word_1_181' title='bbox 2363 1343 2620 1398; x_wconf 80' lang='lat' dir='ltr'><strong>foderunt</strong></span> <span class='ocrx_word' id='word_1_182' title='bbox 2671 1356 2726 1398; x_wconf 93' lang='lat' dir='ltr'><strong>et</strong></span> <span class='ocrx_word' id='word_1_183' title='bbox 2777 1360 2953 1415; x_wconf 85' lang='lat' dir='ltr'><strong>reges,</strong></span> <span class='ocrx_word' id='word_1_184' title='bbox 2989 1346 3082 1400; x_wconf 90' lang='lat' dir='ltr'><strong>sed</strong></span> <span class='ocrx_word' id='word_1_185' title='bbox 3119 1359 3185 1399; x_wconf 77' lang='lat' dir='ltr'><strong>ex</strong></span> <span class='ocrx_word' id='word_1_186' title='bbox 3233 1345 3356 1400; x_wconf 87' lang='lat' dir='ltr'><strong>istis</strong></span> <span class='ocrx_word' id='word_1_187' title='bbox 3395 1347 3494 1416; x_wconf 89' lang='lat' dir='ltr'><strong>qui</strong></span> <span class='ocrx_word' id='word_1_188' title='bbox 3535 1348 3588 1401; x_wconf 93' lang='lat' dir='ltr'><strong>in</strong></span> <span class='ocrx_word' id='word_1_189' title='bbox 3620 1349 3740 1404; x_wconf 80' lang='lat' dir='ltr'><strong>valle</strong></span> 
     </span>
    </p>
   </div>
   <div class='ocr_carea' id='block_1_26' title="bbox 2179 1435 3738 1504">
    <p class='ocr_par' dir='ltr' id='par_1_26' title="bbox 2179 1435 3738 1504">
     <span class='ocr_line' id='line_1_26' title="bbox 2179 1435 3738 1504; baseline 0.003 -15"><span class='ocrx_word' id='word_1_190' title='bbox 2179 1435 2386 1504; x_wconf 78' lang='lat' dir='ltr'><strong>peccati</strong></span> <span class='ocrx_word' id='word_1_191' title='bbox 2449 1442 2598 1501; x_wconf 91' lang='lat' dir='ltr'><strong>sunt,</strong></span> <span class='ocrx_word' id='word_1_192' title='bbox 2648 1446 2702 1488; x_wconf 89' lang='lat' dir='ltr'><strong>et</strong></span> <span class='ocrx_word' id='word_1_193' title='bbox 2754 1435 2895 1503; x_wconf 82' lang='lat' dir='ltr'><strong>ignis</strong></span> <span class='ocrx_word' id='word_1_194' title='bbox 2943 1437 3201 1491; x_wconf 82' lang='lat' dir='ltr'><strong>materias</strong></span> <span class='ocrx_word' id='word_1_195' title='bbox 3257 1436 3446 1503; x_wconf 90' lang='lat' dir='ltr'><strong>alunt,</strong></span> <span class='ocrx_word' id='word_1_196' title='bbox 3505 1439 3738 1494; x_wconf 86' lang='lat' dir='ltr'><strong>dicitur:</strong></span> 
     </span>
    </p>
   </div>
   <div class='ocr_carea' id='block_1_27' title="bbox 2183 1526 3742 1597">
    <p class='ocr_par' dir='ltr' id='par_1_27' title="bbox 2183 1526 3742 1597">
     <span class='ocr_line' id='line_1_27' title="bbox 2183 1526 3742 1597; baseline 0.004 -20"><span class='ocrx_word' id='word_1_197' title='bbox 2183 1545 2206 1577; x_wconf 75' lang='grc' dir='ltr'>ί</span> <span class='ocrx_word' id='word_1_198' title='bbox 2252 1527 2494 1581; x_wconf 89' lang='lat' dir='ltr'><strong>Incedite</strong></span> <span class='ocrx_word' id='word_1_199' title='bbox 2525 1527 2577 1580; x_wconf 91' lang='lat' dir='ltr'><strong>in</strong></span> <span class='ocrx_word' id='word_1_200' title='bbox 2609 1526 2812 1581; x_wconf 89' lang='lat' dir='ltr'><strong>lumine</strong></span> <span class='ocrx_word' id='word_1_201' title='bbox 2842 1526 2984 1596; x_wconf 83' lang='lat' dir='ltr'><strong>ignis</strong></span> <span class='ocrx_word' id='word_1_202' title='bbox 3026 1529 3190 1582; x_wconf 86' lang='lat' dir='ltr'><strong>vestri</strong></span> <span class='ocrx_word' id='word_1_203' title='bbox 3233 1537 3289 1582; x_wconf 89' lang='lat' dir='ltr'><strong>et</strong></span> <span class='ocrx_word' id='word_1_204' title='bbox 3328 1527 3568 1582; x_wconf 70' lang='lat' dir='ltr'><strong>ﬂamma:</strong></span> <span class='ocrx_word' id='word_1_205' title='bbox 3595 1545 3742 1597; x_wconf 84' lang='lat' dir='ltr'><strong>quam</strong></span> 
     </span>
    </p>
   </div>
   <div class='ocr_carea' id='block_1_28' title="bbox 2177 1622 3745 1692">
    <p class='ocr_par' dir='ltr' id='par_1_28' title="bbox 2177 1622 3745 1692">
     <span class='ocr_line' id='line_1_28' title="bbox 2177 1622 3745 1692; baseline 0.001 -20"><span class='ocrx_word' id='word_1_206' title='bbox 2177 1622 2329 1676; x_wconf 81' lang='lat' dir='ltr'><strong>vobis</strong></span> <span class='ocrx_word' id='word_1_207' title='bbox 2375 1622 2727 1677; x_wconf 89' lang='lat' dir='ltr'><strong>accendistis.</strong></span> <span class='ocrx_word' id='word_1_208' title='bbox 2782 1641 2801 1673; x_wconf 81' lang='grc' dir='ltr'><strong>ι</strong></span> <span class='ocrx_word' id='word_1_209' title='bbox 2832 1622 2970 1688; x_wconf 86' lang='lat' dir='ltr'><strong>Quid</strong></span> <span class='ocrx_word' id='word_1_210' title='bbox 3025 1636 3157 1690; x_wconf 73' lang='lat' dir='ltr'><strong>ergo</strong></span> <span class='ocrx_word' id='word_1_211' title='bbox 3182 1625 3402 1678; x_wconf 89' lang='lat' dir='ltr'><strong>canitur</strong></span> <span class='ocrx_word' id='word_1_212' title='bbox 3432 1625 3578 1692; x_wconf 85' lang='lat' dir='ltr'><strong>apud</strong></span> <span class='ocrx_word' id='word_1_213' title='bbox 3617 1625 3745 1679; x_wconf 71' lang='lat' dir='ltr'><strong>liuo-</strong></span> 
     </span>
    </p>
   </div>
   <div class='ocr_carea' id='block_1_29' title="bbox 2176 1696 3743 1786">
    <p class='ocr_par' dir='ltr' id='par_1_29' title="bbox 2176 1696 3743 1786">
     <span class='ocr_line' id='line_1_29' title="bbox 2176 1696 3743 1786; baseline 0.005 -21"><span class='ocrx_word' id='word_1_214' title='bbox 2176 1713 2444 1781; x_wconf 79' lang='lat' dir='ltr'><strong>puteum?</strong></span> <span class='ocrx_word' id='word_1_215' title='bbox 2477 1731 2497 1766; x_wconf 68' lang='grc' dir='ltr'><strong>ι</strong></span> <span class='ocrx_word' id='word_1_216' title='bbox 2527 1714 2740 1769; x_wconf 84' lang='lat' dir='ltr'><strong>luitiale</strong></span> <span class='ocrx_word' id='word_1_217' title='bbox 2771 1715 2842 1781; x_wconf 85' lang='lat' dir='ltr'><strong>ei,</strong></span> <span class='ocrx_word' id='word_1_218' title='bbox 2885 1733 2902 1764; x_wconf 81' lang='grc' dir='ltr'><strong>ι</strong></span> <span class='ocrx_word' id='word_1_219' title='bbox 2936 1696 3254 1783; x_wconf 67' lang='grc' dir='ltr'><strong>ἰιιηιιίι⁷⁸,ἰ</strong></span> <span class='ocrx_word' id='word_1_220' title='bbox 3297 1729 3550 1786; x_wconf 85' lang='lat' dir='ltr'><strong>puteum.</strong></span> <span class='ocrx_word' id='word_1_221' title='bbox 3586 1717 3743 1773; x_wconf 80' lang='lat' dir='ltr'><strong>Fode-</strong></span> 
     </span>
    </p>
   </div>
   <div class='ocr_carea' id='block_1_30' title="bbox 503 1800 3743 1898">
    <p class='ocr_par' dir='ltr' id='par_1_30' title="bbox 503 1800 3743 1898">
     <span class='ocr_line' id='line_1_30' title="bbox 503 1800 3743 1898; baseline 0.002 -45"><span class='ocrx_word' id='word_1_222' title='bbox 503 1800 705 1854; x_wconf 87' lang='lat' dir='ltr'><strong>deberc</strong></span> <span class='ocrx_word' id='word_1_223' title='bbox 751 1816 890 1869; x_wconf 66' lang='lat' dir='ltr'><strong>saepe</strong></span> <span class='ocrx_word' id='word_1_224' title='bbox 917 1803 1274 1857; x_wconf 87' lang='lat' dir='ltr'><strong>ostendimus.</strong></span> <span class='ocrx_word' id='word_1_225' title='bbox 1322 1803 1430 1856; x_wconf 85' lang='lat' dir='ltr'><strong>Lex</strong></span> <span class='ocrx_word' id='word_1_226' title='bbox 1460 1816 1588 1870; x_wconf 90' lang='lat' dir='ltr'><strong>ergo</strong></span> <span class='ocrx_word' id='word_1_227' title='bbox 1624 1802 1716 1857; x_wconf 81' lang='lat' dir='ltr'><strong>Dei</strong></span> <span class='ocrx_word' id='word_1_228' title='bbox 1751 1813 1834 1856; x_wconf 89' lang='lat' dir='ltr'><strong>est</strong></span> <span class='ocrx_word' id='word_1_229' title='bbox 1865 1817 1985 1870; x_wconf 72' lang='lat' dir='ltr'><strong>qua:</strong></span> <span class='ocrx_word' id='word_1_230' title='bbox 2021 1813 2071 1858; x_wconf 90' lang='lat' dir='ltr'><strong>Ie</strong></span> <span class='ocrx_word' id='word_1_231' title='bbox 2105 1845 2145 1898; x_wconf 70' lang='grc' dir='ltr'><strong>Β</strong></span> <span class='ocrx_word' id='word_1_232' title='bbox 2179 1815 2304 1859; x_wconf 89' lang='lat' dir='ltr'><strong>runt</strong></span> <span class='ocrx_word' id='word_1_233' title='bbox 2347 1804 2498 1860; x_wconf 88' lang='lat' dir='ltr'><strong>illum</strong></span> <span class='ocrx_word' id='word_1_234' title='bbox 2536 1805 2823 1875; x_wconf 86' lang='lat' dir='ltr'><strong>principes,</strong></span> <span class='ocrx_word' id='word_1_235' title='bbox 2861 1807 3196 1860; x_wconf 77' lang='lat' dir='ltr'><strong>excuderunt</strong></span> <span class='ocrx_word' id='word_1_236' title='bbox 3253 1822 3430 1876; x_wconf 85' lang='lat' dir='ltr'><strong>reges.</strong></span> <span class='ocrx_word' id='word_1_237' title='bbox 3473 1828 3491 1859; x_wconf 77' lang='grc' dir='ltr'><strong>ι</strong></span> <span class='ocrx_word' id='word_1_238' title='bbox 3518 1807 3743 1862; x_wconf 85' lang='lat' dir='ltr'><strong>Possunt</strong></span> 
     </span>
    </p>
   </div>
   <div class='ocr_carea' id='block_1_31' title="bbox 498 1893 2068 1964">
    <p class='ocr_par' dir='ltr' id='par_1_31' title="bbox 498 1893 2068 1964">
     <span class='ocr_line' id='line_1_31' title="bbox 498 1893 2068 1964; baseline 0.001 -18"><span class='ocrx_word' id='word_1_239' title='bbox 498 1903 784 1956; x_wconf 83' lang='lat' dir='ltr'><strong>convocat,</strong></span> <span class='ocrx_word' id='word_1_240' title='bbox 817 1905 873 1946; x_wconf 92' lang='lat' dir='ltr'><strong>ut</strong></span> <span class='ocrx_word' id='word_1_241' title='bbox 915 1895 979 1947; x_wconf 91' lang='lat' dir='ltr'><strong>ad</strong></span> <span class='ocrx_word' id='word_1_242' title='bbox 1014 1904 1235 1964; x_wconf 89' lang='lat' dir='ltr'><strong>puteum</strong></span> <span class='ocrx_word' id='word_1_243' title='bbox 1263 1894 1576 1949; x_wconf 84' lang='lat' dir='ltr'><strong>convenias.</strong></span> <span class='ocrx_word' id='word_1_244' title='bbox 1622 1893 1796 1960; x_wconf 85' lang='lat' dir='ltr'><strong>Quem</strong></span> <span class='ocrx_word' id='word_1_245' title='bbox 1823 1907 2068 1964; x_wconf 90' lang='lat' dir='ltr'><strong>puteum,</strong></span> 
     </span>
    </p>
   </div>
   <div class='ocr_carea' id='block_1_32' title="bbox 499 1985 2066 2054">
    <p class='ocr_par' dir='ltr' id='par_1_32' title="bbox 499 1985 2066 2054">
     <span class='ocr_line' id='line_1_32' title="bbox 499 1985 2066 2054; baseline 0.003 -18"><span class='ocrx_word' id='word_1_246' title='bbox 499 1985 600 2038; x_wconf 67' lang='lat' dir='ltr'><strong>nisi</strong></span> <span class='ocrx_word' id='word_1_247' title='bbox 635 1985 782 2038; x_wconf 87' lang='lat' dir='ltr'><strong>illmn</strong></span> <span class='ocrx_word' id='word_1_248' title='bbox 825 1987 1024 2054; x_wconf 86' lang='lat' dir='ltr'><strong>dequo</strong></span> <span class='ocrx_word' id='word_1_249' title='bbox 1065 2000 1230 2053; x_wconf 86' lang='lat' dir='ltr'><strong>supra</strong></span> <span class='ocrx_word' id='word_1_250' title='bbox 1279 1987 1517 2040; x_wconf 82' lang='lat' dir='ltr'><strong>diximus</strong></span> <span class='ocrx_word' id='word_1_251' title='bbox 1563 1985 1746 2042; x_wconf 68' lang='lat' dir='ltr'><strong>Iesum</strong></span> <span class='ocrx_word' id='word_1_252' title='bbox 1790 1987 2066 2042; x_wconf 85' lang='lat' dir='ltr'><strong>Christum</strong></span> 
     </span>
    </p>
   </div>
   <div class='ocr_carea' id='block_1_33' title="bbox 498 2073 2068 2148">
    <p class='ocr_par' dir='ltr' id='par_1_33' title="bbox 498 2073 2068 2148">
     <span class='ocr_line' id='line_1_33' title="bbox 498 2073 2068 2148; baseline 0.001 -20"><span class='ocrx_word' id='word_1_253' title='bbox 498 2073 692 2130; x_wconf 79' lang='lat' dir='ltr'><strong>Filium</strong></span> <span class='ocrx_word' id='word_1_254' title='bbox 724 2075 1065 2148; x_wconf 74' lang='lat' dir='ltr'><strong>Dei,propria</strong></span> <span class='ocrx_word' id='word_1_255' title='bbox 1088 2077 1306 2148; x_wconf 87' lang='lat' dir='ltr'><strong>quidem</strong></span> <span class='ocrx_word' id='word_1_256' title='bbox 1334 2075 1638 2132; x_wconf 84' lang='lat' dir='ltr'><strong>substantia</strong></span> <span class='ocrx_word' id='word_1_257' title='bbox 1658 2077 2068 2143; x_wconf 87' lang='lat' dir='ltr'><strong>subsistentem,</strong></span> 
     </span>
    </p>
   </div>
   <div class='ocr_carea' id='block_1_34' title="bbox 493 2169 2068 2240">
    <p class='ocr_par' dir='ltr' id='par_1_34' title="bbox 493 2169 2068 2240">
     <span class='ocr_line' id='line_1_34' title="bbox 493 2169 2068 2240; baseline 0.003 -20"><span class='ocrx_word' id='word_1_258' title='bbox 493 2181 606 2220; x_wconf 88' lang='lat' dir='ltr'><strong>uno</strong></span> <span class='ocrx_word' id='word_1_259' title='bbox 641 2177 820 2223; x_wconf 87' lang='lat' dir='ltr'><strong>tamen</strong></span> <span class='ocrx_word' id='word_1_260' title='bbox 859 2185 980 2224; x_wconf 85' lang='lat' dir='ltr'><strong>cum</strong></span> <span class='ocrx_word' id='word_1_261' title='bbox 1031 2169 1197 2225; x_wconf 86' lang='lat' dir='ltr'><strong>Patre</strong></span> <span class='ocrx_word' id='word_1_262' title='bbox 1249 2179 1304 2225; x_wconf 91' lang='lat' dir='ltr'><strong>et</strong></span> <span class='ocrx_word' id='word_1_263' title='bbox 1359 2169 1564 2240; x_wconf 90' lang='lat' dir='ltr'><strong>Spiritu</strong></span> <span class='ocrx_word' id='word_1_264' title='bbox 1612 2178 1802 2224; x_wconf 87' lang='lat' dir='ltr'><strong>sancto</strong></span> <span class='ocrx_word' id='word_1_265' title='bbox 1842 2170 2068 2224; x_wconf 87' lang='lat' dir='ltr'><strong>Deitatis</strong></span> 
     </span>
    </p>
   </div>
   <div class='ocr_carea' id='block_1_35' title="bbox 491 2254 2066 2330">
    <p class='ocr_par' dir='ltr' id='par_1_35' title="bbox 491 2254 2066 2330">
     <span class='ocr_line' id='line_1_35' title="bbox 491 2254 2066 2330; baseline 0.003 -21"><span class='ocrx_word' id='word_1_266' title='bbox 491 2254 644 2312; x_wconf 81' lang='lat' dir='ltr'><strong>fonte</strong></span> <span class='ocrx_word' id='word_1_267' title='bbox 703 2262 1085 2315; x_wconf 82' lang='lat' dir='ltr'><strong>nominatum?</strong></span> <span class='ocrx_word' id='word_1_268' title='bbox 1129 2262 1208 2315; x_wconf 77' lang='lat' dir='ltr'><strong>Ad</strong></span> <span class='ocrx_word' id='word_1_269' title='bbox 1258 2262 1402 2315; x_wconf 82' lang='lat' dir='ltr'><strong>hunc</strong></span> <span class='ocrx_word' id='word_1_270' title='bbox 1458 2276 1589 2330; x_wconf 87' lang='lat' dir='ltr'><strong>ergo</strong></span> <span class='ocrx_word' id='word_1_271' title='bbox 1624 2269 1868 2328; x_wconf 66' lang='lat' dir='ltr'><strong>puteum,</strong></span> <span class='ocrx_word' id='word_1_272' title='bbox 1903 2261 1954 2315; x_wconf 91' lang='lat' dir='ltr'><strong>id</strong></span> <span class='ocrx_word' id='word_1_273' title='bbox 1984 2268 2066 2316; x_wconf 89' lang='lat' dir='ltr'><strong>est</strong></span> 
     </span>
    </p>
   </div>
   <div class='ocr_carea' id='block_1_36' title="bbox 490 2348 2062 2421">
    <p class='ocr_par' dir='ltr' id='par_1_36' title="bbox 490 2348 2062 2421">
     <span class='ocr_line' id='line_1_36' title="bbox 490 2348 2062 2421; baseline 0.002 -20"><span class='ocrx_word' id='word_1_274' title='bbox 490 2348 557 2402; x_wconf 78' lang='lat' dir='ltr'><strong>ad</strong></span> <span class='ocrx_word' id='word_1_275' title='bbox 594 2348 750 2404; x_wconf 80' lang='lat' dir='ltr'><strong>[idem</strong></span> <span class='ocrx_word' id='word_1_276' title='bbox 784 2351 986 2406; x_wconf 84' lang='lat' dir='ltr'><strong>Christi</strong></span> <span class='ocrx_word' id='word_1_277' title='bbox 1021 2367 1121 2406; x_wconf 90' lang='lat' dir='ltr'><strong>nos</strong></span> <span class='ocrx_word' id='word_1_278' title='bbox 1159 2362 1424 2408; x_wconf 83' lang='lat' dir='ltr'><strong>convocat</strong></span> <span class='ocrx_word' id='word_1_279' title='bbox 1459 2353 1567 2408; x_wconf 77' lang='lat' dir='ltr'><strong>lex.</strong></span> <span class='ocrx_word' id='word_1_280' title='bbox 1603 2354 1717 2421; x_wconf 89' lang='lat' dir='ltr'><strong>Ipse</strong></span> <span class='ocrx_word' id='word_1_281' title='bbox 1734 2353 1880 2409; x_wconf 91' lang='lat' dir='ltr'><strong>enim</strong></span> <span class='ocrx_word' id='word_1_282' title='bbox 1902 2351 2062 2415; x_wconf 82' lang='lat' dir='ltr'><strong>dixit,</strong></span> 
     </span>
    </p>
   </div>
   <div class='ocr_carea' id='block_1_37' title="bbox 496 2439 2064 2514">
    <p class='ocr_par' dir='ltr' id='par_1_37' title="bbox 496 2439 2064 2514">
     <span class='ocr_line' id='line_1_37' title="bbox 496 2439 2064 2514; baseline 0.008 -26"><span class='ocrx_word' id='word_1_283' title='bbox 496 2455 516 2488; x_wconf 75' lang='grc' dir='ltr'><strong>ι</strong></span> <span class='ocrx_word' id='word_1_284' title='bbox 541 2439 666 2508; x_wconf 90' lang='lat' dir='ltr'><strong>quia</strong></span> <span class='ocrx_word' id='word_1_285' title='bbox 696 2440 906 2512; x_wconf 80' lang='lat' dir='ltr'><strong>Moyses</strong></span> <span class='ocrx_word' id='word_1_286' title='bbox 921 2443 1086 2498; x_wconf 89' lang='lat' dir='ltr'><strong>deme</strong></span> <span class='ocrx_word' id='word_1_287' title='bbox 1102 2445 1339 2513; x_wconf 89' lang='lat' dir='ltr'><strong>scripsit.</strong></span> <span class='ocrx_word' id='word_1_288' title='bbox 1356 2463 1376 2494; x_wconf 71' lang='grc' dir='ltr'><strong>ι</strong></span> <span class='ocrx_word' id='word_1_289' title='bbox 1401 2445 1607 2514; x_wconf 88' lang='lat' dir='ltr'><strong>thnid</strong></span> <span class='ocrx_word' id='word_1_290' title='bbox 1638 2459 1737 2500; x_wconf 93' lang='lat' dir='ltr'><strong>nos</strong></span> <span class='ocrx_word' id='word_1_291' title='bbox 1759 2447 2064 2501; x_wconf 81' lang='lat' dir='ltr'><strong>convocat?</strong></span> 
     </span>
    </p>
   </div>
   <div class='ocr_carea' id='block_1_38' title="bbox 490 2527 2062 2603">
    <p class='ocr_par' dir='ltr' id='par_1_38' title="bbox 490 2527 2062 2603">
     <span class='ocr_line' id='line_1_38' title="bbox 490 2527 2062 2603; baseline 0.006 -20"><span class='ocrx_word' id='word_1_292' title='bbox 490 2527 562 2584; x_wconf 86' lang='lat' dir='ltr'><strong>Ut</strong></span> <span class='ocrx_word' id='word_1_293' title='bbox 596 2531 847 2587; x_wconf 90' lang='lat' dir='ltr'><strong>bibamus</strong></span> <span class='ocrx_word' id='word_1_294' title='bbox 879 2549 1098 2603; x_wconf 88' lang='lat' dir='ltr'><strong>aquam,</strong></span> <span class='ocrx_word' id='word_1_295' title='bbox 1141 2545 1194 2590; x_wconf 91' lang='lat' dir='ltr'><strong>et</strong></span> <span class='ocrx_word' id='word_1_296' title='bbox 1229 2547 1515 2591; x_wconf 91' lang='lat' dir='ltr'><strong>cantemus</strong></span> <span class='ocrx_word' id='word_1_297' title='bbox 1541 2537 1591 2593; x_wconf 86' lang='lat' dir='ltr'><strong>ei</strong></span> <span class='ocrx_word' id='word_1_298' title='bbox 1617 2538 1891 2593; x_wconf 90' lang='lat' dir='ltr'><strong>canticum</strong></span> <span class='ocrx_word' id='word_1_299' title='bbox 1919 2556 1933 2592; x_wconf 88' lang='lat'><strong>:</strong></span> <span class='ocrx_word' id='word_1_300' title='bbox 1960 2539 2062 2594; x_wconf 90' lang='lat' dir='ltr'><strong>hoc</strong></span> 
     </span>
    </p>
   </div>
   <div class='ocr_carea' id='block_1_39' title="bbox 485 2625 2064 2699">
    <p class='ocr_par' dir='ltr' id='par_1_39' title="bbox 485 2625 2064 2699">
     <span class='ocr_line' id='line_1_39' title="bbox 485 2625 2064 2699; baseline 0.007 -25"><span class='ocrx_word' id='word_1_301' title='bbox 485 2631 570 2675; x_wconf 84' lang='lat' dir='ltr'><strong>est</strong></span> <span class='ocrx_word' id='word_1_302' title='bbox 597 2625 766 2679; x_wconf 89' lang='lat' dir='ltr'><strong>corde</strong></span> <span class='ocrx_word' id='word_1_303' title='bbox 784 2626 1075 2682; x_wconf 88' lang='lat' dir='ltr'><strong>credamus</strong></span> <span class='ocrx_word' id='word_1_304' title='bbox 1105 2629 1170 2682; x_wconf 87' lang='lat' dir='ltr'><strong>ad</strong></span> <span class='ocrx_word' id='word_1_305' title='bbox 1195 2629 1482 2699; x_wconf 83' lang='lat' dir='ltr'><strong>justitiam,</strong></span> <span class='ocrx_word' id='word_1_306' title='bbox 1507 2639 1560 2683; x_wconf 91' lang='lat' dir='ltr'><strong>et</strong></span> <span class='ocrx_word' id='word_1_307' title='bbox 1576 2644 1674 2685; x_wconf 91' lang='lat' dir='ltr'><strong>ore</strong></span> <span class='ocrx_word' id='word_1_308' title='bbox 1702 2629 2064 2685; x_wconf 74' lang='lat' dir='ltr'><strong>confiteamur</strong></span> 
     </span>
    </p>
   </div>
   <div class='ocr_carea' id='block_1_40' title="bbox 488 2711 830 2769">
    <p class='ocr_par' dir='ltr' id='par_1_40' title="bbox 488 2711 830 2769">
     <span class='ocr_line' id='line_1_40' title="bbox 488 2711 830 2769; baseline 0.012 -7"><span class='ocrx_word' id='word_1_309' title='bbox 488 2711 555 2763; x_wconf 86' lang='lat' dir='ltr'><strong>ad</strong></span> <span class='ocrx_word' id='word_1_310' title='bbox 577 2711 830 2769; x_wconf 86' lang='lat' dir='ltr'><strong>salutem.</strong></span> 
     </span>
    </p>
   </div>
   <div class='ocr_carea' id='block_1_41' title="bbox 555 2803 2059 2882">
    <p class='ocr_par' dir='ltr' id='par_1_41' title="bbox 555 2803 2059 2882">
     <span class='ocr_line' id='line_1_41' title="bbox 555 2803 2059 2882; baseline 0.011 -26"><span class='ocrx_word' id='word_1_311' title='bbox 555 2803 611 2858; x_wconf 63' lang='grc' dir='ltr'><strong>ἓ.</strong></span> <span class='ocrx_word' id='word_1_312' title='bbox 640 2823 658 2856; x_wconf 74' lang='grc' dir='ltr'><strong>ι</strong></span> <span class='ocrx_word' id='word_1_313' title='bbox 691 2803 930 2870; x_wconf 88' lang='lat' dir='ltr'><strong>lnitiate,</strong></span> <span class='ocrx_word' id='word_1_314' title='bbox 968 2826 987 2859; x_wconf 82' lang='grc' dir='ltr'><strong>ι</strong></span> <span class='ocrx_word' id='word_1_315' title='bbox 1021 2807 1194 2878; x_wconf 86' lang='lat' dir='ltr'><strong>inquit</strong></span> <span class='ocrx_word' id='word_1_316' title='bbox 1218 2810 1284 2875; x_wconf 66' lang='lat'><strong>‘9,</strong></span> <span class='ocrx_word' id='word_1_317' title='bbox 1323 2829 1342 2862; x_wconf 76' lang='lat' dir='ltr'><strong>r</strong></span> <span class='ocrx_word' id='word_1_318' title='bbox 1378 2810 1454 2865; x_wconf 84' lang='lat' dir='ltr'><strong>illi</strong></span> <span class='ocrx_word' id='word_1_319' title='bbox 1490 2821 1732 2882; x_wconf 89' lang='lat' dir='ltr'><strong>puteum.</strong></span> <span class='ocrx_word' id='word_1_320' title='bbox 1775 2833 1794 2867; x_wconf 79' lang='grc' dir='ltr'><strong>ι</strong></span> <span class='ocrx_word' id='word_1_321' title='bbox 1825 2813 1924 2870; x_wconf 81' lang='lat' dir='ltr'><strong>llic</strong></span> <span class='ocrx_word' id='word_1_322' title='bbox 1975 2823 2059 2872; x_wconf 91' lang='lat' dir='ltr'><strong>est</strong></span> 
     </span>
    </p>
   </div>
   <div class='ocr_carea' id='block_1_42' title="bbox 484 2899 2057 2974">
    <p class='ocr_par' dir='ltr' id='par_1_42' title="bbox 484 2899 2057 2974">
     <span class='ocr_line' id='line_1_42' title="bbox 484 2899 2057 2974; baseline 0.009 -27"><span class='ocrx_word' id='word_1_323' title='bbox 484 2910 698 2954; x_wconf 86' lang='lat' dir='ltr'><strong>sensus.</strong></span> <span class='ocrx_word' id='word_1_324' title='bbox 733 2899 974 2966; x_wconf 75' lang='lat' dir='ltr'><strong>Initium,</strong></span> <span class='ocrx_word' id='word_1_325' title='bbox 999 2902 1094 2965; x_wconf 92' lang='lat' dir='ltr'><strong>ait,</strong></span> <span class='ocrx_word' id='word_1_326' title='bbox 1135 2905 1374 2958; x_wconf 89' lang='lat' dir='ltr'><strong>omnium</strong></span> <span class='ocrx_word' id='word_1_327' title='bbox 1404 2915 1625 2974; x_wconf 90' lang='lat' dir='ltr'><strong>puteum</strong></span> <span class='ocrx_word' id='word_1_328' title='bbox 1660 2907 1866 2974; x_wconf 86' lang='lat' dir='ltr'><strong>ponite,</strong></span> <span class='ocrx_word' id='word_1_329' title='bbox 1913 2907 2057 2962; x_wconf 90' lang='lat' dir='ltr'><strong>sicut</strong></span> 
     </span>
    </p>
   </div>
   <div class='ocr_carea' id='block_1_43' title="bbox 483 2990 2051 3070">
    <p class='ocr_par' dir='ltr' id='par_1_43' title="bbox 483 2990 2051 3070">
     <span class='ocr_line' id='line_1_43' title="bbox 483 2990 2051 3070; baseline 0.006 -24"><span class='ocrx_word' id='word_1_330' title='bbox 483 2999 538 3046; x_wconf 91' lang='lat' dir='ltr'><strong>et</strong></span> <span class='ocrx_word' id='word_1_331' title='bbox 576 2990 869 3058; x_wconf 83' lang='lat' dir='ltr'><strong>Apostolus</strong></span> <span class='ocrx_word' id='word_1_332' title='bbox 924 2992 1151 3061; x_wconf 80' lang='lat' dir='ltr'><strong>dicit&quot;,</strong></span> <span class='ocrx_word' id='word_1_333' title='bbox 1196 2996 1318 3063; x_wconf 84' lang='lat' dir='ltr'><strong>quia</strong></span> <span class='ocrx_word' id='word_1_334' title='bbox 1378 2997 1492 3067; x_wconf 89' lang='lat' dir='ltr'><strong>ipse</strong></span> <span class='ocrx_word' id='word_1_335' title='bbox 1533 3008 1618 3054; x_wconf 88' lang='lat' dir='ltr'><strong>est</strong></span> <span class='ocrx_word' id='word_1_336' title='bbox 1662 3018 1682 3051; x_wconf 78' lang='grc' dir='ltr'><strong>ι</strong></span> <span class='ocrx_word' id='word_1_337' title='bbox 1723 2998 2051 3070; x_wconf 90' lang='lat' dir='ltr'><strong>principium</strong></span> 
     </span>
    </p>
   </div>
   <div class='ocr_carea' id='block_1_44' title="bbox 479 3083 2050 3160">
    <p class='ocr_par' dir='ltr' id='par_1_44' title="bbox 479 3083 2050 3160">
     <span class='ocr_line' id='line_1_44' title="bbox 479 3083 2050 3160; baseline 0.009 -26"><span class='ocrx_word' id='word_1_338' title='bbox 479 3089 535 3135; x_wconf 91' lang='lat' dir='ltr'><strong>et</strong></span> <span class='ocrx_word' id='word_1_339' title='bbox 578 3083 970 3152; x_wconf 79' lang='lat' dir='ltr'><strong>primogenitus</strong></span> <span class='ocrx_word' id='word_1_340' title='bbox 1011 3087 1188 3140; x_wconf 89' lang='lat' dir='ltr'><strong>omnis</strong></span> <span class='ocrx_word' id='word_1_341' title='bbox 1220 3097 1507 3155; x_wconf 71' lang='lat' dir='ltr'><strong>creatum,</strong></span> <span class='ocrx_word' id='word_1_342' title='bbox 1538 3100 1592 3146; x_wconf 91' lang='lat' dir='ltr'><strong>et</strong></span> <span class='ocrx_word' id='word_1_343' title='bbox 1617 3091 1669 3146; x_wconf 91' lang='lat' dir='ltr'><strong>in</strong></span> <span class='ocrx_word' id='word_1_344' title='bbox 1720 3093 1839 3160; x_wconf 93' lang='lat' dir='ltr'><strong>ipso</strong></span> <span class='ocrx_word' id='word_1_345' title='bbox 1869 3103 2050 3149; x_wconf 88' lang='lat' dir='ltr'><strong>creata</strong></span> 
     </span>
    </p>
   </div>
   <div class='ocr_carea' id='block_1_45' title="bbox 2173 1897 3744 1966">
    <p class='ocr_par' dir='ltr' id='par_1_45' title="bbox 2173 1897 3744 1966">
     <span class='ocr_line' id='line_1_45' title="bbox 2173 1897 3744 1966; baseline 0.003 -17"><span class='ocrx_word' id='word_1_346' title='bbox 2173 1898 2385 1966; x_wconf 88' lang='lat' dir='ltr'><strong>quidem</strong></span> <span class='ocrx_word' id='word_1_347' title='bbox 2447 1897 2720 1966; x_wconf 91' lang='lat' dir='ltr'><strong>principes</strong></span> <span class='ocrx_word' id='word_1_348' title='bbox 2747 1907 2800 1950; x_wconf 88' lang='lat' dir='ltr'><strong>et</strong></span> <span class='ocrx_word' id='word_1_349' title='bbox 2846 1911 2998 1965; x_wconf 88' lang='lat' dir='ltr'><strong>rcges</strong></span> <span class='ocrx_word' id='word_1_350' title='bbox 3035 1898 3194 1952; x_wconf 89' lang='lat' dir='ltr'><strong>iidem</strong></span> <span class='ocrx_word' id='word_1_351' title='bbox 3239 1899 3409 1954; x_wconf 90' lang='lat' dir='ltr'><strong>videri</strong></span> <span class='ocrx_word' id='word_1_352' title='bbox 3447 1917 3465 1954; x_wconf 91' lang='lat'><strong>:</strong></span> <span class='ocrx_word' id='word_1_353' title='bbox 3525 1901 3573 1953; x_wconf 88' lang='lat' dir='ltr'><strong>si</strong></span> <span class='ocrx_word' id='word_1_354' title='bbox 3629 1914 3744 1954; x_wconf 78' lang='lat' dir='ltr'><strong>vero</strong></span> 
     </span>
    </p>
   </div>
   <div class='ocr_carea' id='block_1_46' title="bbox 2173 1988 3740 2059">
    <p class='ocr_par' dir='ltr' id='par_1_46' title="bbox 2173 1988 3740 2059">
     <span class='ocr_line' id='line_1_46' title="bbox 2173 1988 3740 2059; baseline -0.001 -15"><span class='ocrx_word' id='word_1_355' title='bbox 2173 1989 2426 2059; x_wconf 74' lang='lat' dir='ltr'><strong>distingui</strong></span> <span class='ocrx_word' id='word_1_356' title='bbox 2456 2003 2678 2044; x_wconf 85' lang='lat' dir='ltr'><strong>necesse</strong></span> <span class='ocrx_word' id='word_1_357' title='bbox 2717 1997 2821 2053; x_wconf 89' lang='lat' dir='ltr'><strong>est,</strong></span> <span class='ocrx_word' id='word_1_358' title='bbox 2845 1988 3118 2058; x_wconf 87' lang='lat' dir='ltr'><strong>principes</strong></span> <span class='ocrx_word' id='word_1_359' title='bbox 3140 1988 3442 2059; x_wconf 85' lang='lat' dir='ltr'><strong>Prophetas</strong></span> <span class='ocrx_word' id='word_1_360' title='bbox 3475 1991 3740 2059; x_wconf 76' lang='lat' dir='ltr'><strong>intelliga-</strong></span> 
     </span>
    </p>
   </div>
   <div class='ocr_carea' id='block_1_47' title="bbox 2171 2078 3742 2150">
    <p class='ocr_par' dir='ltr' id='par_1_47' title="bbox 2171 2078 3742 2150">
     <span class='ocr_line' id='line_1_47' title="bbox 2171 2078 3742 2150; baseline 0.005 -18"><span class='ocrx_word' id='word_1_361' title='bbox 2171 2094 2311 2134; x_wconf 89' lang='lat' dir='ltr'><strong>mus.</strong></span> <span class='ocrx_word' id='word_1_362' title='bbox 2361 2078 2466 2149; x_wconf 90' lang='lat' dir='ltr'><strong>lpsi</strong></span> <span class='ocrx_word' id='word_1_363' title='bbox 2497 2081 2638 2134; x_wconf 89' lang='lat' dir='ltr'><strong>enim</strong></span> <span class='ocrx_word' id='word_1_364' title='bbox 2673 2095 2895 2135; x_wconf 85' lang='lat' dir='ltr'><strong>sensum</strong></span> <span class='ocrx_word' id='word_1_365' title='bbox 2945 2090 2998 2134; x_wconf 87' lang='lat' dir='ltr'><strong>et</strong></span> <span class='ocrx_word' id='word_1_366' title='bbox 3036 2081 3378 2150; x_wconf 89' lang='lat' dir='ltr'><strong>prophetiam</strong></span> <span class='ocrx_word' id='word_1_367' title='bbox 3425 2084 3498 2138; x_wconf 84' lang='lat' dir='ltr'><strong>de</strong></span> <span class='ocrx_word' id='word_1_368' title='bbox 3528 2083 3742 2140; x_wconf 85' lang='lat' dir='ltr'><strong>Christo</strong></span> 
     </span>
    </p>
   </div>
   <div class='ocr_carea' id='block_1_48' title="bbox 2168 2171 3738 2242">
    <p class='ocr_par' dir='ltr' id='par_1_48' title="bbox 2168 2171 3738 2242">
     <span class='ocr_line' id='line_1_48' title="bbox 2168 2171 3738 2242; baseline 0.004 -17"><span class='ocrx_word' id='word_1_369' title='bbox 2168 2171 2437 2227; x_wconf 78' lang='lat' dir='ltr'><strong>defossam</strong></span> <span class='ocrx_word' id='word_1_370' title='bbox 2475 2182 2527 2228; x_wconf 90' lang='lat' dir='ltr'><strong>et</strong></span> <span class='ocrx_word' id='word_1_371' title='bbox 2559 2172 2858 2227; x_wconf 87' lang='lat' dir='ltr'><strong>demersam</strong></span> <span class='ocrx_word' id='word_1_372' title='bbox 2897 2171 2950 2226; x_wconf 90' lang='lat' dir='ltr'><strong>in</strong></span> <span class='ocrx_word' id='word_1_373' title='bbox 2975 2171 3244 2242; x_wconf 81' lang='lat' dir='ltr'><strong>profundo</strong></span> <span class='ocrx_word' id='word_1_374' title='bbox 3280 2173 3485 2230; x_wconf 62' lang='lat' dir='ltr'><strong>litterae</strong></span> <span class='ocrx_word' id='word_1_375' title='bbox 3515 2176 3738 2231; x_wconf 84' lang='lat' dir='ltr'><strong>colloca-</strong></span> 
     </span>
    </p>
   </div>
   <div class='ocr_carea' id='block_1_49' title="bbox 2169 2263 3738 2334">
    <p class='ocr_par' dir='ltr' id='par_1_49' title="bbox 2169 2263 3738 2334">
     <span class='ocr_line' id='line_1_49' title="bbox 2169 2263 3738 2334; baseline 0.005 -18"><span class='ocrx_word' id='word_1_376' title='bbox 2169 2271 2315 2327; x_wconf 88' lang='lat' dir='ltr'><strong>runt,</strong></span> <span class='ocrx_word' id='word_1_377' title='bbox 2351 2272 2407 2318; x_wconf 92' lang='lat' dir='ltr'><strong>et</strong></span> <span class='ocrx_word' id='word_1_378' title='bbox 2453 2263 2573 2319; x_wconf 91' lang='lat' dir='ltr'><strong>idco</strong></span> <span class='ocrx_word' id='word_1_379' title='bbox 2623 2265 2841 2334; x_wconf 90' lang='lat' dir='ltr'><strong>quidam</strong></span> <span class='ocrx_word' id='word_1_380' title='bbox 2896 2277 2961 2317; x_wconf 76' lang='lat' dir='ltr'><strong>ex</strong></span> <span class='ocrx_word' id='word_1_381' title='bbox 3021 2264 3153 2333; x_wconf 89' lang='lat' dir='ltr'><strong>ipsis</strong></span> <span class='ocrx_word' id='word_1_382' title='bbox 3182 2265 3396 2321; x_wconf 88' lang='lat' dir='ltr'><strong>diccbat</strong></span> <span class='ocrx_word' id='word_1_383' title='bbox 3431 2268 3480 2298; x_wconf 82' lang='grc'><strong><em>⁷³</em></strong></span> <span class='ocrx_word' id='word_1_384' title='bbox 3515 2286 3530 2320; x_wconf 90' lang='lat'>:</span> <span class='ocrx_word' id='word_1_385' title='bbox 3565 2288 3584 2319; x_wconf 73' lang='grc' dir='ltr'><strong>ι</strong></span> <span class='ocrx_word' id='word_1_386' title='bbox 3638 2268 3738 2324; x_wconf 77' lang='grc' dir='ltr'><strong>Νίιὶ</strong></span> 
     </span>
    </p>
   </div>
   <div class='ocr_carea' id='block_1_50' title="bbox 2167 2354 3737 2424">
    <p class='ocr_par' dir='ltr' id='par_1_50' title="bbox 2167 2354 3737 2424">
     <span class='ocr_line' id='line_1_50' title="bbox 2167 2354 3737 2424; baseline 0.002 -14"><span class='ocrx_word' id='word_1_387' title='bbox 2167 2355 2385 2410; x_wconf 89' lang='lat' dir='ltr'><strong>occulte</strong></span> <span class='ocrx_word' id='word_1_388' title='bbox 2419 2355 2724 2417; x_wconf 85' lang='lat' dir='ltr'><strong>audieritis,</strong></span> <span class='ocrx_word' id='word_1_389' title='bbox 2753 2354 2989 2424; x_wconf 79' lang='lat' dir='ltr'><strong>plorabit</strong></span> <span class='ocrx_word' id='word_1_390' title='bbox 3019 2356 3198 2409; x_wconf 86' lang='lat' dir='ltr'><strong>anima</strong></span> <span class='ocrx_word' id='word_1_391' title='bbox 3225 2367 3431 2414; x_wconf 87' lang='lat' dir='ltr'><strong>vestra.</strong></span> <span class='ocrx_word' id='word_1_392' title='bbox 3475 2378 3496 2411; x_wconf 72' lang='grc' dir='ltr'><strong>ι</strong></span> <span class='ocrx_word' id='word_1_393' title='bbox 3527 2358 3597 2413; x_wconf 82' lang='lat' dir='ltr'><strong>Et</strong></span> <span class='ocrx_word' id='word_1_394' title='bbox 3622 2361 3737 2413; x_wconf 82' lang='lat' dir='ltr'><strong>item</strong></span> 
     </span>
    </p>
   </div>
   <div class='ocr_carea' id='block_1_51' title="bbox 2167 2445 3735 2516">
    <p class='ocr_par' dir='ltr' id='par_1_51' title="bbox 2167 2445 3735 2516">
     <span class='ocr_line' id='line_1_51' title="bbox 2167 2445 3735 2516; baseline 0.004 -18"><span class='ocrx_word' id='word_1_395' title='bbox 2167 2446 2307 2500; x_wconf 85' lang='lat' dir='ltr'><strong>alius</strong></span> <span class='ocrx_word' id='word_1_396' title='bbox 2335 2445 2602 2516; x_wconf 86' lang='lat' dir='ltr'><strong>Propheta</strong></span> <span class='ocrx_word' id='word_1_397' title='bbox 2659 2446 2789 2499; x_wconf 90' lang='lat' dir='ltr'><strong>dicit</strong></span> <span class='ocrx_word' id='word_1_398' title='bbox 2814 2446 2880 2500; x_wconf 88' lang='lat' dir='ltr'><strong>ad</strong></span> <span class='ocrx_word' id='word_1_399' title='bbox 2911 2445 3195 2500; x_wconf 88' lang='lat' dir='ltr'><strong>Dominum</strong></span> <span class='ocrx_word' id='word_1_400' title='bbox 3227 2447 3273 2479; x_wconf 75' lang='lat'><strong>&#39;”</strong></span> <span class='ocrx_word' id='word_1_401' title='bbox 3308 2466 3323 2502; x_wconf 92' lang='lat'>:</span> <span class='ocrx_word' id='word_1_402' title='bbox 3361 2467 3383 2500; x_wconf 71' lang='grc' dir='ltr'><strong>ι</strong></span> <span class='ocrx_word' id='word_1_403' title='bbox 3424 2449 3605 2514; x_wconf 88' lang='lat' dir='ltr'><strong>Quam</strong></span> <span class='ocrx_word' id='word_1_404' title='bbox 3635 2467 3735 2503; x_wconf 79' lang='lat' dir='ltr'><strong>ma-</strong></span> 
     </span>
    </p>
   </div>
   <div class='ocr_carea' id='block_1_52' title="bbox 2163 2519 3732 2611">
    <p class='ocr_par' dir='ltr' id='par_1_52' title="bbox 2163 2519 3732 2611">
     <span class='ocr_line' id='line_1_52' title="bbox 2163 2519 3732 2611; baseline 0.001 -17"><span class='ocrx_word' id='word_1_405' title='bbox 2163 2555 2267 2610; x_wconf 87' lang='lat' dir='ltr'><strong>gna</strong></span> <span class='ocrx_word' id='word_1_406' title='bbox 2312 2538 2601 2594; x_wconf 86' lang='lat' dir='ltr'><strong>multitudo</strong></span> <span class='ocrx_word' id='word_1_407' title='bbox 2637 2519 2942 2594; x_wconf 56' lang='lat' dir='ltr'><strong>dulcedini?</strong></span> <span class='ocrx_word' id='word_1_408' title='bbox 2974 2547 3100 2604; x_wconf 66' lang='lat' dir='ltr'><strong>tuae,</strong></span> <span class='ocrx_word' id='word_1_409' title='bbox 3125 2539 3372 2606; x_wconf 80' lang='lat' dir='ltr'><strong>Domine,</strong></span> <span class='ocrx_word' id='word_1_410' title='bbox 3408 2557 3580 2611; x_wconf 86' lang='lat' dir='ltr'><strong>quam</strong></span> <span class='ocrx_word' id='word_1_411' title='bbox 3618 2543 3732 2599; x_wconf 76' lang='lat' dir='ltr'><strong>ab;-</strong></span> 
     </span>
    </p>
   </div>
   <div class='ocr_carea' id='block_1_53' title="bbox 2159 2631 3730 2702">
    <p class='ocr_par' dir='ltr' id='par_1_53' title="bbox 2159 2631 3730 2702">
     <span class='ocr_line' id='line_1_53' title="bbox 2159 2631 3730 2702; baseline -0.003 -13"><span class='ocrx_word' id='word_1_412' title='bbox 2159 2631 2392 2689; x_wconf 86' lang='lat' dir='ltr'><strong>condisti</strong></span> <span class='ocrx_word' id='word_1_413' title='bbox 2463 2631 2781 2687; x_wconf 85' lang='lat' dir='ltr'><strong>timentibus</strong></span> <span class='ocrx_word' id='word_1_414' title='bbox 2817 2633 2901 2688; x_wconf 89' lang='lat' dir='ltr'><strong>te!</strong></span> <span class='ocrx_word' id='word_1_415' title='bbox 2938 2650 2955 2682; x_wconf 78' lang='grc' dir='ltr'><strong>ι</strong></span> <span class='ocrx_word' id='word_1_416' title='bbox 2995 2633 3082 2687; x_wconf 92' lang='lat' dir='ltr'><strong>Isti</strong></span> <span class='ocrx_word' id='word_1_417' title='bbox 3118 2646 3249 2700; x_wconf 85' lang='lat' dir='ltr'><strong>ergo</strong></span> <span class='ocrx_word' id='word_1_418' title='bbox 3285 2643 3418 2687; x_wconf 89' lang='lat' dir='ltr'><strong>sunt</strong></span> <span class='ocrx_word' id='word_1_419' title='bbox 3447 2635 3730 2702; x_wconf 80' lang='lat' dir='ltr'><strong>principes,</strong></span> 
     </span>
    </p>
   </div>
   <div class='ocr_carea' id='block_1_54' title="bbox 2163 2723 3734 2794">
    <p class='ocr_par' dir='ltr' id='par_1_54' title="bbox 2163 2723 3734 2794">
     <span class='ocr_line' id='line_1_54' title="bbox 2163 2723 3734 2794; baseline 0.002 -18"><span class='ocrx_word' id='word_1_420' title='bbox 2163 2724 2253 2792; x_wconf 91' lang='lat' dir='ltr'><strong>qui</strong></span> <span class='ocrx_word' id='word_1_421' title='bbox 2288 2723 2545 2779; x_wconf 79' lang='lat' dir='ltr'><strong>foderunt</strong></span> <span class='ocrx_word' id='word_1_422' title='bbox 2580 2723 2727 2778; x_wconf 85' lang='lat' dir='ltr'><strong>hunc</strong></span> <span class='ocrx_word' id='word_1_423' title='bbox 2753 2731 2999 2793; x_wconf 89' lang='lat' dir='ltr'><strong>puteum,</strong></span> <span class='ocrx_word' id='word_1_424' title='bbox 3040 2738 3191 2794; x_wconf 88' lang='lat' dir='ltr'><strong>reges</strong></span> <span class='ocrx_word' id='word_1_425' title='bbox 3223 2733 3410 2780; x_wconf 88' lang='lat' dir='ltr'><strong>autem</strong></span> <span class='ocrx_word' id='word_1_426' title='bbox 3444 2727 3538 2794; x_wconf 87' lang='lat' dir='ltr'><strong>qui</strong></span> <span class='ocrx_word' id='word_1_427' title='bbox 3581 2740 3734 2781; x_wconf 75' lang='lat' dir='ltr'><strong>excu-</strong></span> 
     </span>
    </p>
   </div>
   <div class='ocr_carea' id='block_1_55' title="bbox 2161 2813 3732 2880">
    <p class='ocr_par' dir='ltr' id='par_1_55' title="bbox 2161 2813 3732 2880">
     <span class='ocr_line' id='line_1_55' title="bbox 2161 2813 3732 2880; baseline -0.001 -10"><span class='ocrx_word' id='word_1_428' title='bbox 2161 2818 2356 2870; x_wconf 87' lang='lat' dir='ltr'><strong>derunt</strong></span> <span class='ocrx_word' id='word_1_429' title='bbox 2388 2828 2535 2869; x_wconf 90' lang='lat' dir='ltr'><strong>eum.</strong></span> <span class='ocrx_word' id='word_1_430' title='bbox 2567 2813 2718 2880; x_wconf 86' lang='lat' dir='ltr'><strong>Quod</strong></span> <span class='ocrx_word' id='word_1_431' title='bbox 2765 2814 2918 2876; x_wconf 81' lang='lat' dir='ltr'><strong>dixit,</strong></span> <span class='ocrx_word' id='word_1_432' title='bbox 2959 2831 2976 2865; x_wconf 78' lang='grc' dir='ltr'><strong>ι</strong></span> <span class='ocrx_word' id='word_1_433' title='bbox 3025 2814 3382 2876; x_wconf 79' lang='lat' dir='ltr'><strong>excuderunt,</strong></span> <span class='ocrx_word' id='word_1_434' title='bbox 3435 2833 3456 2866; x_wconf 75' lang='grc' dir='ltr'><strong>ι</strong></span> <span class='ocrx_word' id='word_1_435' title='bbox 3491 2816 3565 2869; x_wconf 90' lang='lat' dir='ltr'><strong>ab</strong></span> <span class='ocrx_word' id='word_1_436' title='bbox 3588 2831 3732 2869; x_wconf 77' lang='lat' dir='ltr'><strong>excu-</strong></span> 
     </span>
    </p>
   </div>
   <div class='ocr_carea' id='block_1_56' title="bbox 2160 2905 3727 2974">
    <p class='ocr_par' dir='ltr' id='par_1_56' title="bbox 2160 2905 3727 2974">
     <span class='ocr_line' id='line_1_56' title="bbox 2160 2905 3727 2974; baseline -0.001 -12"><span class='ocrx_word' id='word_1_437' title='bbox 2160 2907 2356 2974; x_wconf 86' lang='lat' dir='ltr'><strong>dendo,</strong></span> <span class='ocrx_word' id='word_1_438' title='bbox 2388 2921 2495 2961; x_wconf 92' lang='lat' dir='ltr'><strong>non</strong></span> <span class='ocrx_word' id='word_1_439' title='bbox 2527 2906 2596 2960; x_wconf 88' lang='lat' dir='ltr'><strong>ab</strong></span> <span class='ocrx_word' id='word_1_440' title='bbox 2626 2905 2924 2960; x_wconf 79' lang='lat' dir='ltr'><strong>excidenda</strong></span> <span class='ocrx_word' id='word_1_441' title='bbox 2956 2905 3161 2960; x_wconf 92' lang='lat' dir='ltr'><strong>dictum</strong></span> <span class='ocrx_word' id='word_1_442' title='bbox 3205 2914 3311 2960; x_wconf 92' lang='lat' dir='ltr'><strong>est.</strong></span> <span class='ocrx_word' id='word_1_443' title='bbox 3345 2906 3559 2960; x_wconf 79' lang='lat' dir='ltr'><strong>Excudi</strong></span> <span class='ocrx_word' id='word_1_444' title='bbox 3598 2908 3727 2960; x_wconf 75' lang='lat' dir='ltr'><strong>enim</strong></span> 
     </span>
    </p>
   </div>
   <div class='ocr_carea' id='block_1_57' title="bbox 2158 2998 3724 3068">
    <p class='ocr_par' dir='ltr' id='par_1_57' title="bbox 2158 2998 3724 3068">
     <span class='ocr_line' id='line_1_57' title="bbox 2158 2998 3724 3068; baseline -0.004 -14"><span class='ocrx_word' id='word_1_445' title='bbox 2158 3001 2378 3064; x_wconf 89' lang='lat' dir='ltr'><strong>dicitur,</strong></span> <span class='ocrx_word' id='word_1_446' title='bbox 2417 3000 2558 3068; x_wconf 89' lang='lat' dir='ltr'><strong>quod</strong></span> <span class='ocrx_word' id='word_1_447' title='bbox 2609 2999 2662 3052; x_wconf 94' lang='lat' dir='ltr'><strong>in</strong></span> <span class='ocrx_word' id='word_1_448' title='bbox 2705 3013 2841 3054; x_wconf 75' lang='lat' dir='ltr'><strong>saxo</strong></span> <span class='ocrx_word' id='word_1_449' title='bbox 2897 2998 2982 3052; x_wconf 89' lang='lat' dir='ltr'><strong>vel</strong></span> <span class='ocrx_word' id='word_1_450' title='bbox 3033 2999 3276 3064; x_wconf 71' lang='lat' dir='ltr'><strong>caeditur,</strong></span> <span class='ocrx_word' id='word_1_451' title='bbox 3321 2999 3408 3054; x_wconf 85' lang='lat' dir='ltr'><strong>vel</strong></span> <span class='ocrx_word' id='word_1_452' title='bbox 3450 2999 3724 3053; x_wconf 80' lang='lat' dir='ltr'><strong>formatur.</strong></span> 
     </span>
    </p>
   </div>
   <div class='ocr_carea' id='block_1_58' title="bbox 2157 3091 3725 3162">
    <p class='ocr_par' dir='ltr' id='par_1_58' title="bbox 2157 3091 3725 3162">
     <span class='ocr_line' id='line_1_58' title="bbox 2157 3091 3725 3162; baseline -0.001 -15"><span class='ocrx_word' id='word_1_453' title='bbox 2157 3093 2437 3162; x_wconf 87' lang='lat' dir='ltr'><strong>Principes</strong></span> <span class='ocrx_word' id='word_1_454' title='bbox 2459 3106 2590 3162; x_wconf 86' lang='lat' dir='ltr'><strong>ergo</strong></span> <span class='ocrx_word' id='word_1_455' title='bbox 2631 3100 2886 3161; x_wconf 85' lang='lat' dir='ltr'><strong>tanquam</strong></span> <span class='ocrx_word' id='word_1_456' title='bbox 2912 3091 3254 3162; x_wconf 87' lang='lat' dir='ltr'><strong>aliquantulo</strong></span> <span class='ocrx_word' id='word_1_457' title='bbox 3280 3091 3603 3157; x_wconf 85' lang='lat' dir='ltr'><strong>inferiores,</strong></span> <span class='ocrx_word' id='word_1_458' title='bbox 3651 3091 3725 3146; x_wconf 79' lang='lat' dir='ltr'><strong>io-</strong></span> 
     </span>
    </p>
   </div>
   <div class='ocr_carea' id='block_1_59' title="bbox 479 3175 3724 3254">
    <p class='ocr_par' dir='ltr' id='par_1_59' title="bbox 479 3175 3724 3254">
     <span class='ocr_line' id='line_1_59' title="bbox 479 3175 3724 3254; baseline 0.004 -29"><span class='ocrx_word' id='word_1_459' title='bbox 479 3182 606 3226; x_wconf 83' lang='lat' dir='ltr'><strong>sunt</strong></span> <span class='ocrx_word' id='word_1_460' title='bbox 658 3177 862 3228; x_wconf 88' lang='lat' dir='ltr'><strong>omnia.</strong></span> <span class='ocrx_word' id='word_1_461' title='bbox 922 3195 946 3229; x_wconf 65' lang='grc' dir='ltr'><strong><em>ο</em></strong></span> <span class='ocrx_word' id='word_1_462' title='bbox 996 3175 1213 3233; x_wconf 88' lang='lat' dir='ltr'><strong>lnitiate</strong></span> <span class='ocrx_word' id='word_1_463' title='bbox 1265 3193 1398 3249; x_wconf 84' lang='lat' dir='ltr'><strong>ergo</strong></span> <span class='ocrx_word' id='word_1_464' title='bbox 1451 3183 1498 3236; x_wconf 91' lang='lat' dir='ltr'><strong>ei</strong></span> <span class='ocrx_word' id='word_1_465' title='bbox 1537 3190 1775 3251; x_wconf 86' lang='lat' dir='ltr'><strong>puteum,</strong></span> <span class='ocrx_word' id='word_1_466' title='bbox 1815 3185 1916 3239; x_wconf 94' lang='lat' dir='ltr'><strong>hoc</strong></span> <span class='ocrx_word' id='word_1_467' title='bbox 1945 3195 2050 3248; x_wconf 91' lang='lat' dir='ltr'><strong>est,</strong></span> <span class='ocrx_word' id='word_1_468' title='bbox 2078 3177 2127 3236; x_wconf 90' lang='lat' dir='ltr'><strong>C</strong></span> <span class='ocrx_word' id='word_1_469' title='bbox 2160 3185 2289 3240; x_wconf 86' lang='lat' dir='ltr'><strong>dere</strong></span> <span class='ocrx_word' id='word_1_470' title='bbox 2318 3184 2576 3240; x_wconf 85' lang='lat' dir='ltr'><strong>dicuntur</strong></span> <span class='ocrx_word' id='word_1_471' title='bbox 2598 3193 2841 3254; x_wconf 91' lang='lat' dir='ltr'><strong>puteum,</strong></span> <span class='ocrx_word' id='word_1_472' title='bbox 2871 3185 2974 3240; x_wconf 92' lang='lat' dir='ltr'><strong>hoc</strong></span> <span class='ocrx_word' id='word_1_473' title='bbox 3025 3193 3109 3240; x_wconf 88' lang='lat' dir='ltr'><strong>est</strong></span> <span class='ocrx_word' id='word_1_474' title='bbox 3141 3185 3297 3254; x_wconf 83' lang='lat' dir='ltr'><strong>quasi</strong></span> <span class='ocrx_word' id='word_1_475' title='bbox 3330 3185 3382 3240; x_wconf 93' lang='lat' dir='ltr'><strong>in</strong></span> <span class='ocrx_word' id='word_1_476' title='bbox 3415 3195 3581 3240; x_wconf 75' lang='lat' dir='ltr'><strong>terra:</strong></span> <span class='ocrx_word' id='word_1_477' title='bbox 3606 3184 3724 3239; x_wconf 89' lang='lat' dir='ltr'><strong>mol-</strong></span> 
     </span>
    </p>
   </div>
   <div class='ocr_carea' id='block_1_60' title="bbox 478 3261 2051 3344">
    <p class='ocr_par' dir='ltr' id='par_1_60' title="bbox 478 3261 2051 3344">
     <span class='ocr_line' id='line_1_60' title="bbox 478 3261 2051 3344; baseline 0.008 -29"><span class='ocrx_word' id='word_1_478' title='bbox 478 3261 693 3319; x_wconf 74' lang='lat' dir='ltr'><strong>iuitium</strong></span> <span class='ocrx_word' id='word_1_479' title='bbox 744 3267 986 3322; x_wconf 92' lang='lat' dir='ltr'><strong>omnium</strong></span> <span class='ocrx_word' id='word_1_480' title='bbox 1019 3271 1352 3326; x_wconf 78' lang='lat' dir='ltr'><strong>conﬁtemini</strong></span> <span class='ocrx_word' id='word_1_481' title='bbox 1410 3287 1532 3329; x_wconf 86' lang='lat' dir='ltr'><strong>esse</strong></span> <span class='ocrx_word' id='word_1_482' title='bbox 1571 3284 1812 3344; x_wconf 87' lang='lat' dir='ltr'><strong>puteum.</strong></span> <span class='ocrx_word' id='word_1_483' title='bbox 1864 3275 2051 3330; x_wconf 89' lang='lat' dir='ltr'><strong>Potest</strong></span> 
     </span>
    </p>
   </div>
   <div class='ocr_carea' id='block_1_61' title="bbox 476 3358 2054 3437">
    <p class='ocr_par' dir='ltr' id='par_1_61' title="bbox 476 3358 2054 3437">
     <span class='ocr_line' id='line_1_61' title="bbox 476 3358 2054 3437; baseline 0.008 -30"><span class='ocrx_word' id='word_1_484' title='bbox 476 3365 658 3412; x_wconf 84' lang='lat' dir='ltr'><strong>autem</strong></span> <span class='ocrx_word' id='word_1_485' title='bbox 685 3358 856 3413; x_wconf 85' lang='lat' dir='ltr'><strong>ethoc</strong></span> <span class='ocrx_word' id='word_1_486' title='bbox 883 3361 1042 3416; x_wconf 90' lang='lat' dir='ltr'><strong>modo</strong></span> <span class='ocrx_word' id='word_1_487' title='bbox 1071 3363 1320 3434; x_wconf 84' lang='lat' dir='ltr'><strong>intelligi,</strong></span> <span class='ocrx_word' id='word_1_488' title='bbox 1357 3374 1415 3418; x_wconf 84' lang='lat' dir='ltr'><strong>ut</strong></span> <span class='ocrx_word' id='word_1_489' title='bbox 1438 3366 1601 3420; x_wconf 85' lang='lat' dir='ltr'><strong>verba</strong></span> <span class='ocrx_word' id='word_1_490' title='bbox 1631 3367 1791 3437; x_wconf 77' lang='lat' dir='ltr'><strong>dirigi</strong></span> <span class='ocrx_word' id='word_1_491' title='bbox 1830 3368 2054 3423; x_wconf 78' lang='lat' dir='ltr'><strong>videan-</strong></span> 
     </span>
    </p>
   </div>
   <div class='ocr_carea' id='block_1_62' title="bbox 477 3452 2046 3525">
    <p class='ocr_par' dir='ltr' id='par_1_62' title="bbox 477 3452 2046 3525">
     <span class='ocr_line' id='line_1_62' title="bbox 477 3452 2046 3525; baseline 0.01 -27"><span class='ocrx_word' id='word_1_492' title='bbox 477 3457 567 3499; x_wconf 90' lang='lat' dir='ltr'><strong>tur</strong></span> <span class='ocrx_word' id='word_1_493' title='bbox 604 3463 670 3502; x_wconf 79' lang='lat' dir='ltr'><strong>ex</strong></span> <span class='ocrx_word' id='word_1_494' title='bbox 719 3465 950 3519; x_wconf 83' lang='lat' dir='ltr'><strong>persona</strong></span> <span class='ocrx_word' id='word_1_495' title='bbox 1011 3452 1180 3522; x_wconf 84' lang='lat' dir='ltr'><strong>Moysi</strong></span> <span class='ocrx_word' id='word_1_496' title='bbox 1236 3455 1303 3508; x_wconf 91' lang='lat' dir='ltr'><strong>ad</strong></span> <span class='ocrx_word' id='word_1_497' title='bbox 1343 3457 1650 3525; x_wconf 86' lang='lat' dir='ltr'><strong>populum,</strong></span> <span class='ocrx_word' id='word_1_498' title='bbox 1703 3459 2046 3514; x_wconf 88' lang='lat' dir='ltr'><strong>cohortantis</strong></span> 
     </span>
    </p>
   </div>
   <div class='ocr_carea' id='block_1_63' title="bbox 471 3542 2046 3624">
    <p class='ocr_par' dir='ltr' id='par_1_63' title="bbox 471 3542 2046 3624">
     <span class='ocr_line' id='line_1_63' title="bbox 471 3542 2046 3624; baseline 0.008 -29"><span class='ocrx_word' id='word_1_499' title='bbox 471 3550 528 3596; x_wconf 89' lang='lat' dir='ltr'><strong>et</strong></span> <span class='ocrx_word' id='word_1_500' title='bbox 554 3542 786 3600; x_wconf 86' lang='lat' dir='ltr'><strong>dicentis</strong></span> <span class='ocrx_word' id='word_1_501' title='bbox 816 3564 829 3600; x_wconf 91' lang='lat'><strong>:</strong></span> <span class='ocrx_word' id='word_1_502' title='bbox 863 3547 995 3602; x_wconf 89' lang='lat' dir='ltr'><strong>Date</strong></span> <span class='ocrx_word' id='word_1_503' title='bbox 1036 3547 1253 3604; x_wconf 91' lang='lat' dir='ltr'><strong>initium</strong></span> <span class='ocrx_word' id='word_1_504' title='bbox 1296 3552 1445 3607; x_wconf 87' lang='lat' dir='ltr'><strong>cordi</strong></span> <span class='ocrx_word' id='word_1_505' title='bbox 1479 3562 1686 3616; x_wconf 88' lang='lat' dir='ltr'><strong>vestro,</strong></span> <span class='ocrx_word' id='word_1_506' title='bbox 1724 3562 1784 3608; x_wconf 91' lang='lat' dir='ltr'><strong>ut</strong></span> <span class='ocrx_word' id='word_1_507' title='bbox 1820 3555 2046 3624; x_wconf 89' lang='lat' dir='ltr'><strong>incipiat</strong></span> 
     </span>
    </p>
   </div>
   <div class='ocr_carea' id='block_1_64' title="bbox 471 3634 2046 3716">
    <p class='ocr_par' dir='ltr' id='par_1_64' title="bbox 471 3634 2046 3716">
     <span class='ocr_line' id='line_1_64' title="bbox 471 3634 2046 3716; baseline 0.009 -28"><span class='ocrx_word' id='word_1_508' title='bbox 471 3634 774 3708; x_wconf 72' lang='lat' dir='ltr'><strong>intelligere</strong></span> <span class='ocrx_word' id='word_1_509' title='bbox 799 3641 921 3709; x_wconf 88' lang='lat' dir='ltr'><strong>quis</strong></span> <span class='ocrx_word' id='word_1_510' title='bbox 975 3641 1046 3696; x_wconf 91' lang='lat' dir='ltr'><strong>sit</strong></span> <span class='ocrx_word' id='word_1_511' title='bbox 1084 3653 1278 3710; x_wconf 87' lang='lat' dir='ltr'><strong>puteus</strong></span> <span class='ocrx_word' id='word_1_512' title='bbox 1305 3647 1374 3702; x_wconf 91' lang='lat' dir='ltr'><strong>de</strong></span> <span class='ocrx_word' id='word_1_513' title='bbox 1418 3662 1527 3716; x_wconf 90' lang='lat' dir='ltr'><strong>quo</strong></span> <span class='ocrx_word' id='word_1_514' title='bbox 1567 3662 1722 3716; x_wconf 86' lang='lat' dir='ltr'><strong>aquae</strong></span> <span class='ocrx_word' id='word_1_515' title='bbox 1769 3647 2046 3716; x_wconf 90' lang='lat' dir='ltr'><strong>spiritales</strong></span> 
     </span>
    </p>
   </div>
   <div class='ocr_carea' id='block_1_65' title="bbox 469 3728 2038 3810">
    <p class='ocr_par' dir='ltr' id='par_1_65' title="bbox 469 3728 2038 3810">
     <span class='ocr_line' id='line_1_65' title="bbox 469 3728 2038 3810; baseline 0.007 -26"><span class='ocrx_word' id='word_1_516' title='bbox 469 3728 786 3787; x_wconf 69' lang='lat' dir='ltr'><strong>haurienda:</strong></span> <span class='ocrx_word' id='word_1_517' title='bbox 812 3743 960 3800; x_wconf 91' lang='lat' dir='ltr'><strong>sunt,</strong></span> <span class='ocrx_word' id='word_1_518' title='bbox 988 3743 1042 3788; x_wconf 91' lang='lat' dir='ltr'><strong>et</strong></span> <span class='ocrx_word' id='word_1_519' title='bbox 1075 3735 1401 3795; x_wconf 63' lang='lat' dir='ltr'><strong>reficiendas</strong></span> <span class='ocrx_word' id='word_1_520' title='bbox 1432 3749 1517 3795; x_wconf 87' lang='lat' dir='ltr'><strong>est</strong></span> <span class='ocrx_word' id='word_1_521' title='bbox 1561 3741 1903 3796; x_wconf 89' lang='lat' dir='ltr'><strong>credentium</strong></span> <span class='ocrx_word' id='word_1_522' title='bbox 1943 3755 2038 3810; x_wconf 91' lang='lat' dir='ltr'><strong>po-</strong></span> 
     </span>
    </p>
   </div>
   <div class='ocr_carea' id='block_1_66' title="bbox 467 3821 2038 3904">
    <p class='ocr_par' dir='ltr' id='par_1_66' title="bbox 467 3821 2038 3904">
     <span class='ocr_line' id='line_1_66' title="bbox 467 3821 2038 3904; baseline 0.008 -31"><span class='ocrx_word' id='word_1_523' title='bbox 467 3821 652 3892; x_wconf 92' lang='lat' dir='ltr'><strong>pulus.</strong></span> <span class='ocrx_word' id='word_1_524' title='bbox 699 3823 917 3881; x_wconf 76' lang='lat' dir='ltr'><strong>lnitiate</strong></span> <span class='ocrx_word' id='word_1_525' title='bbox 947 3842 1077 3894; x_wconf 75' lang='lat' dir='ltr'><strong>ergo</strong></span> <span class='ocrx_word' id='word_1_526' title='bbox 1106 3829 1178 3892; x_wconf 90' lang='lat' dir='ltr'><strong>ei,</strong></span> <span class='ocrx_word' id='word_1_527' title='bbox 1230 3829 1337 3885; x_wconf 84' lang='lat' dir='ltr'><strong>hoc</strong></span> <span class='ocrx_word' id='word_1_528' title='bbox 1392 3842 1480 3888; x_wconf 90' lang='lat' dir='ltr'><strong>est</strong></span> <span class='ocrx_word' id='word_1_529' title='bbox 1515 3833 1896 3895; x_wconf 90' lang='lat' dir='ltr'><strong>lsraeli,hunc</strong></span> <span class='ocrx_word' id='word_1_530' title='bbox 1935 3849 2038 3904; x_wconf 79' lang='lat' dir='ltr'><strong>pu-</strong></span> 
     </span>
    </p>
   </div>
   <div class='ocr_carea' id='block_1_67' title="bbox 464 3920 2039 3992">
    <p class='ocr_par' dir='ltr' id='par_1_67' title="bbox 464 3920 2039 3992">
     <span class='ocr_line' id='line_1_67' title="bbox 464 3920 2039 3992; baseline 0.008 -27"><span class='ocrx_word' id='word_1_531' title='bbox 464 3921 612 3966; x_wconf 89' lang='lat' dir='ltr'><strong>teum</strong></span> <span class='ocrx_word' id='word_1_532' title='bbox 643 3931 658 3969; x_wconf 90' lang='lat'><strong>:</strong></span> <span class='ocrx_word' id='word_1_533' title='bbox 689 3923 749 3970; x_wconf 84' lang='lat' dir='ltr'><strong>ut</strong></span> <span class='ocrx_word' id='word_1_534' title='bbox 773 3931 990 3972; x_wconf 89' lang='lat' dir='ltr'><strong>sensum</strong></span> <span class='ocrx_word' id='word_1_535' title='bbox 1033 3920 1322 3990; x_wconf 83' lang='lat' dir='ltr'><strong>mysticum</strong></span> <span class='ocrx_word' id='word_1_536' title='bbox 1353 3922 1397 3976; x_wconf 90' lang='lat' dir='ltr'><strong>si</strong></span> <span class='ocrx_word' id='word_1_537' title='bbox 1428 3923 1550 3992; x_wconf 84' lang='lat' dir='ltr'><strong>quis</strong></span> <span class='ocrx_word' id='word_1_538' title='bbox 1574 3934 1657 3979; x_wconf 89' lang='lat' dir='ltr'><strong>est</strong></span> <span class='ocrx_word' id='word_1_539' title='bbox 1675 3926 1838 3980; x_wconf 88' lang='lat' dir='ltr'><strong>corde</strong></span> <span class='ocrx_word' id='word_1_540' title='bbox 1871 3925 2039 3980; x_wconf 91' lang='lat' dir='ltr'><strong>Deum</strong></span> 
     </span>
    </p>
   </div>
   <div class='ocr_carea' id='block_1_68' title="bbox 464 4007 2037 4090">
    <p class='ocr_par' dir='ltr' id='par_1_68' title="bbox 464 4007 2037 4090">
     <span class='ocr_line' id='line_1_68' title="bbox 464 4007 2037 4090; baseline 0.011 -34"><span class='ocrx_word' id='word_1_541' title='bbox 464 4007 682 4072; x_wconf 87' lang='lat' dir='ltr'><strong>videns,</strong></span> <span class='ocrx_word' id='word_1_542' title='bbox 719 4008 787 4063; x_wconf 90' lang='lat' dir='ltr'><strong>de</strong></span> <span class='ocrx_word' id='word_1_543' title='bbox 821 4010 1105 4076; x_wconf 81' lang='lat' dir='ltr'><strong>profundis</strong></span> <span class='ocrx_word' id='word_1_544' title='bbox 1131 4014 1305 4079; x_wconf 83' lang='lat' dir='ltr'><strong>possit</strong></span> <span class='ocrx_word' id='word_1_545' title='bbox 1335 4015 1576 4072; x_wconf 90' lang='lat' dir='ltr'><strong>haurire.</strong></span> <span class='ocrx_word' id='word_1_546' title='bbox 1604 4017 1684 4073; x_wconf 80' lang='lat' dir='ltr'><strong>Ad</strong></span> <span class='ocrx_word' id='word_1_547' title='bbox 1724 4018 1885 4074; x_wconf 90' lang='lat' dir='ltr'><strong>istum</strong></span> <span class='ocrx_word' id='word_1_548' title='bbox 1907 4035 2037 4090; x_wconf 81' lang='lat' dir='ltr'><strong>ergo</strong></span> 
     </span>
    </p>
   </div>
   <div class='ocr_carea' id='block_1_69' title="bbox 465 4099 2033 4182">
    <p class='ocr_par' dir='ltr' id='par_1_69' title="bbox 465 4099 2033 4182">
     <span class='ocr_line' id='line_1_69' title="bbox 465 4099 2033 4182; baseline 0.01 -32"><span class='ocrx_word' id='word_1_549' title='bbox 465 4105 688 4165; x_wconf 91' lang='lat' dir='ltr'><strong>puteum</strong></span> <span class='ocrx_word' id='word_1_550' title='bbox 729 4107 787 4153; x_wconf 83' lang='lat' dir='ltr'><strong>ut</strong></span> <span class='ocrx_word' id='word_1_551' title='bbox 811 4099 1052 4171; x_wconf 85' lang='lat' dir='ltr'><strong>Moyses,</strong></span> <span class='ocrx_word' id='word_1_552' title='bbox 1083 4103 1133 4156; x_wconf 87' lang='lat' dir='ltr'><strong>id</strong></span> <span class='ocrx_word' id='word_1_553' title='bbox 1180 4112 1264 4159; x_wconf 83' lang='lat' dir='ltr'><strong>est</strong></span> <span class='ocrx_word' id='word_1_554' title='bbox 1313 4104 1420 4171; x_wconf 79' lang='lat' dir='ltr'><strong>lex,</strong></span> <span class='ocrx_word' id='word_1_555' title='bbox 1445 4122 1547 4164; x_wconf 92' lang='lat' dir='ltr'><strong>nos</strong></span> <span class='ocrx_word' id='word_1_556' title='bbox 1583 4121 1898 4182; x_wconf 87' lang='lat' dir='ltr'><strong>congregct,</strong></span> <span class='ocrx_word' id='word_1_557' title='bbox 1928 4129 2033 4168; x_wconf 89' lang='lat' dir='ltr'><strong>non</strong></span> 
     </span>
    </p>
   </div>
   <div class='ocr_carea' id='block_1_70' title="bbox 460 4189 2033 4277">
    <p class='ocr_par' dir='ltr' id='par_1_70' title="bbox 460 4189 2033 4277">
     <span class='ocr_line' id='line_1_70' title="bbox 460 4189 2033 4277; baseline 0.011 -34"><span class='ocrx_word' id='word_1_558' title='bbox 460 4189 668 4245; x_wconf 75' lang='lat' dir='ltr'><strong>{rustra</strong></span> <span class='ocrx_word' id='word_1_559' title='bbox 702 4192 906 4248; x_wconf 89' lang='lat' dir='ltr'><strong>dictum</strong></span> <span class='ocrx_word' id='word_1_560' title='bbox 937 4193 1172 4249; x_wconf 89' lang='lat' dir='ltr'><strong>videtur.</strong></span> <span class='ocrx_word' id='word_1_561' title='bbox 1198 4196 1384 4254; x_wconf 89' lang='lat' dir='ltr'><strong>Potest</strong></span> <span class='ocrx_word' id='word_1_562' title='bbox 1415 4201 1558 4254; x_wconf 92' lang='lat' dir='ltr'><strong>enim</strong></span> <span class='ocrx_word' id='word_1_563' title='bbox 1589 4203 1727 4273; x_wconf 77' lang='lat' dir='ltr'><strong>fieri,</strong></span> <span class='ocrx_word' id='word_1_564' title='bbox 1753 4216 1812 4260; x_wconf 92' lang='lat' dir='ltr'><strong>ut</strong></span> <span class='ocrx_word' id='word_1_565' title='bbox 1837 4206 2033 4277; x_wconf 87' lang='lat' dir='ltr'><strong>aliquis</strong></span> 
     </span>
    </p>
   </div>
   <div class='ocr_carea' id='block_1_71' title="bbox 455 4281 2034 4366">
    <p class='ocr_par' dir='ltr' id='par_1_71' title="bbox 455 4281 2034 4366">
     <span class='ocr_line' id='line_1_71' title="bbox 455 4281 2034 4366; baseline 0.011 -33"><span class='ocrx_word' id='word_1_566' title='bbox 455 4281 650 4336; x_wconf 83' lang='lat' dir='ltr'><strong>venire</strong></span> <span class='ocrx_word' id='word_1_567' title='bbox 694 4284 764 4336; x_wconf 90' lang='lat' dir='ltr'><strong>ad</strong></span> <span class='ocrx_word' id='word_1_568' title='bbox 821 4284 981 4337; x_wconf 89' lang='lat' dir='ltr'><strong>istum</strong></span> <span class='ocrx_word' id='word_1_569' title='bbox 1021 4293 1244 4354; x_wconf 91' lang='lat' dir='ltr'><strong>puteum</strong></span> <span class='ocrx_word' id='word_1_570' title='bbox 1292 4289 1563 4358; x_wconf 90' lang='lat' dir='ltr'><strong>videatur,</strong></span> <span class='ocrx_word' id='word_1_571' title='bbox 1623 4295 1718 4347; x_wconf 90' lang='lat' dir='ltr'><strong>sed</strong></span> <span class='ocrx_word' id='word_1_572' title='bbox 1779 4295 1879 4349; x_wconf 87' lang='lat' dir='ltr'><strong>nisi</strong></span> <span class='ocrx_word' id='word_1_573' title='bbox 1936 4311 2034 4366; x_wconf 89' lang='lat' dir='ltr'><strong>per</strong></span> 
     </span>
    </p>
   </div>
   <div class='ocr_carea' id='block_1_72' title="bbox 455 4369 2028 4451">
    <p class='ocr_par' dir='ltr' id='par_1_72' title="bbox 455 4369 2028 4451">
     <span class='ocr_line' id='line_1_72' title="bbox 455 4369 2028 4451; baseline 0.01 -26"><span class='ocrx_word' id='word_1_574' title='bbox 455 4369 678 4444; x_wconf 76' lang='lat' dir='ltr'><strong>Moysen</strong></span> <span class='ocrx_word' id='word_1_575' title='bbox 706 4385 1086 4447; x_wconf 75' lang='lat' dir='ltr'><strong>congregetur,</strong></span> <span class='ocrx_word' id='word_1_576' title='bbox 1118 4393 1224 4433; x_wconf 91' lang='lat' dir='ltr'><strong>non</strong></span> <span class='ocrx_word' id='word_1_577' title='bbox 1250 4388 1604 4451; x_wconf 87' lang='lat' dir='ltr'><strong>estacceptus</strong></span> <span class='ocrx_word' id='word_1_578' title='bbox 1632 4383 1764 4440; x_wconf 90' lang='lat' dir='ltr'><strong>Deo.</strong></span> <span class='ocrx_word' id='word_1_579' title='bbox 1793 4386 2028 4443; x_wconf 86' lang='lat' dir='ltr'><strong>Marcion</strong></span> 
     </span>
    </p>
   </div>
   <div class='ocr_carea' id='block_1_73' title="bbox 452 4465 2028 4545">
    <p class='ocr_par' dir='ltr' id='par_1_73' title="bbox 452 4465 2028 4545">
     <span class='ocr_line' id='line_1_73' title="bbox 452 4465 2028 4545; baseline 0.012 -31"><span class='ocrx_word' id='word_1_580' title='bbox 452 4465 669 4521; x_wconf 88' lang='lat' dir='ltr'><strong>venisse</strong></span> <span class='ocrx_word' id='word_1_581' title='bbox 689 4469 792 4522; x_wconf 90' lang='lat' dir='ltr'><strong>sibi</strong></span> <span class='ocrx_word' id='word_1_582' title='bbox 823 4470 1039 4523; x_wconf 85' lang='lat' dir='ltr'><strong>videtur</strong></span> <span class='ocrx_word' id='word_1_583' title='bbox 1074 4473 1140 4525; x_wconf 90' lang='lat' dir='ltr'><strong>ad</strong></span> <span class='ocrx_word' id='word_1_584' title='bbox 1175 4474 1336 4528; x_wconf 87' lang='lat' dir='ltr'><strong>istum</strong></span> <span class='ocrx_word' id='word_1_585' title='bbox 1369 4483 1616 4545; x_wconf 87' lang='lat' dir='ltr'><strong>puteum,</strong></span> <span class='ocrx_word' id='word_1_586' title='bbox 1647 4486 1705 4531; x_wconf 87' lang='lat' dir='ltr'><strong>et</strong></span> <span class='ocrx_word' id='word_1_587' title='bbox 1735 4476 2028 4544; x_wconf 87' lang='lat' dir='ltr'><strong>Basilides,</strong></span> 
     </span>
    </p>
   </div>
   <div class='ocr_carea' id='block_1_74' title="bbox 451 4554 2026 4644">
    <p class='ocr_par' dir='ltr' id='par_1_74' title="bbox 451 4554 2026 4644">
     <span class='ocr_line' id='line_1_74' title="bbox 451 4554 2026 4644; baseline 0.013 -38"><span class='ocrx_word' id='word_1_588' title='bbox 451 4554 874 4626; x_wconf 72' lang='lat' dir='ltr'><strong>etValentinus,</strong></span> <span class='ocrx_word' id='word_1_589' title='bbox 903 4567 999 4618; x_wconf 87' lang='lat' dir='ltr'><strong>sed</strong></span> <span class='ocrx_word' id='word_1_590' title='bbox 1034 4566 1160 4634; x_wconf 89' lang='lat' dir='ltr'><strong>quia</strong></span> <span class='ocrx_word' id='word_1_591' title='bbox 1209 4581 1314 4621; x_wconf 90' lang='lat' dir='ltr'><strong>non</strong></span> <span class='ocrx_word' id='word_1_592' title='bbox 1351 4578 1618 4622; x_wconf 90' lang='lat' dir='ltr'><strong>venerunt</strong></span> <span class='ocrx_word' id='word_1_593' title='bbox 1649 4585 1749 4638; x_wconf 90' lang='lat' dir='ltr'><strong>per</strong></span> <span class='ocrx_word' id='word_1_594' title='bbox 1789 4571 2026 4644; x_wconf 85' lang='lat' dir='ltr'><strong>Moysen.</strong></span> 
     </span>
    </p>
   </div>
   <div class='ocr_carea' id='block_1_75' title="bbox 450 4656 2032 4734">
    <p class='ocr_par' dir='ltr' id='par_1_75' title="bbox 450 4656 2032 4734">
     <span class='ocr_line' id='line_1_75' title="bbox 450 4656 2032 4734; baseline 0.013 -35"><span class='ocrx_word' id='word_1_595' title='bbox 450 4661 554 4701; x_wconf 89' lang='lat' dir='ltr'><strong>nec</strong></span> <span class='ocrx_word' id='word_1_596' title='bbox 599 4663 922 4719; x_wconf 85' lang='lat' dir='ltr'><strong>receperunt</strong></span> <span class='ocrx_word' id='word_1_597' title='bbox 965 4656 1137 4727; x_wconf 80' lang='lat' dir='ltr'><strong>legem</strong></span> <span class='ocrx_word' id='word_1_598' title='bbox 1184 4669 1238 4715; x_wconf 90' lang='lat' dir='ltr'><strong>et</strong></span> <span class='ocrx_word' id='word_1_599' title='bbox 1288 4660 1608 4730; x_wconf 85' lang='lat' dir='ltr'><strong>Prophetas,</strong></span> <span class='ocrx_word' id='word_1_600' title='bbox 1646 4677 1751 4718; x_wconf 90' lang='lat' dir='ltr'><strong>non</strong></span> <span class='ocrx_word' id='word_1_601' title='bbox 1803 4678 2032 4734; x_wconf 89' lang='lat' dir='ltr'><strong>possunt</strong></span> 
     </span>
    </p>
   </div>
   <div class='ocr_carea' id='block_1_76' title="bbox 448 4738 2024 4815">
    <p class='ocr_par' dir='ltr' id='par_1_76' title="bbox 448 4738 2024 4815">
     <span class='ocr_line' id='line_1_76' title="bbox 448 4738 2024 4815; baseline 0.015 -25"><span class='ocrx_word' id='word_1_602' title='bbox 448 4738 672 4795; x_wconf 85' lang='lat' dir='ltr'><strong>laudare</strong></span> <span class='ocrx_word' id='word_1_603' title='bbox 722 4745 1008 4803; x_wconf 90' lang='lat' dir='ltr'><strong>Dominum</strong></span> <span class='ocrx_word' id='word_1_604' title='bbox 1057 4751 1226 4807; x_wconf 90' lang='lat' dir='ltr'><strong>Deum</strong></span> <span class='ocrx_word' id='word_1_605' title='bbox 1271 4753 1338 4808; x_wconf 93' lang='lat' dir='ltr'><strong>de</strong></span> <span class='ocrx_word' id='word_1_606' title='bbox 1389 4755 1635 4810; x_wconf 80' lang='lat' dir='ltr'><strong>fontibus</strong></span> <span class='ocrx_word' id='word_1_607' title='bbox 1671 4755 1856 4813; x_wconf 78' lang='lat' dir='ltr'><strong>israel.</strong></span> <span class='ocrx_word' id='word_1_608' title='bbox 1908 4758 2024 4815; x_wconf 89' lang='lat' dir='ltr'><strong>Non</strong></span> 
     </span>
    </p>
   </div>
   <div class='ocr_carea' id='block_1_77' title="bbox 447 4837 2022 4919">
    <p class='ocr_par' dir='ltr' id='par_1_77' title="bbox 447 4837 2022 4919">
     <span class='ocr_line' id='line_1_77' title="bbox 447 4837 2022 4919; baseline 0.014 -36"><span class='ocrx_word' id='word_1_609' title='bbox 447 4845 583 4901; x_wconf 88' lang='lat' dir='ltr'><strong>ergo</strong></span> <span class='ocrx_word' id='word_1_610' title='bbox 608 4837 828 4893; x_wconf 85' lang='lat' dir='ltr'><strong>veniunt</strong></span> <span class='ocrx_word' id='word_1_611' title='bbox 860 4842 949 4910; x_wconf 91' lang='lat' dir='ltr'><strong>qui</strong></span> <span class='ocrx_word' id='word_1_612' title='bbox 983 4842 1293 4911; x_wconf 88' lang='lat' dir='ltr'><strong>hujusmodi</strong></span> <span class='ocrx_word' id='word_1_613' title='bbox 1320 4857 1470 4912; x_wconf 89' lang='lat' dir='ltr'><strong>sunt,</strong></span> <span class='ocrx_word' id='word_1_614' title='bbox 1514 4848 1579 4901; x_wconf 88' lang='lat' dir='ltr'><strong>ad</strong></span> <span class='ocrx_word' id='word_1_615' title='bbox 1615 4858 1838 4918; x_wconf 89' lang='lat' dir='ltr'><strong>puteum</strong></span> <span class='ocrx_word' id='word_1_616' title='bbox 1863 4865 2022 4919; x_wconf 91' lang='lat' dir='ltr'><strong>quem</strong></span> 
     </span>
    </p>
   </div>
   <div class='ocr_carea' id='block_1_78' title="bbox 449 4923 2024 5009">
    <p class='ocr_par' dir='ltr' id='par_1_78' title="bbox 449 4923 2024 5009">
     <span class='ocr_line' id='line_1_78' title="bbox 449 4923 2024 5009; baseline 0.013 -31"><span class='ocrx_word' id='word_1_617' title='bbox 449 4923 707 4983; x_wconf 77' lang='lat' dir='ltr'><strong>foderunt</strong></span> <span class='ocrx_word' id='word_1_618' title='bbox 736 4931 1030 5001; x_wconf 85' lang='lat' dir='ltr'><strong>principes,</strong></span> <span class='ocrx_word' id='word_1_619' title='bbox 1058 4946 1111 4992; x_wconf 88' lang='lat' dir='ltr'><strong>et</strong></span> <span class='ocrx_word' id='word_1_620' title='bbox 1143 4941 1484 4993; x_wconf 79' lang='lat' dir='ltr'><strong>excuderunt</strong></span> <span class='ocrx_word' id='word_1_621' title='bbox 1515 4957 1690 5009; x_wconf 84' lang='lat' dir='ltr'><strong>reges.</strong></span> <span class='ocrx_word' id='word_1_622' title='bbox 1721 4941 1828 4996; x_wconf 90' lang='lat' dir='ltr'><strong>Sed</strong></span> <span class='ocrx_word' id='word_1_623' title='bbox 1857 4945 2024 4998; x_wconf 88' lang='lat' dir='ltr'><strong>vultis</strong></span> 
     </span>
    </p>
   </div>
   <div class='ocr_carea' id='block_1_79' title="bbox 444 5021 2026 5104">
    <p class='ocr_par' dir='ltr' id='par_1_79' title="bbox 444 5021 2026 5104">
     <span class='ocr_line' id='line_1_79' title="bbox 444 5021 2026 5104; baseline 0.013 -32"><span class='ocrx_word' id='word_1_624' title='bbox 444 5021 732 5074; x_wconf 88' lang='lat' dir='ltr'><strong>ostendam</strong></span> <span class='ocrx_word' id='word_1_625' title='bbox 780 5024 936 5078; x_wconf 88' lang='lat' dir='ltr'><strong>vobis</strong></span> <span class='ocrx_word' id='word_1_626' title='bbox 978 5026 1044 5080; x_wconf 91' lang='lat' dir='ltr'><strong>de</strong></span> <span class='ocrx_word' id='word_1_627' title='bbox 1090 5027 1418 5099; x_wconf 90' lang='lat' dir='ltr'><strong>Scriptnris,</strong></span> <span class='ocrx_word' id='word_1_628' title='bbox 1449 5031 1672 5102; x_wconf 88' lang='lat' dir='ltr'><strong>adquos</strong></span> <span class='ocrx_word' id='word_1_629' title='bbox 1699 5033 1786 5088; x_wconf 90' lang='lat' dir='ltr'><strong>isti</strong></span> <span class='ocrx_word' id='word_1_630' title='bbox 1833 5045 2026 5104; x_wconf 88' lang='lat' dir='ltr'><strong>puteos</strong></span> 
     </span>
    </p>
   </div>
   <div class='ocr_carea' id='block_1_80' title="bbox 371 5112 2026 5195">
    <p class='ocr_par' dir='ltr' id='par_1_80' title="bbox 371 5112 2026 5195">
     <span class='ocr_line' id='line_1_80' title="bbox 371 5112 2026 5195; baseline 0.01 -28"><span class='ocrx_word' id='word_1_631' title='bbox 371 5145 382 5167; x_wconf 74' lang='grc' dir='ltr'><strong>,τ</strong></span> <span class='ocrx_word' id='word_1_632' title='bbox 442 5112 716 5168; x_wconf 85' lang='lat' dir='ltr'><strong>veniunt?</strong></span> <span class='ocrx_word' id='word_1_633' title='bbox 743 5113 838 5169; x_wconf 88' lang='lat' dir='ltr'><strong>Est</strong></span> <span class='ocrx_word' id='word_1_634' title='bbox 869 5117 1024 5172; x_wconf 88' lang='lat' dir='ltr'><strong>vallis</strong></span> <span class='ocrx_word' id='word_1_635' title='bbox 1045 5121 1291 5188; x_wconf 72' lang='lat' dir='ltr'><strong>quaedam</strong></span> <span class='ocrx_word' id='word_1_636' title='bbox 1315 5123 1480 5190; x_wconf 91' lang='lat' dir='ltr'><strong>salsa,</strong></span> <span class='ocrx_word' id='word_1_637' title='bbox 1517 5126 1568 5178; x_wconf 92' lang='lat' dir='ltr'><strong>in</strong></span> <span class='ocrx_word' id='word_1_638' title='bbox 1594 5141 1699 5195; x_wconf 90' lang='lat' dir='ltr'><strong>qua</strong></span> <span class='ocrx_word' id='word_1_639' title='bbox 1726 5127 1864 5182; x_wconf 89' lang='lat' dir='ltr'><strong>valle</strong></span> <span class='ocrx_word' id='word_1_640' title='bbox 1897 5138 2026 5184; x_wconf 90' lang='lat' dir='ltr'><strong>sunt</strong></span> 
     </span>
    </p>
   </div>
   <div class='ocr_carea' id='block_1_81' title="bbox 361 5265 367 5297">
    <p class='ocr_par' dir='ltr' id='par_1_81' title="bbox 361 5265 367 5297">
     <span class='ocr_line' id='line_1_81' title="bbox 361 5265 367 5297; baseline 0 0"><span class='ocrx_word' id='word_1_641' title='bbox 361 5265 367 5297; x_wconf 88' lang='lat' dir='ltr'><strong>l</strong></span> 
     </span>
    </p>
   </div>
   <div class='ocr_carea' id='block_1_82' title="bbox 356 5336 381 5373">
    <p class='ocr_par' dir='ltr' id='par_1_82' title="bbox 356 5336 381 5373">
     <span class='ocr_line' id='line_1_82' title="bbox 356 5336 381 5373; baseline 0 -33"><span class='ocrx_word' id='word_1_642' title='bbox 356 5336 381 5373; x_wconf 40' lang='grc' dir='ltr'>δ.</span> 
     </span>
    </p>
   </div>
   <div class='ocr_carea' id='block_1_83' title="bbox 439 5204 2023 5288">
    <p class='ocr_par' dir='ltr' id='par_1_83' title="bbox 439 5204 2023 5288">
     <span class='ocr_line' id='line_1_83' title="bbox 439 5204 2023 5288; baseline 0.013 -34"><span class='ocrx_word' id='word_1_643' title='bbox 439 5204 588 5269; x_wconf 90' lang='lat' dir='ltr'><strong>putei</strong></span> <span class='ocrx_word' id='word_1_644' title='bbox 638 5204 939 5262; x_wconf 88' lang='lat' dir='ltr'><strong>bituminis.</strong></span> <span class='ocrx_word' id='word_1_645' title='bbox 966 5207 1157 5264; x_wconf 92' lang='lat' dir='ltr'><strong>Omnis</strong></span> <span class='ocrx_word' id='word_1_646' title='bbox 1181 5225 1310 5279; x_wconf 80' lang='lat' dir='ltr'><strong>ergo</strong></span> <span class='ocrx_word' id='word_1_647' title='bbox 1345 5213 1592 5279; x_wconf 82' lang='lat' dir='ltr'><strong>haeresis,</strong></span> <span class='ocrx_word' id='word_1_648' title='bbox 1622 5226 1676 5271; x_wconf 84' lang='lat' dir='ltr'><strong>et</strong></span> <span class='ocrx_word' id='word_1_649' title='bbox 1705 5233 1867 5274; x_wconf 92' lang='lat' dir='ltr'><strong>omne</strong></span> <span class='ocrx_word' id='word_1_650' title='bbox 1895 5235 2023 5288; x_wconf 85' lang='lat' dir='ltr'><strong>pec-</strong></span> 
     </span>
    </p>
   </div>
   <div class='ocr_carea' id='block_1_84' title="bbox 439 5296 2017 5367">
    <p class='ocr_par' dir='ltr' id='par_1_84' title="bbox 439 5296 2017 5367">
     <span class='ocr_line' id='line_1_84' title="bbox 439 5296 2017 5367; baseline 0.012 -19"><span class='ocrx_word' id='word_1_651' title='bbox 439 5304 624 5350; x_wconf 89' lang='lat' dir='ltr'><strong>catum</strong></span> <span class='ocrx_word' id='word_1_652' title='bbox 651 5296 703 5350; x_wconf 92' lang='lat' dir='ltr'><strong>in</strong></span> <span class='ocrx_word' id='word_1_653' title='bbox 729 5298 871 5351; x_wconf 89' lang='lat' dir='ltr'><strong>valle</strong></span> <span class='ocrx_word' id='word_1_654' title='bbox 894 5308 999 5364; x_wconf 86' lang='lat' dir='ltr'><strong>est,</strong></span> <span class='ocrx_word' id='word_1_655' title='bbox 1026 5311 1078 5356; x_wconf 88' lang='lat' dir='ltr'><strong>et</strong></span> <span class='ocrx_word' id='word_1_656' title='bbox 1110 5301 1162 5356; x_wconf 90' lang='lat' dir='ltr'><strong>in</strong></span> <span class='ocrx_word' id='word_1_657' title='bbox 1191 5304 1333 5358; x_wconf 87' lang='lat' dir='ltr'><strong>valle</strong></span> <span class='ocrx_word' id='word_1_658' title='bbox 1361 5305 1528 5363; x_wconf 90' lang='lat' dir='ltr'><strong>salsa.</strong></span> <span class='ocrx_word' id='word_1_659' title='bbox 1547 5306 1839 5364; x_wconf 88' lang='lat' dir='ltr'><strong>Peccatum</strong></span> <span class='ocrx_word' id='word_1_660' title='bbox 1869 5314 2017 5367; x_wconf 88' lang='lat' dir='ltr'><strong>enim</strong></span> 
     </span>
    </p>
   </div>
   <div class='ocr_carea' id='block_1_85' title="bbox 341 5387 2013 5473">
    <p class='ocr_par' dir='ltr' id='par_1_85' title="bbox 341 5387 2013 5473">
     <span class='ocr_line' id='line_1_85' title="bbox 341 5387 2013 5473; baseline 0.011 -34"><span class='ocrx_word' id='word_1_661' title='bbox 341 5403 356 5416; x_wconf 75' lang='grc'><strong><em>“</em></strong></span> <span class='ocrx_word' id='word_1_662' title='bbox 435 5395 494 5440; x_wconf 85' lang='lat' dir='ltr'><strong>et</strong></span> <span class='ocrx_word' id='word_1_663' title='bbox 530 5387 794 5458; x_wconf 91' lang='lat' dir='ltr'><strong>iniquitas</strong></span> <span class='ocrx_word' id='word_1_664' title='bbox 837 5405 946 5444; x_wconf 89' lang='lat' dir='ltr'><strong>non</strong></span> <span class='ocrx_word' id='word_1_665' title='bbox 984 5393 1235 5448; x_wconf 89' lang='lat' dir='ltr'><strong>ascendit</strong></span> <span class='ocrx_word' id='word_1_666' title='bbox 1277 5411 1518 5459; x_wconf 85' lang='lat' dir='ltr'><strong>sursum,</strong></span> <span class='ocrx_word' id='word_1_667' title='bbox 1567 5401 1660 5456; x_wconf 91' lang='lat' dir='ltr'><strong>sed</strong></span> <span class='ocrx_word' id='word_1_668' title='bbox 1701 5419 1920 5473; x_wconf 90' lang='lat' dir='ltr'><strong>semper</strong></span> <span class='ocrx_word' id='word_1_669' title='bbox 1946 5405 2013 5458; x_wconf 91' lang='lat' dir='ltr'><strong>ad</strong></span> 
     </span>
    </p>
   </div>
   <div class='ocr_carea' id='block_1_86' title="bbox 385 5925 410 5944">
    <p class='ocr_par' dir='ltr' id='par_1_86' title="bbox 385 5925 410 5944">
     <span class='ocr_line' id='line_1_86' title="bbox 385 5925 410 5944; baseline 0 0"><span class='ocrx_word' id='word_1_670' title='bbox 385 5925 410 5944; x_wconf 47' lang='grc' dir='ltr'>δ</span> 
     </span>
    </p>
   </div>
   <div class='ocr_carea' id='block_1_87' title="bbox 433 5477 2014 5566">
    <p class='ocr_par' dir='ltr' id='par_1_87' title="bbox 433 5477 2014 5566">
     <span class='ocr_line' id='line_1_87' title="bbox 433 5477 2014 5566; baseline 0.013 -33"><span class='ocrx_word' id='word_1_671' title='bbox 433 5477 543 5534; x_wconf 84' lang='lat' dir='ltr'><strong>ima</strong></span> <span class='ocrx_word' id='word_1_672' title='bbox 573 5490 630 5536; x_wconf 91' lang='lat' dir='ltr'><strong>et</strong></span> <span class='ocrx_word' id='word_1_673' title='bbox 675 5483 894 5540; x_wconf 79' lang='lat' dir='ltr'><strong>inferna</strong></span> <span class='ocrx_word' id='word_1_674' title='bbox 927 5486 1234 5541; x_wconf 83' lang='lat' dir='ltr'><strong>descendit.</strong></span> <span class='ocrx_word' id='word_1_675' title='bbox 1267 5488 1362 5543; x_wconf 83' lang='lat' dir='ltr'><strong>Est</strong></span> <span class='ocrx_word' id='word_1_676' title='bbox 1394 5506 1524 5560; x_wconf 81' lang='lat' dir='ltr'><strong>ergo</strong></span> <span class='ocrx_word' id='word_1_677' title='bbox 1553 5492 1604 5546; x_wconf 89' lang='lat' dir='ltr'><strong>in</strong></span> <span class='ocrx_word' id='word_1_678' title='bbox 1635 5495 1774 5551; x_wconf 92' lang='lat' dir='ltr'><strong>valle</strong></span> <span class='ocrx_word' id='word_1_679' title='bbox 1805 5499 2014 5566; x_wconf 89' lang='lat' dir='ltr'><strong>positus</strong></span> 
     </span>
    </p>
   </div>
   <div class='ocr_carea' id='block_1_88' title="bbox 430 5571 2013 5656">
    <p class='ocr_par' dir='ltr' id='par_1_88' title="bbox 430 5571 2013 5656">
     <span class='ocr_line' id='line_1_88' title="bbox 430 5571 2013 5656; baseline 0.016 -34"><span class='ocrx_word' id='word_1_680' title='bbox 430 5581 482 5623; x_wconf 72' lang='lat' dir='ltr'><strong>et</strong></span> <span class='ocrx_word' id='word_1_681' title='bbox 515 5571 688 5626; x_wconf 87' lang='lat' dir='ltr'><strong>salsus</strong></span> <span class='ocrx_word' id='word_1_682' title='bbox 719 5585 888 5644; x_wconf 91' lang='lat' dir='ltr'><strong>atque</strong></span> <span class='ocrx_word' id='word_1_683' title='bbox 918 5592 1141 5633; x_wconf 90' lang='lat' dir='ltr'><strong>amarus</strong></span> <span class='ocrx_word' id='word_1_684' title='bbox 1172 5583 1349 5636; x_wconf 90' lang='lat' dir='ltr'><strong>omnis</strong></span> <span class='ocrx_word' id='word_1_685' title='bbox 1397 5582 1686 5641; x_wconf 75' lang='lat' dir='ltr'><strong>lucreticus</strong></span> <span class='ocrx_word' id='word_1_686' title='bbox 1721 5599 2013 5656; x_wconf 87' lang='lat' dir='ltr'><strong>sensus,ct</strong></span> 
     </span>
    </p>
   </div>
   <div class='ocr_carea' id='block_1_89' title="bbox 428 5663 2008 5747">
    <p class='ocr_par' dir='ltr' id='par_1_89' title="bbox 428 5663 2008 5747">
     <span class='ocr_line' id='line_1_89' title="bbox 428 5663 2008 5747; baseline 0.016 -34"><span class='ocrx_word' id='word_1_687' title='bbox 428 5663 612 5717; x_wconf 86' lang='lat' dir='ltr'><strong>omnis</strong></span> <span class='ocrx_word' id='word_1_688' title='bbox 652 5675 809 5721; x_wconf 88' lang='lat' dir='ltr'><strong>actus</strong></span> <span class='ocrx_word' id='word_1_689' title='bbox 836 5671 1070 5738; x_wconf 87' lang='lat' dir='ltr'><strong>peccati.</strong></span> <span class='ocrx_word' id='word_1_690' title='bbox 1105 5670 1245 5738; x_wconf 92' lang='lat' dir='ltr'><strong>Quid</strong></span> <span class='ocrx_word' id='word_1_691' title='bbox 1289 5674 1436 5727; x_wconf 89' lang='lat' dir='ltr'><strong>enim</strong></span> <span class='ocrx_word' id='word_1_692' title='bbox 1470 5675 1650 5741; x_wconf 90' lang='lat' dir='ltr'><strong>dulce,</strong></span> <span class='ocrx_word' id='word_1_693' title='bbox 1683 5680 1812 5747; x_wconf 90' lang='lat' dir='ltr'><strong>quid</strong></span> <span class='ocrx_word' id='word_1_694' title='bbox 1842 5698 2008 5738; x_wconf 89' lang='lat' dir='ltr'><strong>suave</strong></span> 
     </span>
    </p>
   </div>
   <div class='ocr_carea' id='block_1_90' title="bbox 501 5757 2012 5847">
    <p class='ocr_par' dir='ltr' id='par_1_90' title="bbox 501 5757 2012 5847">
     <span class='ocr_line' id='line_1_90' title="bbox 501 5757 2012 5847; baseline 0.018 -36"><span class='ocrx_word' id='word_1_695' title='bbox 501 5757 548 5787; x_wconf 83' lang='grc'><strong><em>⁸⁸</em></strong></span> <span class='ocrx_word' id='word_1_696' title='bbox 570 5757 732 5847; x_wconf 43' lang='grc' dir='ltr'><strong>Ρξψηὲ</strong></span> <span class='ocrx_word' id='word_1_697' title='bbox 749 5778 862 5847; x_wconf 63' lang='grc' dir='ltr'><strong>ιιξι,</strong></span> <span class='ocrx_word' id='word_1_698' title='bbox 886 5765 970 5819; x_wconf 82' lang='lat' dir='ltr'><strong>l6.</strong></span> <span class='ocrx_word' id='word_1_699' title='bbox 1049 5767 1365 5847; x_wconf 36' lang='lat' dir='ltr'><strong>e‘:_.i_bid.__l&#39;_l.</strong></span> <span class='ocrx_word' id='word_1_700' title='bbox 1443 5773 1490 5804; x_wconf 86' lang='grc'><strong>⁷⁰</strong></span> <span class='ocrx_word' id='word_1_701' title='bbox 1511 5772 1721 5830; x_wconf 87' lang='lat' dir='ltr'><strong>Coloss.</strong></span> <span class='ocrx_word' id='word_1_702' title='bbox 1755 5793 1792 5841; x_wconf 86' lang='grc' dir='ltr'><strong>ι,</strong></span> <span class='ocrx_word' id='word_1_703' title='bbox 1821 5779 2012 5839; x_wconf 73' lang='grc'><strong>15.16.</strong></span> 
     </span>
    </p>
   </div>
   <div class='ocr_carea' id='block_1_91' title="bbox 432 5821 1743 5911">
    <p class='ocr_par' dir='ltr' id='par_1_91' title="bbox 432 5821 1743 5911">
     <span class='ocr_line' id='line_1_91' title="bbox 432 5821 1743 5911; baseline 0.014 -28"><span class='ocrx_word' id='word_1_704' title='bbox 432 5821 516 5883; x_wconf 65' lang='lat' dir='ltr'><strong>IT.</strong></span> <span class='ocrx_word' id='word_1_705' title='bbox 593 5827 640 5859; x_wconf 66' lang='grc'><strong>⁵⁸</strong></span> <span class='ocrx_word' id='word_1_706' title='bbox 693 5821 1039 5898; x_wconf 48' lang='grc' dir='ltr'><strong>Ρείιιίιχκι,</strong></span> <span class='ocrx_word' id='word_1_707' title='bbox 1079 5837 1168 5892; x_wconf 75' lang='grc'><strong>20.</strong></span> <span class='ocrx_word' id='word_1_708' title='bbox 1244 5821 1743 5911; x_wconf 53' lang='grc' dir='ltr'><strong>θίιίῑοι-Ϊέὲῖϊό.</strong></span> 
     </span>
    </p>
   </div>
   <div class='ocr_carea' id='block_1_92' title="bbox 2161 3277 3725 3348">
    <p class='ocr_par' dir='ltr' id='par_1_92' title="bbox 2161 3277 3725 3348">
     <span class='ocr_line' id='line_1_92' title="bbox 2161 3277 3725 3348; baseline 0.001 -18"><span class='ocrx_word' id='word_1_709' title='bbox 2161 3277 2273 3332; x_wconf 89' lang='lat' dir='ltr'><strong>litie</strong></span> <span class='ocrx_word' id='word_1_710' title='bbox 2329 3277 2670 3333; x_wconf 88' lang='lat' dir='ltr'><strong>altitudinem</strong></span> <span class='ocrx_word' id='word_1_711' title='bbox 2725 3279 3016 3348; x_wconf 88' lang='lat' dir='ltr'><strong>quamdam</strong></span> <span class='ocrx_word' id='word_1_712' title='bbox 3048 3279 3387 3348; x_wconf 76' lang='lat' dir='ltr'><strong>demergere.</strong></span> <span class='ocrx_word' id='word_1_713' title='bbox 3450 3277 3543 3332; x_wconf 79' lang='lat' dir='ltr'><strong>Isti</strong></span> <span class='ocrx_word' id='word_1_714' title='bbox 3608 3293 3725 3332; x_wconf 83' lang='lat' dir='ltr'><strong>vero</strong></span> 
     </span>
    </p>
   </div>
   <div class='ocr_carea' id='block_1_93' title="bbox 2156 3369 3718 3440">
    <p class='ocr_par' dir='ltr' id='par_1_93' title="bbox 2156 3369 3718 3440">
     <span class='ocr_line' id='line_1_93' title="bbox 2156 3369 3718 3440; baseline -0.001 -16"><span class='ocrx_word' id='word_1_715' title='bbox 2156 3384 2295 3439; x_wconf 86' lang='lat' dir='ltr'><strong>quos</strong></span> <span class='ocrx_word' id='word_1_716' title='bbox 2329 3383 2483 3440; x_wconf 85' lang='lat' dir='ltr'><strong>reges</strong></span> <span class='ocrx_word' id='word_1_717' title='bbox 2513 3369 2770 3439; x_wconf 88' lang='lat' dir='ltr'><strong>appellat,</strong></span> <span class='ocrx_word' id='word_1_718' title='bbox 2824 3371 2974 3439; x_wconf 91' lang='lat' dir='ltr'><strong>quasi</strong></span> <span class='ocrx_word' id='word_1_719' title='bbox 3002 3370 3397 3425; x_wconf 88' lang='lat' dir='ltr'><strong>eminentiores</strong></span> <span class='ocrx_word' id='word_1_720' title='bbox 3452 3385 3520 3425; x_wconf 92' lang='lat' dir='ltr'><strong>ac</strong></span> <span class='ocrx_word' id='word_1_721' title='bbox 3541 3370 3718 3425; x_wconf 77' lang='lat' dir='ltr'><strong>fortio-</strong></span> 
     </span>
    </p>
   </div>
   <div class='ocr_carea' id='block_1_94' title="bbox 2155 3459 3722 3530">
    <p class='ocr_par' dir='ltr' id='par_1_94' title="bbox 2155 3459 3722 3530">
     <span class='ocr_line' id='line_1_94' title="bbox 2155 3459 3722 3530; baseline -0.001 -16"><span class='ocrx_word' id='word_1_722' title='bbox 2155 3475 2263 3528; x_wconf 85' lang='lat' dir='ltr'><strong>res,</strong></span> <span class='ocrx_word' id='word_1_723' title='bbox 2295 3475 2402 3515; x_wconf 88' lang='lat' dir='ltr'><strong>non</strong></span> <span class='ocrx_word' id='word_1_724' title='bbox 2432 3460 2604 3515; x_wconf 88' lang='lat' dir='ltr'><strong>solum</strong></span> <span class='ocrx_word' id='word_1_725' title='bbox 2639 3471 2800 3516; x_wconf 84' lang='lat' dir='ltr'><strong>terrae</strong></span> <span class='ocrx_word' id='word_1_726' title='bbox 2828 3459 3177 3530; x_wconf 78' lang='lat' dir='ltr'><strong>profundum,</strong></span> <span class='ocrx_word' id='word_1_727' title='bbox 3225 3463 3320 3518; x_wconf 88' lang='lat' dir='ltr'><strong>sed</strong></span> <span class='ocrx_word' id='word_1_728' title='bbox 3355 3472 3411 3517; x_wconf 93' lang='lat' dir='ltr'><strong>et</strong></span> <span class='ocrx_word' id='word_1_729' title='bbox 3439 3463 3558 3517; x_wconf 76' lang='lat' dir='ltr'><strong>saxi</strong></span> <span class='ocrx_word' id='word_1_730' title='bbox 3589 3461 3722 3514; x_wconf 80' lang='lat' dir='ltr'><strong>duri-</strong></span> 
     </span>
    </p>
   </div>
   <div class='ocr_carea' id='block_1_95' title="bbox 2155 3551 3721 3623">
    <p class='ocr_par' dir='ltr' id='par_1_95' title="bbox 2155 3551 3721 3623">
     <span class='ocr_line' id='line_1_95' title="bbox 2155 3551 3721 3623; baseline -0.002 -17"><span class='ocrx_word' id='word_1_731' title='bbox 2155 3554 2283 3607; x_wconf 86' lang='lat' dir='ltr'><strong>tiam</strong></span> <span class='ocrx_word' id='word_1_732' title='bbox 2316 3561 2624 3623; x_wconf 87' lang='lat' dir='ltr'><strong>penetrant,</strong></span> <span class='ocrx_word' id='word_1_733' title='bbox 2659 3561 2718 3606; x_wconf 89' lang='lat' dir='ltr'><strong>ut</strong></span> <span class='ocrx_word' id='word_1_734' title='bbox 2761 3554 3047 3619; x_wconf 88' lang='lat' dir='ltr'><strong>pervenire</strong></span> <span class='ocrx_word' id='word_1_735' title='bbox 3072 3552 3282 3622; x_wconf 87' lang='lat' dir='ltr'><strong>possint</strong></span> <span class='ocrx_word' id='word_1_736' title='bbox 3312 3553 3380 3607; x_wconf 93' lang='lat' dir='ltr'><strong>ad</strong></span> <span class='ocrx_word' id='word_1_737' title='bbox 3411 3551 3721 3621; x_wconf 78' lang='lat' dir='ltr'><strong>profundio-</strong></span> 
     </span>
    </p>
   </div>
   <div class='ocr_carea' id='block_1_96' title="bbox 2155 3642 3718 3714">
    <p class='ocr_par' dir='ltr' id='par_1_96' title="bbox 2155 3642 3718 3714">
     <span class='ocr_line' id='line_1_96' title="bbox 2155 3642 3718 3714; baseline -0.001 -16"><span class='ocrx_word' id='word_1_738' title='bbox 2155 3659 2241 3700; x_wconf 87' lang='lat' dir='ltr'><strong>res</strong></span> <span class='ocrx_word' id='word_1_739' title='bbox 2273 3658 2465 3713; x_wconf 89' lang='lat' dir='ltr'><strong>aquas,</strong></span> <span class='ocrx_word' id='word_1_740' title='bbox 2490 3653 2543 3698; x_wconf 90' lang='lat' dir='ltr'><strong>et</strong></span> <span class='ocrx_word' id='word_1_741' title='bbox 2575 3644 2725 3711; x_wconf 90' lang='lat' dir='ltr'><strong>ipsas</strong></span> <span class='ocrx_word' id='word_1_742' title='bbox 2747 3643 2812 3713; x_wconf 93' lang='lat' dir='ltr'><strong>(si</strong></span> <span class='ocrx_word' id='word_1_743' title='bbox 2838 3643 2944 3699; x_wconf 92' lang='lat' dir='ltr'><strong>dici</strong></span> <span class='ocrx_word' id='word_1_744' title='bbox 2965 3642 3164 3714; x_wconf 89' lang='lat' dir='ltr'><strong>potest)</strong></span> <span class='ocrx_word' id='word_1_745' title='bbox 3191 3644 3243 3697; x_wconf 91' lang='lat' dir='ltr'><strong>in</strong></span> <span class='ocrx_word' id='word_1_746' title='bbox 3268 3657 3336 3698; x_wconf 90' lang='lat' dir='ltr'><strong>eo</strong></span> <span class='ocrx_word' id='word_1_747' title='bbox 3365 3658 3534 3697; x_wconf 87' lang='lat' dir='ltr'><strong>venas</strong></span> <span class='ocrx_word' id='word_1_748' title='bbox 3553 3642 3718 3713; x_wconf 79' lang='lat' dir='ltr'><strong>abyssi</strong></span> 
     </span>
    </p>
   </div>
   <div class='ocr_carea' id='block_1_97' title="bbox 2150 3733 3716 3803">
    <p class='ocr_par' dir='ltr' id='par_1_97' title="bbox 2150 3733 3716 3803">
     <span class='ocr_line' id='line_1_97' title="bbox 2150 3733 3716 3803; baseline -0.001 -18"><span class='ocrx_word' id='word_1_749' title='bbox 2150 3741 2598 3802; x_wconf 87' lang='lat' dir='ltr'><strong>perscrutentnr,</strong></span> <span class='ocrx_word' id='word_1_750' title='bbox 2632 3733 2869 3789; x_wconf 87' lang='lat' dir='ltr'><strong>scientes</strong></span> <span class='ocrx_word' id='word_1_751' title='bbox 2909 3733 3118 3803; x_wconf 86' lang='lat' dir='ltr'><strong>judicia</strong></span> <span class='ocrx_word' id='word_1_752' title='bbox 3153 3735 3245 3787; x_wconf 86' lang='lat' dir='ltr'><strong>Dei</strong></span> <span class='ocrx_word' id='word_1_753' title='bbox 3294 3748 3423 3788; x_wconf 85' lang='lat' dir='ltr'><strong>esse</strong></span> <span class='ocrx_word' id='word_1_754' title='bbox 3468 3734 3716 3802; x_wconf 68' lang='lat' dir='ltr'><strong>abyssum</strong></span> 
     </span>
    </p>
   </div>
   <div class='ocr_carea' id='block_1_98' title="bbox 2149 3825 3718 3894">
    <p class='ocr_par' dir='ltr' id='par_1_98' title="bbox 2149 3825 3718 3894">
     <span class='ocr_line' id='line_1_98' title="bbox 2149 3825 3718 3894; baseline -0.001 -15"><span class='ocrx_word' id='word_1_755' title='bbox 2149 3826 2400 3880; x_wconf 78' lang='lat' dir='ltr'><strong>multam.</strong></span> <span class='ocrx_word' id='word_1_756' title='bbox 2436 3825 2570 3880; x_wconf 91' lang='lat' dir='ltr'><strong>Istos</strong></span> <span class='ocrx_word' id='word_1_757' title='bbox 2620 3839 2749 3894; x_wconf 89' lang='lat' dir='ltr'><strong>ergo</strong></span> <span class='ocrx_word' id='word_1_758' title='bbox 2785 3840 2962 3894; x_wconf 90' lang='lat' dir='ltr'><strong>rcges,</strong></span> <span class='ocrx_word' id='word_1_759' title='bbox 2995 3825 3086 3894; x_wconf 86' lang='lat' dir='ltr'><strong>qui</strong></span> <span class='ocrx_word' id='word_1_760' title='bbox 3127 3835 3237 3879; x_wconf 88' lang='lat' dir='ltr'><strong>tam</strong></span> <span class='ocrx_word' id='word_1_761' title='bbox 3290 3825 3569 3894; x_wconf 80' lang='lat' dir='ltr'><strong>profunda</strong></span> <span class='ocrx_word' id='word_1_762' title='bbox 3605 3840 3718 3893; x_wconf 86' lang='lat' dir='ltr'><strong>pos-</strong></span> 
     </span>
    </p>
   </div>
   <div class='ocr_carea' id='block_1_99' title="bbox 2147 3916 3714 3987">
    <p class='ocr_par' dir='ltr' id='par_1_99' title="bbox 2147 3916 3714 3987">
     <span class='ocr_line' id='line_1_99' title="bbox 2147 3916 3714 3987; baseline -0.002 -14"><span class='ocrx_word' id='word_1_763' title='bbox 2147 3931 2271 3973; x_wconf 89' lang='lat' dir='ltr'><strong>sunt</strong></span> <span class='ocrx_word' id='word_1_764' title='bbox 2323 3928 2380 3972; x_wconf 92' lang='lat' dir='ltr'><strong>et</strong></span> <span class='ocrx_word' id='word_1_765' title='bbox 2430 3928 2539 3972; x_wconf 87' lang='lat' dir='ltr'><strong>tam</strong></span> <span class='ocrx_word' id='word_1_766' title='bbox 2595 3916 2912 3972; x_wconf 84' lang='lat' dir='ltr'><strong>abscondita</strong></span> <span class='ocrx_word' id='word_1_767' title='bbox 2943 3918 3091 3986; x_wconf 91' lang='lat' dir='ltr'><strong>putei</strong></span> <span class='ocrx_word' id='word_1_768' title='bbox 3127 3919 3492 3987; x_wconf 86' lang='lat' dir='ltr'><strong>perscrutari,</strong></span> <span class='ocrx_word' id='word_1_769' title='bbox 3530 3920 3714 3971; x_wconf 87' lang='lat' dir='ltr'><strong>merito</strong></span> 
     </span>
    </p>
   </div>
   <div class='ocr_carea' id='block_1_100' title="bbox 2148 4010 3710 4080">
    <p class='ocr_par' dir='ltr' id='par_1_100' title="bbox 2148 4010 3710 4080">
     <span class='ocr_line' id='line_1_100' title="bbox 2148 4010 3710 4080; baseline -0.001 -17"><span class='ocrx_word' id='word_1_770' title='bbox 2148 4011 2425 4080; x_wconf 86' lang='lat' dir='ltr'><strong>apostolos</strong></span> <span class='ocrx_word' id='word_1_771' title='bbox 2471 4011 2792 4075; x_wconf 72' lang='lat' dir='ltr'><strong>dixerimus,</strong></span> <span class='ocrx_word' id='word_1_772' title='bbox 2824 4027 2889 4066; x_wconf 81' lang='lat' dir='ltr'><strong>ex</strong></span> <span class='ocrx_word' id='word_1_773' title='bbox 2924 4011 3123 4080; x_wconf 84' lang='lat' dir='ltr'><strong>quibus</strong></span> <span class='ocrx_word' id='word_1_774' title='bbox 3161 4011 3363 4080; x_wconf 87' lang='lat' dir='ltr'><strong>aliquis</strong></span> <span class='ocrx_word' id='word_1_775' title='bbox 3389 4010 3710 4065; x_wconf 75' lang='lat' dir='ltr'><strong>diccbat&quot;:</strong></span> 
     </span>
    </p>
   </div>
   <div class='ocr_carea' id='block_1_101' title="bbox 2150 4101 3710 4172">
    <p class='ocr_par' dir='ltr' id='par_1_101' title="bbox 2150 4101 3710 4172">
     <span class='ocr_line' id='line_1_101' title="bbox 2150 4101 3710 4172; baseline 0.002 -20"><span class='ocrx_word' id='word_1_776' title='bbox 2150 4120 2166 4152; x_wconf 72' lang='grc' dir='ltr'><strong>ι</strong></span> <span class='ocrx_word' id='word_1_777' title='bbox 2231 4102 2396 4157; x_wconf 82' lang='lat' dir='ltr'><strong>Nobis</strong></span> <span class='ocrx_word' id='word_1_778' title='bbox 2432 4110 2610 4156; x_wconf 90' lang='lat' dir='ltr'><strong>autem</strong></span> <span class='ocrx_word' id='word_1_779' title='bbox 2660 4101 2919 4156; x_wconf 85' lang='lat' dir='ltr'><strong>revelavit</strong></span> <span class='ocrx_word' id='word_1_780' title='bbox 2962 4103 3100 4158; x_wconf 88' lang='lat' dir='ltr'><strong>Deus</strong></span> <span class='ocrx_word' id='word_1_781' title='bbox 3135 4118 3232 4172; x_wconf 92' lang='lat' dir='ltr'><strong>per</strong></span> <span class='ocrx_word' id='word_1_782' title='bbox 3271 4103 3547 4172; x_wconf 85' lang='lat' dir='ltr'><strong>Spiritum</strong></span> <span class='ocrx_word' id='word_1_783' title='bbox 3594 4118 3710 4155; x_wconf 80' lang='lat' dir='ltr'><strong>san-</strong></span> 
     </span>
    </p>
   </div>
   <div class='ocr_carea' id='block_1_102' title="bbox 2142 4193 3705 4262">
    <p class='ocr_par' dir='ltr' id='par_1_102' title="bbox 2142 4193 3705 4262">
     <span class='ocr_line' id='line_1_102' title="bbox 2142 4193 3705 4262; baseline -0.001 -15"><span class='ocrx_word' id='word_1_784' title='bbox 2142 4201 2310 4247; x_wconf 89' lang='lat' dir='ltr'><strong>ctum.</strong></span> <span class='ocrx_word' id='word_1_785' title='bbox 2346 4193 2580 4262; x_wconf 88' lang='lat' dir='ltr'><strong>Spiritus</strong></span> <span class='ocrx_word' id='word_1_786' title='bbox 2631 4193 2774 4248; x_wconf 89' lang='lat' dir='ltr'><strong>enim</strong></span> <span class='ocrx_word' id='word_1_787' title='bbox 2807 4194 2988 4248; x_wconf 90' lang='lat' dir='ltr'><strong>omnia</strong></span> <span class='ocrx_word' id='word_1_788' title='bbox 3041 4204 3340 4257; x_wconf 78' lang='lat' dir='ltr'><strong>scrutatur.</strong></span> <span class='ocrx_word' id='word_1_789' title='bbox 3378 4195 3547 4249; x_wconf 86' lang='lat' dir='ltr'><strong>etiam</strong></span> <span class='ocrx_word' id='word_1_790' title='bbox 3606 4195 3705 4247; x_wconf 81' lang='lat' dir='ltr'><strong>alta</strong></span> 
     </span>
    </p>
   </div>
   <div class='ocr_carea' id='block_1_103' title="bbox 2145 4281 3708 4355">
    <p class='ocr_par' dir='ltr' id='par_1_103' title="bbox 2145 4281 3708 4355">
     <span class='ocr_line' id='line_1_103' title="bbox 2145 4281 3708 4355; baseline 0.004 -21"><span class='ocrx_word' id='word_1_791' title='bbox 2145 4282 2260 4335; x_wconf 89' lang='lat' dir='ltr'><strong>Dei.</strong></span> <span class='ocrx_word' id='word_1_792' title='bbox 2305 4299 2324 4333; x_wconf 76' lang='grc' dir='ltr'><strong>ι</strong></span> <span class='ocrx_word' id='word_1_793' title='bbox 2363 4281 2498 4348; x_wconf 90' lang='lat' dir='ltr'><strong>Quia</strong></span> <span class='ocrx_word' id='word_1_794' title='bbox 2536 4296 2666 4351; x_wconf 86' lang='lat' dir='ltr'><strong>ergo</strong></span> <span class='ocrx_word' id='word_1_795' title='bbox 2700 4297 2796 4351; x_wconf 89' lang='lat' dir='ltr'><strong>per</strong></span> <span class='ocrx_word' id='word_1_796' title='bbox 2829 4281 3090 4351; x_wconf 90' lang='lat' dir='ltr'><strong>Spiritum</strong></span> <span class='ocrx_word' id='word_1_797' title='bbox 3136 4296 3368 4354; x_wconf 89' lang='lat' dir='ltr'><strong>possunt</strong></span> <span class='ocrx_word' id='word_1_798' title='bbox 3419 4288 3584 4340; x_wconf 85' lang='lat' dir='ltr'><strong>etiam</strong></span> <span class='ocrx_word' id='word_1_799' title='bbox 3613 4288 3708 4355; x_wconf 80' lang='lat' dir='ltr'><strong>ipsi</strong></span> 
     </span>
    </p>
   </div>
   <div class='ocr_carea' id='block_1_104' title="bbox 2138 4373 3710 4451">
    <p class='ocr_par' dir='ltr' id='par_1_104' title="bbox 2138 4373 3710 4451">
     <span class='ocr_line' id='line_1_104' title="bbox 2138 4373 3710 4451; baseline 0.005 -23"><span class='ocrx_word' id='word_1_800' title='bbox 2138 4374 2474 4444; x_wconf 87' lang='lat' dir='ltr'><strong>perscrutari</strong></span> <span class='ocrx_word' id='word_1_801' title='bbox 2508 4373 2615 4428; x_wconf 89' lang='lat' dir='ltr'><strong>alta</strong></span> <span class='ocrx_word' id='word_1_802' title='bbox 2643 4375 2758 4439; x_wconf 84' lang='lat' dir='ltr'><strong>Dei,</strong></span> <span class='ocrx_word' id='word_1_803' title='bbox 2793 4374 2972 4429; x_wconf 89' lang='lat' dir='ltr'><strong>etalta</strong></span> <span class='ocrx_word' id='word_1_804' title='bbox 3013 4392 3077 4432; x_wconf 91' lang='lat' dir='ltr'><strong>ac</strong></span> <span class='ocrx_word' id='word_1_805' title='bbox 3106 4378 3372 4447; x_wconf 78' lang='lat' dir='ltr'><strong>profunda</strong></span> <span class='ocrx_word' id='word_1_806' title='bbox 3435 4383 3584 4451; x_wconf 88' lang='lat' dir='ltr'><strong>putei</strong></span> <span class='ocrx_word' id='word_1_807' title='bbox 3628 4394 3710 4450; x_wconf 80' lang='lat' dir='ltr'><strong>pc-</strong></span> 
     </span>
    </p>
   </div>
   <div class='ocr_carea' id='block_1_105' title="bbox 2142 4467 3707 4542">
    <p class='ocr_par' dir='ltr' id='par_1_105' title="bbox 2142 4467 3707 4542">
     <span class='ocr_line' id='line_1_105' title="bbox 2142 4467 3707 4542; baseline 0.004 -24"><span class='ocrx_word' id='word_1_808' title='bbox 2142 4476 2360 4520; x_wconf 88' lang='lat' dir='ltr'><strong>netrare</strong></span> <span class='ocrx_word' id='word_1_809' title='bbox 2392 4467 2673 4536; x_wconf 83' lang='lat' dir='ltr'><strong>mysteria,</strong></span> <span class='ocrx_word' id='word_1_810' title='bbox 2713 4467 2920 4523; x_wconf 88' lang='lat' dir='ltr'><strong>idcirco</strong></span> <span class='ocrx_word' id='word_1_811' title='bbox 2949 4485 3110 4540; x_wconf 82' lang='lat' dir='ltr'><strong>rcges</strong></span> <span class='ocrx_word' id='word_1_812' title='bbox 3140 4487 3261 4527; x_wconf 89' lang='lat' dir='ltr'><strong>esse</strong></span> <span class='ocrx_word' id='word_1_813' title='bbox 3289 4474 3573 4537; x_wconf 85' lang='lat' dir='ltr'><strong>dicuntur,</strong></span> <span class='ocrx_word' id='word_1_814' title='bbox 3621 4475 3707 4542; x_wconf 86' lang='lat' dir='ltr'><strong>qui</strong></span> 
     </span>
    </p>
   </div>
   <div class='ocr_carea' id='block_1_106' title="bbox 2142 4558 3708 4631">
    <p class='ocr_par' dir='ltr' id='par_1_106' title="bbox 2142 4558 3708 4631">
     <span class='ocr_line' id='line_1_106' title="bbox 2142 4558 3708 4631; baseline 0.005 -25"><span class='ocrx_word' id='word_1_815' title='bbox 2142 4566 2364 4624; x_wconf 83' lang='lat' dir='ltr'><strong>puteum</strong></span> <span class='ocrx_word' id='word_1_816' title='bbox 2394 4561 2558 4612; x_wconf 91' lang='lat' dir='ltr'><strong>etiam</strong></span> <span class='ocrx_word' id='word_1_817' title='bbox 2589 4559 2753 4614; x_wconf 89' lang='lat' dir='ltr'><strong>istum</strong></span> <span class='ocrx_word' id='word_1_818' title='bbox 2797 4558 2850 4613; x_wconf 89' lang='lat' dir='ltr'><strong>in</strong></span> <span class='ocrx_word' id='word_1_819' title='bbox 2903 4573 3059 4629; x_wconf 90' lang='lat' dir='ltr'><strong>petra</strong></span> <span class='ocrx_word' id='word_1_820' title='bbox 3095 4564 3441 4631; x_wconf 73' lang='lat' dir='ltr'><strong>excuderint,</strong></span> <span class='ocrx_word' id='word_1_821' title='bbox 3478 4579 3543 4618; x_wconf 85' lang='lat' dir='ltr'><strong>ac</strong></span> <span class='ocrx_word' id='word_1_822' title='bbox 3578 4563 3708 4617; x_wconf 81' lang='lat' dir='ltr'><strong>dura</strong></span> 
     </span>
    </p>
   </div>
   <div class='ocr_carea' id='block_1_107' title="bbox 2133 4649 3706 4726">
    <p class='ocr_par' dir='ltr' id='par_1_107' title="bbox 2133 4649 3706 4726">
     <span class='ocr_line' id='line_1_107' title="bbox 2133 4649 3706 4726; baseline 0.008 -25"><span class='ocrx_word' id='word_1_823' title='bbox 2133 4658 2188 4702; x_wconf 88' lang='lat' dir='ltr'><strong>et</strong></span> <span class='ocrx_word' id='word_1_824' title='bbox 2221 4649 2462 4706; x_wconf 74' lang='lat' dir='ltr'><strong>diﬂicilia</strong></span> <span class='ocrx_word' id='word_1_825' title='bbox 2517 4661 2726 4709; x_wconf 86' lang='lat' dir='ltr'><strong>secreta</strong></span> <span class='ocrx_word' id='word_1_826' title='bbox 2776 4658 3019 4713; x_wconf 65' lang='lat' dir='ltr'><strong>scientiae</strong></span> <span class='ocrx_word' id='word_1_827' title='bbox 3071 4661 3504 4726; x_wconf 77' lang='lat' dir='ltr'><strong>penetraverint.</strong></span> <span class='ocrx_word' id='word_1_828' title='bbox 3559 4659 3706 4726; x_wconf 84' lang='lat' dir='ltr'><strong>Quod</strong></span> 
     </span>
    </p>
   </div>
   <div class='ocr_carea' id='block_1_108' title="bbox 2131 4747 3706 4823">
    <p class='ocr_par' dir='ltr' id='par_1_108' title="bbox 2131 4747 3706 4823">
     <span class='ocr_line' id='line_1_108' title="bbox 2131 4747 3706 4823; baseline 0.008 -29"><span class='ocrx_word' id='word_1_829' title='bbox 2131 4754 2311 4797; x_wconf 86' lang='lat' dir='ltr'><strong>autem</strong></span> <span class='ocrx_word' id='word_1_830' title='bbox 2355 4761 2510 4816; x_wconf 84' lang='lat' dir='ltr'><strong>reges</strong></span> <span class='ocrx_word' id='word_1_831' title='bbox 2531 4747 2634 4802; x_wconf 90' lang='lat' dir='ltr'><strong>dici</strong></span> <span class='ocrx_word' id='word_1_832' title='bbox 2663 4750 2872 4819; x_wconf 89' lang='lat' dir='ltr'><strong>possint</strong></span> <span class='ocrx_word' id='word_1_833' title='bbox 2903 4752 3066 4807; x_wconf 89' lang='lat' dir='ltr'><strong>etiam</strong></span> <span class='ocrx_word' id='word_1_834' title='bbox 3099 4753 3347 4822; x_wconf 88' lang='lat' dir='ltr'><strong>apostoli.</strong></span> <span class='ocrx_word' id='word_1_835' title='bbox 3384 4764 3523 4823; x_wconf 85' lang='lat' dir='ltr'><strong>puto</strong></span> <span class='ocrx_word' id='word_1_836' title='bbox 3552 4764 3604 4807; x_wconf 81' lang='lat' dir='ltr'><strong>et</strong></span> <span class='ocrx_word' id='word_1_837' title='bbox 3642 4769 3706 4807; x_wconf 81' lang='lat' dir='ltr'><strong>cx</strong></span> 
     </span>
    </p>
   </div>
   <div class='ocr_carea' id='block_1_109' title="bbox 2130 4835 3706 4912">
    <p class='ocr_par' dir='ltr' id='par_1_109' title="bbox 2130 4835 3706 4912">
     <span class='ocr_line' id='line_1_109' title="bbox 2130 4835 3706 4912; baseline 0.004 -23"><span class='ocrx_word' id='word_1_838' title='bbox 2130 4850 2197 4889; x_wconf 89' lang='lat' dir='ltr'><strong>eo</strong></span> <span class='ocrx_word' id='word_1_839' title='bbox 2215 4835 2379 4891; x_wconf 79' lang='lat' dir='ltr'><strong>facile</strong></span> <span class='ocrx_word' id='word_1_840' title='bbox 2416 4838 2634 4907; x_wconf 90' lang='lat' dir='ltr'><strong>probari</strong></span> <span class='ocrx_word' id='word_1_841' title='bbox 2662 4854 2843 4909; x_wconf 90' lang='lat' dir='ltr'><strong>posse,</strong></span> <span class='ocrx_word' id='word_1_842' title='bbox 2885 4846 3028 4912; x_wconf 88' lang='lat' dir='ltr'><strong>quod</strong></span> <span class='ocrx_word' id='word_1_843' title='bbox 3059 4847 3125 4899; x_wconf 91' lang='lat' dir='ltr'><strong>de</strong></span> <span class='ocrx_word' id='word_1_844' title='bbox 3157 4845 3414 4900; x_wconf 90' lang='lat' dir='ltr'><strong>omnibus</strong></span> <span class='ocrx_word' id='word_1_845' title='bbox 3441 4846 3706 4902; x_wconf 86' lang='lat' dir='ltr'><strong>credenti—</strong></span> 
     </span>
    </p>
   </div>
   <div class='ocr_carea' id='block_1_110' title="bbox 2128 4929 3700 5010">
    <p class='ocr_par' dir='ltr' id='par_1_110' title="bbox 2128 4929 3700 5010">
     <span class='ocr_line' id='line_1_110' title="bbox 2128 4929 3700 5010; baseline 0.004 -24"><span class='ocrx_word' id='word_1_846' title='bbox 2128 4929 2228 4986; x_wconf 85' lang='lat' dir='ltr'><strong>bus</strong></span> <span class='ocrx_word' id='word_1_847' title='bbox 2276 4932 2476 4987; x_wconf 91' lang='lat' dir='ltr'><strong>dicitnr</strong></span> <span class='ocrx_word' id='word_1_848' title='bbox 2499 4933 2586 4986; x_wconf 72' lang='grc' dir='ltr'><strong>ἠε</strong></span> <span class='ocrx_word' id='word_1_849' title='bbox 2629 4951 2649 4985; x_wconf 71' lang='grc' dir='ltr'><strong>ι</strong></span> <span class='ocrx_word' id='word_1_850' title='bbox 2694 4934 2802 4990; x_wconf 80' lang='lat' dir='ltr'><strong>Vos</strong></span> <span class='ocrx_word' id='word_1_851' title='bbox 2831 4949 3010 4992; x_wconf 90' lang='lat' dir='ltr'><strong>autem</strong></span> <span class='ocrx_word' id='word_1_852' title='bbox 3054 4954 3230 5008; x_wconf 83' lang='lat' dir='ltr'><strong>genus</strong></span> <span class='ocrx_word' id='word_1_853' title='bbox 3279 4939 3485 5010; x_wconf 87' lang='lat' dir='ltr'><strong>regale,</strong></span> <span class='ocrx_word' id='word_1_854' title='bbox 3523 4955 3700 4994; x_wconf 76' lang='lat' dir='ltr'><strong>sacer-</strong></span> 
     </span>
    </p>
   </div>
   <div class='ocr_carea' id='block_1_111' title="bbox 2131 5026 3694 5104">
    <p class='ocr_par' dir='ltr' id='par_1_111' title="bbox 2131 5026 3694 5104">
     <span class='ocr_line' id='line_1_111' title="bbox 2131 5026 3694 5104; baseline 0.003 -26"><span class='ocrx_word' id='word_1_855' title='bbox 2131 5026 2333 5080; x_wconf 89' lang='lat' dir='ltr'><strong>dotium</strong></span> <span class='ocrx_word' id='word_1_856' title='bbox 2371 5045 2650 5099; x_wconf 74' lang='lat' dir='ltr'><strong>magnum,</strong></span> <span class='ocrx_word' id='word_1_857' title='bbox 2689 5050 2823 5104; x_wconf 85' lang='lat' dir='ltr'><strong>gens</strong></span> <span class='ocrx_word' id='word_1_858' title='bbox 2875 5043 3080 5089; x_wconf 87' lang='lat' dir='ltr'><strong>sancta.</strong></span> <span class='ocrx_word' id='word_1_859' title='bbox 3124 5053 3145 5087; x_wconf 76' lang='grc' dir='ltr'><strong>ι</strong></span> <span class='ocrx_word' id='word_1_860' title='bbox 3185 5033 3242 5088; x_wconf 85' lang='lat' dir='ltr'><strong>Si</strong></span> <span class='ocrx_word' id='word_1_861' title='bbox 3277 5049 3412 5103; x_wconf 90' lang='lat' dir='ltr'><strong>ergo</strong></span> <span class='ocrx_word' id='word_1_862' title='bbox 3444 5033 3567 5086; x_wconf 91' lang='lat' dir='ltr'><strong>illos</strong></span> <span class='ocrx_word' id='word_1_863' title='bbox 3613 5031 3694 5083; x_wconf 86' lang='lat' dir='ltr'><strong>di-</strong></span> 
     </span>
    </p>
   </div>
   <div class='ocr_carea' id='block_1_112' title="bbox 2127 5123 3694 5198">
    <p class='ocr_par' dir='ltr' id='par_1_112' title="bbox 2127 5123 3694 5198">
     <span class='ocr_line' id='line_1_112' title="bbox 2127 5123 3694 5198; baseline -0.002 -24"><span class='ocrx_word' id='word_1_864' title='bbox 2127 5133 2260 5176; x_wconf 88' lang='lat' dir='ltr'><strong>cunt</strong></span> <span class='ocrx_word' id='word_1_865' title='bbox 2301 5140 2477 5195; x_wconf 83' lang='lat' dir='ltr'><strong>rcges,</strong></span> <span class='ocrx_word' id='word_1_866' title='bbox 2529 5129 2618 5198; x_wconf 91' lang='lat' dir='ltr'><strong>qui</strong></span> <span class='ocrx_word' id='word_1_867' title='bbox 2657 5143 2751 5196; x_wconf 90' lang='lat' dir='ltr'><strong>per</strong></span> <span class='ocrx_word' id='word_1_868' title='bbox 2783 5126 3008 5180; x_wconf 86' lang='lat' dir='ltr'><strong>verbum</strong></span> <span class='ocrx_word' id='word_1_869' title='bbox 3045 5126 3283 5193; x_wconf 88' lang='lat' dir='ltr'><strong>ipsorum</strong></span> <span class='ocrx_word' id='word_1_870' title='bbox 3329 5123 3694 5182; x_wconf 84' lang='lat' dir='ltr'><strong>crediderunt,</strong></span> 
     </span>
    </p>
   </div>
   <div class='ocr_carea' id='block_1_113' title="bbox 2128 5215 3693 5289">
    <p class='ocr_par' dir='ltr' id='par_1_113' title="bbox 2128 5215 3693 5289">
     <span class='ocr_line' id='line_1_113' title="bbox 2128 5215 3693 5289; baseline -0.004 -19"><span class='ocrx_word' id='word_1_871' title='bbox 2128 5225 2333 5284; x_wconf 88' lang='lat' dir='ltr'><strong>quanto</strong></span> <span class='ocrx_word' id='word_1_872' title='bbox 2363 5221 2534 5288; x_wconf 81' lang='lat' dir='ltr'><strong>magis</strong></span> <span class='ocrx_word' id='word_1_873' title='bbox 2569 5220 2668 5289; x_wconf 88' lang='lat' dir='ltr'><strong>ipsi</strong></span> <span class='ocrx_word' id='word_1_874' title='bbox 2699 5233 2855 5288; x_wconf 85' lang='lat' dir='ltr'><strong>reges</strong></span> <span class='ocrx_word' id='word_1_875' title='bbox 2885 5218 3115 5272; x_wconf 88' lang='lat' dir='ltr'><strong>habendi</strong></span> <span class='ocrx_word' id='word_1_876' title='bbox 3175 5227 3326 5282; x_wconf 88' lang='lat' dir='ltr'><strong>sunt,</strong></span> <span class='ocrx_word' id='word_1_877' title='bbox 3362 5217 3455 5286; x_wconf 78' lang='lat' dir='ltr'><strong>qui</strong></span> <span class='ocrx_word' id='word_1_878' title='bbox 3489 5215 3693 5268; x_wconf 78' lang='lat' dir='ltr'><strong>faciunt</strong></span> 
     </span>
    </p>
   </div>
   <div class='ocr_carea' id='block_1_114' title="bbox 2128 5308 3690 5382">
    <p class='ocr_par' dir='ltr' id='par_1_114' title="bbox 2128 5308 3690 5382">
     <span class='ocr_line' id='line_1_114' title="bbox 2128 5308 3690 5382; baseline -0.004 -20"><span class='ocrx_word' id='word_1_879' title='bbox 2128 5309 2328 5378; x_wconf 81' lang='lat' dir='ltr'><strong>rcges?</strong></span> <span class='ocrx_word' id='word_1_880' title='bbox 2360 5309 2464 5363; x_wconf 85' lang='lat' dir='ltr'><strong>Sed</strong></span> <span class='ocrx_word' id='word_1_881' title='bbox 2515 5320 2572 5365; x_wconf 87' lang='lat' dir='ltr'><strong>et</strong></span> <span class='ocrx_word' id='word_1_882' title='bbox 2601 5313 2723 5366; x_wconf 88' lang='lat' dir='ltr'><strong>inde</strong></span> <span class='ocrx_word' id='word_1_883' title='bbox 2747 5309 2906 5364; x_wconf 70' lang='lat' dir='ltr'><strong>facile</strong></span> <span class='ocrx_word' id='word_1_884' title='bbox 2934 5311 3231 5382; x_wconf 86' lang='lat' dir='ltr'><strong>colligitur.</strong></span> <span class='ocrx_word' id='word_1_885' title='bbox 3265 5311 3321 5365; x_wconf 78' lang='lat' dir='ltr'><strong>Si</strong></span> <span class='ocrx_word' id='word_1_886' title='bbox 3351 5308 3495 5364; x_wconf 89' lang='lat' dir='ltr'><strong>enim</strong></span> <span class='ocrx_word' id='word_1_887' title='bbox 3538 5317 3690 5374; x_wconf 78' lang='lat' dir='ltr'><strong>reges</strong></span> 
     </span>
    </p>
   </div>
   <div class='ocr_carea' id='block_1_115' title="bbox 2125 5397 3685 5472">
    <p class='ocr_par' dir='ltr' id='par_1_115' title="bbox 2125 5397 3685 5472">
     <span class='ocr_line' id='line_1_115' title="bbox 2125 5397 3685 5472; baseline -0.001 -20"><span class='ocrx_word' id='word_1_888' title='bbox 2125 5414 2154 5452; x_wconf 91' lang='lat' dir='ltr'><strong>a</strong></span> <span class='ocrx_word' id='word_1_889' title='bbox 2215 5401 2447 5470; x_wconf 86' lang='lat' dir='ltr'><strong>regendo</strong></span> <span class='ocrx_word' id='word_1_890' title='bbox 2497 5403 2774 5469; x_wconf 88' lang='lat' dir='ltr'><strong>dicuntur,</strong></span> <span class='ocrx_word' id='word_1_891' title='bbox 2807 5421 2996 5460; x_wconf 89' lang='lat' dir='ltr'><strong>omnes</strong></span> <span class='ocrx_word' id='word_1_892' title='bbox 3051 5405 3238 5472; x_wconf 89' lang='lat' dir='ltr'><strong>utique</strong></span> <span class='ocrx_word' id='word_1_893' title='bbox 3295 5397 3685 5472; x_wconf 79' lang='lat' dir='ltr'><strong>quiEcclcsias</strong></span> 
     </span>
    </p>
   </div>
   <div class='ocr_carea' id='block_1_116' title="bbox 2122 5495 3681 5568">
    <p class='ocr_par' dir='ltr' id='par_1_116' title="bbox 2122 5495 3681 5568">
     <span class='ocr_line' id='line_1_116' title="bbox 2122 5495 3681 5568; baseline -0.003 -17"><span class='ocrx_word' id='word_1_894' title='bbox 2122 5497 2216 5551; x_wconf 88' lang='lat' dir='ltr'><strong>Dei</strong></span> <span class='ocrx_word' id='word_1_895' title='bbox 2257 5509 2472 5568; x_wconf 73' lang='lat' dir='ltr'><strong>regunt,</strong></span> <span class='ocrx_word' id='word_1_896' title='bbox 2502 5513 2657 5568; x_wconf 83' lang='lat' dir='ltr'><strong>rcges</strong></span> <span class='ocrx_word' id='word_1_897' title='bbox 2684 5500 2882 5554; x_wconf 90' lang='lat' dir='ltr'><strong>merito</strong></span> <span class='ocrx_word' id='word_1_898' title='bbox 2915 5497 3346 5567; x_wconf 86' lang='lat' dir='ltr'><strong>appellabuntur,</strong></span> <span class='ocrx_word' id='word_1_899' title='bbox 3385 5495 3550 5549; x_wconf 88' lang='lat' dir='ltr'><strong>multo</strong></span> <span class='ocrx_word' id='word_1_900' title='bbox 3586 5506 3681 5541; x_wconf 76' lang='lat' dir='ltr'><strong>zm-</strong></span> 
     </span>
    </p>
   </div>
   <div class='ocr_carea' id='block_1_117' title="bbox 2118 5589 3674 5663">
    <p class='ocr_par' dir='ltr' id='par_1_117' title="bbox 2118 5589 3674 5663">
     <span class='ocr_line' id='line_1_117' title="bbox 2118 5589 3674 5663; baseline -0.004 -15"><span class='ocrx_word' id='word_1_901' title='bbox 2118 5601 2228 5649; x_wconf 87' lang='lat' dir='ltr'><strong>tern</strong></span> <span class='ocrx_word' id='word_1_902' title='bbox 2267 5594 2474 5648; x_wconf 83' lang='lat' dir='ltr'><strong>rectius</strong></span> <span class='ocrx_word' id='word_1_903' title='bbox 2507 5593 2605 5659; x_wconf 89' lang='lat' dir='ltr'><strong>illi,</strong></span> <span class='ocrx_word' id='word_1_904' title='bbox 2631 5593 2723 5661; x_wconf 90' lang='lat' dir='ltr'><strong>qui</strong></span> <span class='ocrx_word' id='word_1_905' title='bbox 2754 5601 2808 5647; x_wconf 90' lang='lat' dir='ltr'><strong>et</strong></span> <span class='ocrx_word' id='word_1_906' title='bbox 2833 5593 2954 5650; x_wconf 90' lang='lat' dir='ltr'><strong>illos</strong></span> <span class='ocrx_word' id='word_1_907' title='bbox 2984 5595 3146 5663; x_wconf 88' lang='lat' dir='ltr'><strong>ipsos&#39;</strong></span> <span class='ocrx_word' id='word_1_908' title='bbox 3167 5594 3327 5650; x_wconf 88' lang='lat' dir='ltr'><strong>dictis</strong></span> <span class='ocrx_word' id='word_1_909' title='bbox 3354 5603 3508 5658; x_wconf 76' lang='lat' dir='ltr'><strong>atQIte</strong></span> <span class='ocrx_word' id='word_1_910' title='bbox 3545 5589 3674 5643; x_wconf 84' lang='lat' dir='ltr'><strong>scri-</strong></span> 
     </span>
    </p>
   </div>
   <div class='ocr_carea' id='block_1_118' title="bbox 2118 5681 3670 5758">
    <p class='ocr_par' dir='ltr' id='par_1_118' title="bbox 2118 5681 3670 5758">
     <span class='ocr_line' id='line_1_118' title="bbox 2118 5681 3670 5758; baseline -0.003 -19"><span class='ocrx_word' id='word_1_911' title='bbox 2118 5689 2225 5757; x_wconf 85' lang='lat' dir='ltr'><strong>ptis</strong></span> <span class='ocrx_word' id='word_1_912' title='bbox 2283 5687 2400 5740; x_wconf 89' lang='lat' dir='ltr'><strong>suis</strong></span> <span class='ocrx_word' id='word_1_913' title='bbox 2435 5695 2648 5755; x_wconf 74' lang='lat' dir='ltr'><strong>rcgunt,</strong></span> <span class='ocrx_word' id='word_1_914' title='bbox 2680 5703 2708 5741; x_wconf 93' lang='lat' dir='ltr'><strong>a</strong></span> <span class='ocrx_word' id='word_1_915' title='bbox 2741 5689 2936 5756; x_wconf 88' lang='lat' dir='ltr'><strong>quibus</strong></span> <span class='ocrx_word' id='word_1_916' title='bbox 2979 5698 3240 5758; x_wconf 81' lang='lat' dir='ltr'><strong>reguntur</strong></span> <span class='ocrx_word' id='word_1_917' title='bbox 3293 5686 3552 5740; x_wconf 63' lang='lat' dir='ltr'><strong>Ecclesiae.</strong></span> <span class='ocrx_word' id='word_1_918' title='bbox 3601 5681 3670 5735; x_wconf 77' lang='lat' dir='ltr'><strong>Et</strong></span> 
     </span>
    </p>
   </div>
   <div class='ocr_carea' id='block_1_119' title="bbox 2091 5782 3666 5850">
    <p class='ocr_par' dir='ltr' id='par_1_119' title="bbox 2091 5782 3666 5850">
     <span class='ocr_line' id='line_1_119' title="bbox 2091 5782 3666 5850; baseline -0.001 -14"><span class='ocrx_word' id='word_1_919' title='bbox 2091 5784 2131 5816; x_wconf 61' lang='lat'><strong>7&#39;</strong></span> <span class='ocrx_word' id='word_1_920' title='bbox 2162 5783 2282 5837; x_wconf 83' lang='lat' dir='ltr'><strong>lsai.</strong></span> <span class='ocrx_word' id='word_1_921' title='bbox 2323 5798 2372 5847; x_wconf 59' lang='grc' dir='ltr'><strong>ιι,</strong></span> <span class='ocrx_word' id='word_1_922' title='bbox 2415 5783 2499 5841; x_wconf 81' lang='lat' dir='ltr'><strong>ll.</strong></span> <span class='ocrx_word' id='word_1_923' title='bbox 2574 5783 2796 5838; x_wconf 77' lang='lat' dir='ltr'><strong>&quot;Num.</strong></span> <span class='ocrx_word' id='word_1_924' title='bbox 2839 5802 2948 5850; x_wconf 72' lang='lat' dir='ltr'><strong>ut,</strong></span> <span class='ocrx_word' id='word_1_925' title='bbox 2978 5785 3060 5849; x_wconf 80' lang='lat' dir='ltr'><strong>l7,</strong></span> <span class='ocrx_word' id='word_1_926' title='bbox 3096 5785 3176 5838; x_wconf 88' lang='lat' dir='ltr'><strong>l8.</strong></span> <span class='ocrx_word' id='word_1_927' title='bbox 3256 5785 3301 5815; x_wconf 84' lang='lat'><em>&quot;</em></span> <span class='ocrx_word' id='word_1_928' title='bbox 3329 5782 3515 5838; x_wconf 80' lang='lat' dir='ltr'><strong>Jcrcm.</strong></span> <span class='ocrx_word' id='word_1_929' title='bbox 3548 5793 3666 5840; x_wconf 77' lang='lat' dir='ltr'><strong>ml.</strong></span> 
     </span>
    </p>
   </div>
   <div class='ocr_carea' id='block_1_120' title="bbox 1823 5849 2220 5928">
    <p class='ocr_par' dir='ltr' id='par_1_120' title="bbox 1823 5849 2220 5928">
     <span class='ocr_line' id='line_1_120' title="bbox 1823 5849 2220 5928; baseline 0.018 -24"><span class='ocrx_word' id='word_1_930' title='bbox 1823 5849 1907 5904; x_wconf 78' lang='lat' dir='ltr'><strong>&quot;l</strong></span> <span class='ocrx_word' id='word_1_931' title='bbox 1939 5853 2052 5908; x_wconf 85' lang='lat' dir='ltr'><strong>l’cl.</strong></span> <span class='ocrx_word' id='word_1_932' title='bbox 2079 5859 2220 5928; x_wconf 63' lang='lat'><strong>&quot;,9.</strong></span> 
     </span>
    </p>
   </div>
  </div>
