3914 6512
148 449 227 507 tibi
863 394 872 403 ’
1284 426 1347 481 IN
1383 420 1717 480 NUMEROS
1752 419 2037 475 llOMlLlA
2074 415 2188 470 xu.

148 568 335 634 propter
354 556 458 611 hoc
481 552 643 624 315.
681 549 889 605 merito
905 544 1168 603 Dominus
1197 542 1308 597 Rex
1339 555 1523 610 regum
1550 540 1685 594 dici-
1710 543 1758 597 A

148 651 299 709 tur".
326 645 434 701 Nisi
466 647 609 701 enim
638 643 751 707 isti,
817 650 871 696 et
894 636 1077 695 cieteri
1122 636 1213 707 qui
1243 649 1335 689 eos
1376 634 1681 695 imitantur,

146 756 281 814 reges
319 737 551 799 fuerint,
581 734 675 789 ille
717 747 826 787 non
882 730 1152 784 videbitur
1185 740 1277 781 rex
1319 740 1526 795 regum.
1580 722 1684 777 Sed

147 849 191 894 et
230 836 331 902 ipse
374 828 645 898 apostolus
689 825 886 880 Paulus
932 820 1229 877 Corinthiis
1288 818 1567 879 scribens,
1633 823 1687 870 et

145 928 270 984 velut
322 937 415 993 per
495 922 786 991 quamdam
866 917 1098 971 ironiam
1168 910 1467 980 corripiens
1548 923 1683 975 eos-,

146 1019 270 1076 ait“
302 1036 313 1073 :
350 1034 370 1068 ι
413 1014 543 1070 Sine
570 1014 726 1067 nobis
756 1010 1019 1080 regnatis.
1069 1016 1125 1062 et
1176 1005 1381 1061 utinam
1429 1001 1684 1072 regnetis,

144 1121 193 1167 ut
219 1117 264 1164 et
290 1120 386 1161 nos
413 1104 691 1158 vobiscum
720 1113 1031 1169 regnemus.
1064 1114 1082 1148 ι
1110 1096 1165 1149 In
1197 1108 1304 1163 quo
1333 1091 1515 1160 utique
1534 1103 1686 1158 rcges

145 1202 335 1273 quidem
359 1210 480 1251 esse
503 1194 705 1249 debere
735 1189 1072 1251 Corinthios,
1102 1196 1158 1242 et
1185 1185 1530 1253 semetipsum
1562 1195 1686 1236 cum

141 1297 198 1350 iis
224 1302 438 1359 regnare
463 1285 598 1339 velle
637 1281 977 1354 pronuntiat,
1014 1278 1105 1333 sed
1133 1277 1421 1331 elationem
1449 1272 1684 1326 nondum

140 1401 226 1457 pro
247 1381 433 1436 merito
467 1376 730 1446 assumpti
764 1373 988 1428 honoris
1022 1374 1256 1424 incusat.
1290 1366 1527 1421 Fodiunt
1556 1379 1688 1431 ergo

138 1479 169 1531 ii
194 1486 369 1531 omnes
400 1478 620 1539 puteum
655 1468 817 1531 istum
851 1464 1123 1534 principes
1152 1469 1243 1516 :et
1265 1458 1540 1514 excudunt
1565 1470 1686 1511 eum

140 1582 276 1638 reges
306 1564 567 1634 gentium.
614 1558 858 1629 Apostoli
891 1556 1031 1611 enim
1084 1554 1352 1624 pra-cipue
1384 1564 1539 1618 reges
1564 1554 1690 1601 sunt

138 1660 384 1731 gentium,
423 1655 516 1723 qui
548 1662 741 1725 gentes
773 1652 839 1704 ad
894 1647 1256 1705 obedientiam
1294 1644 1414 1698 ﬁdei
1456 1653 1688 1707 congre-

138 1757 331 1823 garunt,
358 1744 630 1800 etChristi
661 1743 945 1799 scientiam
1000 1738 1253 1792 omnibus
1280 1734 1686 1804 patefecerunt:

142 1822 158 1894 ὲ
212 1843 263 1897 In
309 1854 420 1909 quo
453 1845 580 1892 sunt
612 1834 851 1891 thesauri
902 1829 1185 1899 sapientiae
1218 1829 1332 1891 Dei,
1371 1834 1424 1879 et
1451 1822 1690 1878 scientiae

137 1933 420 1990 abseonditi
452 1933 542 1983 ’9:
594 1948 613 1982 ι
664 1926 962 1982 secundum
1014 1930 1342 1992 praeceptum
1404 1914 1617 1971 Domini
1643 1913 1688 1945 ⁸ο

135 2026 521 2080 circumeuntes
581 2018 767 2072 orbem
828 2023 985 2067 terra:
1019 2050 1032 2076 ,
1088 2019 1143 2064 et
1200 2008 1486 2078 implentes
1546 2003 1691 2073 quod

135 2113 433 2169 mandatum
469 2120 571 2174 est,
608 2117 667 2163 ut
703 2108 933 2163 doceant
955 2117 1142 2157 omnes
1169 2108 1379 2171 gentes,
1404 2098 1691 2167 baptizan-

135 2219 207 2262 tes
231 2220 319 2260 eas
338 2204 397 2257 in
424 2202 639 2257 nomine
668 2198 866 2262 Patris,
891 2206 948 2251 et
978 2194 1122 2260 Filii,
1146 2202 1199 2247 et
1223 2190 1460 2262 Spiritus
1479 2190 1689 2244 sancti:

134 2304 179 2346 et
230 2306 324 2361 per
380 2291 495 2345 ham
548 2287 911 2351 excuderunt,
972 2286 1074 2338 hoc
1110 2268 1262 2342 est,
1322 2279 1697 2350 patefecerunt

133 2383 408 2438 scientiam
451 2381 621 2450 putei,
654 2387 707 2433 et
759 2378 812 2432 in
861 2374 1111 2430 notitiam
1146 2373 1414 2427 universis
1441 2372 1696 2440 gentibus

132 2477 491 2530 adduxerunt.
521 2472 628 2526 Sed
652 2480 704 2527 et
734 2484 853 2540 qua:
879 2483 1020 2523 nunc
1051 2467 1318 2521 habemus
1342 2464 1394 2518 in
1426 2464 1693 2528 manibus,

137 2583 245 2637 quae
275 2566 509 2621 recitata
542 2572 669 2618 sunt
693 2561 873 2623 nohis,
898 2567 1093 2626 puteus
1115 2565 1221 2615 est.
1251 2566 1305 2611 et
1332 2556 1509 2610 omnis
1535 2555 1697 2610 simul

132 2655 409 2721 Scriptura
454 2651 584 2720 legis
627 2657 682 2703 et
731 2646 1113 2717 prophetarum
1149 2660 1162 2695 :
1196 2641 1516 2711 Evangelica
1559 2654 1695 2707 quo-

130 2758 224 2814 que
251 2754 421 2811 atque
448 2739 757 2811 Apostoliea
794 2737 1001 2806 scripta
1029 2734 1190 2789 simul
1223 2733 1404 2787 omnia
1441 2745 1581 2786 unus
1615 2737 1700 2783 est

128 2845 330 2905 puteus,
367 2847 540 2901 quem
597 2845 704 2885 non
763 2837 990 2897 possunt
1038 2826 1246 2889 fodere,
1276 2823 1360 2877 vel
1404 2821 1697 2889 excudere,

132 2926 225 2981 nisi
272 2925 623 2979 inveniantur
647 2936 803 2992 reges
862 2928 911 2974 et
952 2917 1250 2988 principes.
1282 2914 1421 2971 Vere
1444 2914 1588 2968 enim
1613 2928 1700 2968 re-

132 3035 239 3088 ges,
274 3027 328 3073 et
373 3031 510 3071 vere
540 3016 819 3085 principes
858 3012 1091 3068 habendi
1126 3018 1274 3074 sunt,
1324 3009 1417 3079 qui
1473 3018 1700 3079 possunt

131 3109 339 3165 auferre
371 3118 577 3163 terram
611 3108 676 3161 de
726 3114 918 3176 puteo,
953 3104 1056 3158 hoc
1089 3110 1197 3170 est,
1230 3115 1484 3156 amovere
1513 3117 1701 3170 super-

3242 395 3347 453 862

1787 535 1947 605 Spicit
1991 533 2056 587 ad
2088 531 2281 587 faciem
2308 526 2529 583 deserti.
2562 542 2579 574 ι
2617 518 2841 577 Nomina
2872 519 2983 571 hzec
3006 529 3128 584 quae
3156 508 3347 566 viden-

1791 638 1875 683 tur
1923 629 2163 683 locorum
2213 636 2334 678 esse
2382 616 2661 679 vocabula,
2711 630 2775 668 ex
2826 607 3200 680 significandis
3238 606 3349 660 suis

1788 736 1921 791 quas
1944 722 1995 775 in
2030 720 2209 788 lingua
2242 712 2456 785 propria
2483 710 2786 777 designant,
2810 721 2989 760 rerum
3033 701 3202 771 magis
3236 715 3351 770 my-

1788 813 2047 869 sticarum
2078 801 2534 871 consequentiam,
2561 813 2721 867 quam
2750 794 3134 850 vocabulorum
3168 790 3348 861 appel-

1789 907 2041 962 lationem
2074 902 2318 957 videntur
2356 893 2663 953 ostendere.
2702 911 2720 943 ‹
2760 890 3000 945 Profecti
3025 884 3191 954 enim,
3222 907 3239 937 ι
3270 887 3352 941 in-

1789 998 1928 1068 quit,
1960 1015 1979 1047 ι
2018 1010 2045 1048 a
2078 1002 2263 1064 puteo,
2339 986 2563 1043 veniunt
2628 985 2679 1038 in
2727 981 3075 1036 Mathunaim.
3125 1000 3142 1032 ι
3181 979 3352 1033 Inter-

1789 1098 2032 1161 pretatur
2077 1085 2219 1140 enim
2273 1079 2600 1135 Mathanaim
2655 1090 2873 1129 munera
2920 1075 3156 1142 ipsorum
3213 1069 3347 1141 (51).

1791 1182 1955 1238 Vides
1986 1193 2114 1249 ergo
2137 1175 2260 1245 quia
2293 1174 2337 1229 si
2368 1171 2489 1241 quis
2515 1171 2580 1224 de
2614 1176 2779 1237 puteo
2805 1166 2908 1220 hoc
2937 1162 3155 1226 biberit,
3193 1176 3353 1231 quem

1790 1275 2047 1329 foderunt
2086 1283 2238 1336 reges
2265 1273 2318 1319 et
2363 1262 2655 1333 principes,
2690 1258 2873 1312 statim
2904 1254 3123 1325 proﬁcit
3148 1255 3214 1307 ad
3255 1256 3357 1307 hoc

1790 1378 1851 1419 ut
1873 1364 2069 1418 haheat
2096 1372 2316 1413 munera
2361 1369 2478 1423 qua:
2508 1352 2700 1407 offerat
2725 1349 2853 1403 Deo.
2887 1347 3025 1413 Quid
3057 1353 3239 1399 autem
3273 1352 3358 1397 est

1791 1456 1934 1528 quod
1985 1457 2143 1507 homo
2183 1447 2374 1506 otl‘erat
2424 1444 2577 1500 Deo?
2622 1443 2733 1497 IIoc
2758 1442 2931 1511 ipsum
2961 1437 3104 1507 quod
3157 1436 3209 1489 in
3241 1434 3359 1505 lege

1792 1548 2053 1627 scriptum
2091 1552 2172 1598 est
2202 1541 2274 1592 3":
2296 1538 2548 1593 «Munera
2581 1549 2720 1599 mea,
2755 1552 2774 1585 ι
2814 1533 2915 1587 hoc
2936 1538 3034 1594 est,
3066 1529 3190 1583 data
3220 1541 3357 1580 mea.

1792 1622 1978 1696 Ex‘iis
2017 1653 2147 1706 ergo
2178 1650 2295 1705 qua:
2327 1632 2471 1685 Deus
2514 1629 2684 1689 dedit.
2735 1624 2966 1681 otl‘erunt
3010 1622 3362 1678 nihilominus

1793 1730 2040 1786 homines
2072 1726 2202 1779 Deo.
2257 1721 2395 1789 Quid
2450 1718 2595 1773 dedit
2630 1716 2770 1769 Deus
2819 1710 3074 1767 homini?
3116 1708 3365 1778 Agnitio-

1791 1836 1915 1875 nem
1964 1819 2073 1873 sui.
2114 1814 2256 1883 Quid
2310 1827 2443 1881 ergo
2482 1807 2642 1864 offert
2677 1804 2831 1860 Deo?
2885 1802 3069 1864 Fidem
3124 1816 3274 1855 suam
3308 1808 3365 1855 et

1794 1913 2064 1968 allectum.
2099 1910 2211 1964 Hoc
2263 1915 2346 1961 est
2389 1903 2529 1974 quod
2576 1898 2783 1970 expetit
2836 1898 2906 1953 ab
2942 1896 3162 1952 homine
3202 1896 3362 1949 Deus.

1794 2007 2033 2076 Denique
2054 2004 2127 2059 ita
2156 2002 2409 2071 scriptum
2439 2006 2523 2052 est
2548 1996 2592 2028 ⁸⁸
2622 2015 2634 2048 :
2667 2014 2684 2044 ι
2723 1994 2788 2048 Ει
2819 2005 2985 2056 nunc,
3021 1988 3209 2055 Israel,
3236 1987 3365 2057 quid

1794 2112 1876 2159 est
1920 2100 2062 2170 quod
2092 2095 2351 2152 Dominus
2388 2091 2529 2145 Deus
2565 2098 2685 2143 tuus
2711 2087 2885 2156 poscit
2913 2084 3011 2139 abs
3061 2093 3132 2149 te,
3157 2082 3261 2135 nisi
3310 2087 3366 2133 ut

1799 2194 1990 2250 timeas
2034 2190 2318 2247 Dominum
2363 2187 2529 2241 Deum
2585 2193 2758 2238 tuum.
2791 2188 2846 2234 et
2902 2176 3125 2232 incedas
3177 2176 3227 2227 in
3263 2172 3365 2226 viis

1797 2285 1936 2355 ejus,
1983 2280 2261 2351 etdiligas
2298 2292 2448 2341 eum,
2502 2284 2556 2329 et
2585 2272 2861 2328 custodias
2888 2268 3068 2323 omnia
3111 2264 3363 2320 mandata

1797 2378 1932 2446 ejus,
1950 2385 2003 2431 et
2029 2373 2234 2430 servias
2270 2368 2498 2424 Domino
2535 2367 2644 2420 Deo
2671 2372 2762 2418 tuo
2791 2377 2856 2417 ex
2904 2372 3018 2416 toto
3050 2361 3215 2415 corde
3250 2371 3362 2423 tuo,

1798 2480 1852 2525 et
1873 2485 1939 2523 ex
1973 2477 2081 2522 tota
2113 2464 2296 2519 anima
2324 2461 2457 2516 tua?
2499 2479 2517 2511 ι
2549 2459 2650 2512 Ista
2682 2462 3077 2517 suntmuncra,
3103 2452 3202 2506 ista
3228 2452 3367 2505 dona

1798 2578 1919 2632 quae
1958 2568 2174 2630 oportet
2226 2556 2451 2611 Domino
2495 2552 2633 2607 dari.
2670 2552 2868 2605 Damus
2905 2556 3085 2602 autem
3118 2546 3234 2599 haec
3257 2542 3367 2600 Do-

1801 2657 1947 2712 mino
1982 2654 2165 2709 cordis
2214 2648 2384 2705 nostri
2422 2659 2648 2701 munera
2690 2649 3043 2712 posteaquam
3085 2633 3377 2706 agnoveri-a

1801 2763 1921 2802 mus
1953 2759 2098 2809 eum,
2123 2752 2178 2796 et
2200 2739 2479 2811 agnitione
2506 2734 2767 2791 bonitatis
2792 2735 2910 2801 ejus
2937 2730 3003 2785 de
3055 2726 3201 2798 putei
3252 2724 3381 2793 ejus,

1802 2838 2085 2895 altitudine
2121 2833 2441 2889 biberimus.
2483 2828 2722 2884 Observa
2760 2834 2937 2877 tamen
2976 2817 3249 2889 quomodo
3285 2815 3371 2869 di-

1803 2930 1946 2986 xerit
1976 2926 2291 2995 Propheta:
2330 2938 2348 2972 ι
2409 2918 2473 2972 Ει
2518 2930 2664 2971 ιιιιιιε
2714 2910 2891 2967 Israel
2930 2910 3060 2980 quid
3107 2908 3372 2963 Dominus

1805 3024 1946 3079 Deus
1978 3032 2099 3074 tuus
2141 3015 2315 3087 poscit
2341 3012 2438 3067 abs
2471 3018 2520 3064 te
2544 3009 2567 3063 ?
2595 3027 2617 3060 ι
2636 3007 2975 3061 Erubeseant
3003 3000 3082 3055 illi
3112 3000 3227 3053 haec
3250 3010 3373 3051 ver-

1803 3117 1893 3182 ba,
1933 3114 2024 3184 qui
2074 3116 2273 3181 negant
2327 3105 2380 3160 in
2417 3102 2656 3159 hominis
2709 3096 2936 3155 arbitrio
2968 3100 3086 3149 esSe
3126 3090 3263 3160 (32),
3312 3096 3398 3157 ut,

128 3202 296 3257 ﬁciem
346 3202 569 3265 litterae,
606 3208 661 3254 et
706 3200 771 3253 de
824 3197 1087 3252 interiore
1125 3204 1277 3264 petra
1324 3195 1412 3251 ubi
1446 3196 1695 3251 Christus

1806 3208 2062 3263 salvetur.
2091 3199 2371 3267 Quomodo
2402 3201 2656 3267 posceret
2693 3191 2761 3245 ab
2798 3188 3017 3244 homine
3050 3183 3215 3246 Deus,
3267 3178 3369 3233 nisi

127 3304 224 3361 est,
257 3294 540 3363 spiritales
575 3306 770 3346 sensus
800 3291 949 3345 velut
979 3303 1175 3358 aquam
1207 3288 1383 3344 vivam
1426 3290 1695 3357 proferre.

124 3386 241 3443 llam
269 3400 404 3456 ergo
429 3384 609 3438 facere
646 3383 797 3447 decet
825 3395 923 3437 eos
946 3382 1112 3443 solos,
1144 3381 1234 3450 qui
1255 3381 1338 3435 vel
1368 3397 1523 3452 reges
1546 3392 1696 3445 sunt,

126 3478 203 3532 vel
244 3477 549 3547 principes.
604 3474 775 3545 Reges
825 3488 890 3528 ex
927 3487 993 3528 eo
1033 3471 1165 3527 dicti
1203 3474 1344 3542 quod
1369 3473 1578 3541 peccati
1612 3488 1698 3527 re-

123 3581 282 3636 gnum
305 3578 375 3619 ex
400 3577 634 3633 corpore
664 3577 764 3621 suo
789 3561 1120 3630 depulerint,
1155 3571 1207 3617 et
1230 3560 1454 3629 iustitiae
1477 3579 1699 3634 regnum

122 3658 437 3724 paraverint
466 3657 519 3711 in
550 3656 806 3711 membris
827 3655 959 3710 suis.
990 3655 1153 3709 Decet
1185 3656 1328 3709 enim
1360 3670 1482 3710 eum
1506 3655 1704 3711 docere

124 3757 367 3811 caeteros,
405 3749 504 3819 qui
542 3748 691 3817 prius
717 3745 909 3801 fecerit
937 3746 1049 3815 ipsa
1074 3762 1193 3816 quae
1223 3747 1398 3802 docet.
1432 3747 1523 3803 Sic
1555 3748 1701 3802 enim

121 3841 379 3911 scriptum
407 3840 586 3901 est“,
619 3839 750 3909 quia
780 3856 799 3890 ι
826 3838 915 3908 qui
941 3837 1132 3892 fecerit
1163 3847 1216 3893 et
1234 3840 1475 3893 docuerit
1502 3842 1579 3894 sic
1604 3840 1704 3893 ho-

122 3932 315 3997 mines,
375 3932 471 3986 hic
503 3944 732 4002 magnus
756 3929 1040 3984 vocabitur
1071 3930 1124 3983 in
1160 3945 1327 4000 regno
1362 3931 1644 3985 cmlorum.
1680 3951 1699 3985 ι

1801 3298 2026 3354 haberet
2076 3295 2237 3347 homo
2280 3291 2332 3343 in
2374 3303 2468 3341 sua
2503 3292 2791 3356 potestate,
2817 3280 2959 3351 quod
2982 3274 3223 3348 poscenti
3258 3274 3367 3328 Deo

1801 3388 2023 3442 deberet
2053 3380 2295 3437 oﬂ'erre?
2349 3378 2487 3433 Sunt
2533 3389 2663 3443 ergo
2691 3387 2809 3442 qua:
2842 3372 3039 3426 dantur
3073 3382 3101 3420 a
3138 3365 3268 3427 Deo.
3320 3370 3376 3416 et

1803 3482 1930 3526 sunt
1962 3485 2081 3539 quae
2112 3469 2426 3536 praebentur
2477 3464 2553 3517 ab
2595 3462 2833 3517 homine.
2885 3456 3048 3514 Verbi
3085 3455 3282 3526 gratia,
3320 3452 3373 3505 in

1803 3563 2024 3618 homine
2060 3558 2161 3613 fuit
2192 3568 2251 3612 ut
2300 3571 2407 3612 una
2444 3568 2567 3608 mna
2608 3552 2813 3607 faceret
2845 3550 3031 3605 decem
3064 3561 3243 3611 mnas,
3283 3552 3379 3597 aut

1806 3671 1908 3710 una
1956 3668 2093 3707 mna,
2116 3651 2325 3705 faceret
2372 3647 2618 3718 quinque
2650 3658 2809 3699 mnas
2840 3642 2907 3695 ³⁸.
2947 3641 3027 3695 Ex
3057 3640 3165 3694 Deo
3194 3645 3377 3693 autem

1806 3748 1925 3808 fuit,
1952 3755 2009 3800 ut
2032 3744 2257 3799 haberet
2285 3742 2447 3795 homo
2501 3753 2706 3803 mnam,
2738 3749 2802 3790 ex
2847 3748 2951 3804 qua
2997 3732 3173 3787 facere
3197 3735 3386 3798 posset

1809 3842 1994 3895 decem
2062 3833 2428 3895 mnas..Cum
2484 3842 2663 3885 autem
2714 3827 2911 3883 obtulit
2962 3840 3027 3880 ex
3085 3838 3144 3879 se
3193 3823 3392 3878 decem.

1807 3946 1990 3993 mnas,
2024 3928 2231 3998 accepit
2259 3940 2448 3982 rursus
2485 3939 2513 3977 a
2549 3923 2656 3976 Deo
2680 3936 2787 3975 non
2812 3919 2921 3987 jam
2948 3916 3258 3988 pecuniam,
3286 3912 3379 3967 sed

1809 4030 2131 4095 potestatem
2186 4029 2241 4076 et
2279 4034 2500 4088 regnum
2552 4016 2737 4070 decem
2777 4011 3079 4067 civitatum.
3116 4005 3382 4060 Petitite-

1808 4132 1928 4171 rum
1959 4116 2098 4170 Deus
2144 4112 2211 4167 ab
2254 4110 2550 4172 Abraham,
2589 4115 2649 4161 ut
2678 4103 2898 4159 olI‘erret
2929 4102 2978 4156 ei
3031 4100 3181 4155 Isaac
3214 4096 3379 4150 ﬁlium

1809 4221 1964 4262 suum
2026 4205 2079 4258 in
2154 4210 2394 4256 montem
2468 4207 2870 4267 quemcumque
2930 4188 3257 4247 ostendisset
3307 4186 3380 4239 ei.

1810 4294 2019 4352 Obtulit
2046 4292 2316 4348 Abraham
2358 4286 2659 4357 intrepidus
2717 4282 3053 4353 unigenitum
3086 4281 3157 4345 ⁸⁷,
3215 4279 3386 4345 impo-

118 4020 374 4093 Magnum
404 4033 591 4077 autem
623 4020 821 4076 essein
848 4034 1032 4089 regno.
1063 4020 1172 4076 hoc
1216 4030 1299 4075 est
1348 4036 1526 4092 regem
1562 4038 1704 4078 esse.

126 4134 142 4164 σ
174 4116 542 4171 Excuderunt
571 4128 715 4178 eum,
765 4131 783 4164 ι
822 4110 995 4180 inquit
1019 4111 1085 4176 ⁸⁷,
1131 4131 1148 4162 ι
1190 4126 1343 4182 reges
1365 4115 1602 4183 gentium
1640 4117 1694 4169 in

116 4225 283 4280 regno
318 4225 447 4272 suo,
486 4209 611 4264 dum
647 4209 1064 4265 dominarentur
1086 4210 1185 4263 eis.
1220 4227 1239 4260 ι
1272 4207 1353 4263 Re
1402 4209 1544 4263 enim
1578 4222 1705 4263 vera

116 4314 219 4353 non
249 4308 496 4368 possunt
526 4300 707 4355 fodere
734 4311 949 4370 puteum
977 4301 1163 4364 istum,
1188 4314 1287 4353 nec
1307 4298 1536 4353 latentes
1557 4314 1709 4369 aquae

112 4393 249 4448 vivae
280 4409 464 4449 venas
497 4394 728 4462 aperire,
755 4395 858 4449 nisi
889 4395 1040 4464 prius
1066 4393 1402 4447 dominatum
1436 4392 1709 4446 tenuerint
1811 4387 1920 4441 suit
1942 4399 2106 4453 super
2130 4397 2304 4445 aram,
2341 4381 2577 4437 cultrum
2605 4374 2795 4431 eduxit
2827 4384 2885 4428 ut
2927 4373 3222 4444 jngularet,
3249 4370 3387 4425 inhi-

114 4485 357 4551 gentium
406 4485 794 4543 barbararum.
836 4484 1008 4541 Omne
1041 4485 1187 4539 enim
1232 4483 1494 4554 quidquid
1528 4484 1579 4536 in
1628 4483 1708 4538 eis
1810 4477 1969 4533 betur
1994 4477 2276 4537 continuo,
2302 4481 2357 4526 et
2388 4471 2533 4526 aries
2567 4471 2617 4525 ei
2651 4484 2748 4539 pro
2781 4467 2894 4522 lilio
2918 4466 3078 4520 datur
3128 4462 3193 4518 ad
3226 4460 3383 4515 victi-

110 4574 286 4629 ferum
319 4575 433 4631 fuit
462 4577 517 4629 in
557 4576 796 4641 actibus,
845 4575 1102 4646 quidquid
1139 4575 1189 4628 in
1239 4574 1477 4628 moribus
1506 4573 1705 4628 barha-
1739 4555 1783 4609 Ῑ)
1814 4585 1977 4624 mam.
2049 4567 2207 4623 Vides
2235 4579 2363 4634 ergo
2418 4563 2543 4633 quia
2614 4576 2733 4631 quae
2785 4562 2893 4615 Deo
2932 4555 3230 4621 oderimus,
3282 4567 3383 4607 no-

110 4682 253 4732 rum,
274 4668 696 4723 siedomucrint
722 4676 776 4721 et
805 4665 1296 4735 subjecerintregio
1320 4666 1525 4728 sensui,
1548 4674 1597 4719 et
1616 4665 1717 4720 do-r
1811 4664 1894 4718 bis
1943 4668 2166 4716 manent
2215 4676 2229 4712 :
2280 4660 2372 4713 sed
2428 4658 2494 4711 ad
2552 4656 2654 4710 hoc
2727 4652 3062 4723 expetimur,
3116 4658 3175 4703 ut
3222 4649 3274 4702 in
3319 4647 3387 4701 iis

107 4758 306 4813 minati
331 4758 672 4822 fueriuteis,
701 4760 769 4813 ita
795 4760 1274 4815 utdecazteronon
1306 4757 1706 4827 gentiliter,sed
1813 4753 2038 4809 allectus
2101 4759 2285 4806 noster
2341 4763 2467 4819 erga
2537 4747 2706 4801 Deum
2783 4744 3044 4813 probetur
3107 4750 3161 4796 et
3231 4741 3384 4795 ﬁdes.

106 4848 356 4912 legitime
393 4851 1158 4921 agant,istisuntverereges
1186 4848 1709 4916 profundaputeiri-
1816 4845 1946 4900 Ilaec
1997 4859 2098 4914 pro
2157 4858 2223 4899 eo
2273 4841 2415 4912 quod
2469 4839 2705 4894 diximus
2758 4838 3031 4906 profectos
3076 4847 3197 4889 esse
3244 4833 3387 4886 ﬁlios

105 4952 351 5009 mantes,
375 4954 439 4998 et
462 4941 609 4997 verbi
625 4941 717 4996 Dei
740 4956 937 4996 arcana
959 4942 1024 4996 ac
1041 4942 1267 5012 mystica
1285 4947 1712 5009 perscrutantes.
1812 4936 1974 4991 Israel
2018 4952 2046 4990 a
2088 4944 2268 5005 puteo,
2298 4942 2351 4987 et
2380 4932 2593 4987 venisse
2634 4932 2685 4985 in
2729 4928 3081 4991 Mathanaim,
3113 4924 3254 4997 quod
3303 4925 3392 4978 in-

176 5037 228 5090 5.
264 5036 411 5091 Post
442 5036 581 5102 haec,
617 5052 638 5086 ι
667 5044 722 5091 ει
753 5051 781 5088 a
812 5045 995 5105 puteo,
1035 5054 1054 5087 ι
1112 5034 1282 5102 inquit
1313 5033 1381 5099 ⁸³,
1419 5051 1438 5084 ι
1486 5032 1712 5102 profecti
1815 5036 2141 5098 terpretatur
2195 5042 2413 5079 ntunera
2448 5039 2648 5078 eorum.
2713 5024 2753 5077 A
2816 5020 3146 5076 Mathanaim
3206 5025 3387 5071 autem

103 5137 232 5183 sunt
275 5126 660 5191 Mathanaim,
693 5134 803 5179 eta
839 5125 1164 5179 Mathanaim
1211 5125 1260 5176 in
1298 5122 1563 5189 Nahaliel,
1599 5134 1708 5178 eta
1811 5121 2054 5174 venimus
2123 5119 2175 5173 in
2246 5116 2490 5172 Nahaliel
2545 5116 2695 5185 (‘53),
2773 5115 2918 5185 quod
3002 5114 3391 5179 interpretatur

104 5219 368 5274 Nahaliel
401 5221 465 5273 in
497 5217 750 5283 Bamoth,
780 5227 878 5272 eta
904 5217 1128 5270 Bamoth
1156 5216 1205 5268 in
1242 5230 1430 5270 nemus
1457 5218 1597 5285 quod
1623 5225 1706 5270 est
1807 5211 1969 5282 315
2011 5226 2076 5265 ex
2111 5210 2239 5264 Deo.
2283 5208 2419 5275 Quid
2446 5223 2509 5262 ex
2556 5207 2705 5263 Deo?
2736 5206 3092 5275 Posteaquam
3122 5197 3385 5256 obtuleri-

103 5311 155 5365 in
193 5326 409 5382 campo
444 5309 626 5375 Moab,
664 5324 693 5363 a
729 5309 931 5363 vertice
982 5309 1180 5363 montis
1226 5309 1426 5364 excelsi
1482 5310 1570 5377 qui
1616 5323 1702 5362 re-
1808 5320 1927 5360 IIIUS
1960 5316 2061 5358 nos
2109 5315 2229 5372 quae
2290 5315 2355 5355 ex
2401 5298 2555 5354 nobis
2607 5306 2757 5362 sunt,
2789 5296 3038 5352 venimus
3083 5293 3149 5349 ad
3194 5291 3297 5346 hoc
3328 5297 3387 5345 ut

194 5427 241 5459 ’⁷
279 5426 472 5508 Apoc.
498 5441 629 5508 λικε.
783 5424 871 5508 Ηξθ
901 5423 1089 5508 ιλερε.
1124 5424 1325 5508 tv,m8.“
1367 5422 1638 5481 "Coloss.
1683 5427 1814 5483 ".3.
1892 5422 1938 5455 ⁸ο
1969 5419 2157 5473 Matth.
2184 5433 2374 5480 xxvm,
2416 5418 2502 5472 l9.
2598 5416 2640 5448 ⁸¹
2674 5412 3042 5508 Μιιιιιιὲνιηὶε).
3140 5408 3186 5441 ⁸⁸
3226 5404 3397 5467 Num.

1235 5504 1241 5508 .
1684 5496 1726 5508 ..
1759 5496 1792 5508 η
1873 5501 1884 5508 .
2069 5489 2129 5508 ,ει
2248 5488 2293 5508 ρ.
2583 5504 2684 5508 -ηη
2868 5486 2887 5508 σι
2967 5496 3092 5508 -.....
3144 5492 3253 5508 π..

101 5512 221 5563 xxt,
277 5483 375 5551 is.
498 5495 543 5526 η
598 5483 862 5559 ibid.,18,
899 5494 1105 5555 19,‘20.
1186 5483 1246 5524 ἐ·
1285 5494 1449 5548 Num.
1489 5510 1579 5550 xv.
1683 5496 1695 5528 ε

1801 5501 1909 5548 ευι.
1958 5508 2014 5556 x,
2068 5489 2153 5542 l2.
2248 5488 2293 5519 ⁸⁸
2336 5488 2525 5542 Matth.
2583 5504 2706 5543 xxv.
2842 5483 3113 5538 "Genes.
3144 5492 3278 5533 xm.

176 5614 311 5693 (⁸51)Δ
335 5612 741 5693 Interpretatur
778 5613 915 5693 enini
961 5610 1694 5693 dlqtlianqiut‘uusenatrsoo
1835 5680 1850 5693 ι
1892 5608 2004 5693 ςδδ)
2059 5605 2215 5671 Quod
2243 5606 2620 5693 interpretatur
2650 5601 2886 5693 IexpDIeo.
2927 5596 3144 5680 Aliquid
3173 5594 3401 5649 videtur

109 5700 245 5741 nun.
279 5670 331 5738 Ά
371 5682 569 5737 radice
599 5692 688 5770 Tn:
724 5700 741 5731 ι
778 5682 941 5746 dedit,
983 5703 999 5734 ι
1033 5684 1084 5737 ﬁt
1116 5690 1231 5764 tnta
1261 5682 1545 5737 «donum.»
1821 5670 2052 5770 deﬁcere
2082 5670 2115 5729 7:
2139 5689 2331 5770 1ιιείιιιε
2378 5670 2521 5755 enim
2566 5672 2835 5770 l‘Iauhalieln
2858 5670 3013 5731 verti
3048 5676 3223 5770 potfst
3261 5679 3389 5770 (uti!

1878 5763 1928 5770 --
1998 5765 2012 5770 -
2063 5761 2136 5770 ..ιη
2193 5763 2207 5770 -
2246 5758 2519 5770 ..Ακηηρηη
2556 5758 2670 5770 ..ειμι
2699 5758 2757 5770 η..
2843 5755 2901 5770 nn
2940 5757 2956 5770 ι
2991 5754 3016 5770 η
3062 5752 3137 5770 νη.
3165 5738 3246 5770 inn
3325 5764 3330 5770 λ
3364 5743 3388 5770 Ἶ

177 5779 301 5846 (3:2)
336 5777 444 5830 Sic
483 5737 667 5846 omn'es
696 5790 826 5828 mss.
853 5774 1005 5828 Libb.
1040 5737 1218 5829 aut'em
1254 5775 1381 5830 editi
1424 5793 1436 5828 :
1479 5794 1495 5825 ι
1531 5775 1581 5827 iu
1615 5775 1683 5829 ho

1826 5749 1955 5813 Deo,
1998 5765 2015 5798 ι
2062 5747 2155 5801 sed
2189 5763 2207 5796 ι
2242 5737 2521 5846 possessio
2556 5758 2671 5796 utea
2697 5758 2757 5796 es
2796 5740 2904 5798 Deo
2939 5757 2956 5791 ι
2990 5754 3019 5793 a
3062 5737 3247 5792 radice
3287 5737 3331 5797 ’Ἣ

104 5819 260 5901 ιιιἱῖιο
284 5842 427 5903 esse
465 5844 693 5901 liberum
723 5846 1028 5901 arbitrium.
1061 5864 1077 5895 ι
1117 5819 1218 5829 Μ’
1425 5819 1436 5828 ’
1482 5819 1494 5825 ν
1616 5819 1680 5829 ’Ν
1819 5838 2076 5901 possedit,
2117 5847 2170 5893 et
2199 5836 2416 5892 nomine
2451 5819 2525 5893 ἣξει
2560 5833 2699 5889 Deus
