3914 6518
534 436 641 500 665

2014 438 2336 496 ORIGENIS

3668 433 3754 489 661

532 561 925 619 consequamur
949 559 1010 601 ea
1037 560 1157 615 quae
1186 560 1250 601 ex
1285 547 1396 608 Deo
1433 556 1576 603 sunt.
1615 548 1746 604 Cum
1773 550 1916 606 enim
1949 550 2106 607 fidem
2134 558 2181 614 Α
2212 550 2585 607 Transibimus
2616 562 2711 619 per
2740 557 2939 605 terram
2983 555 3152 616 tuam,
3201 564 3304 620 per
3332 548 3479 604 viam
3524 549 3753 605 transibi-

532 651 773 707 postram
802 646 857 692 et
908 637 1158 693 allectum
1209 639 1566 694 obtulerimus
1601 641 1672 705 ei,
1714 650 1843 697 tunc
1886 652 1941 697 et
1992 643 2105 713 ipse

529 732 761 804 largitur
786 732 943 786 nobis
971 732 1185 786 diversa
1223 731 1363 786 dona
1392 731 1627 803 Spiritus
1653 736 1850 800 sancti,
1882 738 1947 790 de
1980 738 2102 805 qui-

528 823 630 880 bus
650 823 780 878 dicit
806 822 1099 890 Apostolus
1122 822 1167 854 ⁸⁸
1201 840 1245 876 :c
1280 823 1663 889 Omniaautem
1688 839 1750 879 ex
1786 826 1891 880 Deo
1917 836 2096 881 sunt.»

528 917 595 977 Et
626 932 654 976 a
694 914 938 969 Nahalicl
970 916 1218 971 venimus
1245 916 1298 968 in
1331 915 1747 986 Bamoth,quod
1779 916 2103 987 interpreta-

526 1016 613 1065 tur
651 1008 910 1061 aduentus
942 1008 1123 1060 mortis
1158 1006 1294 1075 (54).
1335 1003 1501 1071 Cujus
1532 1004 1726 1060 mortis
1777 1007 1863 1061 hic
1907 1007 2103 1062 intelli—

526 1100 706 1164 gimus
743 1099 1063 1154 adventum.
1096 1097 1195 1152 nisi
1239 1098 1405 1161 illius,
1429 1112 1535 1171 qua
1558 1097 1776 1151 Christo
1805 1099 2101 1154 commori-

526 1205 649 1243 mur
674 1191 739 1255 '9,
774 1200 831 1244 ut
856 1199 908 1245 et
934 1189 1281 1251 convivauius
1308 1189 1379 1254 ei,
1413 1199 1584 1258 etqua
1616 1189 1875 1244 debemus
1916 1188 2103 1245 morti-

528 1281 690 1335 tioare
724 1270 967 1336 membra
1016 1289 1220 1343 nostra,
1255 1295 1375 1348 qum
1407 1290 1532 1334 sunt
1575 1295 1736 1348 super
1787 1292 1984 1334 terram
2015 1280 2102 1333 '°?

512 1372 589 1425 'Et
616 1375 811 1427 iterum
840 1373 885 1406 πί
926 1386 937 1420 ;
984 1390 1002 1422 ι
1034 1371 1345 1439 Consepulti
1375 1371 1521 1425 enim
1554 1372 1628 1426 illi
1664 1387 1849 1427 sumus
1886 1386 1981 1441 per
2006 1373 2101 1427 ba-

530 1464 784 1529 ptisnmm
819 1463 872 1517 in
916 1473 1110 1517 morte.
1145 1482 1163 1514 ι
1202 1463 1259 1515 Si
1317 1462 1440 1531 quis
1475 1477 1603 1532 ergo
1642 1464 1896 1517 salutaris
1941 1463 2099 1530 hujus

524 1558 622 1609 vim
649 1556 892 1611 ordinem
937 1565 1103 1621 tenet,
1141 1570 1236 1622 per
1273 1555 1388 1611 lucc
1419 1555 1626 1625 singula
1661 1572 1780 1625 quae
1826 1571 2098 1611 memora-

528 1651 705 1702 vimus
743 1649 847 1702 iter
882 1662 1041 1718 agere
1080 1647 1257 1708 debet,
1306 1656 1379 1707 ct,
1410 1648 1597 1703 venire
1637 1657 1760 1717 post
1816 1648 1982 1701 multa
2032 1649 2097 1702 ad

528 1740 671 1794 hunc
707 1738 907 1799 locum.
941 1753 1101 1806 quem
1159 1738 1394 1794 diximus
1436 1738 1746 1805 signiﬁcare
1779 1740 1968 1793 mortis
2003 1741 2098 1792 ad-

524 1842 771 1887 ventum.
800 1830 867 1886 Ut
897 1840 1072 1884 autem
1104 1845 1169 1884 ex
1203 1829 1501 1897 Scripturis
1529 1830 1811 1894 docemur,
1848 1840 1928 1884 est
1954 1846 2091 1899 quie-

2210 659 2351 709 mus,
2378 656 2481 697 non
2517 642 2913 696 decliuabimus
2942 654 3116 709 neque
3148 641 3200 694 in
3245 656 3461 711 agrum,
3511 654 3671 709 neque
3710 641 3754 694 ia

2208 736 2439 791 vineam.
2482 734 2597 788 Non
2628 734 2874 788 bibemus
2905 747 3101 803 aquam
3132 733 3197 788 de
3225 734 3343 790 lacu
3373 741 3491 796 tuo,
3520 732 3600 785 via
3633 734 3755 801 regia

2206 826 2542 892 incedemus,
2572 838 2851 894 usquequo
2884 832 3223 881 transeamus
3242 823 3376 878 fines
3407 833 3551 877 tuos.
3585 821 3644 876 Et
3666 837 3753 875 nos

2204 916 2473 971 concessit
2505 916 2647 970 Seou
2674 922 2733 969 ut
2763 914 2926 970 Israel
2959 912 3216 968 transiret
3248 928 3348 983 per
3366 913 3505 967 fines
3533 926 3671 966 suos.
3703 911 3755 964 Et

2204 1008 2425 1079 collegit
2454 1007 2599 1063 Seou
2638 1021 2855 1065 omnem
2897 1003 3160 1076 populum
3194 1019 3377 1069 suum,
3414 1013 3474 1058 et
3503 1002 3634 1056 exiit
3657 1002 3754 1055 bel-

2203 1101 2436 1171 ligerare
2488 1099 2773 1154 adversum
2828 1098 2997 1153 lsrael
3040 1098 3094 1152 in
3136 1098 3380 1160 deserto,
3436 1104 3496 1149 et
3542 1095 3681 1148 venit
3712 1095 3751 1146 in

2202 1195 2427 1255 Assaar,
2462 1201 2518 1247 et
2546 1205 2875 1260 congressus
2907 1200 2991 1245 est
3030 1204 3151 1244 cum
3197 1188 3386 1253 Israel,
3419 1197 3478 1242 et
3516 1186 3753 1254 percussit

2202 1303 2322 1340 cum
2352 1285 2515 1340 Israel
2538 1298 2669 1338 nece
2693 1282 2878 1353 gladii,
2903 1292 2958 1336 et
2985 1283 3246 1336 dominati
3265 1291 3395 1337 sunt
3421 1291 3584 1335 terra:
3605 1280 3748 1348 eiusa

2201 1375 2436 1432 llistoria
2465 1375 2685 1445 quidem
2722 1372 3004 1427 manifesta
3038 1383 3139 1448 est,
3160 1374 3253 1428 sed
3279 1374 3639 1442 deprecemur
3668 1372 3753 1425 bo-

2201 1466 2435 1527 minum,
2472 1475 2529 1518 ut
2574 1464 2774 1531 aliquid
2828 1463 3051 1533 dignum
3108 1463 3385 1530 possimus
3427 1461 3754 1515 interioribus

2201 1555 2320 1623 ejus
2344 1555 2594 1609 sensibus
2620 1554 2924 1624 pervidere.
2954 1551 3095 1606 Seou
3120 1552 3388 1621 duplicem
3427 1552 3594 1606 habet
3614 1552 3755 1605 inter.

2199 1648 2578 1715 pretationem,
2636 1645 2751 1699 sive
2803 1648 2963 1696 arbor
3016 1643 3376 1710 infructuosa,
3424 1644 3544 1697 sive
3591 1644 3753 1697 elatas.

2199 1736 2362 1791 Mittit
2388 1738 2557 1806 igitur
2590 1734 2752 1790 Israel
2784 1738 2987 1807 legatos
3024 1736 3091 1788 ad
3117 1736 3282 1800 Seou,
3313 1736 3481 1788 mittit
3518 1735 3585 1787 ad
3620 1736 3756 1788 arbo-

2202 1842 2313 1881 rem
2340 1826 2759 1888 infructuosam,
2791 1826 2957 1879 mittit
2989 1824 3055 1877 ad
3093 1825 3322 1891 elatum,
3363 1835 3423 1883 et
3463 1824 3752 1893 superbum.

525 1921 648 1974 dum
685 1937 830 1976 mors
866 1922 1083 1975 inimica
1122 1920 1343 1986 Christi,
1377 1932 1430 1974 et
1469 1924 1713 1990 quazdam
1755 1926 1927 1977 amica
1956 1925 2091 1993 ejus.
2128 1907 2167 1961 Β
2200 1918 2296 1971 Hic
2323 1927 2502 1971 autem
2529 1918 2693 1981 Seou,
2721 1932 2813 1970 rex
2847 1925 2929 1970 est
2955 1916 3424 1978 Amorrbaaorum,
3450 1916 3545 1984 qui
3590 1924 3641 1968 et
3672 1916 3755 1984 ipsi

523 2012 635 2065 Non
668 2027 800 2079 ergo
834 2012 975 2075 illius
1003 2011 1193 2066 mortis
1217 2011 1346 2068 dicit
1371 2012 1605 2067 inimicae
1643 2012 1866 2080 Christi,
1900 2016 1963 2067 de
1991 2028 2094 2083 qua

522 2104 722 2159 dicitur
751 2103 819 2168 9’,
859 2122 877 2154 ι
911 2100 1250 2157 Novissimus
1278 2103 1527 2159 inimicus
1548 2105 1865 2160 destruetur
1890 2120 2088 2175 mors,»

518 2195 609 2262 qui
641 2184 725 2253 est
759 2193 1011 2248 diabolus
1042 2210 1055 2245 :
1092 2194 1186 2249 sed
1222 2193 1379 2263 hujus
1420 2195 1615 2249 mortis
1666 2210 1768 2263 qua
1805 2195 2095 2249 commori-

517 2299 638 2337 mur
660 2283 792 2337 eiut
821 2294 873 2337 et
897 2283 1249 2337 convivamus
1275 2284 1322 2337 ei
1363 2301 1374 2335 :
1418 2286 1717 2337 secundum
1752 2298 1913 2351 quam
1950 2299 2094 2338 mor-

518 2382 624 2426 tem
661 2373 792 2428 dicit
830 2372 969 2427 Deus
1000 2374 1045 2406 ”
1081 2390 1095 2425 :
1136 2392 1155 2425 ι
1204 2372 1318 2443 Ego
1368 2374 1635 2437 occidam,
1685 2384 1740 2428 et
1780 2374 1963 2429 vivere
2008 2374 2093 2428 fa-

516 2459 681 2515 ciam.
726 2479 744 2511 ›
776 2459 992 2516 Occidit
1021 2463 1163 2517 enim
1213 2472 1270 2517 ut
1306 2464 1729 2517 commoriamur
1764 2462 2003 2529 Christo,
2040 2474 2094 2519 et

516 2549 701 2603 vivere
738 2550 869 2605 facit
897 2560 955 2604 ut
990 2553 1344 2606 couvivamus
1373 2553 1445 2605 ei.
1492 2551 1800 2620 Optaudum
1830 2568 1962 2623 ergo
1991 2570 2090 2608 nu-

516 2640 601 2701 bis
625 2649 729 2701 est.
774 2650 832 2697 ut
859 2642 1142 2699 veniamus
1199 2642 1251 2697 in
1298 2642 1544 2706 Bamoth,
1572 2652 1642 2697 .ct
1689 2645 2091 2713 promptissime

515 2732 875 2799 suscipiamus
900 2732 1070 2787 beata:
1096 2732 1256 2801 hujus
1288 2733 1477 2787 mortis
1502 2733 1815 2797 adventum,
1844 2742 1901 2786 ut
1929 2743 1984 2787 et
2011 2733 2091 2787 vi-

515 2821 719 2877 vificari
775 2836 898 2877 cum
942 2821 1158 2877 Christo
1193 2838 1517 2876 mereamur.
1577 2841 1596 2875 ι
1638 2822 1704 2877 Ει
1736 2840 1799 2877 ex
1840 2825 2087 2889 Bamoth,

517 2912 710 2983 inquit,
750 2912 801 2966 in
837 2929 1046 2977 nemus,
1082 2916 1225 2982 quod
1256 2924 1339 2967 est
1377 2914 1428 2967 in
1461 2929 1652 2984 campo
1678 2913 1855 2979 Moab,
1898 2932 1925 2967 a
1968 2930 2090 2969 ver-

513 3006 622 3060 tice
646 3008 843 3061 montis
876 3007 1102 3071 excelsi,
1141 3007 1232 3073 qui
1277 3007 1501 3075 respicit
1529 3008 1594 3061 ad
1627 3008 1927 3063 desertum.
1961 3028 1981 3061 ι
2029 3008 2085 3063 Si

520 3097 623 3155 hoc
654 3089 1195 3152 itinere'iucedamus
1230 3100 1371 3167 quod
1398 3113 1503 3152 non
1545 3108 1650 3152 tam
1687 3097 1929 3156 locorum
1986 3115 2083 3154 vo-

514 3192 743 3257 cabulis,
790 3208 953 3260 quam
1010 3196 1201 3249 anima:
1260 3192 1594 3261 profectibus
1640 3200 1893 3248 constare
1942 3193 2083 3255 ratio

513 3284 915 3352 explanationis
942 3286 1198 3351 asseruit,
1225 3297 1344 3357 post
1373 3285 1554 3358 omnia
1601 3285 1701 3341 ista
1747 3286 1996 3340 venimus
2026 3288 2079 3339 in
2109 3284 2125 3327 Ὺ

514 3389 727 3441 nemus,
753 3377 866 3431 sive
899 3376 980 3447 (ut
1022 3377 1076 3431 in
1127 3378 1248 3435 aliis
1297 3376 1527 3431 habetur
1577 3376 1995 3447 exemplaribus)
2028 3376 2079 3431 iu

508 3462 725 3528 Janam,
780 3467 922 3535 quod
980 3467 1365 3538 interpretatur
1414 3482 1683 3531 ascensus,
1739 3467 1855 3522 sive
1905 3478 2081 3521 vertex

509 3556 701 3618 montis
734 3556 865 3628 (35).
897 3557 999 3612 Per
1030 3559 1143 3612 haec
1170 3573 1301 3628 ergo
1333 3558 1545 3611 venitur
1571 3558 1635 3612 ad
1659 3557 1790 3611 illud
1830 3559 2079 3613 famosis-

508 3646 705 3699 simum
738 3647 902 3713 divini
950 3648 1188 3718 paradisi
1241 3662 1455 3712 nemus,
1488 3658 1542 3702 et
1580 3662 1821 3703 amoenas
1854 3648 2078 3711 delicias

510 3736 863 3795 habitationis
888 3739 1145 3806 antiqua},
1181 3738 1263 3794 vel
1305 3749 1452 3793 certe
1498 3741 1564 3793 ad
1601 3741 1864 3795 verticem
1897 3741 2078 3810 perfe-

506 3828 705 3882 ctionis
757 3837 814 3883 et
863 3829 1211 3885 beatitudinis
1266 3832 1677 3887 summitatem:
1706 3832 1777 3884 ita
1820 3845 1878 3886 ut
1909 3833 2079 3902 possit

506 3916 669 3969 etiam
698 3916 813 3983 ipse
843 3918 1047 3981 dicere,
1076 3918 1201 3986 quia
1241 3937 1258 3969 ι
1287 3920 1629 3973 resuscituvit
1665 3906 1761 3975 nos
1789 3936 1909 3996 cum
1941 3924 2074 3991 ipso,

505 4014 561 4057 et
594 4005 785 4059 sedere
824 4006 953 4069 fecit
991 4008 1042 4062 in
1087 4008 1396 4063 ccelestibus
1426 4011 1477 4062 iu
1507 4010 1722 4065 Christo
1756 4012 1822 4063 ".
1857 4031 1876 4064 ι
1916 4011 2077 4069 Vides

505 4110 788 4164 quousque
810 4098 1125 4166 pervenitur
1150 4092 1178 4151 a
1208 4099 1403 4166 puteo?
1440 4100 1598 4153 Vides
1619 4101 1816 4167 quibus
1838 4104 2076 4167 mansioe

509 4188 691 4251 uibus,
725 4189 832 4242 imo
870 4190 1067 4258 quibus
1090 4188 1447 4258 profectibus,
1479 4191 1582 4244 iter
1619 4192 1812 4246 auiuue
1850 4204 2074 4262 paratur

505 4278 571 4329 ad
598 4278 834 4345 uelum?
864 4279 993 4344 Quae
1044 4281 1089 4333 si
1128 4280 1413 4350 diligenter
1457 4282 1735 4356 inspicias,
1779 4272 1891 4351 ipse
1932 4283 2072 4352 apud

506 4371 849 4440 temetipsum
899 4372 1249 4440 quotidianos
1292 4371 1570 4441 profectus
1602 4382 1723 4427 tuos
1755 4375 2066 4440 discutiens,

502 4461 699 4528 quibus
726 4465 778 4518 in
804 4464 938 4518 locis
965 4465 1061 4525 sis,
1090 4472 1144 4519 et
1166 4480 1326 4535 quam
1362 4466 1637 4533 proximus
1660 4466 1725 4525 ad
1762 4481 1922 4537 regna
1958 4483 2071 4523 cte-

2201 2010 2633 2077 iuterpretantur
2667 2011 2719 2061 in
2751 2008 3151 2062 amaritudinem
3196 2008 3545 2071 adducentes,
3586 2007 3664 2059 vel
3691 2008 3756 2059 io-

2197 2111 2409 2170 quentes
2444 2099 2579 2169 (56).
2606 2098 2771 2153 Mittit
2798 2115 2928 2168 ergo
2954 2100 3019 2151 ad
3050 2098 3191 2153 Senn
3218 2113 3402 2168 regem
3434 2099 3756 2152 Amorrhw

2198 2208 2313 2247 rum
2340 2191 2550 2261 Moyses
2581 2191 2765 2251 verbis
2805 2190 3046 2259 pacilicis
3073 2191 3260 2245 dicens
3287 2207 3303 2244 :
3332 2207 3353 2241 Ι
3397 2188 3755 2243 Transibiauts

2195 2302 2290 2355 per
2321 2296 2516 2340 terram
2551 2295 2718 2339 tuam.
2753 2304 2771 2336 ι
2806 2285 2860 2340 Si
2906 2284 3201 2339 secundum
3238 2282 3549 2352 spiritalem
3583 2283 3757 2336 intelli-

2194 2377 2432 2447 gentiam
2463 2376 2762 2431 dixerimus
2792 2375 2933 2429 Seon
2964 2389 3142 2444 regem
3172 2374 3401 2443 figuram
3442 2385 3630 2429 tenere
3659 2372 3756 2426 dia-

2194 2468 2321 2532 boli,
2352 2469 2477 2536 quia
2521 2468 2637 2536 ipse
2689 2478 2773 2521 est
2829 2466 3005 2521 elatus
3067 2476 3121 2520 et
3170 2466 3552 2520 infructuosus
3604 2474 3754 2533 :puto

2192 2556 2333 2623 quod
2362 2571 2467 2611 non
2494 2556 2692 2622 debeas
2732 2556 2863 2609 mira
2876 2556 2943 2616 ri,
2970 2558 3116 2627 quod
3142 2570 3264 2610 eum
3291 2554 3531 2610 dixerim
3572 2569 3753 2622 regem,

2194 2663 2318 2701 cum
2358 2648 2547 2702 audias
2584 2649 2751 2701 etiam
2801 2628 3296 2715 ipsutu‘Domiuum
3332 2656 3388 2699 ct
3428 2645 3751 2700 Salvatoreu

2192 2749 2436 2794 nostrum
2472 2740 2524 2793 in
2556 2738 2863 2808 Evangeliis
2918 2738 2985 2792 de
3027 2752 3093 2791 eo
3135 2738 3407 2793 dicentem
3436 2738 3483 2767 τ’
3518 2756 3534 2790 :
3567 2755 3587 2787 ο
3634 2736 3754 2791 Ecce

2191 2846 2334 2888 nunc
2358 2830 2506 2886 venit
2539 2830 2789 2901 princeps
2817 2828 2977 2897 hujus
3008 2829 3216 2895 mundi,
3258 2839 3313 2884 et
3353 2830 3408 2882 in
3445 2844 3537 2883 me
3560 2844 3660 2882 non
3682 2829 3753 2880 in-

2187 2925 2334 2978 venit
2366 2923 2685 2993 quidquam.
2725 2940 2743 2971 ι
2774 2921 2842 2974 Ει
2870 2922 3068 2975 iterum
3099 2921 3183 2974 ’δε
3222 2938 3241 2971 t
3273 2920 3417 2974 Ecce
3444 2936 3592 2974 nunc
3622 2921 3753 2988 prin-

2187 3030 2317 3085 ceps
2352 3016 2513 3085 hujus
2562 3013 2750 3067 mundi
2790 3012 3038 3066 mittetur
3075 3012 3241 3065 foras.
3278 3029 3298 3062 ι
3348 3009 3406 3066 Si
3438 3026 3575 3081 ergo
3606 3011 3753 3064 totius

2188 3106 2371 3162 mundi
2402 3106 2659 3176 princeps
2690 3118 2811 3167 esse
2848 3104 2901 3159 in
2945 3102 3252 3170 Evangeliis
3274 3102 3501 3167 dicitur,
3534 3116 3638 3154 non
3666 3100 3752 3155 de.

2187 3197 2275 3251 bet
2308 3198 2603 3252 absurdum
2654 3196 2823 3250 videri
2869 3194 2913 3249 si
2962 3193 3104 3249 Seou
3149 3194 3261 3264 regi
3295 3193 3750 3257 Amorrhaoram.

2188 3289 2275 3351 vel
2306 3290 2471 3345 etiam
2500 3289 2623 3343 aliis
2646 3287 2978 3359 quibuslibet
3018 3286 3261 3357 gentium
3298 3286 3523 3356 regibus
3552 3299 3752 3353 compa-

2186 3391 2359 3437 retur.
2411 3381 2673 3450 Princeps
2728 3389 2912 3434 autem
2966 3379 3165 3436 dicitur
3220 3380 3431 3446 mundi,
3483 3394 3594 3433 non
3638 3378 3751 3446 quia

2183 3473 2453 3528 creaverit
2507 3474 2788 3535 mundum,
2837 3472 2930 3527 sed
2979 3473 3107 3541 quia
3158 3471 3309 3527 multi
3356 3479 3490 3525 sunt
3550 3471 3604 3524 in
3662 3469 3751 3522 hoc

2183 3565 2383 3619 mundo
2410 3577 2753 3635 peccatores.
2806 3565 3017 3622 Peccati
3054 3574 3230 3618 autem
3278 3562 3406 3632 quia
3456 3563 3577 3630 ipse
3614 3562 3753 3629 pria-

2180 3669 2311 3724 ceps
2330 3667 2435 3719 est,
2461 3655 2584 3710 ideo
2606 3656 2771 3711 etiam
2807 3657 2992 3712 mundi
3026 3657 3284 3727 princeps
3314 3652 3617 3722 appellatus
3636 3662 3747 3705 at:

2183 3746 2237 3799 in
2280 3745 2347 3799 iis
2390 3746 2665 3813 videlicet,
2697 3749 2789 3817 qui
2825 3748 3061 3803 nondum
3102 3748 3472 3819 relinquentes
3505 3748 3750 3800 munda

2180 3847 2570 3895 convertuntur
2593 3841 2658 3895 ad
2691 3850 2923 3911 patrem.
2960 3841 3269 3897 Secundum
3296 3841 3399 3895 hoc
3427 3840 3575 3894 enim
3596 3840 3751 3892 etiam

2181 3927 2309 3982 illud
2334 3926 2536 3984 dicitur
2569 3925 2651 3988 θ’.
2707 3932 2833 4000 quia
2874 3951 2893 3983 c
2938 3931 3116 3986 omnis
3143 3932 3377 3986 mundus
3414 3930 3467 3984 iu
3525 3929 3751 3997 maligno

2180 4019 2388 4087 positus
2421 4020 2713 4087 est.iQuid
2745 4022 2893 4077 enim
2945 4023 3099 4077 nobis
3149 4021 3373 4091 prodest
3410 4023 3599 4075 dicere
3632 4020 3747 4085 quia

2179 4112 2435 4181 princeps
2488 4120 2673 4167 noster
2704 4112 2957 4171 Christus
2990 4124 3095 4177 est,
3128 4114 3172 4166 si
3225 4111 3389 4171 rebus
3418 4124 3469 4167 et
3502 4109 3749 4179 operibus

2177 4217 2491 4270 arguamur,
2523 4204 2647 4273 quia
2686 4204 2934 4259 diabolus
2973 4204 3341 4274 principatum
3373 4212 3524 4258 tenet
3559 4204 3611 4255 in
3659 4215 3752 4253 L0-

2177 4290 2301 4344 bis?
2325 4294 2434 4349 Aut
2466 4309 2569 4347 non
2602 4293 2777 4360 palam
2804 4304 2888 4349 est
2928 4296 3026 4349 sub
3071 4309 3180 4365 quo
3227 4294 3471 4363 principe
3498 4302 3625 4361 agat
3656 4293 3751 4344 ini-

2176 4381 2422 4448 pudicus,
2446 4382 2680 4439 incestus
2707 4392 2759 4440 et
2783 4385 3047 4453 injustus?
3079 4384 3333 4454 Nunquid
3360 4393 3544 4453 potest
3569 4382 3751 4450 hujus-

2176 4471 2320 4526 modi
2384 4473 2546 4530 homo
2578 4474 2777 4539 dicere,
2813 4476 2938 4546 quia
2970 4476 3072 4530 sub
3122 4474 3340 4529 Christo
3381 4476 3595 4545 positus
3642 4477 3749 4526 tne

505 4552 678 4607 lorum
714 4556 968 4610 habearis
999 4557 1250 4612 advertes
1282 4572 1298 4610 :
1327 4556 1469 4611 sicut
1505 4566 1559 4610 et
1591 4557 1699 4620 ille,
1738 4556 1802 4611 de
1826 4573 1933 4627 quo
1963 4557 2068 4614 Do-
2101 4580 2144 4633 ι)
2174 4577 2298 4633 ago,
2335 4564 2547 4619 etiamsi
2590 4568 2692 4631 sub
2722 4566 2924 4622 Christi
2960 4566 3175 4641 nomine
3204 4568 3417 4621 censeri
3464 4563 3747 4620 videatur?

501 4643 681 4697 minus
706 4645 840 4705 dixit
867 4648 934 4710 ³⁸,
971 4646 1096 4714 quia
1141 4665 1159 4699 ι
1192 4661 1299 4700 non
1328 4647 1484 4715 longe
1522 4661 1582 4700 es
1609 4662 1636 4698 a
1674 4661 1849 4715 regno
1883 4647 1997 4702 Dei.
2037 4665 2057 4701 ι

568 4736 624 4787 Δ.
665 4735 1031 4805 Subsequitur
1078 4746 1201 4808 post
1246 4739 1362 4793 haec
1414 4746 1469 4792 et
1518 4738 1621 4792 alia
1668 4737 1920 4793 historia.
1974 4740 2066 4793 Ait

498 4829 643 4881 enim
666 4829 712 4860 "
743 4844 756 4879 :
788 4847 807 4882 ι
869 4830 933 4883 Et
984 4828 1129 4884 misit
1162 4830 1394 4901 Moyses,
1428 4849 1447 4881 )
1496 4838 1587 4883 aut
1619 4830 1702 4898 (ut
1746 4830 1976 4885 habetur
2011 4833 2061 4885 in

499 4917 770 4973 nonnullis
802 4901 1273 4988 exemplaribus),i
1300 4929 1354 4973 et
1385 4919 1531 4972 misit
1557 4918 1723 4973 Israel
1758 4918 1960 4989 legatos
1998 4924 2063 4973 ad

498 5008 642 5063 Seon
676 5024 853 5078 regem
883 5012 1318 5066 Amorrhteorum
1342 5010 1521 5065 verbis
1541 5011 1801 5080 pacificis,
1830 5013 2016 5068 dicens
2046 5033 2057 5069 :

566 5124 611 5155 θλ
639 5125 656 5178 1
688 5124 816 5182 Cor.
851 5141 966 5189 vtu,
995 5126 1047 5179 6.

495 5210 665 5266 xxvii.
712 5195 804 5250 39.
889 5197 953 5259 _"
1000 5196 1208 5266 Ephes1
1254 5213 1311 5261 ιι,
1364 5198 1416 5251 6.
1529 5197 1770 5255 “Marc.
1811 5216 1907 5266 xu,
1944 5201 2033 5256 54.

492 5264 537 5296 ’⁸
568 5264 727 5319 Joan.
755 5281 855 5330 xu,
892 5266 981 5320 51.
1058 5268 1100 5298 ⁹⁹
1134 5266 1149 5319 1
1180 5264 1334 5339 Joan.
1379 5284 1429 5332 v,
1466 5268 1554 5322 19.
1894 5264 1901 5266 “
2008 5284 2009 5287 ‘

562 5398 675 5472 (δέ)
712 5397 777 5472 In
804 5399 1053 5465 Bamoth,
1083 5403 1221 5465 quod
1253 5404 1624 5472 interpretatur
1641 5416 1917 5467 onsmus
1936 5420 2065 5460 uou-

491 5467 883 5548 nsﬂimirum
934 5485 962 5523 a
1022 5473 1204 5526 radice
1244 5467 1431 5538 παππία
1470 5474 1640 5539 venit,
1679 5476 1919 5548 advenit,
1958 5496 1978 5531 ι
2011 5486 2066 5533 et

492 5544 711 5591 neruine
747 5548 864 5598 mi:
902 5558 921 5590 α
952 5556 1149 5599 morsa
1691 5544 1735 5559 κ

563 5606 676 5672 (55)
714 5608 793 5659 fu-
813 5607 1033 5671 lanam,
1059 5611 1199 5677 quod
1228 5613 1609 5679 interpretatur
1640 5621 1919 5676 ascensus,
1960 5617 2067 5670 sive

494 5688 703 5751 venri-3x
726 5692 945 5751 nostris.
981 5679 1036 5733 lu
1085 5681 1359 5733 hodiernis
1397 5681 1506 5733 τῶν
1555 5684 1609 5734 0'
1666 5685 2066 5751 exemplaribus

491 5744 650 5823 istim.
682 5750 903 5823 “1,20,
932 5748 1129 5823 legitur
1156 5751 1252 5823 xui.
1268 5751 1374 5823 ἀπὸ
1391 5751 1590 5821 Βαμὼθ
1616 5753 1696 5815 εἰς
1724 5744 2063 5823 νάπὴνμιιίηι

491 5812 611 5901 joco
651 5816 729 5875 εἰς
787 5812 1167 5877 νάπηνῖιιοιιο
1210 5812 1490 5881 legebatur
1534 5825 1612 5881 εἰς
1668 5812 1865 5881 ’Ϊάνντπξ
1906 5812 2066 5877 modo

1125 5127 1169 5159 9°
1211 5125 1491 5182 lThessal.
1528 5144 1582 5189 v,
1618 5128 1701 5181 lt).
1780 5128 1826 5160 ὀ
1860 5129 2064 5187 Coloss.
2099 5149 2181 5194 tu.
2211 5136 2265 5192 5.
2366 5139 2408 5171 “
2435 5139 2595 5194 Rom.
2623 5156 2695 5206 vt,
2727 5141 2782 5195 6.
2889 5139 2982 5193 ⁹²1
3018 5140 3074 5194 Ct

1125 5210 1208 5266 es,
1254 5213 1311 5261 u,
1364 5198 1416 5251 6.
1529 5198 1575 5229 ⁸⁸
1603 5197 1770 5255 Marc.
1811 5216 1907 5266 xu,
1944 5201 2033 5256 '54.
2112 5205 2157 5237 θ’
2192 5206 2356 5262 Νιιιη.
2409 5225 2526 5266 xxI.
2581 5209 2673 5266 21.
2733 5210 2826 5266 22.
2877 5211 2969 5266 25.
3004 5210 3074 5266 24

2245 5223 2356 5262 um.
2409 5225 2526 5276 xxi,
2581 5223 2673 5275 τι,
2733 5223 2826 5277 22,
2877 5223 2969 5277 26,
3004 5223 3095 5266 24.

2174 4652 2229 4719 lu
2259 4670 2366 4724 quo
2386 4654 2638 4719 Christus
2663 4660 3021 4729 principatum
3051 4659 3210 4728 gerit,
3234 4660 3384 4713 nulla
3417 4660 3490 4714 ibi
3517 4659 3745 4713 immun-

2175 4744 2329 4810 ditia,
2354 4746 2499 4801 nulla
2532 4748 2791 4817 iniquitas
2812 4749 3136 4815 admittitur,
3150 4764 3250 4805 nec
3277 4749 3484 4806 habere
3514 4750 3743 4818 aliquem

2176 4836 2351 4891 locum
2388 4847 2564 4907 potest
2590 4839 2784 4907 injusta
2820 4841 3107 4909 cupiditas.
3129 4840 3440 4897 Secundum
3466 4843 3615 4896 hunc
3644 4842 3743 4893 ita-

2174 4944 2281 5001 que
2324 4932 2542 4985 modum
2596 4941 2744 4987 recte
2778 4942 2832 4988 et
2867 4933 3119 4989 Christus
3155 4936 3420 4989 virtutum
3469 4936 3739 5001 princeps,

2171 5030 2226 5073 et
2277 5020 2527 5076 diabolus
2569 5023 2791 5078 malitiae
2846 5040 2911 5080 ac
2966 5026 3128 5080 totius
3175 5026 3482 5095 iniquitatis
3517 5027 3739 5079 dicetur.

2366 5139 2408 5171 “
2435 5139 2595 5194 Rom.
2623 5156 2695 5206 vt,
2727 5141 2782 5195 6.
2889 5142 2935 5172 ⁹¹
2963 5139 2982 5193 l
3018 5140 3145 5195 Cor.
3195 5156 3285 5205 xv,
3314 5140 3408 5195 26.
3514 5141 3559 5172 ⁸³
3588 5138 3738 5191 Deut.

2409 5225 2526 5267 ιιι.
2581 5209 2673 5267 21.
2733 5210 2826 5267 22.
2877 5211 2969 5267 25.
3004 5210 3095 5266 24.
3204 5212 3249 5243 ⁸⁷
3282 5210 3441 5267 Joau.
3488 5225 3599 5267 xxv.
3644 5208 3736 5259 50.

3314 5228 3441 5266 oau.
3488 5228 3599 5274 xxv,
3644 5228 3736 5259 au.

2167 5417 2246 5478 εἰς
2269 5416 2455 5489 Α’ῐάννη
2484 5418 2679 5489 νάπην.
2713 5419 2767 5472 lu
2802 5419 3029 5475 Hebraeo
3057 5429 3234 5476 autem
3272 5422 3419 5477 fonte
3458 5417 3588 5473 nihil
3624 5430 3730 5489 εει

2166 5486 2377 5561 peritur
2405 5486 2545 5541 unde
2575 5486 2767 5543 nomen
2813 5490 2984 5561 Ἰᾴννη
3020 5493 3134 5545 erui
3172 5494 3358 5559 possit,
3389 5492 3488 5545 nisi
3520 5491 3571 5543 in
3620 5486 3728 5539 He-

2164 5556 2319 5629 ωδε
2336 5571 2467 5629 voce
2494 5566 2624 5616 mm
2657 5574 2752 5625 pro
2782 5556 2984 5626 ghimel'
3010 5556 3233 5629 legerint
3259 5578 3383 5614 nun.

2236 5625 2346 5692 (56)
2372 5625 2820 5682 Anton/urorum.
2863 5630 2952 5693 qui
2982 5643 3028 5681 et
3064 5625 3173 5694 ipsi
3213 5633 3616 5693 interpretantur
3668 5640 3717 5675 ts

2169 5709 2570 5759 “manumanu
2614 5713 2955 5755 .mnlCENTl-ZS
3027 5701 3101 5752 rel
3172 5697 3546 5763 LnovsarssJ
3580 5700 3726 5755 ἻὋ

2172 5780 2190 5809 ι
2221 5778 2461 5832 amarum
2495 5778 2631 5817 esse.
2669 5782 2687 5833 ι
3714 5774 3725 5781 ”
