3914 6514
184 441 297 502 665

1376 420 1443 475 ΙΝ
1478 410 1811 473 NUMEROS
1830 408 2116 467 HOMILIA
2136 404 2273 461 XIII.

3324 387 3428 443 666

192 562 360 617 Mittit
389 559 551 634 igitur
572 552 738 610 Israel
768 552 975 621 legatos
997 547 1060 603 ad
1095 560 1274 616 regem
1295 540 1755 601 Amorrhaeorum,
1786 539 1833 596 Α
1860 534 1947 588 ἀεὶ.
1982 551 2000 586 ι
2037 531 2131 586 Via
2148 542 2276 599 θτεο
2302 523 2469 594 τθςθιί
2506 519 2860 577 incedendum
2888 520 2991 579 θεῖν
3023 523 3127 565 “ec
3151 505 3427 562 deelinan'

1591 631 1602 634 _
1650 627 1669 634 -
1877 626 1895 634 -
2320 630 2439 634 Α---
2470 613 2520 634 ε..
2545 625 2728 634 -.......-.
2762 606 2873 634 λεηη
2930 617 3106 634 ..Μ-..ο
3134 601 3185 634 in
3214 596 3427 634 vinnmn

191 666 378 721 regem
418 636 474 702 in
503 642 873 700 amaritudine
908 637 1337 710 provocantium,
1366 646 1547 701 regem
1591 627 1759 683 infruv

191 755 463 803 ctuosum,
502 752 684 805 regem
714 734 885 804 316
916 730 1226 801 superbum.
1273 724 1551 792 Quomodo
1577 735 1761 791 super-

189 836 317 899 bus,
352 830 624 903 quomodo
654 829 828 881 elatus
877 821 1158 877 docebitur
1200 816 1482 873 diabolus?
1524 816 1643 885 Ipse
1680 820 1763 867 est

191 926 291 995 qui
323 923 459 979 dixit
486 920 504 952 ¹
548 939 561 974 :
599 937 617 971 ι
653 917 863 971 Virtute
893 928 1008 968 mea
1037 912 1255 974 faciam,
1286 918 1340 964 et
1382 906 1646 977 sapientia
1680 906 1763 958 in-

195 1020 446 1076 tellectus
479 1015 585 1070 mei
633 1012 878 1066 auferam
914 1010 1047 1061 ﬁnes
1090 1005 1357 1077 gentium,
1386 1012 1440 1056 et
1481 998 1763 1055 fortitudi-

194 1128 324 1167 nem
356 1123 543 1165 eorum
585 1105 960 1175 depraedabor,
1014 1109 1069 1154 et
1118 1096 1471 1154 commovebo
1514 1094 1764 1147 civitates

194 1218 322 1272 quae
356 1200 751 1261 inhabitantur,
787 1204 837 1248 et
882 1194 1191 1247 universum
1245 1189 1432 1242 orbem
1484 1193 1640 1238 terra:
1672 1197 1764 1236 ca-

192 1295 343 1362 piam
372 1308 530 1345 manu
564 1304 678 1342 mea
711 1288 850 1342 sicut
874 1286 1079 1339 nidum.
1116 1301 1134 1334 ι
1172 1281 1233 1335 Et
1263 1281 1457 1333 iterum
1497 1275 1626 1328 dicit
1652 1273 1766 1327 ela~

197 1396 287 1439 tus
312 1385 397 1438 hic
426 1391 478 1437 et
514 1380 781 1449 Superbus
812 1379 833 1409 '
872 1394 886 1428 :
922 1394 937 1427 ι
978 1371 1281 1427 Ascendam
1320 1369 1371 1423 in
1407 1366 1624 1429 C(EIIJIII,
1674 1377 1767 1416 su-

193 1492 297 1546 pra
331 1476 505 1530 sidera
531 1471 654 1525 caeli
690 1482 881 1537 ponam
912 1467 1163 1519 thronum
1197 1474 1396 1515 meum.
1446 1455 1654 1511 Sedebo
1714 1452 1767 1505 in

196 1576 384 1621 monte
410 1563 642 1625 excelso,
672 1575 833 1629 supra
856 1566 1065 1612 montes
1096 1554 1233 1609 altos
1257 1550 1346 1621 qui
1374 1545 1587 1603 sunt-ad
1620 1543 1768 1611 aqui-

195 1658 405 1721 lonem,
432 1657 717 1713 ascendam
752 1663 916 1719 supra
948 1649 1145 1709 nubes,
1177 1654 1231 1697 et
1257 1658 1354 1698 ero
1390 1624 1581 1695 similis
1606 1636 1769 1691 Altis-

192 1751 362 1804 simo.
406 1768 425 1801 ι
458 1747 645 1799 Adhuc
676 1741 905 1813 requiris
937 1739 980 1796 si
1022 1739 1136 1807 ipse
1166 1736 1239 1790 sit
1261 1735 1435 1787 elatus
1488 1741 1543 1785 ct
1581 1744 1770 1798 super-

192 1843 342 1899 bus?
369 1842 479 1895 Imo
509 1839 687 1909 potius
716 1844 771 1891 et
819 1835 932 1903 ipse
965 1830 1234 1899 superbus
1263 1837 1344 1881 est
1388 1836 1442 1879 et
1482 1824 1681 1883 elatus,
1718 1830 1772 1874 et

195 1938 294 1992 ille
332 1936 418 2003 qui
450 1934 600 2003 quasi
644 1930 955 2000 unigenitus
985 1926 1102 1995 ejus
1141 1933 1242 1988 est,
1271 1922 1337 1975 de
1379 1934 1485 1988 quo
1514 1918 1771 1984 scriptum

194 2042 285 2083 est
330 2029 370 2093 ³,
402 2027 527 2095 quia
562 2044 579 2076 ‹
630 2020 909 2076 extollitur
956 2032 1119 2085 super
1168 2028 1328 2069 omne
1378 2008 1522 2079 quod
1576 2007 1775 2061 dicitttr

200 2122 369 2184 Deus,
403 2117 655 2185 autquod
688 2114 883 2168 colitur
909 2130 921 2167 :
946 2111 1018 2164 ita
1047 2118 1103 2162 ut
1135 2109 1186 2160 in
1216 2103 1416 2172 templo
1442 2101 1532 2155 Dei
1570 2099 1773 2161 sedeat,

197 2222 491 2267 ostentans
539 2224 596 2262 se
645 2215 898 2274 tanquam
931 2202 1001 2256 sit
1041 2200 1198 2252 Deus.
1245 2216 1263 2249 ›
1299 2194 1491 2251 Omnis
1524 2205 1655 2259 ergo
1684 2191 1774 2256 qui

200 2306 385 2359 elatus
413 2311 497 2357 est
518 2312 573 2356 et
607 2299 892 2368 superbus,
920 2295 1004 2348 vel
1047 2292 1186 2345 ﬁlius
1220 2298 1302 2344 est
1328 2288 1449 2342 eIati
1483 2283 1662 2351 hujus,
1694 2282 1776 2337 vel

200 2396 507 2465 discipulus
532 2400 585 2447 et
623 2390 886 2444 imitator.
912 2387 976 2439 Et
1015 2391 1298 2452 propterea
1320 2380 1453 2433 dicit
1484 2376 1780 2443 Apostolus

202 2490 272 2541 de
304 2488 534 2556 quodam
574 2484 597 2515 ’⁵
632 2501 642 2535 :
676 2501 693 2533 ι
730 2480 806 2534 Ne
838 2480 974 2533 I'ortc
1001 2476 1180 2529 elatus
1211 2473 1411 2527 incidat
1434 2472 1485 2525 in
1517 2468 1778 2538 judicium

201 2580 447 2645 diaboli;
486 2597 504 2630 ι
542 2577 837 2631 ostendens
859 2587 955 2639 per
983 2571 1105 2635 hoc,
1139 2570 1262 2639 quia
1294 2565 1472 2622 omnis
1499 2562 1676 2617 elatus
1708 2559 1782 2612 si-

206 2672 327 2724 mili
367 2679 421 2723 ut
454 2667 699 2723 diabolus
737 2663 941 2735 judicio
975 2660 1449 2717 condemnabitur.
1510 2655 1616 2708 Nos
1651 2666 1782 2722 ergo

204 2776 401 2817 siitnus
428 2760 517 2829 qui
556 2757 788 2813 transire
818 2757 1069 2810 volumus
1103 2769 1198 2823 per
1222 2753 1365 2807 hunc
1407 2751 1685 2810 umudum,
1728 2753 1784 2797 ut

202 2851 499 2924 pervenire
522 2849 793 2920 possimus
826 2847 891 2900 ad
925 2854 1124 2909 terram
1152 2850 1416 2903 sanctam,
1446 2852 1564 2908 qua:
1600 2849 1785 2903 repro-

204 2947 379 2999 missa
409 2954 489 2998 est
518 2942 720 2997 sanctis
766 2960 780 2994 :
826 2948 880 2994 et
912 2940 1175 2994 mittimus
1211 2933 1394 2988 verbis
1432 2929 1671 3000 paciﬁcis
1718 2929 1784 2981 ad

206 3038 387 3103 Seou,
436 3038 811 3105 promittentes
858 3048 965 3088 non
1017 3046 1114 3086 nos
1155 3029 1493 3084 habitaturos
1542 3026 1595 3078 iu
1637 3032 1782 3078 terra

203 3132 355 3199 ejus,
397 3148 497 3189 nec
531 3140 835 3183 moraturos
863 3140 984 3179 cum
1018 3139 1105 3187 eo,
1155 3122 1245 3177 sed
1294 3118 1622 3173 transituros
1666 3124 1788 3166 tan-

205 3225 515 3289 tummodo,
543 3232 597 3276 et
625 3223 937 3279 iucessuros
960 3219 1043 3271 via
1068 3215 1258 3285 regali,
1292 3227 1393 3266 nec
1419 3209 1785 3263 declinaturos
1814 3218 1855 3275 ο
1896 3217 1914 3249 ι
1958 3195 2136 3255 Venit,
2173 3190 2343 3258 inquit
2390 3187 2411 3216 "

203 3332 466 3385 usquam,
494 3329 669 3383 neque
690 3314 741 3366 in
772 3325 982 3383 agrum,
1002 3320 1173 3375 neque
1208 3305 1260 3357 iu
1294 3303 1525 3363 vineam,
1554 3296 1645 3351 sed
1688 3308 1787 3348 nec

203 3413 278 3464 de
308 3409 431 3467 lacu
460 3407 575 3476 ejus
599 3420 790 3473 aquam
817 3396 1404 3457 bibituros.Videamus
1422 3405 1551 3460 ergo
1574 3386 1790 3458 quando

208 3516 315 3555 nos
349 3500 447 3553 ista
478 3496 845 3567 promisimus,
873 3490 1088 3561 quando
1121 3490 1235 3543 haec
1262 3484 1425 3541 verba
1462 3479 1681 3535 diabolo
1705 3476 1792 3531 de-

205 3591 605 3645 nuntiavimus.
636 3587 970 3642 Recordetur
993 3580 1363 3649 unusquisque
1383 3574 1640 3636 ﬁdelium,
1667 3584 1789 3625 cum

207 3684 455 3752 primunt
483 3680 630 3737 venit
660 3679 725 3733 ad
751 3692 918 3746 aquas
943 3671 1222 3742 baptismi,
1253 3684 1374 3723 cum
1418 3664 1694 3734 signacula
1731 3662 1793 3714 Ii-

205 3775 301 3827 εΙεὶ
340 3775 512 3842 prima
550 3772 810 3840 susrepit,
843 3778 897 3824 et
926 3770 989 3822 ad
1020 3769 1223 3821 fontem
1256 3761 1510 3817 salutaris
1538 3754 1791 3821 accessit,

206 3867 417 3936 quibus
452 3866 521 3919 ibi
557 3875 683 3919 tunc
714 3878 842 3917 usus
875 3861 946 3915 sit
977 3858 1177 3921 verbis,
1202 3864 1255 3910 et
1283 3854 1408 3923 quid
1439 3850 1795 3906 renuntiave-

209 3961 289 4013 rit
346 3957 603 4011 diabolo:
650 3971 751 4009 uou
798 3968 857 4007 se
906 3967 1132 4006 usurqu
1182 3946 1392 4017 pompis
1437 3943 1573 4012 ejus,
1619 3952 1795 4009 neque

207 4055 477 4124 operibus
507 4054 645 4123 ejus,
678 4066 852 4119 neque
897 4047 1022 4103 ullis
1059 4045 1284 4100 omnino
1308 4040 1548 4097 servitiis
1579 4036 1698 4108 ejus
1733 4049 1797 4090 ac

208 4146 595 4217 voluptatibus
624 4146 954 4214 pariturum.
984 4141 1049 4196 Et
1081 4140 1185 4193 hoc
1213 4147 1295 4192 est
1335 4133 1475 4203 quod
1527 4132 1610 4186 his
1663 4128 1798 4198 legis

211 4240 566 4296 sermonibus
611 4237 987 4296 adutnhratur,
1017 4232 1141 4300 quia
1190 4244 1295 4283 non
1336 4224 1570 4283 declinet
1610 4221 1794 4285 Israel,

212 4347 402 4401 neque
440 4330 491 4383 in
524 4343 715 4397 agrum
753 4325 894 4393 ejus,
938 4337 1115 4392 neque
1165 4318 1217 4373 in
1253 4319 1462 4371 vineam
1506 4315 1639 4382 ejus.
1691 4312 1797 4367 Sed

214 4439 401 4493 neque
433 4436 628 4492 aquam
672 4420 737 4473 de
773 4418 892 4473 lacu
924 4416 1041 4485 ejus
1078 4412 1369 4483 pollicetur
1397 4425 1455 4464 se
1487 4422 1610 4463 esse
1650 4414 1802 4476 pota-

218 4525 429 4568 turum.
463 4510 576 4565 Non
611 4510 756 4565 enim
811 4507 952 4571 ultra
999 4502 1297 4574 disciplina:
1345 4498 1647 4567 diabolicze,
1693 4510 1797 4549 nou

213 4604 551 4672 astrologiae,
591 4615 697 4655 non
728 4597 971 4666 magicze,
1002 4610 1105 4649 non
1136 4592 1296 4647 ullius
1327 4589 1549 4643 oumino
1593 4587 1797 4641 doctri-

214 4712 329 4763 nae,
357 4709 477 4764 qua:
517 4702 705 4747 contra
736 4688 829 4744 Dei
869 4688 1123 4757 pietatem
1164 4682 1369 4752 aliquid
1396 4681 1608 4745 doceat,
1636 4692 1801 4749 pocu-

214 4791 334 4844 ium
374 4795 552 4841 sumet.
581 4783 774 4839 ﬁdelis.
803 4780 977 4835 IIabet
1000 4779 1143 4832 enim
1179 4792 1309 4832 suos
1342 4775 1543 4836 fontes,
1567 4782 1623 4826 et
1666 4771 1802 4827 bibit

218 4882 288 4934 de
316 4877 557 4931 fontibus
592 4872 777 4939 Israel,
819 4871 952 4927 bibit
988 4869 1055 4925 de
1083 4868 1323 4924 fontibus
1363 4864 1659 4924 salutaris:
1694 4878 1799 4917 non

218 4971 361 5025 bibit
388 4985 583 5038 aquam
640 4970 708 5022 de
755 4966 877 5021 lacu
922 4964 1094 5031 Seou,
1124 4975 1223 5017 nec
1254 4958 1565 5026 relinquens
1595 4953 1798 5008 fontem

219 5076 379 5132 aqum
411 5063 546 5113 viva:
580 5065 873 5127 congregat
900 5057 1001 5110 sibi
1039 5055 1188 5108 lacus
1212 5049 1538 5106 conlractos.
1593 5046 1699 5100 Sed
1744 5054 1798 5100 et

218 5154 310 5206 via
354 5149 519 5217 regali
549 5150 885 5203 incessurum
908 5160 965 5199 se
998 5143 1300 5214 proﬁtetur.
1336 5140 1465 5206 Quae
1487 5146 1571 5192 est
1604 5136 1688 5190 via
1718 5150 1805 5190 re-

223 5244 402 5313 galis?
452 5241 545 5317 Illa
579 5244 697 5296 sine
748 5240 912 5296 dubio
946 5254 1064 5308 qua:
1104 5236 1234 5290 dicit
1271 5235 1315 5298 ⁸,
1349 5254 1365 5285 ι
1394 5230 1508 5304 Ego
1542 5230 1657 5287 sum
1690 5231 1801 5299 via,

222 5336 456 5398 Veritas,
487 5342 540 5386 et
564 5334 691 5388 vita.
741 5350 759 5383 ι
794 5331 861 5385 Ει
898 5330 1089 5383 merito
1119 5325 1315 5393 regalis
1348 5338 1363 5377 :
1391 5325 1506 5392 ipse
1534 5331 1618 5377 est
1639 5322 1806 5384 enim,

222 5425 293 5479 de
331 5438 439 5503 quo
481 5421 752 5492 Propheta
789 5420 904 5475 ait“
935 5434 953 5473 :
984 5436 1002 5485 t
1035 5416 1193 5485 Deus,
1213 5413 1476 5483 judicium
1512 5420 1659 5468 tuum
1696 5408 1805 5481 regi

1861 626 1988 680 dum
2013 635 2240 691 usquam
2273 630 2445 684 neque
2470 613 2523 667 in
2544 625 2729 680 agrum
2760 606 2899 675 ejus,
2930 617 3107 672 neque
3134 601 3186 653 in
3214 596 3427 650 vineam

1861 717 2019 786 ejus:
2048 713 2101 767 id
2135 720 2219 765 est
2255 720 2429 776 neque
2458 703 2525 757 ad
2556 715 2742 770 opera,
2782 710 2958 765 neque
2991 695 3055 747 ad
3092 703 3282 745 sensus
3318 686 3431 739 dia-

1864 812 2072 867 bolicos
2096 805 2372 861 declinare
2422 798 2562 853 ultra
2604 809 2761 849 mens
2800 790 3033 844 ﬁdelium
3075 785 3250 839 debet.
3286 779 3434 846 Quo-

1865 901 2025 956 modo
2061 911 2189 965 ergo
2223 894 2470 947 volnnms
2498 887 2632 940 ﬁnes
2660 881 3101 937 Amorrhzeorum
3132 888 3255 927 cum
3299 882 3433 940 pace

1865 964 2145 1050 transire?
2200 981 2527 1047 Amorrltrci,
2572 976 2869 1033 inﬁdelium
2923 970 3012 1039 qui
3056 975 3181 1021 sunt
3228 966 3279 1018 in
3332 964 3434 1015 hoc

1865 1085 2068 1141 mundo
2114 1095 2218 1150 pax
2264 1075 2429 1143 accipi
2469 1067 2806 1140 potest:sed
2846 1064 2931 1116 isti
2987 1062 3431 1127 interpretantur,

1867 1187 1927 1231 ut
1953 1188 2115 1245 supra
2152 1170 2406 1230 diximus,
2438 1166 2518 1220 vel
2563 1164 2615 1216 in
2646 1156 3058 1214 amaritudinem
3094 1153 3435 1207 adducentes,

1866 1266 1949 1319 vel
1987 1239 2276 1331 loquentes.
2303 1256 2367 1310 Et
2389 1251 2656 1322 quomodo
2685 1247 2899 1315 quidem
2927 1245 2980 1297 in
3019 1239 3433 1295 amaritudinem

1868 1330 2140 1410 adducant
2170 1352 2334 1404 Deum
2368 1345 2616 1401 inﬁdeles
2665 1350 2719 1395 et
2761 1334 3055 1397 increduli,
3098 1330 3439 1401 expositione

1870 1467 1976 1507 non
2022 1448 2228 1514 indiget
2266 1460 2279 1495 ε
2312 1442 2453 1511 quod
2510 1446 2687 1489 autem
2742 1434 2819 1488 ait
2862 1431 3153 1500 loquentes,
3192 1426 3256 1479 ad
3292 1422 3437 1477 illam

1870 1552 2079 1613 partem
2110 1540 2251 1593 trahi
2280 1542 2458 1607 potest
2473 1527 2838 1598 quaintideles
2863 1523 3061 1593 quique
3088 1527 3143 1574 et
3170 1516 3269 1572 sub
3294 1514 3445 1584 prin-

1871 1640 1989 1705 cipe
2020 1631 2238 1685 diabolo
2267 1605 2491 1698 agentes
2512 1621 2657 1690 loqui
2691 1626 2891 1673 norunt
2916 1609 3313 1672 tantummodo,
3346 1605 3443 1660 sed

1873 1703 2167 1797 loquuntur
2194 1720 2395 1781 inania.
2424 1717 2586 1771 Verbi
2618 1727 2804 1775 causa,
2839 1716 2897 1761 ut
2928 1714 3099 1777 poeta:
3140 1715 3351 1763 eorum,
3388 1703 3446 1750 ut

1875 1817 2159 1887 astrologi,
2183 1823 2241 1867 ttt
2263 1808 2502 1865 nonnulli
2533 1808 2695 1861 etiam
2729 1799 3186 1871 phiiosophorum.
3214 1791 3305 1861 qui
3333 1790 3442 1843 ina-

1878 1914 1966 1967 nia
2028 1911 2318 1976 loquuntur
2360 1912 2413 1957 et
2449 1914 2605 1953 vana.
2669 1893 2933 1951 Fidelium
2990 1896 3169 1941 autem
3221 1893 3446 1951 regnum

1878 2005 2021 2073 quod
2051 2019 2079 2053 a
2111 2002 2218 2054 Deo
2242 2008 2344 2054 est.
2374 2009 2478 2049 non
2513 1992 2563 2044 in
2598 2000 2849 2041 sermone
2878 1991 2979 2046 est,
3006 1978 3099 2033 sed
3135 1976 3187 2028 iu
3224 1973 3448 2029 virtute.

1878 2096 2140 2155 Volumus
2169 2104 2298 2158 ergo
2341 2099 2439 2138 nos
2484 2078 2711 2150 paciﬁce
2750 2073 2983 2127 transire
3032 2083 3127 2138 per
3170 2064 3449 2124 mundum,

1880 2190 1972 2246 sed
2005 2189 2106 2241 hoc
2129 2184 2304 2252 ipsum
2335 2176 2506 2245 magis
2535 2165 3041 2237 incitatprincipem
3070 2159 3278 2221 mundi,
3306 2152 3452 2223 quod

1881 2283 2111 2335 dicimus
2134 2290 2232 2328 nos
2262 2270 2404 2325 nolle
2432 2276 2748 2335 permanere
2782 2270 2902 2311 cum
2936 2254 3072 2322 ipso,
3091 2264 3191 2303 nec
3226 2242 3450 2309 morari,

1884 2390 1981 2426 nec.
2004 2367 2206 2437 aliquid
2241 2364 2357 2431 ejus
2381 2357 2516 2412 \elle
2538 2354 2853 2421 contingere
2885 2365 2898 2400 :
2935 2345 3057 2399 inde
3101 2339 3273 2409 magis
3322 2350 3454 2391 era-

1885 2465 2153 2526 cerbatur,
2187 2456 2310 2513 inde
2333 2450 2629 2513 extollitur,
2673 2452 2727 2498 et
2757 2442 3031 2501 irascitur,
3064 2445 3113 2488 et
3143 2440 3448 2486 commovet

1886 2556 2039 2612 nobis
2062 2549 2484 2624 persecutiones,
2524 2536 2762 2609 pericula
2792 2531 3036 2594 suscitat,
3068 2523 3342 2580 cruciatus
3370 2519 3455 2572 in-

1889 2612 2079 2704 tentat:
2112 2644 2177 2715 Et
2226 2643 2345 2695 ideo
2397 2636 2551 2692 dicit:
2575 2653 2590 2680 ι
2615 2624 2999 2697 Congrrgavit,
3030 2617 3205 2688 inquit
3237 2615 3281 2682 ’⁷,
3312 2612 3456 2667 Seon

1886 2753 2101 2803 omnem
2125 2713 2380 2804 populum
2413 2740 2595 2788 suum,
2634 2732 2685 2775 et
2712 2719 2844 2774 exiit
2871 2712 3161 2778 conﬂigere
3196 2706 3459 2761 adversus

1887 2830 2070 2887 Israel.
2117 2849 2135 2880 ι
2174 2824 2305 2890 Quis
2337 2831 2418 2875 est
2456 2815 2633 2871 omnis
2672 2808 2900 2879 p0pulus
2938 2805 3105 2868 Seou,
3142 2811 3298 2869 quem
3331 2809 3456 2848 con-

1886 2928 2023 2980 citat
2064 2927 2255 2974 coutra
2305 2910 2507 2968 Israel?
2566 2904 2847 2975 Principes
2895 2914 2957 2952 ac
3000 2895 3211 2965 judices
3251 2889 3459 2952 mundi,

1888 3013 2182 3082 cunctique
2209 3005 2464 3075 nequitiae
2489 2996 2745 3057 ministri,
2768 2993 2856 3061 qui
2886 2993 3197 3059 impugnant
3225 2996 3459 3051 semper,

1889 3116 1943 3162 et
1969 3071 2369 3174 persequuntur
2398 3092 2650 3161 populum
2672 3086 2785 3141 Dei.
2804 3084 2909 3139 Sed
2934 3082 3062 3149 quid
3096 3078 3230 3132 facit
3261 3071 3464 3127 Israel?

2432 3223 2446 3247 ,
2507 3183 2557 3236 in
2593 3180 2788 3235 Issaar.
2821 3195 2839 3228 ι
2878 3174 3052 3226 Ιὲὲίὶὲιῐ
3079 3171 3465 3234 interpretatur

1892 3287 2131 3346 ntandati
2164 3278 2466 3349 adimpletia
2498 3275 2633 3346 (57).
2684 3271 2742 3335 Si
2789 3282 2919 3335 ergo
2962 3263 3243 3318 veniamus
3284 3266 3337 3310 et
3368 3268 3468 3307 nos

1893 3384 1957 3437 ad
1989 3382 2164 3434 locum
2212 3376 2397 3435 istum,
2464 3369 2514 3424 id
2568 3377 2652 3421 est
2697 3363 2763 3416 ad
2796 3360 3155 3432 expletionem
3191 3350 3469 3406 mandato—

1894 3490 2036 3534 rum,
2068 3466 2283 3523 etiamsi
2322 3478 2445 3519 cum
2477 3459 2623 3514 omni
2661 3456 2905 3511 exercitu
2952 3449 3138 3502 veniat
3182 3445 3467 3497 adversum

1894 3581 1992 3620 nos
2033 3562 2173 3617 Seou
2210 3560 2311 3612 iste
2341 3558 2535 3616 elatus,
2568 3559 2624 3603 et
2663 3548 2931 3613 superbus
2955 3538 3216 3600 diabolus,
3257 3544 3313 3589 et
3336 3548 3468 3586 con-

1895 3660 2041 3728 tligat
2063 3656 2351 3708 adversum
2381 3661 2497 3709 nos,
2545 3643 2589 3698 si
2626 3653 2816 3695 omnes
2849 3650 2977 3689 suos
3002 3638 3193 3686 contra
3225 3641 3322 3680 nos
3355 3624 3467 3678 (Ιως

1896 3762 2083 3804 mones
2130 3742 2390 3803 concitet,
2441 3747 2758 3805 superamus
2804 3744 2925 3782 eum
2981 3724 3023 3778 si
3079 3721 3170 3775 Dei
3220 3717 3469 3771 mandata

1896 3837 2251 3908 complemus.
2277 3828 2556 3898 Complcre
2580 3820 2721 3877 enim
2751 3818 3022 3877 mandata,
3046 3814 3148 3866 hoc
3178 3817 3260 3862 est
3285 3806 3470 3860 diabo-

1896 3932 2008 3985 lum
2039 3938 2092 3984 et
2120 3939 2335 3980 onmem
2383 3920 2501 3986 ejus
2543 3911 2843 3973 exercitum
2901 3918 3181 3974 superare.
3234 3900 3299 3953 Et
3348 3907 3473 3950 tunc

1900 4018 2264 4088 complebitur
2314 4015 2365 4067 in
2409 3985 2565 4065 nobis
2601 4002 2902 4075 apostolica
2941 3996 3115 4051 oratio
3146 4006 3247 4060 qua
3294 3989 3368 4041 ait
3394 3985 3417 4019 ⁹
3454 4003 3467 4045 :

1906 4133 1924 4167 ι
1963 4114 2103 4167 Deus
2124 4117 2303 4162 autem
2332 4111 2573 4159 conteret
2624 4102 2880 4153 Satanam
2922 4089 3024 4145 sub
3059 4086 3221 4167 pedes
3258 4090 3474 4135 nostros

1901 4203 2176 4258 velociter.
2214 4218 2232 4252 ι
2271 4197 2335 4251 Ει
2380 4193 2510 4249 illud
2567 4190 2711 4261 quod
2744 4184 3002 4243 Dominus
3046 4166 3121 4232 ait
3149 4177 3233 4228 ίοε
3272 4192 3291 4225 t
3338 4171 3476 4225 Ecce

1902 4296 2022 4351 dedi
2058 4292 2216 4349 vobis
2263 4294 2588 4360 potestatem
2640 4278 2882 4336 calcandi
2917 4288 3082 4343 super
3117 4276 3398 4338 serpentes
3424 4272 3478 4316 et

1903 4388 2237 4458 scorpiones,
2279 4393 2335 4439 et
2382 4394 2546 4451 super
2576 4389 2793 4431 omnem
2830 4373 3082 4426 virtutem
3139 4360 3369 4423 inimici,
3424 4365 3480 4425 et

1908 4481 2045 4536 nihil
2066 4480 2220 4534 vobis
2247 4475 2481 4531 nocebit.
2514 4491 2533 4523 ι
2570 4469 2713 4525 Nihil
2749 4466 2891 4522 enim
2918 4476 3116 4518 nocere
3147 4456 3301 4511 vobis
3326 4461 3481 4522 pote~

1830 4552 1880 4611 D
1911 4582 2036 4631 runt
2071 4572 2170 4626 ista
2202 4568 2382 4623 omnia
2433 4566 2477 4620 si
2522 4563 2805 4638 veniamus
2855 4558 2907 4610 in
2962 4555 3157 4614 lssaar,
3190 4550 3242 4603 id
3277 4553 3380 4606 est,
3431 4541 3477 4597 si

1909 4663 2163 4718 mandata
2198 4668 2252 4714 et
2295 4664 2559 4733 praecepta
2612 4652 2821 4706 Domini
2878 4647 3046 4701 nostri
3097 4643 3221 4698 Jesu
3269 4637 3475 4701 Christi

1907 4768 2210 4817 servemus,
2236 4750 2321 4805 cui
2362 4758 2445 4803 est
2481 4746 2649 4817 gloria
2677 4753 2729 4805 et
2757 4741 3038 4812 imperium
3072 4738 3122 4793 in
3156 4733 3350 4792 saicnla
3378 4744 3481 4799 533-.

1909 4848 2176 4907 culorum.
2218 4844 2413 4898 Amen.

2474 4928 2756 4986 IIOIIILIA
2796 4925 2934 4983 XIII.

1910 5028 1988 5099 De
2026 5029 2093 5083 iis
2132 5042 2248 5097 qua:
2276 5024 2648 5099 superfuerunt
2690 5020 2854 5099 priori
2886 5014 3158 5079 tractatui,
3197 5022 3242 5065 et
3284 5011 3346 5064 de
3375 5006 3485 5069 Ba-ﬁ

2367 5095 2507 5149 laam
2564 5104 2717 5161 atque
2739 5092 2888 5143 asina
2927 5102 3063 5156 ejus.

1990 5217 2043 5275 1.
2076 5215 2336 5271 Hesterna
2394 5214 2482 5267 die
2535 5211 2846 5266 dixeramus
2895 5202 3163 5275 quomodo
3207 5199 3348 5253 Seon
3390 5206 3489 5267 rex,

1915 5310 2382 5373 Amorrbteorum,
2417 5307 2507 5376 qui
2546 5315 2631 5359 est
2678 5303 2876 5364 elatus,
2913 5308 2967 5352 et
3010 5294 3171 5379 317
3207 5292 3369 5345 arbor
3405 5288 3507 5356 in-,

1919 5404 2221 5470 fructuosa,
2250 5413 2581 5476 congressus
2613 5410 2732 5450 cum
2787 5391 2950 5449 Israel
2995 5392 3171 5444 victus
3206 5384 3387 5447 fuerit,
3420 5381 3489 5436 do

301 5620 319 5652 ³
353 5618 459 5672 Ικθ.
495 5632 550 5676 x.
584 5617 670 5680 l3,
701 5616 783 5673 14.
845 5615 865 5645 ¹
890 5613 1138 5669 Isafxtv.
1168 5610 1259 5677 15,
1291 5610 1378 5662 14.
1449 5606 1540 5680 fll
1573 5604 1766 5680 Thess.

1888 5599 2032 5680 ι..)
2072 5599 2091 5660 I
2120 5598 2259 5654 Tim.
2291 5612 2370 5669 Ill,
2401 5596 2453 5651 6.
2531 5592 2725 5664 'Joan.
2755 5603 2867 5654 xiv,
2900 5586 2953 5640 6.
3028 5585 3049 5616 ⁸
3079 5580 3394 5643 Psal.t.xxt,
3430 5575 3486 5649 1,

220 5692 243 5729 τ
282 5690 450 5744 Num.
488 5702 605 5751 xxi,
632 5678 722 5742 23.
798 5685 819 5716 ⁸
850 5685 980 5738 ibid.
1057 5684 1077 5715 ⁸
1109 5680 1266 5737 Rom.
1296 5695 1411 5743 xvr,
1442 5678 1530 5731 90.

1609 5677 1649 5707 ¹⁰
1674 5675 1807 5734 Luc.
1841 5689 1895 5737 x,
1938 5672 2023 5726 I9.

302 5853 421 5917 (57)
454 5848 638 5904 [sum
681 5848 1051 5915 interpretatur
1102 5842 1338 5915 mandati
1389 5838 1705 5908 adimpletio.
1742 5836 1779 5888 Α
1818 5842 1919 5915 mg
1967 5852 1985 5884 (
2016 5829 2311 5901 mandavit,
2340 5847 2367 5889 λ
2394 5835 2445 5880 et
2469 5842 2496 5877 a
2535 5834 2657 5901 ira
2699 5839 2717 5873 ‹
2749 5796 2970 5896 carpsit,
3003 5815 3165 5887 cepit,
3198 5810 3423 5884 accepit.
3450 5824 3500 5893 ι,

3272 6030 3298 6051 \
