3914 6512
488 384 594 444 667

1931 378 2253 437 ORIGENIS

3636 372 3717 426 εδδ

491 521 600 578 quo
628 513 682 560 et
729 509 1080 563 observanter
1103 493 1381 571 Scriptura
1439 502 1596 568 dicit,
1619 502 1744 572 quia
1791 501 1990 556 cecidit
2015 502 2066 555 in
2102 506 2144 562 Α
2177 501 2326 570 quia,
2364 517 2382 550 ι
2423 498 2490 553 de
2520 496 2684 553 corde
2713 498 3012 566 procedunt
3054 499 3419 566 cognationes
3457 489 3620 554 mala,
3643 494 3718 546 Ito.

491 613 624 652 nece
657 595 838 666 gladii,
871 592 973 659 vel,
1003 604 1059 646 ιιι
1085 593 1212 646 alibi
1260 593 1512 663 legimus,
1542 595 1593 647 in
1631 609 1724 647 ore
1752 593 1933 661 gladii.
1961 592 2065 648 Sed

490 688 535 741 si
579 685 661 740 vis
702 683 1015 750 diligentius
1065 685 1248 748 scire,
1299 699 1407 752 quo
1453 683 1629 754 gladio
1689 683 2064 739 infructuosus

490 777 616 844 iste,
647 785 699 829 et
723 775 898 830 elatus
920 775 1057 828 sicut
1099 776 1297 829 cedrus
1343 775 1532 829 Libani
1568 776 1848 842 ceciderit,
1883 776 2064 829 disca-

491 882 612 922 mus
631 867 699 921 ab
734 865 983 934 apostolo
1013 865 1177 919 Paulo
1199 867 1418 920 dicente
1444 867 1522 918 “z
1562 884 1580 916 ι
1620 866 1783 920 Vivus
1811 865 1955 919 enim
1983 872 2067 918 est

490 974 672 1013 sermo
710 958 822 1025 Dei,
850 969 903 1012 et
927 956 1142 1019 eﬂicax,
1164 967 1218 1012 et
1253 957 1642 1027 penetrabilior
1659 957 1806 1011 omni
1829 956 2060 1026 gladio.»

489 1050 557 1105 Et
590 1052 718 1105 item
752 1052 802 1104 in
844 1050 1006 1105 aliis:
1049 1067 1068 1099 ι
1107 1049 1169 1102 Ει
1216 1051 1478 1118 gladium,
1515 1049 1782 1120 inquit",
1825 1049 2064 1117 spiritus,

489 1143 634 1212 quod
657 1152 740 1198 est
768 1144 990 1196 verbum
1014 1141 1127 1196 Dei.
1161 1160 1179 1192 ι
1209 1140 1264 1192 In
1291 1141 1449 1210 hujus
1479 1155 1610 1207 ergo
1634 1139 1793 1210 gladii
1823 1155 1954 1194 nece
1976 1154 2066 1194 ce-

491 1235 625 1287 cidit
649 1233 916 1303 spiritalis
941 1231 1108 1297 Seon,
1140 1233 1234 1302 qui
1269 1241 1353 1286 est
1379 1231 1650 1284 diabolus.
1694 1230 1923 1284 Additur
1949 1239 2068 1299 post

495 1325 609 1378 bare
637 1324 678 1355 “
712 1341 725 1376 :
755 1340 774 1374 ι
813 1322 878 1376 Ει
913 1323 1175 1377 dominati
1209 1331 1355 1386 sunt,
1381 1323 1574 1391 inquit,
1612 1321 1701 1374 filii
1731 1320 1893 1374 Israel
1920 1319 2063 1373 omni

493 1423 652 1468 terra:
702 1412 837 1480 ejus.
894 1432 913 1466 ι
956 1413 1144 1468 Omnis
1183 1413 1400 1480 quidem
1464 1415 1611 1482 regio
1671 1412 1784 1464 hzcc
1830 1419 2064 1473 terrena,

494 1514 639 1558 terra
677 1505 878 1559 dicitur
933 1504 1074 1560 Seon
1107 1522 1120 1558 :
1152 1505 1245 1559 sed
1275 1503 1526 1558 Christus
1575 1513 1628 1557 et
1677 1502 1916 1556 Ecclesia
1950 1501 2066 1568 ejus

491 1597 801 1652 dominatur
829 1598 880 1650 ir.
907 1599 1053 1651 omni
1115 1607 1256 1650 terra
1297 1595 1459 1649 Seon.
1501 1612 1519 1644 ‹
1551 1594 1614 1648 Ει
1646 1592 1902 1648 dominati
1941 1600 2068 1646 sttnt

492 1687 560 1739 ab
581 1687 760 1741 Arnon
799 1703 968 1757 usque
999 1686 1244 1741 Jaboc“.
1277 1705 1295 1738 ι
1326 1687 1510 1738 Arnon
1541 1695 1594 1738 et
1619 1683 1789 1738 .Iaboc
1819 1684 2066 1738 civitates

491 1789 651 1834 crant
695 1782 837 1852 regis
890 1780 1030 1834 Seon
1056 1779 1190 1849 (58),
1222 1780 1314 1834 sed
1351 1778 1564 1832 initium
1605 1777 1756 1847 regni
1789 1765 1910 1846 ejus
1949 1784 2068 1830 erat

491 1877 701 1939 Arnon,
729 1884 782 1929 et
818 1873 940 1928 finis
959 1871 1155 1937 Jaboc,
1185 1882 1238 1925 et
1274 1871 1394 1926 ideo
1427 1870 1626 1924 dicitur
1651 1870 1778 1939 quia
1810 1869 2068 1924 dominati

492 1977 618 2024 sunt
651 1969 720 2023 ab
772 1969 955 2020 Arnon
1010 1979 1178 2036 usque
1208 1964 1398 2018 Jaboc.
1443 1963 1836 2033 Interpretatur
1885 1972 2066 2019 autem

490 2063 677 2116 Arnon
704 2060 1096 2114 maledictiones
1119 2073 1298 2112 eorum
1327 2056 1462 2127 (59).
1493 2056 1707 2110 Initium
1744 2057 1886 2111 enim
1920 2057 2066 2127 regni

494 2153 636 2206 Seon
668 2151 828 2220 hujus
861 2151 988 2204 elati
1019 2159 1074 2205 et
1104 2149 1452 2214 infructuosi,
1495 2148 1898 2202 maledictiones
1917 2156 2065 2204 sunt.

492 2242 642 2298 Finis
681 2257 812 2298 vero
889 2251 971 2297 est
1021 2239 1214 2307 .Iaboc,
1264 2241 1407 2311 quod
1453 2242 1843 2310 interpretatur
1895 2239 2070 2291 lucta-

490 2349 608 2387 men
638 2332 772 2404 (40).
805 2331 1034 2387 Necesse
1069 2341 1151 2384 cst
1189 2331 1333 2383 enim.
1363 2340 1419 2383 ιιι
1443 2331 1619 2384 omnis
1641 2330 1730 2398 qui
1778 2330 1890 2383 vult
1919 2330 2071 2384 exire

490 2423 556 2476 de
613 2438 780 2495 regno
834 2423 1037 2478 diaboli
1092 2433 1146 2478 et
1183 2423 1318 2476 fines
1363 2420 1480 2488 ejus
1509 2421 1762 2483 evadere,
1796 2421 2068 2476 luctamen

491 2514 756 2580 inveniat,
786 2523 839 2568 et
872 2515 1173 2569 certamina
1198 2515 1246 2568 ei
1277 2529 1305 2566 a
1333 2512 1599 2566 ministris
1639 2512 1760 2581 ejus
1802 2521 1858 2565 et
1903 2512 2068 2566 satel-

493 2607 681 2661 litibus
707 2607 1058 2662 suscitentur.
1100 2606 1203 2661 Sed
1237 2607 1282 2660 si
1311 2605 1545 2659 luctatus
1572 2605 1738 2659 fuerit
1760 2613 1817 2658 et
1852 2605 2068 2671 vicerit,

488 2697 602 2766 jam
649 2713 753 2754 non
795 2700 895 2752 erit
928 2699 1096 2754 Jaboc
1139 2700 1328 2752 civitas
1369 2697 1530 2762 Seon,
1582 2697 1678 2750 sed
1725 2696 1830 2749 erit
1881 2697 2072 2749 civitas

493 2787 684 2842 Israel.
719 2789 830 2843 Hoc
871 2790 1117 2844 estenim
1165 2789 1442 2854 nimirum,
1485 2789 1626 2856 quod
1665 2788 1894 2857 legimus
1929 2799 1978 2843 et
2008 2791 2073 2842 de

495 2880 804 2949 patriarcha
837 2881 1004 2936 Iacob
1043 2883 1107 2946 η,
1135 2882 1391 2951 quoniam
1444 2897 1564 2936 cum
1615 2881 1855 2936 venisset
1897 2881 1961 2934 ad
1992 2881 2074 2935 lo-

495 2985 619 3024 cum
654 2973 963 3040 quemdam,
1011 2973 1285 3028 luctamen
1340 2973 1390 3026 ei
1451 2980 1813 3041 prcharatum
1868 2981 2074 3026 est:et

495 3063 568 3116 ibi
605 3070 714 3118 tota
749 3073 906 3119 nocte
931 3065 1168 3119 luctatus
1204 3081 1326 3119 cum
1361 3065 1689 3119 obtinuisset
1721 3074 1777 3119 et
1817 3065 2075 3120 invaluis-

496 3162 580 3207 set
609 3155 676 3208 ad
723 3154 916 3220 Deum,
969 3156 1263 3210 vocitatum
1333 3162 1421 3208 est
1470 3169 1665 3208 nomen
1713 3152 1830 3221 ejus
1889 3153 2069 3208 Israel.

502 3265 522 3298 ι
555 3246 618 3299 Et
639 3248 870 3314 accepit,
901 3248 1077 3316 inquit
1112 3249 1175 3312 ¹⁶,
1211 3246 1377 3302 Israel
1399 3262 1590 3300 omnes
1633 3248 1880 3302 civitates
1913 3248 2070 3310 istas,

497 3346 552 3390 ct
583 3337 848 3392 habitavit
880 3337 930 3390 in
953 3339 1204 3393 erunibus
1226 3339 1537 3394 civitatibus
1569 3339 2064 3394 Amorrhrcorum.»

501 3427 602 3484 Hic
653 3430 840 3494 Israel,
891 3431 982 3501 qui
1039 3431 1091 3484 in
1140 3430 1361 3486 Christo
1396 3431 1561 3485 Israel
1610 3441 1714 3495 est,
1743 3431 1834 3499 qui
1882 3431 2070 3483 nonin

501 3519 876 3592 carneIsrael,
909 3537 1010 3577 nec
1045 3522 1098 3576 in
1131 3522 1420 3578 manifesto
1463 3522 1678 3578 Iudaeus
1698 3531 1800 3589 est,
1835 3523 1947 3590 ipse
1978 3522 2075 3575 ba-

500 3611 637 3666 bitat
665 3612 717 3666 in
745 3614 996 3668 omnibus
1023 3613 1340 3668 civitatibus
1377 3614 1842 3680 Amorrbteorum,
1867 3628 1987 3668 cum
2019 3611 2073 3666 in

499 3705 644 3758 omni
675 3705 805 3759 orbe
842 3713 1103 3759 terrarum
1139 3705 1340 3760 Christi
1385 3704 1639 3760 Ecclesiae
1680 3715 2071 3774 propagentur.

502 3791 606 3846 Sed
637 3800 690 3845 et
725 3794 1096 3861 unusquisque
1129 3800 1372 3846 nostrum
1420 3792 1568 3859 prius
1619 3790 1810 3844 civitas
1845 3791 1945 3843 fuit
1989 3805 2077 3845 re-

499 3885 580 3950 gis
607 3882 733 3936 elati
767 3901 781 3936 :
809 3884 1069 3952 regnabat
1102 3884 1244 3936 enim
1271 3883 1322 3935 in
1347 3882 1500 3935 nobis
1521 3881 1767 3946 stultitia,
1797 3881 2072 3949 superbia,

501 3974 771 4042 impietas,
796 3983 850 4026 et
881 3975 1058 4026 omnia
1089 3989 1206 4042 qum
1240 3983 1364 4026 sunt
1404 3988 1467 4026 ex
1511 3983 1665 4043 parte
1706 3973 1904 4027 diaboli
1937 3995 1948 4029 :
1981 3973 2075 4027 sed

501 4063 590 4116 tibi
620 4072 961 4131 expugnatus
1000 4071 1052 4116 et
1100 4065 1346 4118 devictus
1377 4073 1458 4116 est
1504 4063 1678 4129 fortis,
1710 4073 1763 4118 et
1801 4079 1926 4119 vasa
1960 4065 2076 4134 ejus

501 4153 708 4222 direpta
742 4163 884 4218 sunt,
919 4153 1092 4208 eII‘ccti
1157 4171 1343 4209 sumus
1397 4155 1587 4210 civitas
1614 4156 1775 4210 Israel
1817 4166 1869 4210 et
1907 4159 2076 4212 haere-

505 4245 646 4298 tlitas
667 4253 1014 4311 sanctorum;
1049 4247 1095 4299 si
1121 4256 1301 4300 tamen
1337 4248 1550 4316 penitus
1582 4249 1762 4302 excisa
1789 4261 1871 4302 est
1901 4251 1950 4303 in
1983 4267 2079 4305 no-

504 4335 587 4390 bis
609 4347 853 4402 potestas
896 4337 1009 4403 illa,
1045 4354 1164 4406 qua:
1210 4339 1358 4407 prius
1387 4339 1768 4393 dominabatur
1819 4343 1995 4406 nobis,
2026 4352 2080 4397 et

499 4429 680 4484 excisa
722 4439 806 4484 est
838 4430 1001 4482 arbor
1059 4428 1418 4492 infructuosa,
1472 4437 1526 4482 et
1585 4429 1824 4497 dejectus
1857 4441 1940 4486 est
1982 4448 2078 4487 rex

501 4519 696 4584 elatus,
724 4529 776 4574 et
795 4536 982 4574 sumus
1005 4521 1102 4574 sub
1128 4535 1193 4574 eo
1219 4535 1360 4588 rege,
1393 4519 1484 4589 qui
1515 4519 1645 4573 dicit
1671 4521 1712 4551 "
1740 4544 1750 4577 :
1784 4541 1802 4572 ι
1830 4523 2028 4577 Discite
2047 4540 2075 4575 a

501 4628 589 4665 me
615 4615 739 4682 quia
798 4613 946 4667 mitis
997 4628 1137 4675 sum,
1189 4620 1240 4665 et
1285 4612 1504 4665 humilis
1544 4613 1725 4668 corde.
1765 4633 1783 4664 ι
1814 4613 1942 4670 Post
1967 4617 2079 4670 haec

501 4701 775 4770 sigillatim
803 4702 911 4772 jam
943 4703 1196 4757 civitates
1237 4701 1455 4769 superbi
1484 4713 1538 4756 et
1581 4703 1902 4759 infructuosi
1938 4706 2080 4775 regis

501 4801 807 4861 enumerat,
850 4804 906 4849 et
953 4794 1084 4849 dicit
1113 4794 1155 4824 "
1194 4810 1208 4846 :
1243 4811 1260 4843 ‹
1297 4793 1352 4847 In
1399 4794 1612 4849 Esebon
1647 4806 1700 4850 et
1741 4797 1794 4850 in
1827 4799 2078 4853 omnibus

502 4885 701 4941 finibus
731 4885 866 4955 ejus.
907 4905 925 4939 ι
969 4888 1106 4953 Quid
1150 4899 1233 4944 est
1272 4889 1396 4958 hoc,
1435 4891 1580 4959 quod
1622 4891 1950 4960 prrccipuam
1985 4907 2080 4945 ur-

505 4977 627 5030 bem
661 4979 727 5033 de
762 4993 926 5048 regno
949 4977 1088 5032 Seon
1119 4980 1416 5034 nominavit
1456 4981 1708 5055 Esebou?
1736 4981 1948 5035 Esebon
1991 4983 2074 5034 iu-

507 5079 838 5140 terpretatur
859 5072 1199 5140 cogitationes
1240 5071 1373 5142 (II).
1413 5073 1606 5128 Merito
1642 5090 1772 5142 ergo
1800 5089 1928 5143 pars
1961 5090 2076 5127 ma-

505 5162 651 5214 xima
687 5162 839 5230 regni
897 5162 1174 5229 diabolici,
1231 5173 1286 5218 et
1325 5175 1564 5234 po’estas
1605 5166 1724 5236 ejus
1751 5165 1982 5236 plurima
2023 5168 2075 5218 in

503 5253 924 5322 cogitationibus
954 5265 1162 5324 regnat.
1199 5257 1289 5312 Sic
1317 5260 1461 5313 enim
1483 5259 1686 5314 dixitet
1712 5259 1975 5312 Dominus
2013 5259 2078 5323 ‘°,

577 5349 618 5379 ιι
653 5348 816 5422 nent.
845 5363 918 5414 IV,
949 5349 1035 5402 ιε.
1115 5353 1156 5422 ιίε
1177 5352 1372 5422 Ephes.
1394 5358 1467 5416 vi,
1496 5355 1584 5409 t7.

503 5419 596 5476 29.
674 5420 716 5451 ³⁸
754 5417 914 5472 Num.
959 5435 1067 5480 χχι,
1116 5417 1234 5476 25(
1301 5424 1344 5455 ¹⁹
1384 5424 1552 5479 Marc.
1588 5439 1685 5488 vlt,
1711 5425 1805 5488 2|,
1841 5424 1914 5478 22
1947 5434 1999 5478 et
2022 5424 2114 5478 25.

504 5503 696 5552 vattt,
727 5489 781 5542 2.
857 5489 902 5518 ⁸³
935 5489 1056 5547 Isai.
1100 5508 1250 5556 χιιι.
1303 5494 1390 5557 II,
1423 5494 1510 5549 I2.

577 5578 690 5647 (58)
722 5578 903 5634 Codex
941 5577 998 5632 S.
1025 5578 1260 5643 Theod.,
1293 5600 1311 5631 ι
1359 5581 1597 5647 regionis
1627 5579 1789 5634 Seon.
1826 5600 1843 5632 ι

579 5628 689 5717 (ὲὺ)
727 5628 1327 5712 Bitia—riréiaiu'r'Bitian:
1358 5628 1977 5709 Χῗήἇῆἱιῐέὖιξτιοαεε
1991 5665 2077 5707 εο-

519 5730 646 5769 nou.
676 5719 718 5770 A
743 5719 922 5773 radice
947 5726 1068 5779 Tus:
1098 5740 1115 5771 ι
1155 5722 1453 5776 maledixit.
1488 5739 1506 5772 ι

582 5787 696 5859 (ιο)
727 5786 915 5852 Jaboc,
954 5776 1100 5856 ‘tju’o‘d
1151 5793 1525 5858 interpretatur
1559 5805 1854 5848 euersum.
1886 5793 1925 5845 A
1961 5801 2077 5855 an:

1661 5352 1704 5384 ¹³
1725 5351 1886 5406 Νιιιη.
1907 5369 2019 5415 xxt,
2048 5353 2138 5407 24.

2175 591 2412 649 micidia.
2446 590 2732 651 adulteria,
2763 588 2928 651 furta,
2956 587 3091 642 falsa
3117 587 3460 644 testimonia,
3500 584 3717 653 blasphe-

2175 682 2318 744 mim,
2342 689 2396 733 et
2423 678 2522 733 ista
2563 689 2688 732 sunt
2735 694 2854 747 quae
2905 678 3260 746 coinquinant
3294 675 3592 730 hominem.
3621 692 3636 724 I
3672 674 3720 726 Et

2175 773 2296 827 ideo
2362 771 2675 826 necessario
2737 771 3046 825 incenditur
3101 769 3200 822 ista
3259 769 3481 828 civitas,
3534 774 3586 818 et
3624 765 3720 834 igne

2174 862 2442 917 exuritur.
2474 861 2591 927 Quo
2631 861 2793 929 igne?
2828 860 2919 914 Illo
2950 859 3198 928 profecto
3227 859 3294 912 de
3333 873 3446 925 quo
3470 857 3598 910 dicit
3626 856 3719 906 Sal-

2172 960 2328 1002 vator
2356 950 2402 980 ὀ
2430 967 2442 1002 :
2477 965 2495 999 ι
2534 947 2714 1018 Ignem
2750 948 2869 1002 veni
2904 949 3121 1001 mittere
3166 947 3218 1000 in
3251 957 3481 1009 terram,
3509 955 3562 1000 et
3592 959 3719 1012 quam

2173 1039 2295 1092 volo
2319 1048 2376 1091 ιιι
2408 1040 2754 1093 accendatur.
2797 1057 2815 1090 ι

2172 1151 2174 1156 ι
2239 1129 2296 1183 2.
2330 1129 2460 1184 Post
2510 1144 2680 1198 pauca
2716 1140 2895 1183 autem
2953 1129 3191 1184 refertur
3220 1130 3286 1184 de
3343 1131 3460 1198 ipsa
3499 1128 3722 1184 civitate.

2176 1239 2194 1272 ‹
2222 1219 2450 1290 Propter
2474 1223 2597 1286 hoc,
2630 1221 2807 1289 inquit
2836 1222 2906 1285 τι,
2953 1221 3138 1275 dicent
3182 1222 3565 1291 aenigmatista:
3594 1238 3608 1273 :
3645 1219 3726 1272 Vc.

2172 1315 2285 1367 nite
2317 1315 2367 1367 in
2404 1314 2635 1376 Esebon,
2675 1322 2732 1365 ut
2755 1312 3052 1366 :cdificetur
3082 1320 3137 1364 et
3181 1322 3537 1366 construatur
3564 1311 3728 1363 civitas

2173 1405 2312 1460 Seon
2352 1420 2366 1457 :
2401 1406 2654 1474 quoniam
2719 1407 2859 1474 ignis
2918 1403 3184 1471 processit
3256 1404 3323 1457 de
3398 1402 3635 1464 Esebon,
3689 1415 3728 1454 et

2175 1494 2389 1548 ﬂamma
2423 1495 2487 1548 de
2522 1496 2742 1550 civitate
2778 1495 2920 1548 Seon
2977 1495 3258 1550 devoravit
3292 1509 3467 1561 usque
3520 1492 3725 1545 Moab»

2175 1584 2338 1646 Seon,
2366 1593 2421 1636 nt
2445 1585 2702 1647 diximus,
2730 1593 2846 1636 erat
2889 1600 3006 1644 rex,
3039 1584 3192 1652 cujus
3230 1595 3347 1637 erat
3391 1584 3593 1637 civitas
3623 1583 3732 1636 Esc-

2175 1674 2301 1727 bon.
2353 1673 2442 1726 Sic
2499 1688 2629 1740 ergo
2675 1672 3056 1742 intelligendus
3104 1683 3186 1728 est
3242 1675 3382 1728 ordo
3441 1672 3732 1735 verborum,

2173 1765 2326 1833 quasi
2357 1765 2540 1820 dicant
2575 1763 2662 1818 isti
2705 1763 3084 1833 :enigt'natisttn
3115 1784 3127 1819 :
3166 1765 3354 1819 Venite
3383 1773 3443 1817 ιιι
3469 1773 3734 1818 construa-

2101 1861 2144 1912 Β
2178 1867 2264 1910 tur
2291 1865 2345 1910 et
2387 1856 2688 1910 :edificetur
2747 1855 2986 1920 Esebon,
3035 1872 3154 1927 quaa-
3201 1857 3304 1911 fuit
3342 1857 3545 1911 civitas
3594 1855 3734 1908 Scott.

2171 1950 2275 2004 Sed
2325 1949 2666 2018 requiramus
2724 1963 2866 2002 nunc
2913 1948 3005 2018 qui
3062 1949 3172 2003 sint
3215 1949 3303 2003 isti
3349 1948 3735 2017 aenigmatista

2171 2041 2421 2111 Enigma
2457 2042 2654 2096 dicitur
2674 2055 2852 2096 sermo
2879 2038 3164 2110 figuratus.
3192 2039 3612 2109 Enigmatistz
3630 2055 3738 2109 ergo

2169 2133 2460 2196 dicuntur,
2506 2134 2594 2200 qui
2661 2133 2968 2203 figuraliter
3031 2133 3349 2202 loquuntur.
3421 2131 3486 2184 Et
3519 2132 3739 2200 quiseSt

2171 2225 2328 2288 alius,
2380 2225 2470 2293 qui
2529 2225 2580 2277 itt
2621 2224 2808 2294 figuris
2860 2225 3072 2280 locutus
3111 2225 3200 2288 sit,
3233 2225 3333 2278 nisi
3390 2222 3478 2278 lex
3535 2234 3592 2276 et
3636 2239 3741 2292 pro-

2172 2315 2384 2385 phelgc?
2409 2315 2543 2368 Audi
2573 2315 2716 2368 enim
2741 2315 3011 2384 quomodo
3058 2316 3222 2369 David
3274 2316 3411 2370 dicit
3439 2317 3484 2345 ”
3515 2333 3530 2368 :
3565 2331 3584 2363 ι
3627 2316 3742 2382 Ape-

2173 2410 2307 2462 riam
2336 2409 2388 2462 in
2439 2409 2716 2479 parabolis
2764 2424 2826 2464 os
2877 2425 3077 2475 meum,
3124 2411 3314 2479 loquar
3353 2409 3742 2479 propositiones

2174 2503 2242 2558 ab
2301 2504 2456 2558 initio
2501 2501 2706 2557 saeculi.
2742 2520 2760 2552 ι
2795 2500 2900 2558 Sed
2955 2513 3011 2557 et
3057 2502 3246 2567 Isaias,
3291 2502 3423 2572 quia
3469 2501 3740 2568 aenigmata

2173 2599 2283 2652 sint
2317 2613 2434 2666 qnze
2491 2598 2730 2666 scripsit,
2761 2600 2862 2653 hnc
2904 2598 3063 2652 modo
3089 2595 3331 2651 declarat
3373 2613 3387 2648 :
3424 2611 3444 2644 ι
3487 2594 3551 2647 Et
3579 2603 3738 2650 erunt,

2177 2690 2351 2759 inquit
2382 2691 2449 2756 ³³,
2472 2689 2638 2744 verba
2670 2689 2792 2742 libri
2829 2688 2988 2756 hujus
3018 2689 3155 2743 sicut
3175 2686 3340 2742 verba
3360 2686 3489 2738 libri
3526 2685 3742 2754 signati;

2175 2798 2336 2851 quem
2369 2783 2412 2837 si
2447 2781 2703 2838 dederint
2741 2781 2791 2834 in
2848 2797 3040 2836 manus
3074 2780 3314 2834 hominis
3337 2778 3642 2832 nescientis
3673 2777 3746 2829 lit-

2178 2889 2340 2942 teras,
2370 2889 2422 2933 et
2459 2880 2695 2933 dixerint
2730 2881 2778 2934 ei
2818 2897 2830 2932 :
2870 2878 3032 2946 Lege,
3079 2876 3219 2929 dicet
3274 2891 3288 2926 :
3345 2871 3470 2926 Non
3514 2872 3638 2926 novi
3671 2871 3744 2925 Iit-

2177 2982 2345 3027 teras.
2391 2973 2446 3027 Si
2493 2983 2674 3028 autem
2735 2973 2984 3028 dederint
3019 2971 3214 3026 scienti
3267 2970 3514 3031 litteras,
3576 2970 3744 3023 dicet.

2176 3063 2292 3119 Non
2327 3079 2546 3133 possunt
2600 3065 2810 3134 legere,
2836 3064 3086 3134 signatus
3119 3071 3201 3116 cst
3231 3062 3405 3116 enim.
3442 3079 3460 3112 ι
3499 3060 3746 3130 Signata:

2179 3165 2362 3208 autem
2389 3155 2589 3208 dicitur
2626 3156 2762 3210 liber
2793 3171 2890 3226 pro
2923 3169 3010 3216 eo,
3049 3153 3188 3221 quod
3234 3153 3426 3222 figuris
3464 3154 3744 3222 perplexas

2177 3255 2282 3308 est,
2309 3255 2362 3298 et
2387 3245 2767 3317 :enigmatibus
2800 3245 3092 3301 involutus.
3123 3243 3319 3298 Dicunt
3344 3258 3486 3314 ergo
3514 3245 3604 3298 isti
3633 3244 3748 3296 gai-

2178 3337 2447 3408 gmatislm
2486 3355 2498 3390 :
2539 3363 2557 3389 ι
2584 3336 2779 3392 Venite
2809 3337 2860 3390 in
2893 3336 3127 3394 Esebon.
3155 3343 3213 3388 ut
3237 3334 3569 3390 aedificetur.
3612 3353 3632 3386 ι
3657 3334 3748 3388 Ce-

2176 3430 2305 3483 cidit
2343 3430 2430 3483 illa
2459 3429 2632 3498 prima
2674 3429 2926 3494 Esebon,
2975 3427 3084 3480 imo
3133 3429 3394 3481 subversa
3454 3436 3542 3482 est
3595 3437 3649 3480 et
3681 3428 3753 3478 in-

2177 3537 2366 3584 censa,
2421 3521 2800 3576 remdificanda
2867 3529 2949 3575 cst
2992 3522 3115 3576 alia.
3172 3520 3277 3576 Sed
3337 3519 3617 3589 quomodo
3659 3517 3751 3571 hoc

2179 3614 2295 3678 fiat,
2334 3623 2614 3682 assumpto
2653 3613 3006 3668 ostendamus
3027 3612 3297 3682 exemplo.
3342 3611 3400 3667 Si
3430 3613 3622 3666 videas
3642 3627 3755 3681 gel-

2179 3705 2324 3759 tilem
2380 3705 2433 3758 itt
2491 3706 2756 3759 dedecore
2817 3705 2939 3760 vita:
2979 3706 3212 3774 positum
3244 3719 3308 3758 ac
3341 3704 3624 3774 religionis
3671 3719 3755 3757 er-

2179 3812 2321 3860 rore,
2357 3812 2462 3848 non
2487 3797 2705 3850 dubites
2739 3800 2804 3850 de
2837 3811 2901 3850 eo
2927 3797 3135 3859 dicere,
3159 3797 3305 3864 quod
3326 3797 3398 3849 sit
3438 3797 3529 3850 bic
3555 3796 3755 3849 Esebon

2177 3887 2373 3940 civitas
2400 3886 2451 3938 in
2481 3901 2647 3954 regno
2685 3886 2826 3956 regis
2885 3885 3051 3939 Seon.
3091 3885 3304 3953 Regnat
3342 3888 3494 3940 enim
3538 3886 3590 3938 in
3617 3887 3756 3951 cogi-

2179 3978 2474 4032 tationi'ous
2508 3979 2624 4047 ejus
2655 3994 2749 4033 rex
2785 3978 3151 4032 infructuosus
3173 3987 3225 4031 et
3248 3978 3452 4032 elatus.
3493 3977 3573 4030 Ad
3623 3978 3756 4028 hunc

2179 4071 2222 4124 si
2256 4071 2473 4124 accedat
2519 4071 2706 4135 Israel,
2751 4071 2853 4126 hoc
2892 4081 2975 4126 est
3009 4071 3269 4127 Ecclesite
3309 4071 3478 4134 filius,
3518 4079 3575 4123 et
3620 4067 3760 4121 aditi-

2178 4161 2504 4230 beatjacula
2533 4163 2684 4218 verbi
2721 4163 2835 4228 Dei,
2864 4174 2918 4218 et
2944 4164 3239 4233 distringat
3268 4175 3467 4218 contra
3501 4178 3627 4216 eum
3653 4161 3760 4230 gla-

2180 4255 2326 4310 dium
2375 4255 2622 4325 spiritus,
2676 4256 2922 4310 destruat
2975 4257 3026 4310 in
3084 4274 3150 4313 eo
3193 4271 3381 4310 omnes
3434 4255 3759 4309 munitiones

2181 4348 2458 4415 gentilium
2506 4349 2838 4419 dogmatnm,
2902 4359 2950 4404 et
2992 4350 3257 4404 elationes
3311 4356 3757 4416 argumentorum

2181 4438 2297 4506 ejus
2324 4439 2444 4508 igne
2477 4439 2724 4493 veritatis
2765 4449 2978 4503 exurat,
3011 4441 3178 4494 dicito
3213 4439 3279 4492 de
3311 4442 3441 4499 hoc,
3478 4438 3606 4505 quia
3639 4437 3760 4486 sub-

2181 4546 2342 4583 versa
2387 4538 2472 4583 est
2523 4529 2737 4583 Esebon
2769 4530 2960 4584 civitas
3005 4528 3169 4583 Seon.
3206 4528 3310 4582 Sed
3358 4544 3467 4582 non
3503 4526 3761 4580 continuo

2187 4621 2433 4674 desertus
2459 4628 2512 4672 et
2553 4619 2845 4674 destitutus
2877 4619 3201 4686 relinquitur
3237 4619 3362 4679 iste,
3402 4619 3456 4670 in
3496 4631 3605 4686 quo
3636 4614 3760 4667 sub-

2185 4726 2340 4766 versa
2383 4721 2508 4766 sunt
2543 4712 2824 4781 gentilium
2851 4711 3128 4782 dogmata.
3159 4710 3272 4764 Non
3305 4709 3452 4765 enim
3479 4707 3756 4774 disciplina

2186 4811 2266 4856 est
2293 4802 2417 4857 ﬁliis
2438 4801 2603 4857 Israel
2629 4801 2933 4858 destructas
2964 4805 3277 4873 relinquere
3307 4816 3447 4870 quas
3482 4801 3760 4852 destruxe-

2185 4897 2294 4950 rint
2324 4897 2576 4950 civitates
2603 4909 2617 4948 :
2644 4895 2736 4950 sed
2763 4909 2884 4949 cum
2924 4896 3236 4950 subruerint
3289 4903 3347 4948 et
3374 4891 3670 4946 everterint
3703 4888 3754 4940 in

2181 4985 2398 5039 homine
2434 4983 2603 5038 malas
2637 4985 2991 5054 cogitationes
3049 4993 3105 5040 et
3162 4983 3360 5052 impios
3396 4996 3611 5043 sensus,
3638 4992 3757 5032 re:-

2186 5077 2486 5130 dificabunt
2518 5090 2704 5129 rursus
2737 5076 2787 5128 in
2814 5080 2977 5132 corde
3033 5077 3154 5146 ejus
3179 5091 3340 5144 quem
3390 5071 3756 5128 destruxerint

2137 5208 2142 5212 -
2183 5168 2354 5224 bonas
2372 5171 2748 5239 cogitationes,
2782 5171 2899 5240 pios
2928 5184 3140 5231 sensus,
3173 5166 3480 5222 doctrinam
3515 5162 3754 5218 veritatis

2185 5258 2452 5323 inserent,
2488 5261 2764 5328 religionis
2795 5262 2955 5314 ritum
2994 5259 3223 5318 tradent.
3270 5258 3512 5310 ordinem
3546 5253 3752 5306 vivendi

2217 5357 2260 5385 “
2287 5356 2416 5410 ibid.
2498 5354 2882 5410 "Gemxxxu.
2963 5354 3005 5384 ¹⁸
3052 5354 3182 5406 ibid.
3217 5351 3305 5404 25.
3386 5351 3425 5381 ’τ
3465 5350 3640 5401 Matth.
3675 5362 3746 5404 ιι,

2192 5426 2237 5456 ²⁰
2272 5424 2404 5479 Luc.
2465 5442 2564 5492 xu,
2629 5426 2718 5480 49.
2796 5427 2836 5456 "
2867 5425 3025 5479 Num.
3062 5439 3178 5486 χχι,
3221 5422 3312 5485 27,
3361 5419 3450 5473 28.
3525 5419 3570 5448 ³⁸
3606 5416 3744 5470 Psai.

2201 5599 2229 5662 ι.
2252 5580 2524 5643 exhausit,
2555 5577 2866 5643 evacuavit,
2905 5597 2925 5631 ι
2964 5573 3105 5648 quod
3139 5574 3192 5628 in
3217 5573 3362 5630 lucta
3388 5572 3526 5626 vires
3545 5569 3744 5624 exhau-

2189 5660 2628 5800 mdi‘IlSLEsebon,
2695 5721 3478 5800 interpretaturcontrariosas.
3502 5709 3580 5764 Mt
3607 5715 3750 5767 21m

2191 5812 2208 5845 ί
2249 5799 2521 5858 cogitavit.
2558 5809 2574 5839 ι
3106 5799 3109 5801 ’
