3914 6544
175 422 281 480 669

1380 418 1450 473 IN
1486 411 1822 473 NUMEROS
1855 407 2137 467 HOMILIA
2162 408 2301 466 XIII.

3323 411 3428 466 670

174 544 474 611 docebunt,
520 546 685 617 318
731 545 1072 603 honestatem
1119 557 1359 607 morum,
1395 536 1752 595 observantia:
1780 537 1828 594 Α
1854 546 2072 602 gemas:
2105 530 2346 599 alioquin
2362 528 2736 586 debuissemus
2759 530 2827 587 de
2850 532 2956 587 hoc
2984 530 3186 586 mundo
3206 532 3422 587 emisse.

174 642 379 688 statuta
412 640 815 692 monstrabunt.
844 637 909 690 Et
931 646 1059 690 tunc
1091 650 1215 689 vere
1246 633 1426 687 dicent
1474 629 1562 683 isti
1615 628 1745 680 teni-

174 722 441 791 gmatistae
467 727 533 780 ad
560 727 877 795 semetipsos
899 726 1130 778 invicem
1160 741 1173 776 :
1204 721 1415 782 Venite,
1444 716 1749 773 etzediﬁce-

174 829 297 869 mus
324 816 560 883 Escbon,
609 833 732 888 qua:
779 819 881 875 fuit
906 817 1101 871 civitas
1151 814 1317 869 Seon.
1348 812 1413 866 Et
1441 810 1541 879 ipsi
1577 808 1742 871 enim,

175 911 276 965 hoc
302 920 387 966 est
419 911 511 965 ﬁlii
532 913 810 978 Ecclesite,
845 913 970 983 quia
1006 911 1207 982 ﬁguras
1232 910 1363 979 legis
1386 918 1439 962 et
1457 907 1744 975 aenigmata

169 1002 494 1069 spiritaliter
550 1005 894 1075 intelligunt,
950 1003 1330 1072 aenigmatista:
1384 997 1741 1069 appellantur.

170 1088 284 1146 Hoc
308 1094 557 1163 estquod
590 1104 645 1150 et
688 1094 950 1150 Jeremias
1004 1094 1213 1164 ﬁgurali
1257 1090 1607 1146 nihilominus
1628 1102 1747 1141 ser-

166 1200 330 1241 mone
376 1189 649 1258 designat,
699 1190 789 1245 ubi
826 1191 892 1244 ad
938 1203 1060 1243 eum
1101 1177 1305 1242 dicitur
1334 1200 1362 1239 a
1391 1184 1620 1238 Domino
1653 1181 1739 1235 ’δε

170 1294 190 1328 σ
223 1278 366 1334 Ecce
423 1281 542 1335 dedi
576 1282 741 1335 verba
780 1296 897 1334 mea
936 1282 986 1334 in
1021 1294 1081 1334 os
1113 1288 1282 1341 tuum,
1314 1290 1442 1331 ecce
1487 1274 1739 1328 constitui

166 1381 220 1425 te
248 1372 409 1426 hodie
440 1387 602 1442 super
654 1383 841 1442 gentes
866 1382 921 1428 et
967 1386 1162 1441 regna,
1187 1369 1489 1431 eradicare,
1526 1376 1580 1422 et
1612 1368 1741 1421 sub-

160 1472 398 1529 vertere,
428 1474 483 1518 et
511 1464 850 1528 reaadiﬁcare
901 1473 957 1518 et
999 1463 1329 1532 replantare.
1368 1479 1386 1513 ι
1425 1460 1562 1526 Quid
1612 1474 1736 1515 era-

160 1554 307 1609 dicat
359 1565 415 1611 et
459 1557 585 1625 quid
634 1558 938 1613 subvertit?
994 1557 1280 1613 Civitatem
1327 1555 1560 1618 Escbon,
1619 1569 1738 1624 qua:

156 1645 452 1713 eratregis
484 1644 647 1700 Seon.
699 1646 839 1713 Quid
883 1648 1126 1702 eradicat
1167 1649 1218 1701 in
1262 1662 1322 1701 ea
1351 1647 1562 1715 etquid
1611 1646 1737 1699 sub-

156 1734 361 1787 vertit?
390 1734 763 1804 Cogitationes
796 1738 988 1807 impias
1029 1746 1083 1791 et
1120 1738 1382 1807 impnras.
1420 1737 1559 1803 Quid
1597 1751 1735 1791 rete-

154 1823 349 1879 diﬁcat
391 1827 443 1878 in
468 1842 528 1881 ea
558 1836 612 1881 et
662 1828 790 1897 quid
842 1829 1155 1896 replantat?
1201 1829 1573 1900 Cogitationes
1619 1829 1735 1899 pias

1858 624 1929 677 De
1988 622 2162 676 Basan
2213 632 2415 685 tamen,
2487 620 2593 675 hoc
2632 630 2733 686 est,
2768 624 2835 675 de
2886 623 3239 692 turpitudine,
3281 622 3426 677 nullo

1852 716 2068 783 penitus
2106 714 2437 784 indigemus,
2480 712 2615 765 nihil
2650 727 2716 767 ex
2761 728 2824 767 ea
2865 713 3284 782 relinquamus;
3332 730 3425 769 ex-

1850 807 2074 861 cidenda
2120 807 2344 870 omnia,
2400 814 2593 860 cuncta
2648 806 3008 860 subvertenda
3064 817 3193 861 sunt
3258 822 3422 876 opera

1851 899 2226 968 turpitudinis.
2255 899 2308 950 In
2365 896 2512 950 nullo
2555 897 2700 951 enim
2756 906 2934 964 potest
2985 898 3271 953 honestum
3304 914 3423 954 esse

1848 991 1991 1060 quod
2022 1000 2176 1057 turpe
2208 998 2311 1044 est.

1915 1082 1969 1135 4.
2006 1101 2024 1133 ‹
2061 1082 2127 1135 Et
2176 1080 2400 1150 profecti
2467 1079 2594 1135 inde
2650 1080 2744 1133 ﬁlii
2806 1078 2971 1135 lsrael
3023 1080 3423 1136 collocaverunt

1845 1182 2024 1229 castra
2076 1174 2145 1228 ab
2206 1174 2493 1228 occidente
2538 1172 2694 1227 Moab
2729 1171 2883 1240 juxta
2912 1170 3202 1227 Jordanem
3232 1180 3419 1227 contra

1843 1265 2082 1321 Jericho.
2142 1266 2208 1320 Et
2258 1276 2316 1319 ut
2355 1267 2496 1320 vidit
2553 1264 2748 1319 Balach
2810 1264 2955 1318 ﬁlius
2982 1262 3190 1334 Sephor
3213 1264 3278 1329 ’⁸,
3317 1284 3335 1316 ι
3366 1276 3422 1318 et

1842 1358 2071 1426 reliqua.
2126 1356 2319 1412 Omnia
2372 1355 2488 1425 jam
2516 1371 2635 1425 qua).
2665 1356 2732 1410 de
2780 1354 3001 1408 Balaam
3034 1366 3089 1410 et
3122 1356 3273 1409 asina
3303 1356 3419 1422 ejus

1842 1451 2163 1505 scribuntur
2215 1449 2447 1503 historia
2494 1448 2651 1517 plena
2688 1448 2918 1518 negotiis
2957 1464 2970 1500 :
3019 1447 3247 1501 interior
3287 1460 3419 1498 vero

1844 1539 2152 1594 intellectus
2197 1537 2365 1591 multo
2426 1537 2780 1606 negotiosior,
2813 1546 2866 1590 et
2915 1536 3101 1590 nescio
3151 1551 3217 1588 an
3260 1533 3418 1587 facile

1841 1633 1932 1695 sit,
1965 1630 2046 1685 vel
2109 1630 2258 1700 ipsas
2285 1637 2493 1684 tantum
2538 1630 2829 1683 historicas
2859 1630 3153 1699 explanare
3198 1638 3416 1683 sentcn-

1844 1722 1967 1776 tias.
1993 1723 2102 1777 Deo
2161 1731 2338 1774 tamen
2392 1720 2651 1783 donante,
2688 1720 2925 1773 breviter
2972 1734 3091 1788 qnze
3131 1733 3414 1786 possumus

1842 1811 2289 1882 perstringemns.
2350 1808 2552 1863 Bellum
2610 1811 2705 1864 tibi
2768 1811 3035 1876 imminet,
3077 1826 3110 1863 o
3148 1826 3242 1865 rex
3302 1810 3405 1862 Ba-

153 1923 211 1967 ει
234 1925 441 1980 casias,
477 1926 537 1970 υι
586 1890 849 1973 emam“,
885 1890 1096 1974 [ᾖεεδοη
1151 1890 1342 1975 ρίνίιξε
1394 1935 1499 1974 non
1540 1890 1736 1974 Αηζοιιη
1766 1890 1807 1943 Β
1838 1902 1979 1966 lach,
2016 1900 2091 1954 ﬁli
2125 1900 2338 1969 Sephor
2367 1918 2380 1953 :
2412 1909 2671 1954 sexcenta
2710 1899 2873 1952 millia
2916 1910 3249 1954 armatorum
3279 1898 3411 1952 ﬁnes

154 2004 456 2069 rhmorum,
498 2006 588 2059 sed
620 2005 850 2061 ﬁliorum
875 2006 1061 2083 Israel.

224 2091 280 2146 5.
311 2091 418 2147 Sed
455 2095 500 2149 si
550 2097 806 2154 volumus
830 2100 1040 2169 singula
1079 2100 1353 2171 persequi,
1382 2100 1734 2156 excludemur

149 2205 179 2241 a
236 2191 562 2249 dissertione
615 2209 802 2249 eorum
862 2211 981 2265 quae
1034 2198 1191 2252 nobis
1238 2198 1463 2251 recitata
1500 2205 1623 2268 sunt
1664 2197 1731 2250 de

151 2275 611 2355 Balaamzeujus
663 2288 912 2342 lectionis
960 2295 1105 2341 tanta
1170 2286 1459 2342 difﬁcultas
1511 2296 1617 2350 est,
1674 2297 1731 2339 ut

148 2376 244 2430 vix
276 2377 345 2430 ad
391 2377 631 2433 historia:
666 2380 837 2449 ipsius
884 2383 1153 2436 rationem
1202 2390 1257 2434 et
1288 2382 1727 2449 consequentiam

143 2466 545 2533 explanandam
576 2473 859 2539 pervenire
887 2474 1179 2542 possimus.
1212 2471 1423 2537 Quanta
1470 2471 1726 2541 ergojam

142 2551 443 2610 difﬁcultas
472 2558 626 2612 nobis
642 2559 745 2612 erit
769 2561 820 2614 in
841 2561 1226 2630 explanatione
1256 2560 1576 2630 spiritalium
1601 2577 1726 2615 sen-

143 2646 336 2707 ‘suum,
363 2644 407 2698 si
440 2647 610 2715 prima
644 2647 757 2714 ipsa
795 2649 993 2703 litterae
1052 2649 1222 2703 facies
1251 2649 1418 2703 tantis
1443 2646 1727 2703 difﬁculta-

144 2734 295 2789 tibus
321 2735 557 2790 involuta
590 2740 715 2792 est?
752 2739 854 2795 Sed
888 2740 1141 2810 quamvis
1175 2740 1353 2811 rapiat
1384 2754 1483 2793 nos
1515 2739 1728 2794 deside-

141 2826 290 2878 rium
317 2826 383 2880 ad
408 2842 469 2881 ea
494 2844 612 2894 qua:
649 2832 820 2900 magis
863 2833 1092 2886 obseura
1117 2842 1242 2886 sunt
1271 2832 1609 2896 disserenda,
1648 2840 1727 2885 ta-

138 2928 273 2967 men
306 2929 415 2969 non
463 2925 591 2969 sunt
645 2920 856 2987 penitus
886 2921 1181 2976 omittenda
1233 2923 1398 2976 etiam
1456 2923 1572 2977 hmo
1604 2937 1726 2990 quae

137 3005 326 3058 media
374 3006 702 3062 referuntur.
733 3010 923 3066 Postea
979 3014 1125 3067 enim
1158 3029 1319 3083 quam
1368 3014 1723 3068 obtinuerunt

136 3094 239 3147 ﬁlii
300 3094 466 3151 Israel
511 3098 763 3154 civitates
808 3101 1294 3169 Amorrltmorum,
1359 3106 1724 3161 ascenderunt

136 3174 516 3257 etiam'viam,
548 3206 668 3260 qua:
697 3192 848 3246 ducit
884 3194 937 3247 in
992 3195 1191 3264 Basan,
1227 3198 1315 3251 ubi
1353 3197 1569 3269 eratOg
1624 3216 1714 3255 rex
1746 3232 1787 3286 ε

131 3277 322 3333 5asau
356 3296 370 3332 :
398 3281 492 3336 sed
516 3284 581 3337 ad
619 3285 763 3338 hunc
788 3298 963 3353 neque
999 3286 1211 3358 legatos
1243 3289 1458 3345 mittere
1488 3291 1719 3361 dignan-

134 3380 244 3434 tur,
290 3387 471 3443 neque
510 3383 696 3443 petere
728 3377 795 3432 ab
822 3392 909 3441 eo,
938 3388 999 3432 ut
1055 3394 1154 3449 per
1190 3388 1390 3434 terram
1416 3381 1721 3451 ejustrans—

136 3472 304 3530 eant,
348 3467 439 3521 sed
459 3469 716 3524 continuo
764 3470 1059 3542 confligunt
1084 3487 1209 3526 cum
1253 3488 1317 3528 eo
1376 3483 1432 3527 et
1460 3484 1721 3544 superant

134 3569 245 3610 tam
284 3558 462 3628 ipsum
518 3576 678 3630 quam
732 3563 990 3632 populum
1026 3564 1235 3634 ipsius.
1268 3563 1558 3621 Videamus
1590 3581 1718 3636 ergo

127 3665 254 3718 qua:
274 3660 361 3704 est
393 3650 591 3706 Basan.
620 3651 794 3707 Basan
828 3655 1222 3724 interpretatur
1261 3658 1534 3725 turpitudo
1561 3658 1672 3728 (42)
1700 3677 1712 3710 :

126 3742 339 3795 merito
365 3758 494 3814 ergo
526 3759 624 3799 nec
658 3735 1138 3814 legati'tnittnntur
1176 3754 1242 3804 ad
1272 3751 1435 3804 istam
1465 3762 1703 3821 gentem,

123 3849 229 3890 nec
266 3838 535 3893 transitus
577 3855 669 3909 per
695 3849 893 3895 terram
925 3845 1042 3909 ejus
1062 3845 1322 3912 poscitur.
1356 3847 1545 3901 Nullus
1569 3853 1713 3904 enim

125 3927 292 3983 nobis
332 3934 599 3987 transitus
634 3933 794 3989 debet
820 3949 963 4001 esse,
1014 3936 1191 3990 nullus
1220 3953 1473 3995 accessus
1502 3942 1567 3994 ad
1601 3952 1716 3995 tur-

119 4018 442 4083 pitudinem
475 4038 488 4072 :
524 4023 616 4076 sed
676 4025 743 4078 ab
804 4024 965 4078 initio
1017 4028 1199 4080 statim
1233 4032 1612 4099 expugnanda,
1661 4044 1713 4087 et

118 4111 447 4166 omnimodo
480 4116 716 4169 cavenda
757 4128 860 4172 est.
915 4119 993 4188 0g
1028 4130 1208 4173 autem
1249 4123 1339 4187 qui
1389 4139 1479 4176 rex
1516 4125 1714 4179 dicitur

120 4216 250 4257 esse
280 4202 793 4269 Basan,interclusio
828 4208 1215 4276 interpretatur
1240 4211 1374 4282 (45).
1411 4213 1592 4268 Potest
1625 4218 1712 4271 hic

119 4294 368 4363 ﬁguram
433 4305 617 4350 tenere
642 4298 881 4351 omnium
919 4301 1218 4354 carnalium
1248 4312 1300 4355 et
1349 4306 1709 4359 materialium

116 4401 337 4450 rerum,
384 4402 616 4456 quarum
672 4406 855 4446 amore
899 4402 954 4445 et
990 4392 1264 4446 desiderio
1285 4393 1503 4448 detenta
1528 4397 1707 4451 anima

115 4477 445 4530 excluditur
467 4487 519 4531 et
561 4491 847 4547 separatur
880 4498 908 4535 a
942 4484 1070 4537 Deo.
1124 4485 1401 4541 Adversus
1450 4487 1530 4557 0g
1580 4504 1711 4559 ergo

1838 2002 1957 2047 tuos
1999 1994 2234 2047 irruunt.
2268 1992 2573 2060 Oportebat
2631 2001 2685 2046 et
2737 2000 2787 2045 te
2832 2007 3027 2061 parare
3053 2007 3222 2055 arma,
3253 2006 3412 2045 exer-

1834 2086 1998 2140 citum
2028 2101 2324 2156 congerere
2357 2085 2492 2155 (44),
2528 2086 2595 2139 de
2631 2086 3041 2140 constructione
3069 2086 3232 2154 praelii
3262 2083 3411 2153 cogi-

1835 2188 1968 2241 tare,
2005 2187 2060 2231 nt
2083 2179 2222 2232 hosti
2255 2178 2432 2231 adhuc
2460 2177 2862 2245 proculposito,
2902 2179 3069 2230 armis
3106 2176 3409 2230 instructus

1832 2287 2173 2327 occurreres.
2210 2271 2288 2323 Tn
2318 2286 2444 2325 vero
2493 2272 2664 2326 mittis
2699 2272 2764 2324 ad
2802 2270 3018 2324 Balaam
3062 2271 3325 2332 divinum,
3354 2275 3409 2320 et

1834 2367 2005 2419 mittis
2046 2365 2212 2418 multa
2268 2381 2512 2427 munera,
2571 2379 2634 2418 ac
2675 2364 2880 2431 majora
2928 2362 3223 2433 promittis,
3249 2369 3302 2414 et
3325 2359 3409 2413 di-

1832 2458 1911 2511 eis
1947 2458 1988 2488 ³⁷
2015 2471 2030 2509 :
2065 2475 2082 2508 ι
2136 2456 2286 2522 Veni,
2310 2458 2537 2512 maledic
2568 2457 2697 2510 mihi
2725 2456 3001 2526 populum,
3029 2456 3119 2524 qui
3145 2454 3314 2508 exivit
3341 2454 3408 2507 de

1831 2550 2087 2619 IEgypIO.
2127 2569 2145 2602 ι
2184 2549 2289 2604 Sed
2325 2550 2571 2613 Balaam,
2610 2561 2669 2603 ut
2698 2550 2979 2616 Scriptura
3010 2547 3187 2608 docet,
3221 2546 3408 2599 retulit

1833 2643 1945 2696 haec
1974 2641 2040 2693 ad
2098 2641 2285 2706 Deum,
2328 2656 2355 2694 a
2389 2656 2496 2710 quo
2523 2649 2577 2695 et
2617 2642 2805 2694 venire
2829 2639 3167 2709 prohibetur.
3214 2637 3318 2692 Sed
3350 2645 3407 2690 et

1830 2736 2025 2790 iterum
2065 2750 2159 2789 rex
2187 2736 2355 2788 mittit
2409 2735 2633 2803 legatos,
2661 2745 2715 2788 et
2762 2735 3026 2805 neglectis
3056 2732 3222 2787 armis
3252 2746 3403 2801 spem

1826 2843 2039 2883 omnem
2082 2829 2234 2896 ponit
2272 2828 2322 2881 in
2370 2828 2597 2883 Balaam,
2630 2836 2688 2879 ιιι
2727 2827 2929 2891 veniat,
2971 2834 3026 2880 et
3067 2825 3232 2880 verba
3264 2821 3406 2877 defc-

1829 2928 1943 2984 rat,
1996 2928 2158 2988 atque
2204 2920 2256 2973 in
2302 2918 2554 2987 populum
2618 2918 2894 2984 jaculetur
2948 2917 3239 2971 maledicta
3303 2930 3404 2984 pro

1829 3011 1971 3077 telis,
2020 3012 2066 3065 si
2107 3011 2246 3065 forte
2294 3011 2478 3065 verbis
2541 3009 2760 3063 Balaam
2813 3011 3065 3063 vincatur
3128 3009 3401 3079 populus,

1825 3118 1984 3172 quem
2017 3104 2158 3173 regis
2213 3107 2488 3159 exercitus
2534 3116 2800 3169 superare
2850 3118 2954 3155 non
2989 3112 3225 3171 poterat.
3276 3101 3402 3157 llaec

1826 3196 2049 3249 historia
2080 3196 2207 3264 quid
2244 3198 2648 3267 consequentiae
2680 3197 2884 3251 habet?
2916 3194 3045 3263 quid
3083 3193 3293 3248 consilii
3329 3206 3404 3249 te-

1822 3289 1898 3357 git
1929 3287 2083 3358 (45)?
2124 3288 2224 3343 Ubi
2281 3289 2363 3344 vel
2421 3289 2640 3359 quando
2701 3291 2943 3343 auditum
2978 3297 3081 3352 est,
3111 3287 3253 3356 quod
3276 3286 3401 3355 quis

1822 3394 2038 3449 regum,
2070 3368 2385 3435 imminente
2436 3383 2537 3436 sibi
2564 3382 2771 3451 przelio,
2810 3380 3026 3435 omissis
3052 3380 3220 3433 armis
3239 3392 3401 3432 exer-

1821 3471 2040 3541 cituque
2078 3473 2341 3541 neglecto,
2398 3472 2462 3525 ad
2515 3474 2681 3527 divini
2722 3471 2952 3541 alicujus
2990 3472 3071 3526 vel
3125 3469 3397 3538 aruspicis

1819 3567 1982 3619 verba
2033 3566 2369 3635 confugerit?
2422 3565 2578 3621 Unde
2632 3567 2823 3618 iterum
2879 3575 3040 3632 atque
3071 3564 3264 3617 iterum
3300 3561 3397 3614 Dei

1820 3658 1975 3711 nobis
1996 3660 2269 3711 exoranda
2293 3666 2377 3712 est
2403 3658 2598 3727 gratia,
2627 3667 2682 3709 ut
2698 3658 2812 3711 haec
2836 3672 2939 3711 non
2956 3655 3212 3710 fabulosis
3231 3664 3284 3707 et
3308 3651 3374 3707 Ju

1818 3748 1987 3802 daicis
2004 3749 2428 3813 narrationibus,
2449 3749 2539 3803 sed
2566 3747 2923 3802 rationalibus
2943 3756 2998 3801 et
3015 3746 3194 3816 dignis
3215 3746 3393 3800 divina

1818 3840 1937 3909 lege
1957 3844 2222 3911 possimus
2234 3844 2481 3897 sensibus
2502 3841 2708 3911 explica
2720 3841 2987 3895 re.Primo
3004 3855 3132 3910 ergo
3151 3838 3394 3895 omnium

1819 3932 2097 3985 fatendum
2132 3943 2216 3988 est
2246 3936 2296 3986 in
2321 3934 2644 4001 quibusdam
2665 3933 2782 4000 plus
2803 3946 2963 4002 posse
2987 3940 3037 3985 et
3063 3932 3181 4002 plus
3215 3929 3396 3985 valere

1816 4027 1980 4079 verba
2016 4040 2178 4093 quam
2217 4040 2441 4094 corpora
2478 4043 2489 4077 :
2527 4025 2652 4091 quia
2696 4027 2841 4092 quod
2886 4025 3163 4080 exercitus
3198 4023 3395 4077 multa—

1816 4133 1936 4172 rum
1968 4118 2207 4185 gentium
2240 4118 2497 4185 nequiret
2527 4118 2760 4183 elliccre,
2795 4118 2937 4184 quod
2980 4116 3124 4170 ferro
3155 4116 3393 4170 etarmis

1813 4227 1920 4264 non
1960 4218 2140 4277 posset
2163 4206 2421 4272 obtineri,
2442 4210 2542 4263 hoc
2567 4211 2749 4264 verbis
2772 4204 3037 4275 efﬁcitur;
3070 4217 3126 4263 et
3150 4222 3254 4261 non
3272 4207 3393 4261 dico

1816 4302 2019 4356 sanctis
2046 4299 2346 4362 verbis,vel
2365 4300 2457 4353 Dei
2489 4302 2689 4368 verbis,
2722 4302 2814 4357 sed
2845 4300 3023 4355 verbis
3044 4298 3388 4368 quibusdam,

1814 4410 1933 4464 quae
1960 4394 2104 4447 inter
2126 4392 2375 4446 homines
2427 4394 2724 4461 habentur,
2758 4409 2876 4463 quae
2907 4392 3181 4462 quomodo
3210 4389 3388 4443 nomi-

1814 4501 1936 4540 nem
2005 4484 2231 4549 nescio;
2290 4494 2420 4539 sunt
2462 4492 2639 4537 tamen
2685 4485 2737 4537 in
2769 4483 2887 4537 utili
2929 4492 3044 4535 arte
3070 4478 3388 4548 composita,

113 4572 191 4623 ita
219 4570 543 4638 praecipitur
575 4571 775 4625 bellum
804 4578 1123 4641 gerendum,
1157 4594 1175 4626 ι
1206 4585 1264 4629 ut
1295 4591 1399 4630 non
1432 4580 1707 4648 relinqna-
1740 4574 1784 4632 ι)
1816 4582 1969 4650 cujus
1992 4579 2128 4633 artis
2154 4575 2475 4630 vocabulum
2510 4577 2639 4630 illud
2677 4576 2772 4639 sit,
2797 4575 2942 4644 quod
2970 4573 3265 4641 unicuique
3295 4586 3390 4640 ap-

116 4664 215 4725 tis,
266 4663 447 4730 inquit
488 4662 557 4725 ’⁵,
605 4676 671 4715 ex
726 4678 790 4719 co
833 4665 1131 4722 viventem.
1169 4683 1187 4716 ι
1223 4665 1443 4721 Nullum
1497 4672 1641 4724 enim
1673 4689 1700 4724 a

112 4755 249 4808 tiliis
286 4754 454 4809 Israel
498 4767 711 4825 oportet
745 4758 975 4827 relinqui
1025 4760 1078 4813 in
1141 4775 1310 4827 regno
1354 4764 1705 4831 turpitudinis

110 4859 165 4901 ct
219 4848 515 4903 dedecoris
564 4850 856 4905 viventem.
911 4850 1014 4905 Sed
1062 4860 1117 4906 et
1164 4855 1319 4907 decet
1349 4850 1703 4907 Israeliticam

112 4940 389 4992 virtutem
423 4939 677 4995 excidere
723 4952 777 4995 et
811 4957 1059 4998 resecare
1089 4946 1293 5014 turpia,
1346 4953 1401 4999 et
1447 4945 1530 5013 pia
1558 4960 1706 5013 qua:-

108 5044 219 5097 que
246 5029 305 5082 in
332 5030 513 5084 anima
539 5031 893 5101 retediﬁcare,
916 5044 1077 5105 atque
1106 5036 1331 5089 honesta
1358 5052 1421 5093 ac
1453 5038 1700 5107 religiosa

107 5120 394 5189 plantare.
447 5124 521 5177 De
573 5140 740 5193 regno
806 5125 948 5182 Seon
1000 5142 1104 5181 nou
1158 5138 1241 5181 est
1299 5129 1586 5197 scriptum,
1643 5139 1702 5184 nt

106 5212 303 5266 nullus
327 5213 483 5267 vivus
512 5215 870 5285 relinquatur,
902 5233 1003 5273 nec
1032 5220 1097 5272 de
1128 5234 1294 5287 regno
1336 5218 1513 5277 Moab.
1537 5220 1701 5277 Forte

104 5305 265 5357 enim
298 5319 365 5358 ex
394 5306 504 5361 illis
542 5322 678 5377 Opus
713 5310 974 5365 habemus
1002 5310 1299 5379 aliquibus,
1334 5321 1388 5365 et
1428 5313 1700 5368 nonnullis

103 5410 308 5449 eorum
342 5413 441 5465 pro
474 5400 597 5455 vita:
643 5402 808 5472 hujus
862 5404 1126 5473 agonibus
1153 5413 1207 5456 et
1252 5406 1530 5459 exercitiis
1559 5408 1700 5460 indi-

178 5510 449 5571 “Jerem.
472 5531 507 5577 ι,
530 5515 684 5583 9,10.

104 5704 130 5759 Ι
184 5633 305 5704 (5‘2)
341 5635 519 5688 Busan
543 5638 918 5707 interpretatur
946 5652 1269 5693 runrtruno.
1298 5642 1339 5694 A
1366 5648 1480 5704 tm:
1516 5659 1534 5692 ι
1569 5658 1697 5696 con-

131 5722 272 5758 usus
302 5719 405 5759 (³91.
442 5726 459 5756 ι

131 5722 272 5758 usus
302 5719 405 5759 (³91.
442 5726 459 5756 ι

182 5775 303 5853 (ίίῖξ)
337 5776 417 5853 _09
448 5785 623 5830 autem
653 5779 742 5846 qui
783 5796 873 5835 rex
917 5782 1114 5853 dicitur
1153 5796 1262 5833 esse
1293 5780 1493 5845 Busan,
1518 5793 1702 5832 INTER-

109 5848 729 5903 nLtIst'oimeruretatur.
768 5853 846 5903 Ab
891 5862 977 5911 ἓν]
1024 5851 1215 5905 Cltald.
1258 5853 1337 5906 vel
1385 5860 1472 5911 nn
1520 5852 1681 5905 Hebr.

767 5519 812 5550 ³⁸
845 5517 1003 5574 Num.
1041 5535 1153 5585 nt,

1362 5521 1406 5551 ²⁶
1433 5522 1592 5576 Num.
1632 5538 1765 5588 nn,
1796 5524 1847 5587 l,
1875 5522 1932 5578 2.

1810 4674 1999 4742 pellari
2037 4672 2187 4726 libet.
2244 4671 2340 4725 Est
2368 4684 2521 4738 ergo,
2554 4678 2611 4720 ut
2643 4666 2778 4731 dixi,
2810 4668 2951 4736 apud
2984 4664 3228 4719 homines
3255 4677 3389 4731 opus

1814 4759 2085 4828 aliquod,
2162 4758 2306 4827 quod
2398 4756 2581 4810 verbis
2660 4754 2912 4808 eflicitur.
2987 4752 3127 4818 Quid
3206 4760 3384 4804 tamen

1812 4867 1945 4920 opus
1995 4851 2099 4904 tale
2157 4857 2274 4911 est,
2331 4859 2391 4901 ut
2433 4846 2681 4915 quamvis
2747 4845 2957 4914 magnis
3010 4844 3256 4913 corporis
3308 4844 3389 4895 vi-

1813 4945 1964 4998 ribus
2003 4959 2108 4998 non
2169 4942 2339 5012 possit
2392 4939 2640 5008 impleri?
2687 4937 2844 4993 Verbi
2896 4939 3102 5004 gratia,
3142 4938 3385 4993 erantin

1810 5035 2047 5105 IEgypto
2100 5035 2467 5088 incantatores
2507 5040 2562 5085 et
2608 5030 2773 5099 magi.
2819 5028 2953 5095 Quis
2987 5039 3165 5099 potest
3208 5028 3385 5082 homi-

1812 5145 1937 5182 num
1982 5127 2299 5182 fortitudine
2329 5124 2578 5193 corporis
2626 5125 2835 5192 virgam
2898 5133 3113 5177 mutare
3169 5123 3221 5176 in
3262 5136 3383 5176 scr-

1807 5229 2069 5287 pentem,
2116 5221 2260 5290 qttod
2298 5218 2365 5272 ab
2402 5218 2508 5271 illis
2561 5217 2763 5272 factum
2789 5217 3063 5274 refertur?
3111 5218 3218 5271 Aut
3261 5216 3386 5285 quis

1807 5321 1983 5382 petcst
2057 5315 2263 5367 viribus
2335 5314 2580 5383 corporis
2652 5328 2851 5383 aquam
2924 5313 2976 5366 in
3060 5310 3381 5379 sanguinem

1806 5404 1973 5475 319
2012 5406 2264 5459 vertere?
2310 5406 2574 5462 Fecerunt
2626 5414 2807 5461 tamen
2861 5406 2963 5459 hoc
3002 5401 3382 5473 Egyptiorum

2010 5524 2054 5554 ’⁷
2087 5521 2216 5576 ibid.
2241 5522 2293 5578 6.

1812 5661 1829 5692 ι
1877 5642 2077 5695 circulo
2109 5641 2440 5708 describere,
2490 5658 2509 5692 ι
2542 5649 2595 5696 et
2636 5640 2775 5696 forte
2818 5654 2837 5689 ι
2882 5635 3178 5705 includere,
3210 5634 3383 5693 inter-

1804 5714 2040 5765 cludere.
2078 5732 2096 5763 ι

1876 5729 1991 5765 Nin
2031 5753 2040 5763 .
2078 5732 2096 5763 ι

1876 5729 2192 5851 (44)e(‘.0tlex
2236 5782 2609 5841 Carnolcnsis.
2656 5800 2675 5833 ι
2721 5792 2935 5848 cogere.
2973 5794 2991 5825 ι

1876 5853 1987 5911 tibi
2018 5853 2185 5913 Ideni,
2230 5871 2247 5904 ι
2282 5851 2539 5908 ostendis.
2582 5869 2606 5905 >
