3914 6536
536 417 637 472 671

2006 403 2331 463 ORICENIS

3687 396 3780 449 672

537 531 898 588 lncantatores
922 537 976 585 ct
1002 528 1162 600 magi.
1197 528 1428 585 Fecerat
1457 527 1602 581 enim
1631 526 1746 581 haec
1778 524 1930 595 prius
1960 521 2112 593 Moya
2139 520 2186 579 A
2213 519 2296 574 vis
2340 531 2615 572 armorum
2637 556 2652 582 ,
2707 524 2976 586 quantum
3010 516 3214 588 Moysis
3253 514 3427 570 valuit
3471 511 3675 569 oratio.
3723 512 3781 567 Ut

535 636 624 679 ses
669 639 683 675 :
731 621 823 676 sed
865 622 989 691 quia
1033 621 1240 676 sciebat
1276 635 1372 675 rex
1438 618 1656 690 Egypti
1700 617 1840 687 quod
1892 621 2110 686 possent

537 710 650 765 haec
676 719 792 764 arte
820 710 1052 780 quadam
1091 709 1204 764 fieri
1233 709 1540 772 verborum,
1563 720 1683 777 qua:
1715 705 1942 759 habetur
1971 703 2111 755 inter

535 800 806 866 homines,
856 800 1061 870 putavit
1091 809 1146 856 et
1199 799 1415 872 Moysen
1456 813 1561 852 non
1611 798 1725 851 haec
1760 795 1851 849 Dei
1885 795 2106 855 virtute,

534 893 629 947 sed
661 894 866 961 magica
903 900 1017 946 arte
1046 891 1261 955 fecisse,
1295 901 1343 946 et
1372 891 1513 961 quod
1537 891 1777 944 humana
1815 894 1930 939 arte
1965 883 2111 939 fece-

533 992 644 1048 rat,
677 985 726 1037 id
766 984 855 1038 Dei
899 986 1096 1039 factum
1133 986 1332 1039 virtute
1358 982 1640 1038 simulare.
1674 981 1944 1036 Convocat
1979 993 2109 1032 con-

532 1075 684 1128 tinuo
706 1074 1078 1145 .Egyptiorum
1111 1076 1480 1130 int-amatores
1506 1085 1560 1130 et
1588 1089 1791 1144 magos.
1818 1074 1964 1128 Inter
1985 1086 2108 1125 eum

531 1167 620 1236 qui
664 1167 863 1221 r'rtute
907 1166 997 1221 Dei
1051 1169 1404 1237 operabatur,
1447 1176 1502 1222 et
1536 1181 1629 1221 eos
1683 1166 1774 1237 qui
1839 1166 2110 1219 daemones

535 1259 877 1324 invocabant,
909 1258 1037 1313 facit
1069 1273 1190 1314 esse
1220 1269 1519 1316 certamen.
1557 1258 1727 1313 Efficit
1756 1269 1932 1313 tamen
1959 1257 2111 1311 simi-

535 1346 659 1402 liter
689 1357 744 1402 et
776 1351 1051 1404 contraria
1086 1351 1259 1405 virtus
1293 1351 1495 1420 virgam
1528 1358 1831 1420 serpentem
1859 1351 1996 1402 sicut
2026 1346 2106 1400 fe-

534 1449 684 1494 cerat
713 1441 881 1495 virtus
911 1441 1004 1498 Dei
1043 1461 1057 1497 :
1094 1443 1186 1498 sed
1216 1459 1441 1514 serpens
1484 1442 1574 1511 qui
1605 1457 1702 1512 per
1730 1441 1979 1495 virtutem
2015 1440 2106 1494 Dei

537 1527 713 1584 factus
761 1529 957 1595 fuerat,
1011 1532 1292 1587 absorbuit
1329 1541 1383 1587 et
1429 1532 1708 1586 devoravit
1754 1544 1943 1584 omnes
1989 1529 2108 1584 illos

529 1631 834 1689 serpentes,
879 1623 970 1692 qui
1003 1633 1119 1678 arte
1159 1623 1362 1693 magica
1403 1639 1466 1677 ex
1498 1621 1664 1692 virgis
1701 1622 1841 1675 versi
1893 1619 2108 1674 fuerant

533 1710 584 1762 in
630 1723 928 1780 serpentes.
974 1713 1088 1769 Non
1137 1712 1280 1768 enim
1333 1713 1504 1782 potuit
1559 1711 1733 1766 virtus
1779 1710 2105 1764 daamoniaca

534 1802 732 1856 malum
772 1805 914 1873 quod
941 1819 1008 1859 ex
1046 1805 1188 1858 bono
1217 1803 1423 1858 fecerat
1463 1803 1752 1859 restituere
1788 1803 1839 1856 in
1879 1802 2102 1858 bonum.

531 1889 710 1948 Potuit
741 1909 806 1949 ex
834 1894 984 1964 virga
1009 1894 1187 1950 facere
1209 1903 1537 1964 serpentem,
1582 1895 1787 1963 virgam
1821 1909 1950 1950 vero
1983 1895 2107 1949 red-

533 1982 661 2037 dere
686 1998 749 2038 ex
781 1993 1034 2054 serpente
1062 2000 1172 2040 non
1216 1986 1393 2056 potuit
1420 2002 1432 2038 :
1465 1994 1518 2041 et
1555 1986 1675 2040 ideo
1717 1996 2110 2040 consumuntur

531 2086 724 2126 omnes
762 2086 828 2128 ex
862 2088 923 2128 ea
964 2073 1112 2146 virga
1136 2091 1257 2146 quae
1287 2075 1380 2130 Dei
1417 2075 1621 2131 virtute
1651 2089 1808 2130 versa
1849 2073 2029 2130 fuerat
2053 2075 2106 2130 in

532 2170 858 2232 serpentem.
883 2165 1078 2221 Postea
1109 2177 1237 2223 vero
1267 2181 1364 2237 per
1391 2167 1632 2221 divinam
1671 2169 1924 2224 virtutem
1954 2178 2109 2222 natu-

530 2267 607 2306 rae
629 2268 740 2308 suae
775 2257 1038 2322 redditur,
1068 2269 1126 2312 ut
1149 2270 1360 2313 natura:
1389 2258 1673 2313 Dominum
1699 2257 1983 2314 fateretur.
2009 2258 2109 2312 Fe-

431 2425 436 2432 ⁴
530 2354 719 2398 cerunt
752 2347 1120 2406 incantatores
1153 2350 1554 2420 Egyptiornm,
1604 2361 1662 2406 ut
1718 2361 1771 2408 et
1808 2365 1960 2421 aquae
1989 2367 2109 2406 ver-

532 2442 776 2492 terentur
817 2440 870 2494 in
923 2443 1270 2512 sanguinem,
1307 2441 1401 2498 sed
1451 2457 1554 2497 non
1585 2451 1873 2512 potuerunt
1912 2444 2106 2499 iterum

527 2533 844 2599 sanguinem
873 2543 1086 2590 vertere
1122 2536 1174 2589 in
1201 2551 1390 2606 aquam
1417 2554 1432 2598 ;
1462 2537 1551 2592 Dei
1581 2546 1761 2591 autem
1791 2538 1963 2592 virtus
1998 2553 2106 2592 non

531 2635 749 2688 aquam,
773 2625 865 2678 sed
897 2635 1066 2680 totum
1115 2626 1333 2682 fluvium
1383 2631 1545 2684 vertit
1573 2632 1625 2685 in
1659 2633 1974 2702 sanguinem
2010 2649 2022 2684 :
2053 2638 2107 2684 et

534 2725 745 2766 rursum
777 2727 968 2772 orante
1000 2716 1202 2789 Moyse,
1242 2717 1476 2789 limpidis
1524 2737 1643 2776 eum
1680 2737 1742 2778 ac
1771 2722 2108 2778 naturalibus

538 2806 769 2861 reddidit
825 2810 1060 2865 fluentis.
1143 2811 1207 2865 Et
1276 2812 1469 2867 iterum
1533 2816 1908 2883 produxerunt
1963 2815 2106 2886 magi

537 2892 909 2966 Egyptiorum
955 2903 1192 2971 scnipes,
1233 2904 1324 2958 sed
1372 2921 1476 2959 non
1523 2915 1814 2974 potuerunt
1849 2905 2108 2974 repellere

528 3004 644 3046 cas.
679 2991 888 3064 Moyses
921 3011 1050 3050 vero
1083 2999 1339 3066 produxit
1370 2998 1605 3067 senipes,
1638 3007 1690 3052 et
1717 2998 1932 3067 repulit.
1966 2998 2108 3053 Deus

530 3082 672 3134 enim
709 3092 891 3139 noster
917 3086 1095 3142 delere
1130 3088 1289 3153 facit,
1340 3097 1395 3143 et
1436 3089 1630 3142 iterum
1673 3087 1943 3156 restituit;
1975 3103 2110 3144 con-

2213 610 2357 664 enim
2385 609 2649 666 elevasset
2682 608 2892 680 Moyses
2915 625 3104 676 manus
3127 613 3196 664 ad
3236 610 3430 672 Deum,
3463 607 3778 662 vincebatur

2209 702 2464 764 Amalec;
2493 704 2731 758 remissae
2761 717 2890 759 vero
2933 709 2986 756 et
3034 701 3272 769 deiecta,
3317 699 3468 754 vinci
3517 697 3780 751 faciebant

2211 793 2398 849 Israel.
2452 795 2577 850 Haec
2617 795 2859 864 profecto
2901 795 3145 850 audierat
3215 792 3419 847 Balach
3465 805 3569 846 rex
3617 789 3776 843 Moab.

2213 887 2490 956 Scriptum
2521 897 2604 942 est
2627 888 2770 943 enim
2801 888 2847 921 ⁸⁸
2879 905 2894 943 :
2933 905 2950 938 ‹
2988 885 3292 940 Audierunt
3339 891 3561 954 gentes.
3605 890 3659 935 et
3685 881 3776 930 in-

2216 990 2281 1034 ta?
2312 990 2440 1034 sunt
2470 995 2483 1030 :
2529 980 2744 1034 dolores
2762 979 3294 1049 comprehenderunt
3319 977 3647 1031 habitantes
3673 973 3779 1027 Phi-

2211 1071 2416 1126 listiim.
2459 1072 2613 1127 'l‘unc
2646 1071 3042 1127 festinaverunt
3082 1073 3247 1127 duces
3285 1072 3487 1133 Edorn,
3512 1076 3571 1122 et
3594 1066 3776 1136 priori-

2209 1179 2304 1234 pes
2324 1163 2698 1229 Moabitarum,
2734 1165 3093 1234 apprehendit
3132 1179 3226 1218 eos
3283 1174 3522 1217 tremor.
3581 1177 3600 1210 ι
3633 1157 3774 1211 Vides

2210 1257 2521 1326 pervenisse
2547 1257 2612 1310 ad
2641 1271 2735 1311 eos
2763 1258 2906 1324 quod
2939 1257 2990 1311 in
3019 1256 3231 1310 cantico
3277 1254 3621 1322 praedixerat
3662 1249 3780 1318 ὶιοεο

2211 1362 2299 1402 ses
2341 1348 2558 1417 quando
2612 1348 2942 1403 transierant
2987 1362 3137 1400 mare
3199 1345 3476 1400 Rubrum.
3540 1341 3778 1395 Audierat

2208 1453 2336 1509 ergo
2363 1455 2457 1494 rex
2484 1438 2658 1503 Moab,
2689 1439 2812 1508 quia
2848 1438 3074 1509 pepulus
3105 1438 3196 1493 hic
3227 1437 3586 1492 orationibus
3611 1430 3776 1490 vincit.

2208 1541 2264 1587 et
2297 1540 2502 1600 pugnat
2529 1531 2819 1586 adversum
2863 1532 3047 1585 hostes
3075 1545 3192 1592 ore,
3242 1543 3349 1586 non
3403 1526 3620 1596 gladio,
3647 1523 3779 1577 θιὼ

2208 1620 2311 1674 hoc
2337 1619 2455 1674 sine
2491 1621 2652 1674 dubio
2679 1620 2817 1690 apud
2849 1621 3200 1688 semetipsum
3235 1617 3530 1687 cogitavit,
3565 1616 3777 1670 dicens:

2205 1708 2476 1775 Quoniam
2501 1710 2720 1779 quidem
2788 1711 3124 1766 orationibus
3163 1710 3339 1781 populi
3393 1708 3565 1778 hujus
3596 1717 3654 1760 et
3681 1719 3782 1773 pre-

2207 1801 2360 1857 cibus
2389 1802 2532 1856 nulla
2563 1809 2790 1871 possunt
2817 1818 2967 1857 arma
3001 1802 3274 1868 conferri,
3311 1799 3438 1856 ideo
3466 1799 3642 1851 etiam
3673 1794 3782 1848 mihi

2212 1894 2341 1950 tales
2372 1894 2563 1962 aliqua:
2585 1907 2793 1962 preces,
2827 1902 2883 1946 et
2925 1893 3054 1947 talia
3096 1892 3427 1963 requirenda
3467 1898 3609 1943 sunt
3643 1901 3776 1941 arma

2211 1985 2521 2048 verborum,
2552 1994 2606 2039 et
2633 1983 2910 2040 orationes
2939 1983 3080 2058 tales
3116 1997 3237 2056 quae
3279 1994 3558 2051 superare
3597 1975 3783 2046 possint

2208 2077 2486 2130 orationes
2520 2077 2771 2130 istorum.

2278 2189 2330 2244 5.
2376 2189 2444 2246 Ut
2493 2199 2670 2243 autem
2719 2189 2860 2244 scias
2901 2188 3006 2242 tale
3036 2187 3236 2258 aliquid
3287 2186 3572 2255 cogitasse
3599 2197 3778 2253 regem,

2209 2296 2273 2336 ex
2310 2281 2606 2351 Scripturae
2640 2282 2820 2335 verbis
2871 2280 3139 2349 intellige,
3187 2293 3308 2348 quae
3333 2292 3441 2346 ego
3475 2291 3507 2328 a
3542 2275 3780 2344 magistro

2209 2376 2465 2443 quo-lam,
2507 2375 2595 2443 qui
2630 2390 2693 2426 ex
2727 2372 2968 2426 llehraais
2993 2372 3319 2434 crediderat,
3376 2368 3636 2438 exposita
3665 2365 3779 2418 didi-

2209 2469 2278 2524 ci.
2311 2468 2582 2538 Scriptum
2613 2477 2848 2538 estergo
2872 2467 2912 2498 ³¹
2952 2485 2964 2520 :
3001 2484 3018 2516 ι
3058 2449 3296 2520 Είάίκίι
3332 2461 3500 2516 Moab
3527 2461 3595 2513 ad
3622 2459 3779 2513 senio-

2210 2573 2298 2614 res
2350 2558 2558 2614 Madian
2591 2575 2605 2612 :
2638 2558 2792 2613 Nunc
2849 2557 3086 2627 ablinget
3133 2569 3408 2626 synagoga
3454 2553 3577 2606 haec
3614 2566 3776 2604 omnes

2209 2651 2300 2720 qni
2345 2651 2394 2704 in
2442 2650 2670 2705 circuitu
2723 2660 2908 2705 nostro
2952 2656 3100 2713 sunt,
3148 2646 3290 2700 sicut
3331 2641 3776 2711 ablingitvitnlus

2211 2741 2435 2795 herbam
2470 2742 2669 2811 campi.
2715 2760 2733 2794 ι
2773 2741 2968 2796 Aiebat
2992 2754 3121 2810 ergo
3155 2737 3424 2807 magister
3455 2737 3572 2797 ille,
3597 2735 3684 2802 qui
3719 2750 3770 2785 rx

2211 2827 2450 2885 Hebraeis
2497 2831 2802 2885 crediderat
2849 2844 2865 2883 :
2909 2829 3038 2893 Cur,
3103 2829 3313 2897 inquit,
3375 2826 3470 2880 tali
3528 2841 3657 2879 usus
3703 2838 3773 2878 est

2209 2920 2454 2990 exemplo
2504 2921 2721 2981 dicens.
2773 2939 2793 2972 r
2843 2921 2987 2975 sicut
3040 2919 3265 2990 ablingit
3318 2917 3530 2972 vitulus
3571 2917 3770 2971 herbam

2210 3011 2474 3080 campi?»
2518 3009 2598 3066 Ob
2655 3012 2756 3067 hoc
2819 3011 2938 3067 sine
2986 3011 3172 3075 dubio,
3230 3011 3360 3080 quia
3421 3010 3633 3063 vitulus
3691 3022 3771 3061 ore

2208 3103 2479 3172 obrumpit
2501 3104 2724 3158 herbam
2754 3104 2819 3158 de
2845 3117 3037 3172 campo
3067 3111 3120 3157 et
3148 3103 3329 3175 lingua
3364 3111 3626 3172 tanquam
3655 3102 3770 3154 falce

535 3174 701 3227 traria
738 3187 913 3232 autem
944 3180 1114 3234 virtus
1142 3181 1280 3236 male
1315 3181 1530 3250 quidem
1566 3182 1748 3237 facere
1781 3182 1980 3252 aliquid
2010 3197 2103 3247 po-

2209 3209 2545 3265 qumcunque
2580 3195 2848 3249 invenerit
2875 3204 3048 3249 secat.
3081 3194 3157 3248 lta
3188 3174 3317 3264 ergo
3338 3204 3397 3249 et
3429 3195 3660 3265 populus
3679 3194 3768 3257 hic,

533 3275 661 3330 test,
693 3271 783 3321 sed
833 3271 1120 3326 restituere
1162 3274 1213 3325 in
1264 3272 1534 3343 integrum
1581 3290 1690 3327 non
1743 3284 1941 3343 potest.
1981 3273 2105 3330 lla'c

532 3367 712 3412 autem
749 3360 929 3415 omnia
973 3364 1353 3430 prmmisimus,
1397 3373 1456 3418 ut
1505 3379 1666 3434 opera
1723 3363 1965 3430 Balaam,
2023 3365 2105 3419 vel

533 3452 694 3505 verba
740 3451 856 3521 ejus
888 3457 1155 3523 possimus
1200 3456 1506 3511 advertere.
1539 3456 1678 3511 Sunt
1709 3458 1852 3511 enim
1883 3466 1939 3511 et
1988 3472 2107 3512 ma-

529 3555 718 3610 gorum
767 3545 1039 3600 nonnullae
1091 3544 1410 3602 differentia:
1456 3561 1474 3602 :
1517 3546 1607 3602 alii
1657 3547 1802 3602 enim
1836 3547 1977 3617 plus,
2013 3547 2104 3602 alii

532 3633 708 3689 minus
731 3635 931 3691 valent.
965 3637 1064 3692 ilic
1094 3637 1310 3693 Balaam
1336 3638 1733 3694 famosissimus
1757 3649 1878 3696 erat
1905 3640 1958 3694 in
1988 3647 2106 3697 arte

527 3726 733 3795 magica
788 3736 841 3782 et
886 3729 940 3784 in
991 3732 1331 3786 carminibus
1382 3732 1560 3787 noxiis
1607 3741 1934 3802 prmpotens.
1985 3731 2102 3787 Non

527 3817 670 3870 enim
715 3819 948 3874 habebat
985 3832 1340 3890 potestatem,
1390 3824 1474 3878 vel
1517 3833 1689 3879 artem
1724 3824 2011 3878 verborum
2038 3823 2103 3876 ad

529 3910 981 3981 benedicendum,
1018 3918 1111 3971 sed
1137 3917 1370 3972 habebat
1397 3921 1462 3973 ad
1510 3918 1955 3974 maledicendum.
1989 3920 2104 3973 Dae-

530 4017 718 4056 mones
754 4005 900 4059 enim
945 4009 1011 4060 ad
1057 4008 1486 4063 maledicendum
1535 4011 1852 4076 invitantur,
1903 4026 2007 4066 non
2035 4011 2101 4066 ad

529 4092 976 4194 benedicendum.
1031 4100 1100 4154 Et
1146 4101 1268 4156 ideo
1313 4101 1464 4171 quasi
1501 4114 1758 4174 expertus
1786 4105 1839 4158 in
1883 4104 2099 4170 talibus,

529 4185 584 4236 in
627 4185 881 4253 opinione
926 4196 1042 4243 erat
1087 4191 1361 4257 omnibus,
1411 4193 1504 4262 qui
1553 4201 1710 4248 erant
1757 4193 1809 4248 in
1857 4192 2098 4251 Oriente.

531 4277 646 4334 Nisi
676 4280 818 4334 enim
849 4282 1218 4352 experimenta
1250 4286 1366 4353 ejus
1407 4285 1641 4355 plurima
1673 4285 2098 4355 praecessissent,

528 4370 666 4438 quod
689 4370 1001 4441 frequenter
1049 4374 1353 4431 maledictis
1399 4377 1610 4432 hostem
1641 4377 2100 4431 vertissetarma-

529 4471 661 4526 tum,
689 4479 795 4519 non
828 4465 1014 4536 utique
1045 4469 1481 4538 praesumpsisset
1517 4485 1610 4524 rex
1639 4469 1741 4523 hoc
1780 4483 1942 4538 posse
1981 4469 2098 4522 fieri

2205 3285 2356 3356 quasi
2389 3285 2587 3340 vitulus
2617 3301 2710 3340 ore
2739 3294 2792 3338 et
2821 3285 2980 3340 labiis
3005 3295 3226 3356 pugnat,
3264 3295 3319 3339 et
3353 3300 3511 3338 arma
3548 3286 3703 3338 habet
3725 3286 3767 3337 ia

2206 3381 2386 3433 verbis
2418 3395 2480 3434 ac
2511 3381 2781 3447 precibus.
2817 3377 2948 3434 “:(‘C
2969 3380 3136 3450 igitur
3167 3379 3348 3434 sciens
3398 3393 3495 3433 rex
3534 3379 3690 3430 mittit
3714 3377 3767 3429 ad

2205 3472 2445 3537 Balaam,
2475 3483 2529 3527 ut
2558 3483 2611 3528 et
2646 3473 2759 3542 ipse
2804 3471 3011 3526 deferat
3051 3470 3229 3525 verbis
3265 3470 3436 3524 verba
3490 3469 3769 3526 contraria.

2205 3574 2258 3620 et
2283 3564 2533 3635 precibus
2574 3577 2786 3632 preces.
2836 3559 2947 3616 Nec
2999 3560 3217 3615 mireris
3252 3560 3296 3614 si
3339 3570 3430 3614 est
3473 3560 3531 3612 in
3582 3557 3769 3621 magica

2205 3662 2323 3709 arte
2360 3654 2466 3708 tale
2499 3653 2728 3723 aliquid;
2767 3667 2888 3708 esse
2934 3652 3078 3706 enim
3125 3651 3266 3706 hanc
3315 3659 3497 3704 artem
3546 3650 3771 3717 designat

2205 3745 2367 3800 etiam
2397 3745 2707 3815 Scriptura,
2754 3745 2846 3797 sed
2884 3743 2958 3796 ttti
2989 3757 3051 3796 ea
3079 3742 3363 3812 prohibet.
3411 3740 3552 3794 Nam
3593 3750 3650 3795 et
3675 3741 3770 3790 dr-

2204 3849 2392 3889 mones
2433 3835 2710 3904 Scriptura
2744 3848 2864 3888 esse
2887 3834 3160 3903 designat,
3193 3833 3286 3888 sed
3316 3833 3422 3887 coli
3445 3848 3546 3886 eos
3573 3840 3626 3885 et
3655 3847 3769 3882 exo-

2205 3923 2312 3976 rari
2349 3932 2519 3978 vetat.
2564 3923 2730 3977 Recte
2757 3938 2890 3993 ergo
2915 3923 3081 3978 etiam
3129 3923 3336 3990 magica
3401 3923 3478 3977 uti
3517 3923 3768 3992 prohibet,

2203 4016 2328 4084 quia
2365 4031 2639 4085 magorum
2671 4017 2904 4070 ministri
2943 4014 3058 4087 (46)
3088 4016 3263 4086 angeli
3297 4025 3432 4069 sunt
3470 4015 3688 4085 refugae,
3723 4024 3769 4067 et

2204 4107 2428 4175 spiritus
2461 4108 2702 4176 maligni,
2723 4106 3055 4161 etdaantonia
3089 4107 3395 4162 immunda.
3433 4106 3620 4160 Nullus
3641 4105 3768 4157 enim

2205 4208 2520 4254 sanctorum
2551 4200 2835 4267 spirituum
2870 4199 3213 4270 obtemperat
3238 4214 3426 4269 mago.
3455 4197 3574 4251 Non
3603 4207 3764 4267 potest

2204 4289 2458 4344 invocare
2506 4303 2695 4360 magns
2761 4287 3098 4353 Michaelem,
3159 4303 3265 4343 non
3310 4295 3492 4356 potest
3537 4290 3768 4340 invocare

2206 4381 2560 4450 Rapltaelem,
2593 4396 2768 4449 neqtte
2815 4379 3156 4444 Gabrielent;
3192 4379 3362 4434 multo
3392 4380 3568 4448 magis
3597 4393 3768 4444 magns

2203 4474 2456 4529 invocare
2492 4487 2597 4527 non
2646 4480 2821 4541 potest
2863 4471 3284 4538 omnipotentem
3339 4469 3535 4532 Deum,
3575 4487 3670 4522 nec
3692 4466 3768 4520 Fi-

526 4557 885 4620 sermonibus,
926 4561 1067 4628 quod
1105 4559 1250 4614 ferro
1280 4570 1334 4616 et
1364 4562 1482 4616 acie
1525 4561 1609 4616 vix
1644 4570 1826 4628 posset
1865 4560 2097 4630 impleri.
2133 4558 2176 4613 D
2203 4565 2334 4620 lium
2361 4564 2476 4631 ejus
2508 4563 2794 4618 Dominum
2834 4573 3082 4616 nostrum
3122 4558 3304 4614 Jesum
3351 4560 3657 4624 Christum,
3681 4575 3764 4613 nec

527 4647 717 4704 Certus
745 4663 874 4718 ergo
898 4651 1098 4706 Balach
1136 4652 1204 4706 de
1230 4653 1353 4718 hoc,
1394 4663 1449 4707 et
1476 4652 1792 4722 frequenter
1819 4663 2096 4720 expertus,

526 4735 742 4798 omissis
783 4738 1031 4795 omnibus
1085 4741 1460 4799 instrumentis
1502 4750 1558 4798 et
1607 4743 1825 4798 auxiliis
1866 4743 2094 4808 bellicis,

527 4825 691 4879 mittit
720 4829 785 4882 ad
817 4844 936 4884 eum
971 4831 1172 4900 legatos
1206 4836 1394 4890 dicens
1485 4835 1531 4875 ”
1567 4852 1582 4889 :
1620 4853 1642 4888 r
1673 4835 1816 4891 Ecce
1865 4837 2097 4907 populus

525 4919 692 4984 exivit
721 4921 786 4976 de
817 4923 1051 4994 Egypto
1079 4935 1132 4980 et
1157 4928 1440 4998 cooperuit
1471 4928 1664 4984 faciem
1708 4937 1885 4995 terrm,
1922 4937 1977 4984 et
2010 4929 2098 4984 hic

524 5011 840 5078 seditjuxta
869 5031 972 5069 me.
1008 5035 1027 5076 ι
1056 5018 1160 5073 Sed
1187 5027 1242 5072 et
1263 5020 1500 5090 amplius
1527 5019 1736 5088 aliquid
1773 5029 1904 5090 puto
1952 5021 2095 5090 quod

525 5104 755 5158 moverit
808 5121 988 5176 regem
1031 5127 1045 5164 :
1095 5111 1309 5166 videtur
1349 5113 1496 5167 enim
1545 5111 1785 5180 audisse,
1837 5113 1961 5181 quia
2003 5113 2095 5167 lilii

523 5194 688 5250 lsrael
714 5197 890 5254 solent
951 5201 1133 5258 hostes
1174 5204 1394 5262 vincere
1441 5205 1709 5271 oratione,
1761 5221 1866 5260 non
1907 5206 2096 5272 armis,

523 5294 770 5341 nectam
819 5287 966 5345 ferro
995 5307 1152 5361 quam
1195 5295 1466 5365 precibus.
1520 5295 1677 5350 Nulla
1738 5297 1882 5352 enim
1929 5297 2095 5353 Israel

523 5379 810 5443 adversum
845 5382 1182 5441 Pharaonem
1209 5403 1360 5442 arma
1396 5391 1718 5461 commovit,
1761 5391 1856 5445 sed
1886 5390 2092 5445 dictum

519 5481 605 5524 est
628 5471 678 5526 ei
707 5473 754 5508 ”
779 5490 794 5528 :
833 5492 853 5527 ι
891 5473 1153 5533 Dominus
1181 5481 1440 5549 pugnabit
1467 5495 1563 5548 pro
1591 5483 1763 5546 vobis,
1796 5493 1849 5537 et
1879 5499 1976 5538 vos
2007 5493 2092 5539 ta-

519 5560 732 5616 cebitis.
769 5581 790 5616 ι
816 5562 921 5620 Sed
951 5581 1051 5622 nec
1070 5577 1263 5625 contra
1286 5568 1614 5626 Amalecitas
1637 5572 1854 5642 quidem
1883 5584 2090 5631 tantum

2203 4664 2453 4710 sanctum
2489 4654 2750 4724 Spiritum
2773 4655 2910 4722 ejus.
2939 4650 3046 4706 Nos
3076 4649 3173 4705 soli
3210 4651 3523 4721 accepimus
3546 4660 3763 4719 potesta-

2206 4756 2314 4804 tem
2367 4747 2654 4802 invocandi
2691 4745 2859 4802 Deum
2908 4743 3148 4798 Patrem.
3211 4739 3321 4796 Nos
3364 4743 3468 4796 soli
3521 4743 3763 4795 habemus

2204 4848 2524 4910 potestatem
2582 4836 2866 4892 invocandi
2934 4834 3268 4904 unigenitum
3314 4832 3432 4900 ejus
3481 4833 3758 4886 Christum.

2205 4934 2310 4989 Sed
2346 4933 2472 4986 illud
2506 4940 2589 4985 est
2617 4931 2759 5000 quod
2794 4929 2916 4983 dico
2949 4945 2963 4982 :
2992 4928 3083 4996 qui
3126 4925 3234 4995 jam
3264 4933 3592 4996 potestatem
3620 4939 3760 4977 acre-

2205 5025 2282 5093 pit
2316 5023 2596 5077 invocandi
2625 5020 2922 5086 Christum,
2953 5035 3054 5073 non
3085 5026 3260 5086 potest
3283 5018 3481 5070 iterum
3507 5018 3760 5070 daemones

2206 5118 2459 5172 invocare
2491 5131 2505 5166 :
2536 5123 2591 5169 et
2637 5115 2728 5182 qui
2776 5113 2946 5166 sancti
2990 5111 3226 5179 Spiritus
3271 5110 3548 5178 particeps
3598 5108 3758 5160 factas

2203 5216 2304 5271 est,
2338 5210 2404 5260 ad
2434 5207 2740 5262 immundos
2766 5205 2905 5260 ultra
2940 5203 3159 5274 spiritus
3183 5203 3442 5258 accedere
3463 5217 3566 5255 non
3594 5202 3754 5254 debet.

2203 5301 2261 5356 Si
2291 5302 2432 5356 enim
2469 5300 2803 5354 invocaverit
2836 5297 3141 5352 immundos
3169 5298 3417 5366 spiritus,
3456 5295 3617 5368 320
3642 5309 3755 5346 san-

2200 5401 2320 5450 ctus
2345 5392 2414 5446 ab
2447 5405 2512 5444 eo
2545 5389 2781 5459 Spiritus
2807 5388 3002 5458 refugit
3027 5387 3162 5458 (47).
3225 5387 3362 5455 Magi
3401 5397 3527 5440 sunt
3560 5386 3643 5450 qui
3678 5386 3754 5434 iu-

2200 5492 2394 5540 vocnnt
2421 5481 2742 5537 Beelzebub.
2771 5481 3010 5549 Denique
3033 5479 3238 5533 sciebat
3270 5479 3374 5531 hoc
3402 5475 3617 5546 populus
3649 5476 3746 5538 ilic,

2202 5587 2256 5634 et
2289 5576 2408 5630 ideo
2434 5575 2756 5629 mentientes
2787 5582 2978 5627 contra
3018 5570 3307 5628 Dominum
3356 5584 3530 5623 meum
3551 5565 3742 5628 Iesum,

589 5656 636 5689 ³⁸
658 5656 814 5714 Num.
848 5677 982 5728 xxn,
1013 5663 1066 5718 5.
1139 5663 1182 5694 "
1210 5663 1376 5720 Exod.
1409 5681 1519 5732 xlv,
1551 5667 1638 5726 M.
1711 5669 1756 5701 “
1787 5671 1955 5727 Exod.
1991 5689 2080 5741 xv,
2121 5674 2208 5744 14,
2239 5673 2327 5726 l5.
2402 5671 2444 5702 ³¹
2475 5671 2632 5724 Num.
2665 5686 2796 5736 XXII,
2824 5669 2879 5723 4ο

597 5745 710 5824 (ᾧρ)
743 5748 906 5824 l_dem,
941 5769 960 5804 r
993 5755 1258 5824 magistri.
1293 5776 1310 5809 ι

596 5817 710 5888 (47)
743 5817 970 5878 Sanctus
999 5825 1062 5878 ab
1083 5817 1153 5880 'eo
1180 5825 1652 5898 Spiritttsrefuqil.
1676 5832 1852 5888 Codex
1886 5833 2090 5888 Carno-

2209 5761 2397 5827 tensis,
2432 5780 2448 5812 ι
2483 5761 2715 5832 Spiritus
2747 5769 2968 5817 sanctus
3009 5761 3076 5818 ab
3101 5773 3169 5818 eo
3198 5759 3455 5816 violenter
3481 5753 3714 5811 abstrahi

2201 5843 2310 5887 tur.
2349 5851 2367 5882 ι
