3914 6512
158 298 255 356 C73

1308 302 1375 357 ιΝ
1410 301 1740 358 NUMEBOS
1781 302 2068 357 HOMILIA
2106 302 2242 359 Xlll.

3294 309 3400 364 07‘

155 428 205 472 et
232 402 361 471 falsa
405 416 668 480 dicentes,
715 417 933 472 aiebant
968 420 1010 452 "
1046 437 1059 474 :
1098 439 1117 473 ι
1165 420 1265 476 Hic
1307 422 1359 475 in
1414 421 1717 476 Beelzebub
1744 427 1793 483 Α
1822 421 2059 485 Balaam,
2101 438 2205 477 non
2262 422 2401 491 quod
2450 422 2647 494 dignus
2687 422 2833 479 esset
2880 420 2946 479 ad
2997 437 3156 494 quem
3185 434 3396 480 veniret

152 512 390 583 principe
435 509 822 565 daemoniorum
867 510 1015 580 cjicit
1059 511 1344 566 daemonia.
1410 531 1429 565 ι
1469 511 1716 566 Salvator

150 614 326 659 autem
352 602 529 656 sciens
550 600 674 669 quia
712 615 898 654 verum
933 612 1018 655 est
1047 603 1267 670 quidem
1297 603 1439 671 quod
1467 603 1719 671 princeps

148 692 781 765 quidem'dtemoniorum
816 691 1123 748 Beelzebub
1146 693 1242 759 sit,
1273 695 1326 749 in
1352 695 1453 749 hoc
1479 710 1573 750 eos
1605 709 1714 750 non

148 785 321 855 arguit
356 782 649 845 mendacii,
701 781 796 835 sed
835 781 1117 848 respondit
1161 782 1242 837 eis
1267 782 1313 813 ³⁸
1355 797 1367 834 :
1402 801 1419 833 ι
1453 782 1507 836 Si
1535 797 1635 852 ego
1662 783 1715 836 in

147 874 441 931 Beelzebub
480 870 639 940 ejicio
682 872 968 934 daemonia,
1016 872 1111 926 lilii
1155 874 1322 927 vestri
1368 874 1419 927 in
1463 889 1569 941 quo
1606 872 1707 939 eji-

146 966 333 1022 ciunt?
366 984 385 1017 ι
422 963 571 1019 Unde
594 973 805 1019 constat
844 978 966 1019 esse
995 964 1254 1032 quosdam
1294 965 1566 1019 daemones
1604 981 1716 1018 ma-

144 1055 246 1123 los,
287 1057 375 1126 qui
418 1054 648 1111 invocati
690 1070 718 1107 a
766 1054 959 1123 magis,
1014 1058 1209 1109 adsunt
1255 1056 1336 1110 eis
1373 1057 1438 1109 ad
1490 1057 1712 1123 malum,

144 1164 252 1204 non
280 1149 345 1202 ad
367 1148 586 1202 bonum.
618 1145 799 1200 Parati
828 1146 974 1201 enim
1002 1156 1125 1200 sunt
1146 1148 1211 1200 ad
1238 1148 1712 1212 malefaciemlum,

142 1243 280 1297 bene
300 1250 483 1295 autem
518 1240 698 1295 facere
733 1238 998 1293 nesciunt.
1031 1240 1119 1293 lsti
1145 1254 1274 1309 ergo
1296 1242 1570 1306 dmmoues
1598 1248 1714 1296 arte

141 1334 370 1402 quadam
398 1340 452 1387 et
487 1332 876 1400 compositione
910 1330 1199 1384 verborum
1230 1331 1282 1385 in
1331 1332 1623 1397 amicitias,
1656 1340 1714 1386 ut

142 1425 216 1478 ita
270 1426 469 1489 dicam,
522 1434 800 1480 cesserant
851 1422 1114 1478 Balaam:
1160 1437 1392 1490 quorum
1454 1425 1712 1480 amicitiis

141 1515 334 1581 fretus,
382 1532 607 1587 magnus
657 1518 799 1587 apud
848 1518 1096 1573 homines
1129 1516 1434 1570 videbatur.
1483 1516 1565 1573 Ob
1610 1518 1713 1573 hoc

138 1625 272 1681 ergo
304 1610 465 1665 mittit
492 1610 559 1664 ad
588 1625 710 1664 eum
743 1626 859 1674 rex,
906 1619 963 1665 et
991 1609 1067 1663 ait
1111 1608 1155 1639 ”
1191 1625 1203 1661 :
1234 1625 1253 1659 ι
1285 1608 1418 1664 Veni
1461 1626 1626 1674 nunc,
1657 1618 1713 1664 et

138 1703 367 1758 maledic
399 1703 525 1757 mihi
561 1702 813 1772 populum
872 1704 1037 1769 hunc,
1091 1705 1215 1773 quia
1250 1705 1445 1759 fortior
1477 1712 1559 1759 est
1622 1703 1710 1757 hic

1822 510 1985 577 Deus;
2020 516 2112 567 sed
2144 524 2200 566 ιιι
2235 513 2552 583 fugarentur
2600 515 2674 570 illi
2721 516 2814 586 qui
2856 514 2922 571 ad
2968 517 3393 573 maledicendum

1818 612 1873 659 et
1902 607 2352 661 malefaciendum
2386 610 2577 664 adesse
2616 621 3038 668 consueverant.
3097 613 3215 668 Jam
3248 614 3394 669 enim

1820 695 1946 751 hinc
2002 699 2314 766 providebat
2360 700 2503 755 Deus
2557 703 2752 771 populo
2797 720 2915 760 suo.
2967 707 3133 762 Adest
3163 721 3316 775 ergo,
3341 714 3399 762 et

1818 789 1954 843 dicit
1992 791 2134 845 Deus
2164 791 2229 844 ad
2249 807 2370 846 eum
2390 792 2433 823 ³⁸
2464 809 2478 847 :
2513 813 2530 843 ι
2569 792 2707 859 Quid
2741 794 2985 851 homines
3012 798 3100 851 isti
3136 806 3398 852 venerunt

1823 878 1890 933 ad
1922 880 2014 933 te?
2040 880 2106 932 Et
2127 881 2263 934 dixit
2301 880 2518 935 Balaam
2558 883 2625 935 ad
2656 883 2818 936 Deum
2852 902 2865 938 :
2896 885 3092 940 Balach
3124 888 3266 943 filius
3296 889 3397 944 Se-

1817 971 1952 1038 phor
1980 987 2072 1025 rex
2106 971 2257 1026 Moab
2283 972 2431 1026 misit
2455 988 2551 1028 eos
2578 974 2645 1027 ad
2671 989 2777 1037 me,
2811 976 3038 1031 dicens:
3072 978 3207 1033 Ecce
3231 995 3400 1050 popu-

1816 1058 1899 1114 lus
1928 1060 2062 1114 exiit
2091 1063 2156 1115 de
2183 1059 2443 1131 Egypto,
2477 1074 2533 1117 et
2557 1065 2846 1132 cooperuit
2885 1065 3077 1121 faciem
3119 1078 3302 1137 terrm,
3338 1078 3396 1124 et

1818 1153 1907 1207 hic
1936 1153 2089 1207 sedet
2109 1154 2267 1224 juxta
2298 1170 2401 1208 me.
2437 1155 2568 1210 Veni
2599 1170 2728 1224 ergo
2756 1170 2925 1218 nunc,
2951 1165 3005 1210 et
3028 1156 3257 1213 maledic
3291 1160 3394 1213 mi-

1818 1243 1871 1297 hi
1904 1259 2047 1306 eum,
2089 1246 2132 1298 si
2173 1244 2313 1299 forte
2343 1246 2640 1315 poterimus
2689 1258 2975 1314 percutere
3022 1262 3168 1311 eum,
3212 1259 3267 1303 et
3290 1247 3391 1316 eji-

1818 1350 1964 1389 cere.
2000 1336 2067 1389 Et
2107 1336 2249 1390 dixit
2281 1337 2430 1391 Deus
2470 1338 2534 1391 ad
2565 1337 2782 1391 Balaam
2818 1354 2832 1391 :
2869 1337 2981 1390 Non
3012 1352 3105 1392 eas
3134 1354 3257 1393 cum
3289 1340 3389 1406 eis,

1818 1441 1992 1494 neque
2027 1426 2316 1482 maledicas
2341 1429 2599 1498 populum
2642 1447 2656 1484 :
2689 1437 2773 1483 est
2801 1428 2948 1483 enim
2987 1428 3325 1485 benedictus.
3366 1446 3387 1483 ι

1887 1519 1939 1571 7.
1976 1519 2153 1572 Altior
2184 1519 2273 1574 hic
2302 1520 2542 1577 exoritur
2585 1520 2833 1591 quzestio.
2879 1529 2933 1574 et
2993 1521 3176 1575 nescio
3210 1531 3389 1576 utrum

1817 1611 2100 1665 conveniat
2137 1628 2247 1666 rem
2278 1622 2386 1666 tam
2420 1613 2669 1682 profundi
2715 1613 2961 1684 mysterii
3006 1612 3301 1679 denudare,
3336 1624 3391 1669 et

1817 1703 2063 1771 proferre
2098 1705 2163 1757 ad
2206 1704 2411 1770 turbas,
2465 1716 2519 1760 et
2563 1720 2655 1761 eas
2703 1706 2891 1760 turbas
2930 1719 3050 1773 quae
3080 1704 3147 1759 ad
3177 1705 3390 1759 audito-

133 1810 302 1865 quam
338 1810 454 1862 nos,
489 1796 532 1849 si
578 1795 715 1850 forte
763 1796 1035 1864 possimus
1092 1808 1371 1866 percutere
1409 1796 1619 1864 aliquos
1642 1810 1705 1848 ex
1744 1776 1785 1833 Β
1818 1793 1952 1846 rium
1978 1794 2130 1847 verbi
2175 1794 2267 1848 Dei
2307 1810 2410 1849 non
2439 1795 2544 1850 nisi
2584 1795 2769 1866 paucis
2817 1794 3010 1849 diebus
3069 1794 3388 1862 adveniunt,

133 1890 237 1952 eis,
266 1898 325 1942 et
361 1888 559 1958 ejicere
587 1903 679 1943 eos
709 1889 774 1943 de
798 1899 963 1943 terra.
1011 1908 1029 1941 ι
1066 1890 1291 1944 Videtur
1319 1890 1448 1943 mihi
1487 1903 1575 1942 rex
1617 1888 1705 1941 hic

135 1997 240 2035 non
273 1996 343 2034 ex
387 1980 596 2050 integro
633 1981 909 2037 conlidere
938 1982 991 2036 in
1027 1981 1242 2035 Balaam
1272 1982 1476 2046 divino,
1509 1981 1708 2050 ingenti

130 2074 297 2128 credo
332 2073 400 2127 de
421 2072 733 2138 virtutibus,
768 2089 886 2143 quae
914 2074 963 2127 in
997 2075 1192 2142 populo
1223 2074 1315 2129 Dei
1365 2074 1522 2129 facta:
1557 2082 1703 2134 sunt,

130 2165 411 2219 auditione
456 2166 777 2234 perterritus
810 2180 827 2218 :
866 2174 921 2219 et
956 2164 1075 2219 ideo
1118 2165 1287 2231 dicit,
1344 2166 1387 2219 si
1444 2165 1585 2221 forte
1622 2163 1709 2218 vel

129 2270 378 2325 eousque
419 2256 745 2323 prmvaleant
778 2256 1183 2311 maledictiones
1228 2256 1467 2317 Balaam,
1505 2267 1564 2310 ut
1603 2256 1709 2310 ali-

129 2360 269 2414 quos
302 2361 370 2399 ex
405 2346 533 2414 ipsis
574 2347 741 2414 possit
774 2355 1076 2414 percutere,
1108 2356 1333 2401 caeteros
1368 2362 1495 2401 vero
1524 2347 1710 2417 fugare

127 2436 482 2503 perterritos,
512 2446 563 2490 et
594 2438 809 2505 propria
848 2447 991 2491 terra
1031 2437 1319 2506 depellere.

203 2527 258 2581 6.
294 2527 459 2581 Addit
492 2539 751 2596 praeterea
785 2546 798 2581 :
837 2548 855 2580 ι
894 2530 1030 2596 Quia
1083 2530 1217 2594 scio,
1264 2528 1438 2597 inquit
1474 2530 1539 2595 ³⁸,
1567 2527 1735 2597 quod'

121 2631 270 2684 quos
302 2616 673 2682 benedixeris,
715 2618 983 2673 benedicti
1031 2628 1215 2685 erunt,
1244 2628 1300 2673 et
1321 2633 1458 2688 quos
1483 2617 1710 2673 maledi-

124 2707 302 2770 xeris,
337 2706 605 2761 maledicti
634 2717 813 2761 erunt.
848 2728 867 2760 ι
904 2709 1013 2778 Ego
1038 2724 1139 2761 non
1173 2708 1339 2762 credo
1379 2708 1503 2777 quia
1542 2708 1711 2763 sciret

122 2812 245 2860 rex,
282 2800 427 2865 quod
470 2799 883 2869 quibuscunque
911 2800 1281 2857 benedixisset
1325 2800 1566 2865 Balaam,
1610 2800 1709 2855 be-

120 2890 334 2943 nedicti
378 2900 559 2947 essent
607 2910 620 2945 :
666 2892 762 2947 sed
805 2893 1021 2947 videtur
1071 2893 1202 2947 mihi
1248 2892 1503 2948 adulandi
1532 2894 1708 2962 gratia

120 2982 245 3037 haec
286 2983 490 3048 dicere,
544 2994 602 3037 ut
655 2994 825 3039 artem
873 2985 989 3053 ejus
1033 2986 1266 3040 efferens
1306 2994 1361 3040 et
1412 2985 1708 3052 extollens,

120 3075 521 3147 promptiorem
546 3092 666 3130 eum
698 3078 799 3131 sibi
828 3078 1016 3132 reddat
1045 3079 1111 3131 ad
1158 3078 1390 3133 facinus.
1424 3080 1531 3133 Ars
1564 3080 1707 3133 enim

122 3181 151 3214 ι⁴
176 3166 340 3234 agica
368 3169 543 3223 nescit
570 3168 912 3236 benedicere,
938 3171 1060 3239 quia
1108 3186 1205 3225 nec
1228 3171 1500 3225 dannones
1530 3172 1711 3225 sciunt

116 3256 471 3315 benefacere.
530 3259 712 3315 Noscit
754 3262 1079 3317 benedicere
1115 3261 1266 3317 Isaac
1308 3273 1363 3316 et
1409 3261 1611 3327 Jacob,
1657 3272 1710 3317 et

114 3362 323 3402 omnes
361 3351 581 3406 sancti:
631 3353 917 3421 impiorum
977 3354 1152 3407 nullus
1201 3354 1307 3407 scit
1359 3352 1704 3408 benedicere.

115 3436 231 3491 Sed
269 3441 486 3495 tandem
536 3444 751 3497 veniunt
782 3444 848 3498 ad
898 3443 1112 3497 Balaam
1151 3442 1329 3513 legati.
1367 3459 1385 3493 ι
1434 3443 1711 3497 Venerunt

111 3546 279 3602 ergo,
315 3534 489 3605 inquit
512 3537 578 3602 ³⁸,
613 3538 856 3593 seniores
890 3536 1066 3603 Moab,
1109 3547 1163 3591 et
1189 3537 1431 3592 seniores
1468 3536 1706 3602 Madian,

111 3638 175 3681 et
208 3625 523 3681 divinacula
569 3630 621 3682 in
651 3628 905 3682 manibus
943 3642 1153 3681 eorum.
1195 3647 1213 3679 ι
1243 3626 1301 3681 ln
1359 3627 1464 3681 illis
1492 3627 1705 3681 divina-

113 3720 296 3775 tionis
325 3721 554 3785 arlibus,
585 3737 721 3790 quas
774 3721 1067 3776 curiositas
1106 3720 1341 3774 humana
1383 3720 1705 3789 composuit,

107 3820 254 3864 sunt
292 3812 536 3880 quaedam
569 3828 688 3882 qua:
721 3810 1002 3882 Scriptura
1036 3812 1252 3881 quidem
1276 3811 1575 3866 divinacula
1606 3826 1707 3865 no-

108 3903 400 3956 minavit:
442 3905 657 3974 gentilis
694 3915 875 3960 autem
918 3903 1285 3967 consuetudo,
1319 3902 1403 3957 vel
1444 3904 1705 3972 tripodas,

106 3994 207 4048 vel
252 3996 515 4061 cortinas,
554 3995 639 4050 vel
683 3996 806 4050 aliis
858 3994 1163 4063 hujusmodi
1206 3992 1484 4047 vocabulis
1525 3994 1709 4062 appel-

107 4086 235 4152 lat;
284 4103 405 4156 quze
435 4092 588 4158 quasi
629 4088 699 4142 ad
726 4087 831 4142 hoc
872 4088 1045 4156 ipsum
1100 4094 1441 4149 consecrata,
1500 4087 1704 4140 moveri

107 4181 188 4234 ab
226 4180 316 4234 eis
344 4187 398 4233 et
434 4178 759 4234 contrectari
795 4178 993 4233 solent.
1028 4177 1309 4246 Scriptura
1360 4193 1490 4231 sane
1524 4180 1703 4232 divina

100 4270 308 4341 ephod
323 4270 584 4341 quoddam
609 4270 901 4326 vernaculo
925 4285 1174 4325 sermone
1206 4269 1451 4323 nominat
1479 4270 1529 4322 in
1584 4286 1708 4339 pro-

102 4365 330 4431 phetis,
367 4365 509 4434 quod
541 4365 915 4417 indumentum
971 4361 1197 4416 tradunt
1227 4376 1347 4417 esse
1378 4362 1705 4430 prophetau-

1736 3128 1779 3185 C

1814 1893 1867 1938 ct
1896 1886 2153 1940 continuo
2178 1887 2485 1952 discedunt,
2515 1903 2611 1942 nec
2641 1888 2694 1943 in
2733 1888 3088 1943 meditatione
3118 1888 3265 1943 verbi
3292 1887 3385 1942 Dei

1814 1974 2018 2029 diutius
2061 1976 2425 2031 immorantur
2460 1995 2473 2031 :
2511 1988 2694 2033 tamen
2748 1995 2847 2048 pro
2908 1980 2974 2033 iis
3014 1980 3105 2049 qui
3156 1978 3383 2033 studiosi

1813 2077 1960 2134 sunt,
1996 2076 2051 2122 et
2076 2070 2253 2123 sciunt
2277 2070 2485 2135 audire,
2512 2080 2847 2141 possuntque
2867 2087 3059 2140 capere
3088 2071 3383 2141 spiritalem

1812 2174 2052 2223 sensum,
2099 2175 2265 2228 pauca
2324 2161 2505 2231 aliqua
2554 2163 2796 2217 dicemus
2843 2178 2907 2217 ex
2958 2164 3160 2218 multis.
3210 2163 3389 2218 l‘otest

1812 2268 1943 2321 ergo
1971 2251 2133 2319 objici
2171 2251 2275 2306 tale
2301 2252 2507 2322 aliquid
2531 2253 2779 2309 :lnvocet
2821 2255 2946 2309 licet
2975 2256 3249 2309 dmmones
3281 2254 3384 2307 Ba-

1820 2344 1983 2408 laam,
2014 2344 2303 2398 maledicat
2336 2346 2553 2414 populo,
2597 2347 2831 2401 invocati
2880 2350 3150 2400 daemones
3192 2346 3389 2402 faciant

1811 2436 1953 2505 quod
1992 2446 2215 2503 possunt
2248 2452 2261 2487 :
2297 2439 2535 2506 nunquid
2570 2454 2674 2493 non
2704 2448 2881 2508 potest
2916 2440 3056 2493 Deus
3094 2440 3384 2493 defendi-re
3473 2438 3483 2449 '

1812 2541 1841 2579 a
1879 2527 2210 2582 daemonibus
2259 2529 2535 2597 populum,
2574 2531 2791 2599 vimque
2829 2547 3017 2585 eorum
3067 2532 3117 2585 in
3166 2531 3389 2585 malefa-

1812 2618 2002 2674 ciendo
2030 2620 2346 2675 destruere?
2390 2621 2530 2688 Quid
2567 2637 2699 2690 ergo
2736 2637 2871 2691 opus
2897 2633 3034 2686 erat,
3069 2632 3126 2677 ut
3149 2624 3263 2693 ipse
3293 2638 3387 2679 ve-

1811 2709 1953 2764 niret
1984 2710 2048 2765 ad
2079 2710 2299 2765 Balaam
2356 2724 2412 2767 et
2448 2722 2741 2768 consuetos
2773 2714 3043 2770 datmones
3075 2715 3389 2785 prohiberet

1812 2802 2088 2869 accedere,
2137 2818 2206 2859 ne
2250 2804 2334 2857 vel
2379 2814 2659 2859 tentarent
2699 2815 2793 2860 aut
2824 2818 3158 2861 conarentur
3196 2809 3389 2863 laedere

1810 2893 2064 2961 populum
2090 2895 2285 2949 suum?
2320 2895 2399 2949 Ad
2433 2896 2547 2950 haec
2581 2912 2711 2966 ergo
2755 2898 2883 2951 licet
2920 2914 3025 2951 non
3053 2902 3234 2953 omnia
3268 2915 3389 2970 qua:

1811 2995 2040 3053 possunt
2074 3002 2384 3051 occurrere,
2415 2987 2737 3056 proferenda
2765 2998 2909 3055 sunt,
2932 2999 3107 3044 tamen
3143 2991 3389 3046 dicemus

1811 3087 1877 3127 ex
1907 3085 2081 3143 parte,
2115 3076 2240 3144 quia
2277 3092 2381 3129 non
2416 3077 2527 3128 vult
2552 3076 2695 3129 Deus
2726 3077 3030 3129 da‘monnm
3061 3092 3234 3147 genus
3265 3087 3389 3130 ante

1816 3175 2026 3236 tempus
2048 3170 2307 3223 damnare
2336 3168 2472 3237 (48).
2509 3167 2697 3222 Sciunt
2726 3168 2869 3222 enim
2901 3178 2955 3222 et
2978 3169 3077 3237 ipsi
3111 3168 3389 3223 daemones

1812 3260 1937 3327 quia
1977 3269 2186 3328 tempus
2215 3274 2401 3313 eorum
2432 3275 2672 3329 praesens
2697 3260 2799 3314 hoc
2832 3259 3089 3313 saaculum
3117 3258 3383 3314 continet.

1811 3350 2105 3421 Propterea
2154 3351 2387 3420 denique
2434 3360 2488 3405 et
2538 3350 2823 3404 Dominum
2878 3350 3163 3419 rogabant,
3194 3359 3249 3404 ut
3279 3367 3383 3407 nor.

1813 3452 2088 3510 torqueret
2118 3456 2211 3496 eos
2240 3451 2368 3495 ante
2411 3448 2647 3510 tempus,
2681 3455 2856 3509 neque
2883 3440 2934 3493 in
2967 3442 3222 3510 abyssum
3257 3442 3387 3494 mit-

1813 3540 1953 3587 teret
1986 3533 2051 3586 ”.
2095 3532 2161 3585 Et
2189 3533 2259 3585 ob
2286 3532 2387 3587 hoc
2422 3546 2597 3601 neque
2630 3531 2899 3585 diabolum
2927 3533 3157 3585 removit
3181 3547 3209 3585 a
3237 3532 3386 3599 priuv

1811 3626 1993 3694 cipatu
2034 3622 2216 3679 szeculi
2277 3620 2462 3688 hujus,
2519 3622 2642 3689 quia
2692 3621 2869 3675 adhuc
2919 3636 3054 3690 opus
3101 3630 3182 3675 est
3223 3636 3388 3690 opera

1810 3714 1931 3782 ejus
1992 3714 2055 3767 ad
2100 3711 2488 3783 perfectionem
2542 3726 2728 3764 eorum
2779 3710 2868 3779 qui
2910 3712 3203 3765 coronandi
3240 3720 3385 3781 sunt,

1809 3821 1945 3876 opus
1972 3814 2055 3860 est
2077 3804 2254 3859 adhuc
2286 3818 2449 3872 opera
2472 3801 2585 3870 ejus
2613 3803 2677 3856 ad
2706 3801 2967 3857 exercitia
3022 3803 3387 3859 certaminum

1809 3908 1864 3953 et
1897 3896 2155 3951 victorias
2188 3896 2497 3951 beatorum.
2530 3894 2624 3949 Sic
2662 3910 2791 3965 ergo
2823 3902 2875 3948 et
2901 3894 3143 3963 reliquos
3175 3897 3385 3951 daemo-

1810 4005 1908 4044 nes
1939 4004 2043 4044 non
2070 3987 2183 4041 vult
2219 3998 2344 4042 ante
2382 3997 2589 4056 tempus
2616 4002 2643 4039 a
2676 3987 2939 4056 propositi
2977 3986 3059 4040 sui
3088 3985 3389 4041 intentione

1810 4082 2073 4137 violenter
2100 4078 2445 4141 abstrahere,
2512 4089 2565 4133 et
2610 4078 2727 4133 ideo
2758 4095 2824 4132 ex
2872 4080 3026 4133 initio
3059 4095 3161 4133 non
3192 4079 3273 4133 eis
3306 4080 3389 4134 in-

1809 4175 1976 4229 dulsit
2036 4174 2276 4227 invocari
2339 4188 2437 4242 per
2507 4171 2769 4238 Balaam,
2840 4187 2908 4227 ne
2959 4172 3099 4226 forte
3154 4173 3384 4228 invocati

1809 4271 2219 4323 destruerentur
2255 4276 2381 4320 ante
2427 4277 2661 4334 tempus,
2735 4274 2787 4319 et
2846 4265 3243 4333 perimerentur
3294 4266 3387 4319 de-

1808 4359 2061 4413 fetulente
2110 4356 2364 4426 populum
2410 4372 2567 4411 suum
2624 4358 2748 4409 Deo.
2797 4356 2954 4409 Aliud
2998 4356 3143 4409 enim
3186 4365 3289 4417 est,
3340 4355 3385 4409 si

104 4458 289 4510 tium.
329 4454 483 4509 Aliud
518 4465 696 4509 tamen
721 4455 860 4525 apud
903 4454 1211 4523 Scripturas
1259 4452 1440 4507 divina
1481 4452 1707 4520 praphe-
1740 4465 1783 4519 ι)
1813 4456 2093 4518 exspectat
2139 4448 2350 4501 dzemon
2409 4460 2438 4498 a
2488 4446 2598 4499 Deo
2650 4444 2883 4513 aliquem
2937 4445 3003 4497 ad
3070 4446 3385 4498 tentandum

102 4545 220 4607 tis,
258 4544 404 4597 aliud
429 4544 687 4598 divinatio
711 4545 960 4598 habetur.
986 4544 1078 4598 Ait
1104 4543 1248 4597 enim
1277 4542 1319 4573 ³⁷
1349 4558 1363 4594 :
1400 4559 1419 4592 ι
1452 4541 1566 4595 Νοη
1602 4541 1708 4595 erit

98 4638 411 4704 auguratio
453 4637 504 4691 in
550 4637 736 4701 Jacob,
782 4651 958 4706 neque
1003 4636 1269 4691 divinatio
1309 4635 1361 4689 in
1412 4634 1599 4689 Israel.
1647 4635 1703 4689 ln

100 4738 377 4797 tempore
414 4730 625 4784 dicetur
666 4731 731 4783 ad
782 4728 948 4785 Jacob
986 4738 1040 4783 et
1071 4727 1259 4793 lsrael,
1306 4727 1434 4795 quid
1468 4726 1708 4781 facturus

98 4823 186 4875 sit
219 4822 390 4877 Deus.
429 4841 449 4873 ι
486 4821 789 4875 Abdicatur
830 4836 961 4889 ergo
994 4820 1212 4889 penitus
1236 4818 1497 4873 divinatio
1534 4831 1703 4885 :ope-

96 4930 168 4969 re
227 4915 377 4967 enim
431 4923 486 4967 et
541 4912 843 4968 ministerio
886 4913 1225 4973 daemonum,
1268 4919 1325 4963 ut
1380 4923 1540 4979 supra
1590 4909 1704 4978 jam

96 5008 391 5071 diximus,
417 5004 762 5074 adimpletur.
797 5002 964 5072 Igitur
990 5001 1238 5063 Balaam,
1265 5001 1586 5055 divinaculis
1615 5015 1706 5054 ac-

92 5098 321 5168 ceptis.
355 5112 477 5150 cum
501 5096 744 5153 solerent
770 5095 1047 5149 dastnoncs
1070 5094 1137 5146 ad
1179 5095 1350 5161 ipsum
1380 5092 1586 5156 venire,
1616 5091 1699 5145 fu-

91 5200 283 5260 gatos
305 5186 526 5256 quidem
556 5188 828 5242 daemones
858 5184 1022 5248 videt,
1058 5183 1155 5238 sed
1181 5183 1369 5237 adesse
1405 5183 1593 5236 Deum.
1637 5182 1702 5237 Et

92 5284 249 5337 ideo
276 5281 405 5334 dicit
431 5280 769 5348 interrogare
801 5294 861 5333 se
899 5278 1093 5340 Deum,
1119 5276 1241 5345 quia
1281 5286 1574 5330 consuetos
1595 5274 1698 5330 sibi

89 5389 317 5447 parere
346 5386 615 5443 nusquam
649 5371 922 5425 daemones
948 5369 1113 5423 videt.
1148 5368 1307 5421 Venit
1338 5381 1465 5437 ergo
1502 5368 1615 5435 ipse
1635 5364 1703 5420 ad

767 5509 810 5541 ⁸⁸
836 5509 992 5567 ihid..
1034 5508 1114 5561 l9.
1218 5507 1261 5537 ³⁸
1285 5504 1439 5558 Num.
1474 5518 1609 5565 χχιι,
1641 5500 1700 5555 6.

212 5514 264 5545 δ’
290 5513 423 5568 Luc.
466 5509 654 5574 v.15.

102 5583 163 5617 ⁸⁸
186 5580 591 5649 Num.xxn,9,
614 5576 903 5643 10,“,1‘2.

180 5704 307 5775 (18)
342 5701 464 5755 Non
491 5697 771 5775 vulLDeus
796 5697 1088 5775 dmutonum
1120 5709 1280 5775 genus
1323 5700 1448 5775 ante
1490 5700 1694 5770 tempus

84 5760 399 5833 dainnare.
430 5782 534 5825 etc.
571 5768 706 5825 Vide
729 5767 1089 5822 clarissimqu
1120 5760 1371 5817 lluctium
1405 5760 1691 5829 Origz-uia-

1813 4544 1953 4597 sicut
1998 4539 2117 4605 Job,
2171 4547 2226 4591 et
2276 4553 2403 4593 cum
2454 4544 2601 4591 certa
2658 4535 3009 4590 distinctione
3060 4546 3385 4604 potestatem

1814 4637 1931 4704 ejus
1954 4633 2205 4701 accipiat.
2244 4629 2402 4686 Verbi
2456 4628 2653 4698 gratia,
2702 4636 2758 4681 ut
2800 4628 3010 4681 dicatur
3052 4630 3125 4693 ei,
3167 4625 3244 4681 Do
3290 4628 3387 4682 tibi

1812 4721 1993 4775 omnia
2021 4718 2140 4788 ejus
2169 4718 2218 4770 in
2248 4725 2535 4787 potestate,
2587 4715 2678 4769 scd
2729 4715 2899 4784 ipsum
2928 4730 3030 4768 non
3078 4717 3382 4787 contingas.

1811 4812 1970 4883 321
2007 4810 2114 4864 Aut
2162 4810 2380 4875 iterum,
2410 4805 2482 4861 Do
2518 4806 2611 4861 tibi
2648 4806 2698 4859 in
2744 4821 2865 4858 eum
2904 4816 3249 4876 potestatem,
3280 4810 3376 4861 sed

1812 4906 2049 4959 animam
2100 4903 2217 4972 ejus
2264 4900 2498 4956 custodi.
2554 4898 2620 4953 Et
2660 4898 2803 4952 aliud
2852 4908 2934 4953 est
2970 4898 3013 4952 si
3055 4913 3209 4968 mago
3264 4899 3383 4954 cxi‘

1813 5003 2003 5066 gente,
2062 5003 2115 5047 et
2169 4988 2563 5060 adjuramentis
2614 4988 2941 5057 quibusdam
3002 4998 3382 5057 extorquente,

1810 5088 2083 5142 daemones
2109 5085 2225 5139 sine
2264 5084 2368 5137 ulla
2401 5081 2784 5136 observatione
2812 5081 3108 5135 deszeviant
3143 5080 3281 5150 (49).
3325 5081 3379 5134 ln

1808 5196 1916 5249 quo
1949 5180 2134 5248 utique
2178 5177 2221 5231 si
2266 5178 2345 5232 eis
2376 5175 2600 5230 libertas
2635 5156 2882 5229 serve'lur
2932 5174 3164 5237 arbitrii,
3213 5188 3381 5242 popu-

1810 5271 1920 5327 lum
1956 5271 2048 5325 Dei
2104 5269 2371 5338 perditum
2408 5267 2634 5323 dabunt.
2672 5265 2730 5321 Si
2779 5281 2906 5321 vero
2955 5265 3177 5322 libertas
3228 5264 3371 5316 aufe-

1812 5372 1966 5418 ratur
2012 5360 2259 5427 arbitrii,
2318 5359 2426 5417 hoc
2482 5368 2603 5415 erat
2660 5359 2948 5413 damnasse
3001 5354 3375 5412 rationabilem

1798 5501 1841 5531 ³⁸
1875 5500 2004 5554 ibid.
2110 5498 2155 5529 ³⁸
2186 5497 2345 5552 Num.
2376 5512 2515 5554 χιιι.
2554 5495 2602 5548 7.
2808 5485 2849 5517 ³⁷
2882 5484 3047 5538 Νυῐη-
3086 5494 3241 5544 1W":
3279 5476 3366 5533 25-

2110 5498 2155 5529 ³⁸
2186 5497 2345 5552 Num.
2376 5512 2515 5563 χιιι,
2554 5495 2602 5548 7.

1006 5580 1048 5609 ³⁸
1072 5577 1261 5631 Matth.
1294 5591 1413 5637 vm,
1448 5574 1551 5639 29;
1586 5573 1716 5627 Luc.
1750 5587 1869 5635 VIII,
1911 5572 1999 5626 51.

1808 5702 1994 5739 uorum
2023 5685 2115 5739 lib.
2154 5700 2213 5747 Il,
2244 5694 2436 5752 quaest.
2467 5682 2517 5745 5,
2551 5680 2791 5735 numeris
2828 5678 2899 5752 22
2920 5686 2970 5730 et
2996 5676 3085 5732 25.

1876 5756 1987 5826 (49)
2028 5757 2205 5813 Codex
2241 5750 2614 5819 Carnoteusis,
2635 5772 2651 5805 ι
2676 5750 3009 5807 deserviant.
3039 5763 3059 5796 ι
