3914 6532
524 318 632 376 675

1997 321 2321 380 ORIGENIS

3677 324 3771 381 676

525 448 850 503 creaturam,
890 446 946 492 et
988 446 1114 492 ante
1157 432 1371 507 tempus
1415 437 1665 495 intulisse
1697 439 1999 510 judicium,
2035 451 2090 496 et
2119 447 2166 504 Α
2194 438 2396 503 Israel,
2441 438 2508 492 de
2554 450 2662 505 quo
2707 437 2970 506 scriptum
3019 447 3134 505 est,
3166 440 3390 496 dicente
3441 439 3677 495 Domino
3714 447 3772 496 ad

525 531 811 600 impedisse
869 530 1120 584 omnibus
1179 529 1271 598 qui
1333 531 1619 584 adversum
1669 547 1763 588 eos
1816 533 1868 586 in
1922 548 2093 603 agone

524 627 796 673 certantes
827 625 1074 685 poterant
1108 617 1380 673 coronari.
1415 616 1473 671 Si
1502 620 1648 674 enim
1681 621 1964 678 daemoniis
1997 640 2094 676 au-

526 705 735 760 feratur
773 705 996 761 libertas
1040 707 1284 773 arbitrii,
1328 708 1505 764 nullus
1551 710 1692 764 ultra
1754 712 2093 783 impugnabit

523 797 753 852 athletas
799 797 1005 854 Christi
1050 816 1065 854 :
1105 799 1253 854 nullo
1310 812 1489 856 autem
1547 802 1935 874 impugnante,
1991 819 2092 860 nec

522 895 798 942 certamen
835 887 1055 960 aliquod
1091 889 1236 944 erit:
1274 901 1327 945 et
1367 892 1583 946 sublato
1628 894 1942 959 certamine,
1976 893 2093 947 nul-

521 979 629 1034 lum
672 982 778 1037 erit
827 983 1143 1052 prmmium,
1199 984 1345 1038 nulla
1380 987 1633 1042 victoria.
1687 986 1892 1043 Idcirco
1929 988 2093 1059 igitur

522 1073 614 1127 tali
645 1074 728 1128 via
766 1075 936 1129 utitur
969 1078 1130 1140 Deus,
1163 1086 1222 1131 ut
1252 1088 1306 1131 et
1337 1078 1566 1147 populus
1616 1079 1792 1134 adhuc
1837 1081 2009 1144 rudis,
2038 1087 2092 1134 et

521 1166 613 1232 qui
671 1180 841 1234 nuper
890 1168 1134 1222 abstrahi
1188 1175 1440 1239 cce-perat
1477 1187 1505 1222 a
1545 1171 1690 1224 cultu
1747 1173 2088 1237 όωιιιοιιιιιιι,

519 1261 858 1316 daemonibus
891 1276 997 1315 non
1045 1262 1321 1327 tradatur,
1383 1274 1436 1319 et
1488 1265 1777 1321 invocante.
1819 1282 1972 1336 mago
2009 1281 2093 1321 re-

521 1367 721 1416 sponsa
741 1351 1077 1421 deferantur,
1105 1364 1156 1408 et
1189 1370 1362 1426 genus
1382 1356 1684 1412 dmtnonum
1716 1374 1822 1412 non
1857 1345 2093 1413 nudetur

519 1441 730 1494 arbitrii
781 1449 1069 1510 potestate.
1115 1442 1183 1498 Et
1231 1444 1352 1500 ideo
1387 1446 1648 1514 prtevcnit
1702 1446 1847 1501 Deus
1915 1457 1970 1501 et
2013 1447 2092 1500 ire

519 1534 764 1602 Balaam,
793 1546 954 1606 atque
984 1538 1235 1593 invocare
1268 1538 1536 1593 daamoncs
1568 1538 1632 1592 ad
1660 1539 2090 1594 maledicendum

518 1628 792 1696 prohibet,
819 1629 864 1683 si
905 1639 1081 1682 tamen
1112 1647 1141 1682 ει
1172 1631 1471 1699 cupiditate
1503 1641 1793 1687 cessasset.
1825 1631 1930 1686 Sed
1963 1630 2090 1700 quia

517 1720 759 1789 persistit
791 1721 843 1775 in
882 1721 1149 1776 desiderio
1187 1724 1448 1791 pecuniae,
1480 1723 1766 1792 indulgens
1812 1725 1953 1778 Deus
1998 1739 2090 1777 ar-

2195 531 2415 601 Moysen
2439 527 2528 583 “z
2569 544 2588 578 ι
2619 527 2858 596 Angelus
2906 544 3058 584 meus
3093 530 3193 585 ibit
3245 542 3450 586 tecum.
3488 550 3510 584 ι
3571 531 3769 588 Petcnti

2194 639 2323 692 ergo
2354 623 2454 687 ire,
2497 620 2816 676 conceditur
2859 639 2872 675 :
2911 622 2964 676 in
2996 622 3084 676 via
3126 624 3432 678 conteritur
3463 625 3538 678 ab
3585 625 3770 679 asina:

2193 716 2288 771 sed
2323 729 2513 784 magus
2562 715 2833 769 daemones
2885 713 3066 779 videt,
3117 715 3370 784 angelum
3429 731 3548 770 non
3597 716 3772 783 videt,

2193 811 2348 866 asina
2401 818 2581 862 tamen
2631 807 2800 862 videt.
2849 805 2964 859 Non
3004 809 3144 874 quod
3192 809 3353 876 digna
3406 818 3564 862 esset
3604 808 3772 865 videre

2194 903 2464 973 angelum,
2494 902 2637 957 sicut
2671 914 2772 955 nec
2807 897 2952 967 loqui
2984 898 3144 966 digna
3179 911 3320 967 erat,
3357 903 3458 954 sed
3489 909 3556 953 ut
3601 901 3771 955 coniu-

2196 1006 2406 1050 taretur
2452 995 2670 1050 Balaam
2713 1011 2727 1048 :
2765 1001 2819 1048 et
2859 1000 2919 1044 ut
2960 991 3037 1045 ait
3079 992 3314 1059 quodam
3364 993 3421 1047 in
3467 993 3601 1047 loco
3641 993 3770 1049 Ξενία

2193 1100 2351 1159 ptura
2376 1090 2421 1128 δ’
2460 1107 2546 1150 ;,‹
2579 1087 2780 1142 Mutum
2828 1084 3029 1138 animal
3081 1085 3315 1139 humana
3359 1101 3502 1140 voce
3558 1100 3770 1154 respuo-

2194 1181 2346 1242 dens,
2396 1178 2576 1247 arguit
2621 1175 2896 1246 propheta:
2945 1173 3339 1228 dementiam.»
3384 1175 3602 1230 Verum
3654 1190 3771 1243 qus-

2194 1268 2339 1322 niam
2385 1268 2452 1323 de
2507 1267 2734 1322 historia
2797 1265 2966 1319 multa
3014 1266 3127 1334 jam
3177 1266 3321 1320 dicta
3380 1276 3556 1328 sunt,
3607 1266 3768 1334 aliqua

2192 1358 2355 1412 etiam
2384 1357 2453 1413 de
2482 1357 2739 1426 allegoria
2773 1355 3207 1425 perstringamus
3236 1356 3290 1409 in
3336 1356 3470 1410 ﬁne.
3510 1356 3574 1408 Si
3605 1357 3768 1411 videas

2192 1449 2522 1505 contrariam
2560 1457 2882 1514 potestatem
2917 1448 3323 1518 impugnantem
3356 1447 3633 1516 populum
3662 1448 3766 1509 Dei,

2192 1541 2454 1612 intelligis
2498 1542 2619 1611 quis
2653 1540 2724 1595 sit
2764 1540 2854 1608 qui
2900 1539 3087 1593 sedeat
3130 1553 3298 1607 super
3343 1539 3593 1593 asinam.
3625 1539 3692 1593 Et
3729 1544 3763 1593 si

2192 1637 2505 1692 consideres
2536 1635 2780 1690 homines
2809 1634 3080 1704 quomodo
3122 1649 3153 1688 a
3184 1634 3538 1690 daemonibus
3587 1637 3765 1705 praei.

2191 1730 2457 1798 pilantur,
2505 1727 2761 1794 intelligis
2812 1741 2933 1796 quae
2966 1726 3040 1780 sit
3078 1726 3249 1780 asina.
3302 1727 3398 1781 Sic
3441 1728 3596 1782 enim
3641 1729 3764 1781 etin

517 1812 664 1868 bitrii
711 1812 984 1879 libertati,
1017 1831 1206 1869 rursus
1255 1816 1335 1869 ire
1375 1816 1660 1884 permittit.
1715 1815 1956 1871 Verbum
2008 1826 2089 1869 ta-
2119 1808 2161 1861 Β
2193 1817 2483 1886 Evangelio
2537 1815 2806 1885 intelliges
2859 1813 3042 1870 .lesum
3102 1816 3415 1872 mittentem
3478 1817 3766 1887 discipulos

517 1917 641 1957 men
671 1919 824 1958 suum
857 1904 1028 1971 injicit
1058 1906 1110 1958 in
1145 1921 1208 1960 os
1243 1905 1381 1974 ejus,
1419 1907 1716 1976 prohibens
1758 1907 2088 1962 maledictio-

517 2009 640 2048 nem
676 1994 792 2049 ﬁeri
825 2009 924 2063 per
972 1996 1262 2062 daemones,
1304 2007 1364 2051 ut
1394 1999 1866 2054 benedictionibus
1910 1999 2086 2053 locum

519 2088 706 2148 daret.
738 2097 791 2141 et
831 2103 931 2156 pro
965 2090 1268 2146 maledictis
1313 2093 1556 2161 proferat
1599 2093 1816 2148 Balaam
1866 2086 2088 2148 bettedi-

514 2177 722 2230 ctiones
757 2193 820 2231 ac
857 2181 1194 2248 prophetias,
1257 2197 1377 2251 qua:
1409 2194 1632 2254 possunt
1672 2183 1943 2239 aediﬁcare
1979 2199 2085 2239 non

513 2262 687 2318 solum
723 2264 912 2331 Israel,
941 2269 1034 2322 sed
1063 2281 1116 2323 et
1148 2272 1390 2342 reliquas
1415 2283 1624 2342 gentes.

425 2421 437 2433 _
583 2355 722 2414 Φασὶ
752 2359 862 2431 (51)
899 2361 991 2414 τὸν
1033 2363 1264 2436 Βαλαὰμ

512 2448 655 2518 ἔχειν
689 2451 948 2522 φοιτητὰς
981 2455 1047 2524 τῇ
1097 2455 1264 2528 τέχνῃ

516 2545 958 2618 μαθητεύσαντας
1009 2551 1156 2622 αὐτῷ
1197 2556 1261 2624 τῇ

515 2641 758 2709 μαγικῇ,
792 2641 887 2693 καὶ
931 2640 1089 2707 δόξαν
1136 2644 1264 2714 περὶ

513 2730 681 2783 αὑτοῦ
735 2731 957 2802 ἔχοντας
1015 2735 1260 2805 ἀναγρά-

510 2821 715 2890 ψασθαι
767 2826 867 2888 τὰς
925 2826 1261 2895 προφητείας

512 2915 713 2980 αὐτοῦ,
763 2918 857 2970 καὶ
921 2918 1257 2985 καταλιπεῖν,

511 3008 572 3061 δν
605 3003 692 3071 αἷς
739 3009 834 3062 καὶ
867 3009 950 3062 τό*
987 3029 1005 3061 ‹
1049 3011 1263 3064 ’Λνατε-

511 3100 594 3154 λεί
649 3103 880 3172 ἄστρονο
920 3121 938 3153 ›
989 3101 1016 3154 ὃ
1058 3105 1150 3156 καὶ
1198 3106 1263 3156 ἐκ

513 3194 786 3263 πατρικῆς
915 3195 1264 3264 παραδόσεως

511 3283 606 3335 λαὶ
645 3282 862 3353 διδαχῆς
922 3301 996 3336 πα
1005 3285 1261 3355 ραλαόόν-

511 3395 602 3440 τες
630 3381 678 3431 οἱ
718 3380 878 3448 μάγοι
905 3380 995 3433 ἐπὶ
1030 3381 1126 3452 τὴν
1157 3383 1264 3454 Βη-

513 3470 678 3543 θλεὲμ
705 3473 1082 3543 παρεγένοντο.

1406 2367 1446 2436 -j-
1469 2365 1524 2420 Si
1543 2367 1685 2421 enim
1722 2383 1751 2421 a
1776 2367 1956 2439 Moyse
1973 2367 2086 2436 (50)

1336 2459 1638 2527 pr0phetiac
1711 2459 1828 2530 ejus
1907 2450 2082 2515 sacris

1338 2555 1555 2610 inserta:
1617 2565 1742 2610 sunt
1797 2557 2086 2611 volumini-

1337 2645 1467 2710 bus,
1508 2656 1712 2716 quanto
1762 2647 1932 2716 magis
1990 2648 2086 2702 de—

1335 2737 1553 2807 scripta:
1595 2748 1719 2792 sunt
1762 2738 1830 2792 ab
1877 2739 1943 2792 iis
1992 2739 2085 2807 qui

1337 2829 1652 2885 habitabant
1682 2841 1807 2886 tunc
1844 2831 2088 2902 Mesopo-

1335 2923 1578 2990 tamiam,
1620 2923 1758 2994 apud
1789 2941 1925 2994 quos
1973 2941 2084 2979 ma-

1335 3017 1564 3087 gniﬁcus
1614 3018 1917 3074 habebatur
1979 3020 2084 3075 Ba-

1336 3107 1498 3178 laam,
1528 3125 1771 3180 quosque
1797 3112 1933 3167 artis
1967 3111 2087 3181 ejus

1334 3211 1548 3257 constat
1570 3203 1736 3259 fuisse
1756 3205 2086 3277 discipulos?

1333 3293 1414 3348 Ex
1466 3295 1557 3350 illo
1615 3297 1848 3366 denique
1913 3298 2087 3353 fertur

1335 3402 1612 3457 magorum
1637 3402 1828 3456 genus,
1861 3399 1909 3442 et
1940 3389 2087 3442 insti-

1336 3479 1472 3532 tutio
1498 3479 1551 3532 in
1581 3479 1823 3546 partibus
1847 3479 2086 3534 Orientis

509 3564 732 3633 vigere:
767 3566 856 3632 qni
885 3568 1155 3635 descripta
1187 3568 1450 3624 habentes
1483 3569 1624 3638 apud
1665 3584 1724 3625 se
1756 3571 1940 3624 omnia
1967 3585 2087 3639 quas

508 3657 920 3726 pmphetaverat
956 3657 1209 3723 Balaam,
1252 3661 1414 3715 etiam
1475 3662 1579 3716 hoc
1613 3662 1919 3717 habuerunt
1950 3662 2082 3717 scri-

507 3757 654 3816 ptum
678 3749 746 3815 ⁸ο,
775 3749 920 3816 quod
953 3768 971 3801 ι
1001 3751 1211 3804 orietur
1234 3752 1390 3806 stella
1423 3767 1489 3806 ex
1518 3751 1708 3817 Jacob,
1737 3763 1786 3807 et
1825 3764 2084 3826 exsurget

507 3838 670 3893 homo
704 3856 768 3894 ex
801 3839 985 3894 Israel.
1013 3860 1030 3892 ι
1067 3842 1190 3896 Ilaec
1218 3843 1422 3911 scripta
1458 3843 1733 3897 habebant
1767 3845 1908 3916 magi
1941 3847 2081 3915 apud

510 3930 855 3998 semetipsos,
880 3940 934 3983 et
963 3931 1085 3984 ideo
1121 3932 1339 4000 quando
1379 3941 1542 3987 natus
1576 3942 1660 3988 est
1700 3931 1877 4002 Jesus,
1914 3951 2083 4004 agno-

507 4031 703 4073 vernttt
739 4018 977 4084 stellam,
1005 4031 1059 4074 et
1097 4019 1485 4075 intellexerunt
1527 4022 1807 4091 adimpleri
1851 4025 2083 4094 prophe-

509 4109 662 4174 tiam,
694 4109 874 4178 tnagis
897 4110 997 4178 ipsi
1033 4126 1194 4178 quam
1241 4110 1470 4180 populus
1502 4110 1689 4178 Israel,
1718 4114 1810 4182 qui
1861 4123 2081 4170 sancto-

509 4197 1024 4268 rumpmphetaru'n
1045 4199 1240 4256 audire
1271 4203 1434 4256 verba
1463 4204 1815 4270 contempsit.
1847 4203 1924 4259 Illi
1951 4219 2081 4276 ergo

507 4303 571 4343 ex
606 4290 669 4343 iis
710 4299 918 4344 tantum
942 4306 1062 4360 qua:
1096 4291 1311 4345 Balaam
1351 4292 1554 4360 scripta
1597 4292 1890 4362 reliquerat
1917 4310 2082 4365 agno-

505 4388 724 4435 scentes
772 4380 968 4434 adesse
1017 4389 1252 4450 tempus,
1299 4389 1602 4444 venerunt,
1639 4390 1692 4435 et
1739 4383 2079 4452 requirentes

2190 1923 2321 1963 suos
2352 1910 2418 1963 ad
2473 1909 2714 1972 asinam,
2764 1925 2885 1978 quae
2931 1910 3149 1978 alligata
3179 1921 3335 1977 erat,
3383 1920 3441 1965 et
3471 1911 3545 1964 ad
3577 1911 3764 1979 pullum

2191 1996 2304 2063 ejus
2345 2006 2452 2050 :‘ut
2490 1997 2741 2066 discipuli
2800 2015 2919 2051 eam
2970 2001 3222 2065 solvant,
3267 2010 3323 2054 et
3375 2000 3687 2063 adducant,
3719 2015 3767 2052 ut

2191 2087 2309 2153 ipse
2343 2088 2528 2141 redeat
2565 2101 2728 2156 super
2762 2101 2902 2141 eam.
2937 2090 3002 2143 Et
3032 2090 3172 2146 forte
3206 2091 3325 2145 hcce
3351 2092 3544 2156 asina,
3598 2092 3650 2144 id
3690 2104 3763 2144 est

2189 2179 2452 2244 Ecclesia,
2486 2178 2636 2248 prius
2664 2181 2914 2248 portabat
2941 2182 3185 2248 Balaam,
3216 2199 3368 2238 nunc
3402 2195 3597 2238 autem
3622 2183 3764 2238 Chri-

2188 2281 2358 2336 stum,
2386 2286 2452 2325 ex
2481 2286 2591 2340 quo
2619 2270 2795 2325 soluta
2817 2281 2902 2326 est
2925 2288 2956 2326 a
2982 2274 3265 2344 discipulis
3296 2286 3352 2331 et
3384 2292 3414 2329 a
3461 2276 3664 2344 quibus
3695 2279 3762 2330 in-

2188 2377 2329 2418 nexa
2371 2373 2486 2418 erat
2519 2364 2754 2419 vinculis
2803 2365 3066 2429 relaxata,
3102 2375 3162 2419 ut
3202 2365 3375 2422 Filius
3413 2367 3515 2422 Dei
3565 2369 3763 2423 sederet

2187 2470 2352 2522 super
2381 2471 2524 2522 eam,
2555 2468 2608 2510 et
2648 2471 2769 2511 cum
2811 2456 2926 2524 ipsa
2978 2458 3356 2528 ingrederetur
3399 2471 3657 2514 sanctam
3695 2462 3762 2513 ci-

2188 2547 2411 2604 vitatem
2448 2548 2745 2604 Jerusalem
2781 2551 3084 2613 caelestem,
3111 2560 3165 2604 et
3206 2551 3593 2619 compleretur
3625 2551 3762 2606 Scri-

2186 2649 2369 2710 ptura,
2397 2654 2516 2708 qua:
2544 2640 2674 2695 dicit
2698 2639 2784 2695 “z
2819 2659 2838 2691 ι
2867 2639 3098 2704 Laetare,
3137 2640 3242 2695 ﬁlia
3286 2641 3461 2706 Sion,
3504 2644 3756 2712 praedira,

2191 2730 2296 2784 ﬁlia
2337 2729 2672 2798 Jerusalem,
2719 2748 2848 2788 ecce
2895 2750 2991 2788 rex
3024 2747 3146 2788 tuus
3189 2735 3339 2788 venit
3375 2734 3476 2788 tibi
3533 2736 3677 2789 mitis
3713 2747 3761 2789 es

2187 2823 2384 2877 sedens
2431 2837 2595 2890 super
2639 2822 2938 2896 subjugale.
2983 2845 3002 2877 ι
3045 2824 3362 2896 Subjugale,
3422 2826 3478 2880 id
3527 2839 3612 2880 est
3662 2829 3758 2881 asi-

2190 2928 2349 2979 naut,
2395 2914 2679 2970 credentes
2727 2915 2846 2970 sine
2898 2916 3062 2971 dubio
3108 2932 3175 2972 ex
3222 2915 3434 2973 ludatis
3478 2918 3616 2973 dicit
3655 2937 3668 2971 :
3709 2930 3756 2972 et

2186 3005 2388 3075 pullum
2433 3006 2734 3071 novellum,
2774 3021 2867 3061 eos
2912 3009 3158 3077 profecto
3197 3010 3289 3078 qui
3336 3019 3473 3064 sunt
3519 3026 3588 3064 ex
3633 3025 3756 3077 ge:-

2190 3095 2331 3150 tihus
2382 3096 2669 3151 credentes
2715 3096 2770 3151 in
2819 3097 3054 3152 Christo
3082 3096 3212 3154 Jesu
3263 3100 3504 3155 Domino
3557 3112 3754 3162 nostra.

2189 3186 2273 3240 cui
2302 3195 2388 3240 est
2416 3185 2589 3256 gloria
2625 3195 2680 3242 et
2726 3188 3014 3259 imperium
3059 3189 3115 3244 in
3161 3191 3370 3246 saecula
3415 3191 3750 3247 seculorum.

2187 3280 2380 3331 Amen.

2741 3369 3022 3426 IIOMILIA
3062 3367 3202 3426 XIV.

2645 3460 2754 3532 (5i)
2781 3461 2914 3518 Item
2958 3465 3022 3518 de
3051 3463 3301 3520 Balaam.

2257 3557 2308 3612 1.
2337 3553 2497 3608 Plura
2521 3563 2668 3618 sunt,
2694 3569 2814 3623 quae
2835 3555 2991 3611 nobis
3023 3556 3347 3612 resederunt
3368 3557 3754 3626 «ponentibus

2185 3647 2470 3703 lectionem
2523 3647 2588 3702 de
2629 3645 2848 3700 Balaam
2893 3657 3059 3717 atque
3107 3649 3262 3703 asina
3313 3647 3490 3716 ejus:
3539 3659 3592 3703 et
3623 3664 3753 3717 quo-

2184 3742 2331 3794 niam
2367 3749 2449 3795 est
2485 3725 2798 3808 temporalis
2830 3749 3114 3805 tractatus,
3140 3740 3232 3809 qui
3263 3741 3317 3794 in
3349 3739 3596 3795 Ecclesia
3631 3741 3754 3794 ali-

2185 3833 2380 3889 ﬁcandi
2416 3833 2587 3903 gratia
2619 3831 2869 3898 habetur,
2905 3848 3010 3888 non
3057 3833 3348 3888 habuimus
3388 3843 3600 3886 tantum
3636 3846 3755 3901 spa-

2187 3926 2267 3989 tii,
2303 3933 2363 3978 ut
2397 3938 2678 3993 possemus
2716 3923 2928 3993 singula
2969 3938 3198 3993 qua-que
3247 3922 3556 3993 Scriptura:
3597 3927 3750 3975 verba

2181 4029 2502 4087 proponere,
2531 4023 2584 4069 et
2615 4016 2688 4068 ita
2719 4025 2774 4068 ut
2802 4013 2935 4068 nihil
2963 4013 3184 4068 omnino
3209 4013 3577 4068 indiscussuut
3597 4011 3751 4081 333

2181 4117 2514 4170 remaneret,
2557 4104 2994 4175 explanationem
3029 4104 3261 4173 singulis
3306 4105 3591 4168 adhibere,
3629 4120 3754 4172 quo-

2183 4199 2328 4254 niam
2380 4198 2596 4268 quidem
2648 4196 2949 4266 ltujusmodi
2997 4200 3172 4264 stytus
3240 4195 3750 4250 commentariorum

2181 4291 2356 4363 magis
2383 4299 2486 4346 est.
2511 4288 2719 4344 Idcirco
2756 4302 2878 4355 quas
2912 4287 3264 4355 inquisitione
3291 4287 3457 4356 digna
3491 4285 3748 4349 videntur,

2184 4384 2518 4452 repetimus,
2568 4394 2799 4448 eamque
2865 4379 3260 4444 discntientes,
3314 4394 3426 4449 qua
3479 4392 3751 4448 possumus

505 4486 628 4524 eum
677 4473 860 4526 statim
913 4471 1308 4537 adoraverunt,
1355 4483 1410 4527 et
1446 4480 1505 4525 ut
1542 4470 1700 4525 ﬁdem
1749 4487 1902 4527 suam
1957 4488 2074 4527 ma-
2109 4485 2152 4541 ι)
2182 4475 2563 4545 explanatione
2595 4472 2860 4526 disserere
2913 4480 2968 4524 et
3007 4472 3062 4525 in
3099 4471 3335 4525 medium
3369 4469 3614 4538 proferre
3641 4478 3750 4522 ten-

504 4578 665 4631 gnaut
687 4578 807 4619 esse
835 4564 1439 4635 declararent,parvum
1468 4579 1692 4634 puerum
1712 4565 1865 4634 quasi
1896 4579 2075 4634 regem

504 4653 743 4706 venerati
773 4664 920 4708 sunt.

575 4741 629 4794 8.
668 4741 775 4798 Sed
822 4745 1104 4801 redeamus
1151 4747 1218 4800 ad
1270 4748 1630 4818 pt‘Opositum.
1685 4746 1945 4801 Molestus
1993 4752 2076 4800 est

503 4830 721 4888 Balaam
779 4836 913 4902 Deo,
956 4851 1010 4892 et
1052 4849 1336 4909 extorquet
1389 4841 1778 4912 propemodum
1835 4836 2076 4906 permitti

503 4925 605 4978 sibi
643 4935 698 4979 ut
732 4938 820 4981 eat
870 4929 1194 4986 maledicere
1233 4932 1358 4986 ﬁ-Iiis
1407 4932 1610 4998 Israel,
1661 4941 1715 4986 et
1766 4939 1826 4984 ut
1858 4931 2076 4984 invocet

503 5017 799 5086 daemones,
841 5021 908 5075 ad
963 5039 1122 5092 quem
1169 5023 1281 5093 jam
1322 5035 1550 5081 venerat
1597 5025 1762 5080 Deus.
1813 5021 2075 5078 Ascendit

505 5110 746 5179 asinam,
795 5116 1038 5170 occurrit
1076 5117 1126 5171 ei
1182 5117 1442 5188 angelus,
1485 5118 1576 5188 qui
1617 5115 1926 5172 excubabat
1973 5127 2072 5182 pro

1109 5234 1148 5303 1—
1163 5304 1172 5309 ‘
1185 5249 1336 5309 vsns.
1372 5251 1505 5309 nov.
1585 5304 1594 5309 _
1763 5303 1774 5309 _
1935 5299 1946 5309 μ

571 5297 782 5354 Dicitur
809 5300 1035 5372 Balaam
1082 5297 1328 5357 habuisse
1374 5304 1656 5372 discipulos
1685 5303 1774 5370 qui
1806 5299 2068 5369 magicam

499 5373 614 5447 ejus
633 5382 822 5447 artem
852 5371 1157 5447 didicerint,
1180 5389 1378 5447 _qutque
1412 5371 1604 5444 magna
1639 5375 1704 5427 de
1732 5388 1790 5426 eo
1818 5380 2068 5447 concepta

500 5437 745 5507 opinions
784 5443 973 5495 litteris
1008 5437 1428 5511 ,mandaueriut,
1473 5437 1626 5515 alque
1665 5443 1888 5512 posteris
1941 5437 2067 5492 reli-

2187 4568 2437 4621 tabimus.
2469 4562 2568 4618 Est
2607 4571 2790 4617 autem
2823 4561 2999 4616 adhuc
3030 4559 3244 4616 diﬁicile
3287 4561 3338 4614 in
3381 4559 3748 4628 explanation

2184 4656 2427 4711 historia:
2457 4654 2650 4723 ipsius,
2677 4653 2950 4722 quomodo
2975 4667 3099 4706 cum
3136 4651 3348 4705 dicatur
3376 4650 3590 4704 venisse
3615 4649 3748 4702 betas

2186 4758 2348 4803 noctu
2385 4747 2451 4801 ad
2487 4745 2708 4800 Balaam
2747 4748 2945 4816 primo,
2973 4753 3030 4798 et
3059 4742 3432 4811 interrogasse
3456 4741 3549 4809 qui
3576 4747 3750 4793 essent

2184 4835 2431 4890 homines
2475 4836 2568 4904 qui
2618 4834 2897 4890 venissent
2943 4834 3011 4887 ad
3055 4848 3178 4886 eum
3207 4849 3221 4885 :
3253 4848 3321 4886 ac
3354 4830 3744 4900 respondisset.

2182 4931 2307 4999 quia
2345 4928 2494 4983 missi
2529 4935 2712 4982 essent
2741 4941 2772 4980 a
2804 4925 3007 4981 Balach
3038 4925 3149 4981 ﬁlio
3181 4925 3396 4994 Sephor
3427 4926 3634 4979 dicente
3656 4920 3741 4971 ’δε

2187 5039 2206 5072 ι
2241 5019 2405 5084 Veni,
2443 5028 2498 5072 et
2531 5018 2760 5074 maledic
2807 5017 2936 5072 mihi
2971 5015 3254 5087 populum;
3282 5034 3302 5068 ι
3335 5012 3668 5083 responderit
3695 5010 3741 5061 ei

2181 5109 2366 5166 Deus:
2403 5129 2423 5163 ι
2450 5109 2567 5164 Νοιι
2600 5109 2703 5165 ibis
2733 5124 2855 5164 cum
2892 5107 2997 5172 eis,
3041 5120 3217 5175 neque
3249 5105 3542 5179 maledices
3577 5113 3745 5170 popu-

2176 5227 2384 5296 querint
2430 5226 2546 5288 eius
2605 5225 2889 5287 vaticinia,
2946 5225 3002 5278 in
3057 5224 3244 5294 quibus
3298 5223 3535 5276 exstabat
3581 5220 3738 5296 etiam

2176 5290 2353 5350 illud:
2388 5314 2408 5347 ι
2440 5296 2654 5349 Orietur
2683 5296 2871 5358 stella;
2893 5314 2912 5345 ι
2954 5290 3096 5362 quod
3128 5309 3245 5346 cum
3277 5308 3303 5344 e
3328 5305 3537 5361 paterna
3570 5290 3742 5362 τηρ.

2176 5366 2317 5488 tjtpte
2347 5381 2410 5419 ac
2449 5365 2731 5436 disciplina
2779 5353 3096 5434 accepissent
3131 5365 3303 5432 magi,
3328 5353 3586 5417 'vsttcruut
3639 5353 3741 5410 Βι-

2177 5448 2386 5488 tteem.

2177 5448 2386 5491 (utrem.

570 5557 616 5589 “
655 5558 812 5614 Num.
858 5576 1008 5628 xxiv,
1043 5561 1129 5616 17.
1206 5561 1248 5592 ⁸³
1290 5561 1460 5616 Exod.
1507 5576 1689 5628 xxxii,
1731 5559 1820 5615 34.
1896 5558 1940 5590 "
1979 5556 2022 5611 II
2061 5555 2207 5612 Petr.
2235 5572 2297 5620 ιι,
2326 5554 2416 5609 I6.
2490 5553 2536 5585 ⁸³
2576 5553 2742 5609 Zacb.
2767 5567 2844 5621 ιι,
2866 5552 2922 5610 9.
2995 5549 3043 5582 “
3075 5547 3243 5604 Num.
3272 5563 3404 5614 χιιι,
3434 5547 3513 5609 ii,
3540 5544 3626 5599 t2.

572 5672 682 5743 (50)
723 5673 781 5728 Si
814 5675 952 5729 enim
985 5693 1016 5746 ᾳ
1050 5674 1252 5746 Moyse,
1285 5687 1391 5731 etc.
1420 5675 1553 5731 Vide
1580 5685 1739 5733 notas
1769 5673 1834 5730 ad
1868 5671 2065 5729 librum

500 5748 732 5810 primum
761 5756 944 5803 contra
975 5745 1206 5813 Celsum,
1250 5763 1400 5804 nunt.
1429 5746 1518 5802 60.

2246 5668 2358 5739 (5i)
2402 5667 2526 5749 Il_oc_
2545 5667 2905 5739 fragmentum
2957 5663 3301 5732 desumptum
3336 5671 3413 5716 est
3451 5675 3479 5714 e
3517 5656 3735 5712 Catenis

2177 5749 2582 5809 ntanuscrtptts.
