  <div class='ocr_page' id='page_1' title='image "/cluster/home/n/w/nwhite01/storage/ocr_20150623/12/hvd.32044019207638/342.png"; bbox 0 0 3914 6524; ppageno 0'>
   <div class='ocr_carea' id='block_1_1' title="bbox 120 309 206 367">
    <p class='ocr_par' dir='ltr' id='par_1_1' title="bbox 120 309 206 367">
     <span class='ocr_line' id='line_1_1' title="bbox 120 309 206 367; baseline -0.035 0"><span class='ocrx_word' id='word_1_1' title='bbox 120 309 206 367; x_wconf 85' lang='grc'><strong>677</strong></span> 
     </span>
    </p>
   </div>
   <div class='ocr_carea' id='block_1_2' title="bbox 1255 294 2182 355">
    <p class='ocr_par' dir='ltr' id='par_1_2' title="bbox 1255 294 2182 355">
     <span class='ocr_line' id='line_1_2' title="bbox 1255 294 2182 355; baseline 0 -1"><span class='ocrx_word' id='word_1_2' title='bbox 1255 299 1321 354; x_wconf 75' lang='lat' dir='ltr'><strong>IN</strong></span> <span class='ocrx_word' id='word_1_3' title='bbox 1356 296 1690 355; x_wconf 77' lang='lat' dir='ltr'><strong>NUMEROS</strong></span> <span class='ocrx_word' id='word_1_4' title='bbox 1723 294 2011 355; x_wconf 75' lang='lat' dir='ltr'><strong>llOMlLlA</strong></span> <span class='ocrx_word' id='word_1_5' title='bbox 2040 296 2182 355; x_wconf 77' lang='lat' dir='ltr'><strong>XIV.</strong></span> 
     </span>
    </p>
   </div>
   <div class='ocr_carea' id='block_1_3' title="bbox 3229 303 3335 360">
    <p class='ocr_par' dir='ltr' id='par_1_3' title="bbox 3229 303 3335 360">
     <span class='ocr_line' id='line_1_3' title="bbox 3229 303 3335 360; baseline 0.028 -3"><span class='ocrx_word' id='word_1_6' title='bbox 3229 303 3335 360; x_wconf 76' lang='lat'><strong>678</strong></span> 
     </span>
    </p>
   </div>
   <div class='ocr_carea' id='block_1_4' title="bbox 120 410 3332 487">
    <p class='ocr_par' dir='ltr' id='par_1_4' title="bbox 120 410 3332 487">
     <span class='ocr_line' id='line_1_4' title="bbox 120 410 3332 487; baseline -0.002 -11"><span class='ocrx_word' id='word_1_7' title='bbox 120 431 233 487; x_wconf 82' lang='lat' dir='ltr'><strong>lum,</strong></span> <span class='ocrx_word' id='word_1_8' title='bbox 256 424 337 474; x_wconf 91' lang='lat' dir='ltr'><strong>est</strong></span> <span class='ocrx_word' id='word_1_9' title='bbox 368 414 513 471; x_wconf 88' lang='lat' dir='ltr'><strong>enim</strong></span> <span class='ocrx_word' id='word_1_10' title='bbox 546 411 882 468; x_wconf 87' lang='lat' dir='ltr'><strong>benedictus.</strong></span> <span class='ocrx_word' id='word_1_11' title='bbox 911 430 929 463; x_wconf 77' lang='grc' dir='ltr'><strong><em>ι</em></strong></span> <span class='ocrx_word' id='word_1_12' title='bbox 964 410 1164 466; x_wconf 85' lang='lat' dir='ltr'><strong>lterum</strong></span> <span class='ocrx_word' id='word_1_13' title='bbox 1197 412 1436 466; x_wconf 89' lang='lat' dir='ltr'><strong>secundo</strong></span> <span class='ocrx_word' id='word_1_14' title='bbox 1466 412 1663 465; x_wconf 89' lang='lat' dir='ltr'><strong>dicitur</strong></span> <span class='ocrx_word' id='word_1_15' title='bbox 1689 414 1739 472; x_wconf 77' lang='grc' dir='ltr'>Α</span> <span class='ocrx_word' id='word_1_16' title='bbox 1770 411 1992 464; x_wconf 88' lang='lat' dir='ltr'><strong>tutibus.</strong></span> <span class='ocrx_word' id='word_1_17' title='bbox 2030 411 2212 464; x_wconf 84' lang='lat' dir='ltr'><strong>Virtus</strong></span> <span class='ocrx_word' id='word_1_18' title='bbox 2246 419 2423 464; x_wconf 88' lang='lat' dir='ltr'><strong>autem</strong></span> <span class='ocrx_word' id='word_1_19' title='bbox 2470 425 2574 465; x_wconf 91' lang='lat' dir='ltr'><strong>non</strong></span> <span class='ocrx_word' id='word_1_20' title='bbox 2613 411 2825 467; x_wconf 88' lang='lat' dir='ltr'><strong>habens</strong></span> <span class='ocrx_word' id='word_1_21' title='bbox 2866 413 3065 482; x_wconf 88' lang='lat' dir='ltr'><strong>aliquid</strong></span> <span class='ocrx_word' id='word_1_22' title='bbox 3108 426 3332 472; x_wconf 77' lang='lat' dir='ltr'><strong>contra-</strong></span> 
     </span>
    </p>
   </div>
   <div class='ocr_carea' id='block_1_5' title="bbox 116 501 1659 571">
    <p class='ocr_par' dir='ltr' id='par_1_5' title="bbox 116 501 1659 571">
     <span class='ocr_line' id='line_1_5' title="bbox 116 501 1659 571; baseline -0.007 -3"><span class='ocrx_word' id='word_1_23' title='bbox 116 516 172 571; x_wconf 87' lang='lat' dir='ltr'><strong>ad</strong></span> <span class='ocrx_word' id='word_1_24' title='bbox 197 524 309 566; x_wconf 90' lang='lat' dir='ltr'><strong>eum</strong></span> <span class='ocrx_word' id='word_1_25' title='bbox 339 514 500 560; x_wconf 90' lang='lat' dir='ltr'><strong>noctu</strong></span> <span class='ocrx_word' id='word_1_26' title='bbox 536 503 748 557; x_wconf 81' lang='lat' dir='ltr'><strong>venisse</strong></span> <span class='ocrx_word' id='word_1_27' title='bbox 792 504 953 568; x_wconf 86' lang='lat' dir='ltr'><strong>Deus,</strong></span> <span class='ocrx_word' id='word_1_28' title='bbox 980 513 1033 557; x_wconf 91' lang='lat' dir='ltr'><strong>et</strong></span> <span class='ocrx_word' id='word_1_29' title='bbox 1066 501 1287 569; x_wconf 84' lang='lat' dir='ltr'><strong>dixisse,</strong></span> <span class='ocrx_word' id='word_1_30' title='bbox 1320 512 1378 557; x_wconf 89' lang='lat' dir='ltr'><strong>ut</strong></span> <span class='ocrx_word' id='word_1_31' title='bbox 1409 504 1513 557; x_wconf 90' lang='lat' dir='ltr'><strong>iret</strong></span> <span class='ocrx_word' id='word_1_32' title='bbox 1540 520 1659 557; x_wconf 91' lang='lat' dir='ltr'><strong>cum</strong></span> 
     </span>
    </p>
   </div>
   <div class='ocr_carea' id='block_1_6' title="bbox 116 595 1664 671">
    <p class='ocr_par' dir='ltr' id='par_1_6' title="bbox 116 595 1664 671">
     <span class='ocr_line' id='line_1_6' title="bbox 116 595 1664 671; baseline -0.01 -12"><span class='ocrx_word' id='word_1_33' title='bbox 116 610 202 671; x_wconf 79' lang='lat' dir='ltr'><strong>eis,</strong></span> <span class='ocrx_word' id='word_1_34' title='bbox 225 601 311 656; x_wconf 87' lang='lat' dir='ltr'><strong>sed</strong></span> <span class='ocrx_word' id='word_1_35' title='bbox 350 602 452 654; x_wconf 90' lang='lat' dir='ltr'><strong>hoc</strong></span> <span class='ocrx_word' id='word_1_36' title='bbox 481 601 795 652; x_wconf 89' lang='lat' dir='ltr'><strong>observaret</strong></span> <span class='ocrx_word' id='word_1_37' title='bbox 827 606 883 648; x_wconf 95' lang='lat' dir='ltr'><strong>ut</strong></span> <span class='ocrx_word' id='word_1_38' title='bbox 913 597 1133 649; x_wconf 83' lang='lat' dir='ltr'><strong>verbum</strong></span> <span class='ocrx_word' id='word_1_39' title='bbox 1161 596 1304 664; x_wconf 92' lang='lat' dir='ltr'><strong>quod</strong></span> <span class='ocrx_word' id='word_1_40' title='bbox 1336 596 1490 650; x_wconf 88' lang='lat' dir='ltr'><strong>daret</strong></span> <span class='ocrx_word' id='word_1_41' title='bbox 1522 595 1664 651; x_wconf 87' lang='lat' dir='ltr'><strong>Deus</strong></span> 
     </span>
    </p>
   </div>
   <div class='ocr_carea' id='block_1_7' title="bbox 116 689 1661 761">
    <p class='ocr_par' dir='ltr' id='par_1_7' title="bbox 116 689 1661 761">
     <span class='ocr_line' id='line_1_7' title="bbox 116 689 1661 761; baseline -0.008 -7"><span class='ocrx_word' id='word_1_42' title='bbox 116 701 160 754; x_wconf 90' lang='lat' dir='ltr'><strong>in</strong></span> <span class='ocrx_word' id='word_1_43' title='bbox 193 710 279 749; x_wconf 77' lang='lat' dir='ltr'><strong>ore</strong></span> <span class='ocrx_word' id='word_1_44' title='bbox 304 692 443 761; x_wconf 85' lang='lat' dir='ltr'><strong>ejus,</strong></span> <span class='ocrx_word' id='word_1_45' title='bbox 476 691 575 744; x_wconf 88' lang='lat' dir='ltr'><strong>hoc</strong></span> <span class='ocrx_word' id='word_1_46' title='bbox 607 689 938 758; x_wconf 73' lang='lat' dir='ltr'><strong>loqueretur.</strong></span> <span class='ocrx_word' id='word_1_47' title='bbox 964 689 1027 741; x_wconf 79' lang='lat' dir='ltr'><strong>Et</strong></span> <span class='ocrx_word' id='word_1_48' title='bbox 1064 703 1280 743; x_wconf 83' lang='lat' dir='ltr'><strong>rursum</strong></span> <span class='ocrx_word' id='word_1_49' title='bbox 1318 690 1479 742; x_wconf 91' lang='lat' dir='ltr'><strong>tertio</strong></span> <span class='ocrx_word' id='word_1_50' title='bbox 1509 689 1661 742; x_wconf 92' lang='lat' dir='ltr'><strong>eunti</strong></span> 
     </span>
    </p>
   </div>
   <div class='ocr_carea' id='block_1_8' title="bbox 115 779 1663 852">
    <p class='ocr_par' dir='ltr' id='par_1_8' title="bbox 115 779 1663 852">
     <span class='ocr_line' id='line_1_8' title="bbox 115 779 1663 852; baseline -0.008 -5"><span class='ocrx_word' id='word_1_51' title='bbox 115 791 155 847; x_wconf 81' lang='lat' dir='ltr'><strong>ei</strong></span> <span class='ocrx_word' id='word_1_52' title='bbox 185 784 480 842; x_wconf 84' lang='lat' dir='ltr'><strong>occurrisse</strong></span> <span class='ocrx_word' id='word_1_53' title='bbox 515 782 762 852; x_wconf 80' lang='lat' dir='ltr'><strong>angelum</strong></span> <span class='ocrx_word' id='word_1_54' title='bbox 806 781 931 846; x_wconf 88' lang='lat' dir='ltr'><strong>Dei,</strong></span> <span class='ocrx_word' id='word_1_55' title='bbox 970 780 1055 833; x_wconf 91' lang='lat' dir='ltr'><strong>cui</strong></span> <span class='ocrx_word' id='word_1_56' title='bbox 1089 782 1142 834; x_wconf 93' lang='lat' dir='ltr'><strong>in</strong></span> <span class='ocrx_word' id='word_1_57' title='bbox 1180 789 1384 834; x_wconf 91' lang='lat' dir='ltr'><strong>tantum</strong></span> <span class='ocrx_word' id='word_1_58' title='bbox 1416 780 1499 832; x_wconf 90' lang='lat' dir='ltr'><strong>via</strong></span> <span class='ocrx_word' id='word_1_59' title='bbox 1549 779 1663 847; x_wconf 90' lang='lat' dir='ltr'><strong>ejus</strong></span> 
     </span>
    </p>
   </div>
   <div class='ocr_carea' id='block_1_9' title="bbox 113 871 1666 945">
    <p class='ocr_par' dir='ltr' id='par_1_9' title="bbox 113 871 1666 945">
     <span class='ocr_line' id='line_1_9' title="bbox 113 871 1666 945; baseline -0.008 -10"><span class='ocrx_word' id='word_1_60' title='bbox 113 895 203 935; x_wconf 81' lang='lat' dir='ltr'><strong>non</strong></span> <span class='ocrx_word' id='word_1_61' title='bbox 235 876 452 945; x_wconf 76' lang='lat' dir='ltr'><strong>elegans</strong></span> <span class='ocrx_word' id='word_1_62' title='bbox 490 888 587 926; x_wconf 84' lang='lat' dir='ltr'><strong>nec</strong></span> <span class='ocrx_word' id='word_1_63' title='bbox 621 883 920 940; x_wconf 87' lang='lat' dir='ltr'><strong>opportuna</strong></span> <span class='ocrx_word' id='word_1_64' title='bbox 955 873 1251 935; x_wconf 72' lang='lat' dir='ltr'><strong>videretur,</strong></span> <span class='ocrx_word' id='word_1_65' title='bbox 1289 881 1346 925; x_wconf 92' lang='lat' dir='ltr'><strong>ut</strong></span> <span class='ocrx_word' id='word_1_66' title='bbox 1385 871 1546 925; x_wconf 89' lang='lat' dir='ltr'><strong>etiam</strong></span> <span class='ocrx_word' id='word_1_67' title='bbox 1582 875 1666 924; x_wconf 82' lang='lat' dir='ltr'><strong>in-</strong></span> 
     </span>
    </p>
   </div>
   <div class='ocr_carea' id='block_1_10' title="bbox 112 962 1662 1031">
    <p class='ocr_par' dir='ltr' id='par_1_10' title="bbox 112 962 1662 1031">
     <span class='ocr_line' id='line_1_10' title="bbox 112 962 1662 1031; baseline -0.009 -4"><span class='ocrx_word' id='word_1_68' title='bbox 112 972 342 1027; x_wconf 81' lang='lat' dir='ltr'><strong>terﬁcere</strong></span> <span class='ocrx_word' id='word_1_69' title='bbox 389 980 510 1019; x_wconf 89' lang='lat' dir='ltr'><strong>eum</strong></span> <span class='ocrx_word' id='word_1_70' title='bbox 553 964 739 1028; x_wconf 90' lang='lat' dir='ltr'><strong>vellet,</strong></span> <span class='ocrx_word' id='word_1_71' title='bbox 790 963 897 1017; x_wconf 87' lang='lat' dir='ltr'><strong>nisi</strong></span> <span class='ocrx_word' id='word_1_72' title='bbox 942 964 1093 1017; x_wconf 89' lang='lat' dir='ltr'><strong>asina</strong></span> <span class='ocrx_word' id='word_1_73' title='bbox 1140 962 1329 1016; x_wconf 90' lang='lat' dir='ltr'><strong>videns</strong></span> <span class='ocrx_word' id='word_1_74' title='bbox 1379 962 1662 1031; x_wconf 78' lang='lat' dir='ltr'><strong>angelum,</strong></span> 
     </span>
    </p>
   </div>
   <div class='ocr_carea' id='block_1_11' title="bbox 108 1052 1666 1135">
    <p class='ocr_par' dir='ltr' id='par_1_11' title="bbox 108 1052 1666 1135">
     <span class='ocr_line' id='line_1_11' title="bbox 108 1052 1666 1135; baseline -0.006 -19"><span class='ocrx_word' id='word_1_75' title='bbox 108 1078 250 1135; x_wconf 89' lang='lat' dir='ltr'><strong>quem</strong></span> <span class='ocrx_word' id='word_1_76' title='bbox 297 1061 515 1114; x_wconf 85' lang='lat' dir='ltr'><strong>Balaam</strong></span> <span class='ocrx_word' id='word_1_77' title='bbox 557 1060 737 1113; x_wconf 67' lang='lat' dir='ltr'><strong>videre</strong></span> <span class='ocrx_word' id='word_1_78' title='bbox 790 1073 895 1111; x_wconf 91' lang='lat' dir='ltr'><strong>non</strong></span> <span class='ocrx_word' id='word_1_79' title='bbox 950 1056 1157 1125; x_wconf 82' lang='lat' dir='ltr'><strong>potuit,</strong></span> <span class='ocrx_word' id='word_1_80' title='bbox 1204 1052 1666 1121; x_wconf 84' lang='lat' dir='ltr'><strong>declinasset._Et</strong></span> 
     </span>
    </p>
   </div>
   <div class='ocr_carea' id='block_1_12' title="bbox 108 1147 1666 1225">
    <p class='ocr_par' dir='ltr' id='par_1_12' title="bbox 108 1147 1666 1225">
     <span class='ocr_line' id='line_1_12' title="bbox 108 1147 1666 1225; baseline -0.005 -15"><span class='ocrx_word' id='word_1_81' title='bbox 108 1168 273 1210; x_wconf 89' lang='lat' dir='ltr'><strong>tamen</strong></span> <span class='ocrx_word' id='word_1_82' title='bbox 316 1166 668 1225; x_wconf 88' lang='lat' dir='ltr'><strong>posteaquam</strong></span> <span class='ocrx_word' id='word_1_83' title='bbox 711 1152 958 1221; x_wconf 81' lang='lat' dir='ltr'><strong>culpatur</strong></span> <span class='ocrx_word' id='word_1_84' title='bbox 987 1151 1055 1203; x_wconf 88' lang='lat' dir='ltr'><strong>ab</strong></span> <span class='ocrx_word' id='word_1_85' title='bbox 1093 1149 1284 1218; x_wconf 79' lang='lat' dir='ltr'><strong>angelo</strong></span> <span class='ocrx_word' id='word_1_86' title='bbox 1330 1162 1428 1201; x_wconf 92' lang='lat' dir='ltr'><strong>cur</strong></span> <span class='ocrx_word' id='word_1_87' title='bbox 1456 1147 1535 1201; x_wconf 89' lang='lat' dir='ltr'><strong>ire</strong></span> <span class='ocrx_word' id='word_1_88' title='bbox 1574 1162 1666 1202; x_wconf 89' lang='lat' dir='ltr'><strong>vo-</strong></span> 
     </span>
    </p>
   </div>
   <div class='ocr_carea' id='block_1_13' title="bbox 104 1241 1667 1314">
    <p class='ocr_par' dir='ltr' id='par_1_13' title="bbox 104 1241 1667 1314">
     <span class='ocr_line' id='line_1_13' title="bbox 104 1241 1667 1314; baseline -0.006 -12"><span class='ocrx_word' id='word_1_89' title='bbox 104 1248 301 1314; x_wconf 83' lang='lat' dir='ltr'><strong>luisset,</strong></span> <span class='ocrx_word' id='word_1_90' title='bbox 334 1260 527 1301; x_wconf 84' lang='lat' dir='ltr'><strong>rursus</strong></span> <span class='ocrx_word' id='word_1_91' title='bbox 562 1245 725 1299; x_wconf 89' lang='lat' dir='ltr'><strong>etiam</strong></span> <span class='ocrx_word' id='word_1_92' title='bbox 751 1245 819 1298; x_wconf 89' lang='lat' dir='ltr'><strong>ab</strong></span> <span class='ocrx_word' id='word_1_93' title='bbox 854 1244 970 1313; x_wconf 91' lang='lat' dir='ltr'><strong>ipso</strong></span> <span class='ocrx_word' id='word_1_94' title='bbox 1006 1242 1085 1295; x_wconf 87' lang='lat' dir='ltr'><strong>ire</strong></span> <span class='ocrx_word' id='word_1_95' title='bbox 1127 1241 1461 1311; x_wconf 88' lang='lat' dir='ltr'><strong>permittitur</strong></span> <span class='ocrx_word' id='word_1_96' title='bbox 1499 1257 1511 1293; x_wconf 92' lang='lat'><strong>:</strong></span> <span class='ocrx_word' id='word_1_97' title='bbox 1555 1250 1667 1294; x_wconf 88' lang='lat' dir='ltr'><strong>tan-</strong></span> 
     </span>
    </p>
   </div>
   <div class='ocr_carea' id='block_1_14' title="bbox 106 1333 1663 1404">
    <p class='ocr_par' dir='ltr' id='par_1_14' title="bbox 106 1333 1663 1404">
     <span class='ocr_line' id='line_1_14' title="bbox 106 1333 1663 1404; baseline -0.006 -10"><span class='ocrx_word' id='word_1_98' title='bbox 106 1354 205 1395; x_wconf 89' lang='lat' dir='ltr'><strong>tum</strong></span> <span class='ocrx_word' id='word_1_99' title='bbox 254 1350 311 1393; x_wconf 91' lang='lat' dir='ltr'><strong>ut</strong></span> <span class='ocrx_word' id='word_1_100' title='bbox 357 1338 628 1393; x_wconf 84' lang='lat' dir='ltr'><strong>custodiat</strong></span> <span class='ocrx_word' id='word_1_101' title='bbox 661 1338 919 1400; x_wconf 87' lang='lat' dir='ltr'><strong>verbum,</strong></span> <span class='ocrx_word' id='word_1_102' title='bbox 972 1334 1114 1404; x_wconf 90' lang='lat' dir='ltr'><strong>quod</strong></span> <span class='ocrx_word' id='word_1_103' title='bbox 1166 1334 1308 1387; x_wconf 88' lang='lat' dir='ltr'><strong>Deus</strong></span> <span class='ocrx_word' id='word_1_104' title='bbox 1349 1333 1559 1387; x_wconf 86' lang='lat' dir='ltr'><strong>dederit</strong></span> <span class='ocrx_word' id='word_1_105' title='bbox 1609 1333 1663 1386; x_wconf 90' lang='lat' dir='ltr'><strong>in</strong></span> 
     </span>
    </p>
   </div>
   <div class='ocr_carea' id='block_1_15' title="bbox 100 1424 1665 1503">
    <p class='ocr_par' dir='ltr' id='par_1_15' title="bbox 100 1424 1665 1503">
     <span class='ocr_line' id='line_1_15' title="bbox 100 1424 1665 1503; baseline -0.006 -16"><span class='ocrx_word' id='word_1_106' title='bbox 100 1448 189 1487; x_wconf 85' lang='lat' dir='ltr'><strong>ore</strong></span> <span class='ocrx_word' id='word_1_107' title='bbox 214 1433 354 1503; x_wconf 90' lang='lat' dir='ltr'><strong>ejus,</strong></span> <span class='ocrx_word' id='word_1_108' title='bbox 387 1442 446 1485; x_wconf 92' lang='lat' dir='ltr'><strong>ut</strong></span> <span class='ocrx_word' id='word_1_109' title='bbox 479 1431 583 1485; x_wconf 91' lang='lat' dir='ltr'><strong>hoc</strong></span> <span class='ocrx_word' id='word_1_110' title='bbox 621 1429 794 1483; x_wconf 89' lang='lat' dir='ltr'><strong>solum</strong></span> <span class='ocrx_word' id='word_1_111' title='bbox 839 1426 1110 1497; x_wconf 87' lang='lat' dir='ltr'><strong>proferat,</strong></span> <span class='ocrx_word' id='word_1_112' title='bbox 1154 1442 1255 1480; x_wconf 85' lang='lat' dir='ltr'><strong>nec</strong></span> <span class='ocrx_word' id='word_1_113' title='bbox 1298 1424 1530 1495; x_wconf 87' lang='lat' dir='ltr'><strong>amplius</strong></span> <span class='ocrx_word' id='word_1_114' title='bbox 1568 1424 1665 1479; x_wconf 91' lang='lat' dir='ltr'><strong>ali-</strong></span> 
     </span>
    </p>
   </div>
   <div class='ocr_carea' id='block_1_16' title="bbox 99 1516 1661 1597">
    <p class='ocr_par' dir='ltr' id='par_1_16' title="bbox 99 1516 1661 1597">
     <span class='ocr_line' id='line_1_16' title="bbox 99 1516 1661 1597; baseline -0.006 -18"><span class='ocrx_word' id='word_1_115' title='bbox 99 1526 238 1597; x_wconf 87' lang='lat' dir='ltr'><strong>quid.</strong></span> <span class='ocrx_word' id='word_1_116' title='bbox 278 1522 402 1578; x_wconf 67' lang='lat' dir='ltr'><strong>Haec</strong></span> <span class='ocrx_word' id='word_1_117' title='bbox 444 1536 573 1591; x_wconf 83' lang='lat' dir='ltr'><strong>ergo</strong></span> <span class='ocrx_word' id='word_1_118' title='bbox 618 1520 803 1574; x_wconf 88' lang='lat' dir='ltr'><strong>omnia</strong></span> <span class='ocrx_word' id='word_1_119' title='bbox 836 1518 1105 1573; x_wconf 82' lang='lat' dir='ltr'><strong>difﬁcilem</strong></span> <span class='ocrx_word' id='word_1_120' title='bbox 1152 1518 1355 1571; x_wconf 78' lang='lat' dir='ltr'><strong>habent</strong></span> <span class='ocrx_word' id='word_1_121' title='bbox 1403 1516 1661 1585; x_wconf 82' lang='lat' dir='ltr'><strong>explana-</strong></span> 
     </span>
    </p>
   </div>
   <div class='ocr_carea' id='block_1_17' title="bbox 100 1610 1663 1685">
    <p class='ocr_par' dir='ltr' id='par_1_17' title="bbox 100 1610 1663 1685">
     <span class='ocr_line' id='line_1_17' title="bbox 100 1610 1663 1685; baseline -0.008 -11"><span class='ocrx_word' id='word_1_122' title='bbox 100 1622 331 1674; x_wconf 83' lang='lat' dir='ltr'><strong>tionem:</strong></span> <span class='ocrx_word' id='word_1_123' title='bbox 368 1616 553 1685; x_wconf 88' lang='lat' dir='ltr'><strong>paucis</strong></span> <span class='ocrx_word' id='word_1_124' title='bbox 594 1623 794 1679; x_wconf 86' lang='lat' dir='ltr'><strong>tamen,</strong></span> <span class='ocrx_word' id='word_1_125' title='bbox 827 1621 881 1664; x_wconf 92' lang='lat' dir='ltr'><strong>ut</strong></span> <span class='ocrx_word' id='word_1_126' title='bbox 927 1625 1089 1680; x_wconf 90' lang='lat' dir='ltr'><strong>supra</strong></span> <span class='ocrx_word' id='word_1_127' title='bbox 1126 1610 1239 1680; x_wconf 90' lang='lat' dir='ltr'><strong>jam</strong></span> <span class='ocrx_word' id='word_1_128' title='bbox 1281 1610 1539 1674; x_wconf 75' lang='lat' dir='ltr'><strong>diximus,</strong></span> <span class='ocrx_word' id='word_1_129' title='bbox 1570 1624 1663 1663; x_wconf 89' lang='lat' dir='ltr'><strong>oc-</strong></span> 
     </span>
    </p>
   </div>
   <div class='ocr_carea' id='block_1_18' title="bbox 96 1703 1661 1775">
    <p class='ocr_par' dir='ltr' id='par_1_18' title="bbox 96 1703 1661 1775">
     <span class='ocr_line' id='line_1_18' title="bbox 96 1703 1661 1775; baseline -0.006 -10"><span class='ocrx_word' id='word_1_130' title='bbox 96 1711 365 1765; x_wconf 85' lang='lat' dir='ltr'><strong>casionem</strong></span> <span class='ocrx_word' id='word_1_131' title='bbox 414 1706 781 1775; x_wconf 77' lang='lat' dir='ltr'><strong>intelligentia:</strong></span> <span class='ocrx_word' id='word_1_132' title='bbox 831 1703 982 1758; x_wconf 82' lang='lat' dir='ltr'><strong>vobis</strong></span> <span class='ocrx_word' id='word_1_133' title='bbox 1030 1703 1301 1766; x_wconf 86' lang='lat' dir='ltr'><strong>dabimus,</strong></span> <span class='ocrx_word' id='word_1_134' title='bbox 1351 1716 1455 1770; x_wconf 89' lang='lat' dir='ltr'><strong>quo</strong></span> <span class='ocrx_word' id='word_1_135' title='bbox 1482 1712 1534 1755; x_wconf 89' lang='lat' dir='ltr'><strong>et</strong></span> <span class='ocrx_word' id='word_1_136' title='bbox 1565 1716 1661 1755; x_wconf 90' lang='lat' dir='ltr'><strong>vos</strong></span> 
     </span>
    </p>
   </div>
   <div class='ocr_carea' id='block_1_19' title="bbox 96 1792 1657 1868">
    <p class='ocr_par' dir='ltr' id='par_1_19' title="bbox 96 1792 1657 1868">
     <span class='ocr_line' id='line_1_19' title="bbox 96 1792 1657 1868; baseline -0.007 -13"><span class='ocrx_word' id='word_1_137' title='bbox 96 1802 305 1856; x_wconf 78' lang='lat' dir='ltr'><strong>faciatis</strong></span> <span class='ocrx_word' id='word_1_138' title='bbox 344 1798 488 1868; x_wconf 90' lang='lat' dir='ltr'><strong>quod</strong></span> <span class='ocrx_word' id='word_1_139' title='bbox 526 1797 784 1863; x_wconf 87' lang='lat' dir='ltr'><strong>scriptum</strong></span> <span class='ocrx_word' id='word_1_140' title='bbox 834 1793 1021 1849; x_wconf 74' lang='lat' dir='ltr'><strong>est&quot;:</strong></span> <span class='ocrx_word' id='word_1_141' title='bbox 1062 1812 1080 1845; x_wconf 78' lang='grc' dir='ltr'>ι</span> <span class='ocrx_word' id='word_1_142' title='bbox 1117 1792 1185 1849; x_wconf 90' lang='lat' dir='ltr'><strong>Ut</strong></span> <span class='ocrx_word' id='word_1_143' title='bbox 1221 1793 1287 1847; x_wconf 93' lang='lat' dir='ltr'><strong>iis</strong></span> <span class='ocrx_word' id='word_1_144' title='bbox 1323 1792 1520 1846; x_wconf 88' lang='lat' dir='ltr'><strong>auditis</strong></span> <span class='ocrx_word' id='word_1_145' title='bbox 1566 1808 1657 1846; x_wconf 82' lang='lat' dir='ltr'><strong>sa-</strong></span> 
     </span>
    </p>
   </div>
   <div class='ocr_carea' id='block_1_20' title="bbox 93 1884 1668 1959">
    <p class='ocr_par' dir='ltr' id='par_1_20' title="bbox 93 1884 1668 1959">
     <span class='ocr_line' id='line_1_20' title="bbox 93 1884 1668 1959; baseline -0.003 -18"><span class='ocrx_word' id='word_1_146' title='bbox 93 1895 237 1959; x_wconf 82' lang='lat' dir='ltr'><strong>piens</strong></span> <span class='ocrx_word' id='word_1_147' title='bbox 268 1888 567 1958; x_wconf 84' lang='lat' dir='ltr'><strong>sapientior</strong></span> <span class='ocrx_word' id='word_1_148' title='bbox 613 1887 706 1940; x_wconf 90' lang='lat' dir='ltr'><strong>ﬁat</strong></span> <span class='ocrx_word' id='word_1_149' title='bbox 730 1909 739 1940; x_wconf 87' lang='lat'>:</span> <span class='ocrx_word' id='word_1_150' title='bbox 762 1904 780 1937; x_wconf 74' lang='grc' dir='ltr'><strong><em>ι</em></strong></span> <span class='ocrx_word' id='word_1_151' title='bbox 828 1895 881 1940; x_wconf 90' lang='lat' dir='ltr'><strong>et</strong></span> <span class='ocrx_word' id='word_1_152' title='bbox 905 1884 949 1915; x_wconf 76' lang='lat'>“</span> <span class='ocrx_word' id='word_1_153' title='bbox 980 1902 993 1938; x_wconf 88' lang='lat'><strong>:</strong></span> <span class='ocrx_word' id='word_1_154' title='bbox 1031 1902 1047 1935; x_wconf 71' lang='grc' dir='ltr'>ι</span> <span class='ocrx_word' id='word_1_155' title='bbox 1084 1884 1157 1938; x_wconf 91' lang='lat' dir='ltr'><strong>Da</strong></span> <span class='ocrx_word' id='word_1_156' title='bbox 1202 1884 1543 1937; x_wconf 88' lang='lat' dir='ltr'><strong>occasionem</strong></span> <span class='ocrx_word' id='word_1_157' title='bbox 1579 1898 1668 1938; x_wconf 85' lang='lat' dir='ltr'><strong>sa-</strong></span> 
     </span>
    </p>
   </div>
   <div class='ocr_carea' id='block_1_21' title="bbox 91 1975 1667 2055">
    <p class='ocr_par' dir='ltr' id='par_1_21' title="bbox 91 1975 1667 2055">
     <span class='ocr_line' id='line_1_21' title="bbox 91 1975 1667 2055; baseline -0.005 -17"><span class='ocrx_word' id='word_1_158' title='bbox 91 1985 277 2055; x_wconf 88' lang='lat' dir='ltr'><strong>pienti,</strong></span> <span class='ocrx_word' id='word_1_159' title='bbox 319 1991 373 2038; x_wconf 91' lang='lat' dir='ltr'><strong>et</strong></span> <span class='ocrx_word' id='word_1_160' title='bbox 413 1980 713 2051; x_wconf 89' lang='lat' dir='ltr'><strong>sapientior</strong></span> <span class='ocrx_word' id='word_1_161' title='bbox 745 1980 868 2033; x_wconf 92' lang='lat' dir='ltr'><strong>erit.</strong></span> <span class='ocrx_word' id='word_1_162' title='bbox 894 1997 911 2030; x_wconf 76' lang='grc' dir='ltr'><strong><em>ι</em></strong></span> <span class='ocrx_word' id='word_1_163' title='bbox 965 1977 1070 2033; x_wconf 88' lang='lat' dir='ltr'><strong>Sed</strong></span> <span class='ocrx_word' id='word_1_164' title='bbox 1117 1975 1437 2046; x_wconf 86' lang='lat' dir='ltr'><strong>priusquam</strong></span> <span class='ocrx_word' id='word_1_165' title='bbox 1472 1992 1667 2045; x_wconf 49' lang='lat' dir='ltr'><strong>perte“</strong></span> 
     </span>
    </p>
   </div>
   <div class='ocr_carea' id='block_1_22' title="bbox 90 2067 1667 2140">
    <p class='ocr_par' dir='ltr' id='par_1_22' title="bbox 90 2067 1667 2140">
     <span class='ocr_line' id='line_1_22' title="bbox 90 2067 1667 2140; baseline -0.005 -11"><span class='ocrx_word' id='word_1_166' title='bbox 90 2077 298 2129; x_wconf 89' lang='lat' dir='ltr'><strong>niamus</strong></span> <span class='ocrx_word' id='word_1_167' title='bbox 326 2076 393 2130; x_wconf 87' lang='lat' dir='ltr'><strong>ad</strong></span> <span class='ocrx_word' id='word_1_168' title='bbox 426 2090 564 2137; x_wconf 86' lang='lat' dir='ltr'><strong>rem,</strong></span> <span class='ocrx_word' id='word_1_169' title='bbox 605 2089 673 2127; x_wconf 91' lang='lat' dir='ltr'><strong>ne</strong></span> <span class='ocrx_word' id='word_1_170' title='bbox 708 2070 841 2127; x_wconf 91' lang='lat' dir='ltr'><strong>illud</strong></span> <span class='ocrx_word' id='word_1_171' title='bbox 887 2069 1104 2140; x_wconf 87' lang='lat' dir='ltr'><strong>quidem</strong></span> <span class='ocrx_word' id='word_1_172' title='bbox 1149 2069 1490 2133; x_wconf 89' lang='lat' dir='ltr'><strong>omittemus,</strong></span> <span class='ocrx_word' id='word_1_173' title='bbox 1522 2067 1667 2137; x_wconf 91' lang='lat' dir='ltr'><strong>quod</strong></span> 
     </span>
    </p>
   </div>
   <div class='ocr_carea' id='block_1_23' title="bbox 87 2161 1663 2225">
    <p class='ocr_par' dir='ltr' id='par_1_23' title="bbox 87 2161 1663 2225">
     <span class='ocr_line' id='line_1_23' title="bbox 87 2161 1663 2225; baseline -0.008 -1"><span class='ocrx_word' id='word_1_174' title='bbox 87 2170 357 2225; x_wconf 81' lang='lat' dir='ltr'><strong>curiosius</strong></span> <span class='ocrx_word' id='word_1_175' title='bbox 397 2169 740 2223; x_wconf 89' lang='lat' dir='ltr'><strong>intendentes</strong></span> <span class='ocrx_word' id='word_1_176' title='bbox 773 2167 827 2220; x_wconf 92' lang='lat' dir='ltr'><strong>in</strong></span> <span class='ocrx_word' id='word_1_177' title='bbox 858 2165 960 2219; x_wconf 91' lang='lat' dir='ltr'><strong>hoc</strong></span> <span class='ocrx_word' id='word_1_178' title='bbox 990 2164 1107 2218; x_wconf 81' lang='lat' dir='ltr'><strong>loco</strong></span> <span class='ocrx_word' id='word_1_179' title='bbox 1142 2162 1573 2217; x_wconf 82' lang='lat' dir='ltr'><strong>observavimus.</strong></span> <span class='ocrx_word' id='word_1_180' title='bbox 1606 2161 1663 2213; x_wconf 92' lang='lat' dir='ltr'><strong>In</strong></span> 
     </span>
    </p>
   </div>
   <div class='ocr_carea' id='block_1_24' title="bbox 84 2251 1665 2322">
    <p class='ocr_par' dir='ltr' id='par_1_24' title="bbox 84 2251 1665 2322">
     <span class='ocr_line' id='line_1_24' title="bbox 84 2251 1665 2322; baseline -0.007 -7"><span class='ocrx_word' id='word_1_181' title='bbox 84 2261 438 2315; x_wconf 72' lang='lat' dir='ltr'><strong>llebrzeorum</strong></span> <span class='ocrx_word' id='word_1_182' title='bbox 469 2259 664 2313; x_wconf 89' lang='lat' dir='ltr'><strong>litteris</strong></span> <span class='ocrx_word' id='word_1_183' title='bbox 710 2271 903 2311; x_wconf 90' lang='lat' dir='ltr'><strong>nomen</strong></span> <span class='ocrx_word' id='word_1_184' title='bbox 947 2255 1078 2322; x_wconf 91' lang='lat' dir='ltr'><strong>Dei,</strong></span> <span class='ocrx_word' id='word_1_185' title='bbox 1124 2254 1227 2308; x_wconf 91' lang='lat' dir='ltr'><strong>hoc</strong></span> <span class='ocrx_word' id='word_1_186' title='bbox 1266 2263 1349 2307; x_wconf 91' lang='lat' dir='ltr'><strong>est</strong></span> <span class='ocrx_word' id='word_1_187' title='bbox 1385 2251 1546 2319; x_wconf 89' lang='lat' dir='ltr'><strong>Deus,</strong></span> <span class='ocrx_word' id='word_1_188' title='bbox 1581 2252 1665 2305; x_wconf 90' lang='lat' dir='ltr'><strong>vel</strong></span> 
     </span>
    </p>
   </div>
   <div class='ocr_carea' id='block_1_25' title="bbox 82 2344 1666 2414">
    <p class='ocr_par' dir='ltr' id='par_1_25' title="bbox 82 2344 1666 2414">
     <span class='ocr_line' id='line_1_25' title="bbox 82 2344 1666 2414; baseline -0.006 -9"><span class='ocrx_word' id='word_1_189' title='bbox 82 2352 369 2414; x_wconf 81' lang='lat' dir='ltr'><strong>Dominus,</strong></span> <span class='ocrx_word' id='word_1_190' title='bbox 419 2350 631 2403; x_wconf 86' lang='lat' dir='ltr'><strong>diverse</strong></span> <span class='ocrx_word' id='word_1_191' title='bbox 677 2348 845 2404; x_wconf 89' lang='lat' dir='ltr'><strong>scribi</strong></span> <span class='ocrx_word' id='word_1_192' title='bbox 890 2346 1108 2398; x_wconf 90' lang='lat' dir='ltr'><strong>dicitur.</strong></span> <span class='ocrx_word' id='word_1_193' title='bbox 1151 2344 1325 2398; x_wconf 88' lang='lat' dir='ltr'><strong>Aliter</strong></span> <span class='ocrx_word' id='word_1_194' title='bbox 1358 2344 1500 2396; x_wconf 91' lang='lat' dir='ltr'><strong>enim</strong></span> <span class='ocrx_word' id='word_1_195' title='bbox 1531 2344 1666 2396; x_wconf 86' lang='lat' dir='ltr'><strong>scri-</strong></span> 
     </span>
    </p>
   </div>
   <div class='ocr_carea' id='block_1_26' title="bbox 78 2434 1665 2508">
    <p class='ocr_par' dir='ltr' id='par_1_26' title="bbox 78 2434 1665 2508">
     <span class='ocr_line' id='line_1_26' title="bbox 78 2434 1665 2508; baseline -0.007 -12"><span class='ocrx_word' id='word_1_196' title='bbox 78 2444 221 2497; x_wconf 89' lang='lat' dir='ltr'><strong>bitur</strong></span> <span class='ocrx_word' id='word_1_197' title='bbox 258 2440 427 2505; x_wconf 85' lang='lat' dir='ltr'><strong>Deus,</strong></span> <span class='ocrx_word' id='word_1_198' title='bbox 478 2440 791 2508; x_wconf 89' lang='lat' dir='ltr'><strong>quicunque</strong></span> <span class='ocrx_word' id='word_1_199' title='bbox 826 2437 1010 2490; x_wconf 89' lang='lat' dir='ltr'><strong>Deus:</strong></span> <span class='ocrx_word' id='word_1_200' title='bbox 1046 2436 1204 2488; x_wconf 87' lang='lat' dir='ltr'><strong>aliter</strong></span> <span class='ocrx_word' id='word_1_201' title='bbox 1248 2435 1391 2488; x_wconf 88' lang='lat' dir='ltr'><strong>Deus</strong></span> <span class='ocrx_word' id='word_1_202' title='bbox 1428 2434 1562 2501; x_wconf 90' lang='lat' dir='ltr'><strong>ipse,</strong></span> <span class='ocrx_word' id='word_1_203' title='bbox 1599 2434 1665 2486; x_wconf 89' lang='lat' dir='ltr'><strong>de</strong></span> 
     </span>
    </p>
   </div>
   <div class='ocr_carea' id='block_1_27' title="bbox 78 2525 1660 2601">
    <p class='ocr_par' dir='ltr' id='par_1_27' title="bbox 78 2525 1660 2601">
     <span class='ocr_line' id='line_1_27' title="bbox 78 2525 1660 2601; baseline -0.004 -17"><span class='ocrx_word' id='word_1_204' title='bbox 78 2550 180 2601; x_wconf 92' lang='lat' dir='ltr'><strong>quo</strong></span> <span class='ocrx_word' id='word_1_205' title='bbox 214 2532 423 2585; x_wconf 87' lang='lat' dir='ltr'><strong>dicitur</strong></span> <span class='ocrx_word' id='word_1_206' title='bbox 448 2531 490 2561; x_wconf 70' lang='lat'><strong>‘7</strong></span> <span class='ocrx_word' id='word_1_207' title='bbox 521 2548 534 2583; x_wconf 89' lang='lat'>:</span> <span class='ocrx_word' id='word_1_208' title='bbox 576 2548 592 2580; x_wconf 77' lang='grc' dir='ltr'>σ</span> <span class='ocrx_word' id='word_1_209' title='bbox 627 2529 785 2594; x_wconf 85' lang='lat' dir='ltr'><strong>Audi,</strong></span> <span class='ocrx_word' id='word_1_210' title='bbox 818 2527 1004 2588; x_wconf 89' lang='lat' dir='ltr'><strong>Israel.</strong></span> <span class='ocrx_word' id='word_1_211' title='bbox 1042 2526 1300 2581; x_wconf 90' lang='lat' dir='ltr'><strong>Dominus</strong></span> <span class='ocrx_word' id='word_1_212' title='bbox 1328 2525 1469 2579; x_wconf 92' lang='lat' dir='ltr'><strong>Deus</strong></span> <span class='ocrx_word' id='word_1_213' title='bbox 1516 2533 1660 2587; x_wconf 91' lang='lat' dir='ltr'><strong>tuus,</strong></span> 
     </span>
    </p>
   </div>
   <div class='ocr_carea' id='block_1_28' title="bbox 78 2618 1663 2691">
    <p class='ocr_par' dir='ltr' id='par_1_28' title="bbox 78 2618 1663 2691">
     <span class='ocr_line' id='line_1_28' title="bbox 78 2618 1663 2691; baseline -0.005 -12"><span class='ocrx_word' id='word_1_214' title='bbox 78 2626 217 2681; x_wconf 87' lang='lat' dir='ltr'><strong>Deus</strong></span> <span class='ocrx_word' id='word_1_215' title='bbox 248 2640 398 2679; x_wconf 90' lang='lat' dir='ltr'><strong>unus</strong></span> <span class='ocrx_word' id='word_1_216' title='bbox 451 2632 553 2678; x_wconf 78' lang='lat' dir='ltr'><strong>est.</strong></span> <span class='ocrx_word' id='word_1_217' title='bbox 583 2641 601 2673; x_wconf 83' lang='grc'>›</span> <span class='ocrx_word' id='word_1_218' title='bbox 649 2623 753 2677; x_wconf 89' lang='lat' dir='ltr'><strong>lste</strong></span> <span class='ocrx_word' id='word_1_219' title='bbox 797 2637 926 2691; x_wconf 81' lang='lat' dir='ltr'><strong>ergo</strong></span> <span class='ocrx_word' id='word_1_220' title='bbox 961 2622 1100 2674; x_wconf 89' lang='lat' dir='ltr'><strong>Deus</strong></span> <span class='ocrx_word' id='word_1_221' title='bbox 1137 2618 1319 2683; x_wconf 89' lang='lat' dir='ltr'><strong>Israel,</strong></span> <span class='ocrx_word' id='word_1_222' title='bbox 1352 2619 1492 2673; x_wconf 91' lang='lat' dir='ltr'><strong>Deus</strong></span> <span class='ocrx_word' id='word_1_223' title='bbox 1524 2632 1663 2671; x_wconf 84' lang='lat' dir='ltr'><strong>unus</strong></span> 
     </span>
    </p>
   </div>
   <div class='ocr_carea' id='block_1_29' title="bbox 73 2708 1663 2781">
    <p class='ocr_par' dir='ltr' id='par_1_29' title="bbox 73 2708 1663 2781">
     <span class='ocr_line' id='line_1_29' title="bbox 73 2708 1663 2781; baseline -0.006 -10"><span class='ocrx_word' id='word_1_224' title='bbox 73 2729 124 2771; x_wconf 90' lang='lat' dir='ltr'><strong>et</strong></span> <span class='ocrx_word' id='word_1_225' title='bbox 157 2727 388 2771; x_wconf 85' lang='lat' dir='ltr'><strong>creator</strong></span> <span class='ocrx_word' id='word_1_226' title='bbox 417 2714 680 2779; x_wconf 91' lang='lat' dir='ltr'><strong>omnium,</strong></span> <span class='ocrx_word' id='word_1_227' title='bbox 710 2724 862 2768; x_wconf 91' lang='lat' dir='ltr'><strong>certo</strong></span> <span class='ocrx_word' id='word_1_228' title='bbox 891 2713 1125 2781; x_wconf 87' lang='lat' dir='ltr'><strong>quodam</strong></span> <span class='ocrx_word' id='word_1_229' title='bbox 1160 2711 1462 2765; x_wconf 89' lang='lat' dir='ltr'><strong>litterarum</strong></span> <span class='ocrx_word' id='word_1_230' title='bbox 1507 2708 1663 2777; x_wconf 83' lang='lat' dir='ltr'><strong>signo</strong></span> 
     </span>
    </p>
   </div>
   <div class='ocr_carea' id='block_1_30' title="bbox 73 2801 1658 2878">
    <p class='ocr_par' dir='ltr' id='par_1_30' title="bbox 73 2801 1658 2878">
     <span class='ocr_line' id='line_1_30' title="bbox 73 2801 1658 2878; baseline -0.006 -14"><span class='ocrx_word' id='word_1_231' title='bbox 73 2810 371 2872; x_wconf 84' lang='lat' dir='ltr'><strong>scribitur,</strong></span> <span class='ocrx_word' id='word_1_232' title='bbox 400 2808 543 2878; x_wconf 86' lang='lat' dir='ltr'><strong>quod</strong></span> <span class='ocrx_word' id='word_1_233' title='bbox 580 2808 722 2876; x_wconf 90' lang='lat' dir='ltr'><strong>apud</strong></span> <span class='ocrx_word' id='word_1_234' title='bbox 755 2806 875 2859; x_wconf 92' lang='lat' dir='ltr'><strong>illos</strong></span> <span class='ocrx_word' id='word_1_235' title='bbox 908 2813 1395 2873; x_wconf 72' lang='lat' dir='ltr'><strong>tetragrammaton</strong></span> <span class='ocrx_word' id='word_1_236' title='bbox 1438 2801 1658 2855; x_wconf 89' lang='lat' dir='ltr'><strong>dicitur.</strong></span> 
     </span>
    </p>
   </div>
   <div class='ocr_carea' id='block_1_31' title="bbox 72 2892 1661 2971">
    <p class='ocr_par' dir='ltr' id='par_1_31' title="bbox 72 2892 1661 2971">
     <span class='ocr_line' id='line_1_31' title="bbox 72 2892 1661 2971; baseline -0.006 -16"><span class='ocrx_word' id='word_1_237' title='bbox 72 2902 124 2955; x_wconf 88' lang='lat' dir='ltr'><strong>Si</strong></span> <span class='ocrx_word' id='word_1_238' title='bbox 174 2904 404 2971; x_wconf 84' lang='lat' dir='ltr'><strong>quando</strong></span> <span class='ocrx_word' id='word_1_239' title='bbox 439 2915 566 2969; x_wconf 81' lang='lat' dir='ltr'><strong>ergo</strong></span> <span class='ocrx_word' id='word_1_240' title='bbox 596 2899 697 2953; x_wconf 89' lang='lat' dir='ltr'><strong>sub</strong></span> <span class='ocrx_word' id='word_1_241' title='bbox 736 2899 837 2951; x_wconf 92' lang='lat' dir='ltr'><strong>hoc</strong></span> <span class='ocrx_word' id='word_1_242' title='bbox 866 2898 1021 2965; x_wconf 76' lang='lat' dir='ltr'><strong>signo</strong></span> <span class='ocrx_word' id='word_1_243' title='bbox 1059 2897 1113 2949; x_wconf 94' lang='lat' dir='ltr'><strong>in</strong></span> <span class='ocrx_word' id='word_1_244' title='bbox 1162 2894 1468 2962; x_wconf 85' lang='lat' dir='ltr'><strong>Scripturis</strong></span> <span class='ocrx_word' id='word_1_245' title='bbox 1504 2892 1661 2947; x_wconf 77' lang='lat' dir='ltr'><strong>scri-</strong></span> 
     </span>
    </p>
   </div>
   <div class='ocr_carea' id='block_1_32' title="bbox 67 2985 1662 3058">
    <p class='ocr_par' dir='ltr' id='par_1_32' title="bbox 67 2985 1662 3058">
     <span class='ocr_line' id='line_1_32' title="bbox 67 2985 1662 3058; baseline -0.006 -11"><span class='ocrx_word' id='word_1_246' title='bbox 67 2995 215 3047; x_wconf 83' lang='lat' dir='ltr'><strong>bitur</strong></span> <span class='ocrx_word' id='word_1_247' title='bbox 258 2994 439 3058; x_wconf 88' lang='lat' dir='ltr'><strong>Deus,</strong></span> <span class='ocrx_word' id='word_1_248' title='bbox 486 2988 631 3043; x_wconf 91' lang='lat' dir='ltr'><strong>nulla</strong></span> <span class='ocrx_word' id='word_1_249' title='bbox 663 2999 745 3043; x_wconf 91' lang='lat' dir='ltr'><strong>est</strong></span> <span class='ocrx_word' id='word_1_250' title='bbox 794 2988 1059 3041; x_wconf 90' lang='lat' dir='ltr'><strong>dubitatio</strong></span> <span class='ocrx_word' id='word_1_251' title='bbox 1109 2986 1238 3055; x_wconf 90' lang='lat' dir='ltr'><strong>quin</strong></span> <span class='ocrx_word' id='word_1_252' title='bbox 1282 2987 1347 3040; x_wconf 86' lang='lat' dir='ltr'><strong>de</strong></span> <span class='ocrx_word' id='word_1_253' title='bbox 1382 2985 1491 3039; x_wconf 91' lang='lat' dir='ltr'><strong>Deo</strong></span> <span class='ocrx_word' id='word_1_254' title='bbox 1533 2998 1662 3039; x_wconf 87' lang='lat' dir='ltr'><strong>vero</strong></span> 
     </span>
    </p>
   </div>
   <div class='ocr_carea' id='block_1_33' title="bbox 67 3076 1731 3161">
    <p class='ocr_par' dir='ltr' id='par_1_33' title="bbox 67 3076 1731 3161">
     <span class='ocr_line' id='line_1_33' title="bbox 67 3076 1731 3161; baseline -0.008 -18"><span class='ocrx_word' id='word_1_255' title='bbox 67 3099 119 3143; x_wconf 83' lang='lat' dir='ltr'><strong>et</strong></span> <span class='ocrx_word' id='word_1_256' title='bbox 162 3087 362 3141; x_wconf 87' lang='lat' dir='ltr'><strong>mundi</strong></span> <span class='ocrx_word' id='word_1_257' title='bbox 414 3094 662 3141; x_wconf 85' lang='lat' dir='ltr'><strong>creatore</strong></span> <span class='ocrx_word' id='word_1_258' title='bbox 706 3085 945 3139; x_wconf 85' lang='lat' dir='ltr'><strong>dicatur.</strong></span> <span class='ocrx_word' id='word_1_259' title='bbox 983 3080 1041 3134; x_wconf 91' lang='lat' dir='ltr'><strong>Si</strong></span> <span class='ocrx_word' id='word_1_260' title='bbox 1089 3080 1307 3147; x_wconf 91' lang='lat' dir='ltr'><strong>quando</strong></span> <span class='ocrx_word' id='word_1_261' title='bbox 1346 3092 1476 3131; x_wconf 92' lang='lat' dir='ltr'><strong>vero</strong></span> <span class='ocrx_word' id='word_1_262' title='bbox 1517 3076 1658 3141; x_wconf 91' lang='lat' dir='ltr'><strong>aliis,</strong></span> <span class='ocrx_word' id='word_1_263' title='bbox 1689 3104 1731 3161; x_wconf 67' lang='grc' dir='ltr'>ο</span> 
     </span>
    </p>
   </div>
   <div class='ocr_carea' id='block_1_34' title="bbox 68 3168 1662 3235">
    <p class='ocr_par' dir='ltr' id='par_1_34' title="bbox 68 3168 1662 3235">
     <span class='ocr_line' id='line_1_34' title="bbox 68 3168 1662 3235; baseline -0.009 -1"><span class='ocrx_word' id='word_1_264' title='bbox 68 3183 120 3235; x_wconf 86' lang='lat' dir='ltr'><strong>id</strong></span> <span class='ocrx_word' id='word_1_265' title='bbox 153 3191 237 3234; x_wconf 91' lang='lat' dir='ltr'><strong>est</strong></span> <span class='ocrx_word' id='word_1_266' title='bbox 271 3178 661 3234; x_wconf 90' lang='lat' dir='ltr'><strong>communibus</strong></span> <span class='ocrx_word' id='word_1_267' title='bbox 700 3174 897 3228; x_wconf 89' lang='lat' dir='ltr'><strong>litteris</strong></span> <span class='ocrx_word' id='word_1_268' title='bbox 932 3170 1209 3235; x_wconf 89' lang='lat' dir='ltr'><strong>scribitur,</strong></span> <span class='ocrx_word' id='word_1_269' title='bbox 1253 3171 1519 3223; x_wconf 91' lang='lat' dir='ltr'><strong>incertum</strong></span> <span class='ocrx_word' id='word_1_270' title='bbox 1567 3168 1662 3221; x_wconf 87' lang='lat' dir='ltr'><strong>ha-</strong></span> 
     </span>
    </p>
   </div>
   <div class='ocr_carea' id='block_1_35' title="bbox 62 3257 1663 3332">
    <p class='ocr_par' dir='ltr' id='par_1_35' title="bbox 62 3257 1663 3332">
     <span class='ocr_line' id='line_1_35' title="bbox 62 3257 1663 3332; baseline -0.011 -4"><span class='ocrx_word' id='word_1_271' title='bbox 62 3276 227 3329; x_wconf 85' lang='lat' dir='ltr'><strong>betur</strong></span> <span class='ocrx_word' id='word_1_272' title='bbox 259 3282 451 3327; x_wconf 90' lang='lat' dir='ltr'><strong>utrum</strong></span> <span class='ocrx_word' id='word_1_273' title='bbox 484 3271 548 3324; x_wconf 91' lang='lat' dir='ltr'><strong>de</strong></span> <span class='ocrx_word' id='word_1_274' title='bbox 584 3270 692 3325; x_wconf 89' lang='lat' dir='ltr'><strong>Deo</strong></span> <span class='ocrx_word' id='word_1_275' title='bbox 724 3281 873 3331; x_wconf 88' lang='lat' dir='ltr'><strong>vero,</strong></span> <span class='ocrx_word' id='word_1_276' title='bbox 912 3281 979 3319; x_wconf 89' lang='lat' dir='ltr'><strong>an</strong></span> <span class='ocrx_word' id='word_1_277' title='bbox 1017 3264 1081 3318; x_wconf 89' lang='lat' dir='ltr'><strong>de</strong></span> <span class='ocrx_word' id='word_1_278' title='bbox 1115 3263 1298 3332; x_wconf 88' lang='lat' dir='ltr'><strong>aliquo</strong></span> <span class='ocrx_word' id='word_1_279' title='bbox 1334 3274 1399 3313; x_wconf 74' lang='lat' dir='ltr'><strong>ex</strong></span> <span class='ocrx_word' id='word_1_280' title='bbox 1433 3259 1543 3313; x_wconf 80' lang='lat' dir='ltr'><strong>i‘ilis</strong></span> <span class='ocrx_word' id='word_1_281' title='bbox 1583 3257 1663 3311; x_wconf 89' lang='lat' dir='ltr'><strong>di-</strong></span> 
     </span>
    </p>
   </div>
   <div class='ocr_carea' id='block_1_36' title="bbox 63 3349 1663 3432">
    <p class='ocr_par' dir='ltr' id='par_1_36' title="bbox 63 3349 1663 3432">
     <span class='ocr_line' id='line_1_36' title="bbox 63 3349 1663 3432; baseline -0.014 -13"><span class='ocrx_word' id='word_1_282' title='bbox 63 3376 245 3430; x_wconf 82' lang='lat' dir='ltr'><strong>catur,</strong></span> <span class='ocrx_word' id='word_1_283' title='bbox 278 3365 349 3418; x_wconf 84' lang='lat' dir='ltr'><strong>de</strong></span> <span class='ocrx_word' id='word_1_284' title='bbox 390 3363 593 3432; x_wconf 83' lang='lat' dir='ltr'><strong>quibus</strong></span> <span class='ocrx_word' id='word_1_285' title='bbox 624 3357 913 3429; x_wconf 83' lang='lat' dir='ltr'><strong>Apostolus</strong></span> <span class='ocrx_word' id='word_1_286' title='bbox 945 3354 1075 3409; x_wconf 89' lang='lat' dir='ltr'><strong>dicit</strong></span> <span class='ocrx_word' id='word_1_287' title='bbox 1098 3352 1141 3383; x_wconf 77' lang='grc'><strong>¹⁵⁸</strong></span> <span class='ocrx_word' id='word_1_288' title='bbox 1168 3370 1183 3407; x_wconf 92' lang='lat'><strong>:</strong></span> <span class='ocrx_word' id='word_1_289' title='bbox 1220 3370 1237 3401; x_wconf 77' lang='grc' dir='ltr'>ι</span> <span class='ocrx_word' id='word_1_290' title='bbox 1264 3349 1504 3403; x_wconf 88' lang='lat' dir='ltr'><strong>Tametsi</strong></span> <span class='ocrx_word' id='word_1_291' title='bbox 1538 3354 1663 3402; x_wconf 91' lang='lat' dir='ltr'><strong>sunt</strong></span> 
     </span>
    </p>
   </div>
   <div class='ocr_carea' id='block_1_37' title="bbox 58 3440 1665 3525">
    <p class='ocr_par' dir='ltr' id='par_1_37' title="bbox 58 3440 1665 3525">
     <span class='ocr_line' id='line_1_37' title="bbox 58 3440 1665 3525; baseline -0.012 -15"><span class='ocrx_word' id='word_1_292' title='bbox 58 3456 153 3525; x_wconf 91' lang='lat' dir='ltr'><strong>qui</strong></span> <span class='ocrx_word' id='word_1_293' title='bbox 201 3457 473 3509; x_wconf 86' lang='lat' dir='ltr'><strong>dicantur</strong></span> <span class='ocrx_word' id='word_1_294' title='bbox 507 3453 603 3517; x_wconf 92' lang='lat' dir='ltr'><strong>dii,</strong></span> <span class='ocrx_word' id='word_1_295' title='bbox 635 3451 749 3505; x_wconf 84' lang='lat' dir='ltr'><strong>sive</strong></span> <span class='ocrx_word' id='word_1_296' title='bbox 794 3450 845 3502; x_wconf 94' lang='lat' dir='ltr'><strong>in</strong></span> <span class='ocrx_word' id='word_1_297' title='bbox 878 3447 1017 3501; x_wconf 72' lang='lat' dir='ltr'><strong>cmlo</strong></span> <span class='ocrx_word' id='word_1_298' title='bbox 1058 3446 1172 3500; x_wconf 89' lang='lat' dir='ltr'><strong>sive</strong></span> <span class='ocrx_word' id='word_1_299' title='bbox 1213 3444 1264 3497; x_wconf 92' lang='lat' dir='ltr'><strong>in</strong></span> <span class='ocrx_word' id='word_1_300' title='bbox 1304 3453 1487 3495; x_wconf 85' lang='lat' dir='ltr'><strong>terra:</strong></span> <span class='ocrx_word' id='word_1_301' title='bbox 1526 3440 1665 3494; x_wconf 86' lang='lat' dir='ltr'><strong>sicut</strong></span> 
     </span>
    </p>
   </div>
   <div class='ocr_carea' id='block_1_38' title="bbox 59 3536 1664 3610">
    <p class='ocr_par' dir='ltr' id='par_1_38' title="bbox 59 3536 1664 3610">
     <span class='ocr_line' id='line_1_38' title="bbox 59 3536 1664 3610; baseline -0.011 -8"><span class='ocrx_word' id='word_1_302' title='bbox 59 3559 187 3602; x_wconf 84' lang='lat' dir='ltr'><strong>sunt</strong></span> <span class='ocrx_word' id='word_1_303' title='bbox 226 3548 307 3600; x_wconf 90' lang='lat' dir='ltr'><strong>dii</strong></span> <span class='ocrx_word' id='word_1_304' title='bbox 348 3545 529 3610; x_wconf 87' lang='lat' dir='ltr'><strong>multi,</strong></span> <span class='ocrx_word' id='word_1_305' title='bbox 558 3553 612 3598; x_wconf 94' lang='lat' dir='ltr'><strong>et</strong></span> <span class='ocrx_word' id='word_1_306' title='bbox 643 3541 849 3597; x_wconf 88' lang='lat' dir='ltr'><strong>domini</strong></span> <span class='ocrx_word' id='word_1_307' title='bbox 882 3539 1035 3593; x_wconf 91' lang='lat' dir='ltr'><strong>multi</strong></span> <span class='ocrx_word' id='word_1_308' title='bbox 1063 3553 1076 3590; x_wconf 90' lang='lat'>:</span> <span class='ocrx_word' id='word_1_309' title='bbox 1107 3536 1264 3591; x_wconf 92' lang='lat' dir='ltr'><strong>nobis</strong></span> <span class='ocrx_word' id='word_1_310' title='bbox 1300 3545 1480 3588; x_wconf 91' lang='lat' dir='ltr'><strong>tamen</strong></span> <span class='ocrx_word' id='word_1_311' title='bbox 1525 3548 1664 3586; x_wconf 88' lang='lat' dir='ltr'><strong>unus</strong></span> 
     </span>
    </p>
   </div>
   <div class='ocr_carea' id='block_1_39' title="bbox 56 3625 1658 3704">
    <p class='ocr_par' dir='ltr' id='par_1_39' title="bbox 56 3625 1658 3704">
     <span class='ocr_line' id='line_1_39' title="bbox 56 3625 1658 3704; baseline -0.011 -11"><span class='ocrx_word' id='word_1_312' title='bbox 56 3640 208 3693; x_wconf 82' lang='lat' dir='ltr'><strong>Deus</strong></span> <span class='ocrx_word' id='word_1_313' title='bbox 260 3638 460 3704; x_wconf 85' lang='lat' dir='ltr'><strong>Pater,</strong></span> <span class='ocrx_word' id='word_1_314' title='bbox 500 3652 567 3692; x_wconf 84' lang='lat' dir='ltr'><strong>ex</strong></span> <span class='ocrx_word' id='word_1_315' title='bbox 607 3649 714 3703; x_wconf 93' lang='lat' dir='ltr'><strong>quo</strong></span> <span class='ocrx_word' id='word_1_316' title='bbox 753 3633 967 3694; x_wconf 90' lang='lat' dir='ltr'><strong>omnia,</strong></span> <span class='ocrx_word' id='word_1_317' title='bbox 1016 3638 1068 3681; x_wconf 81' lang='lat' dir='ltr'><strong>et</strong></span> <span class='ocrx_word' id='word_1_318' title='bbox 1118 3642 1217 3682; x_wconf 89' lang='lat' dir='ltr'><strong>nos</strong></span> <span class='ocrx_word' id='word_1_319' title='bbox 1268 3642 1365 3695; x_wconf 89' lang='lat' dir='ltr'><strong>per</strong></span> <span class='ocrx_word' id='word_1_320' title='bbox 1410 3625 1609 3692; x_wconf 89' lang='lat' dir='ltr'><strong>ipsum.</strong></span> <span class='ocrx_word' id='word_1_321' title='bbox 1639 3642 1658 3675; x_wconf 71' lang='grc' dir='ltr'><strong><em>ι</em></strong></span> 
     </span>
    </p>
   </div>
   <div class='ocr_carea' id='block_1_40' title="bbox 52 3717 1665 3797">
    <p class='ocr_par' dir='ltr' id='par_1_40' title="bbox 52 3717 1665 3797">
     <span class='ocr_line' id='line_1_40' title="bbox 52 3717 1665 3797; baseline -0.011 -12"><span class='ocrx_word' id='word_1_322' title='bbox 52 3734 230 3785; x_wconf 80' lang='lat' dir='ltr'><strong>Aiunt</strong></span> <span class='ocrx_word' id='word_1_323' title='bbox 270 3745 415 3791; x_wconf 72' lang='lat' dir='ltr'><strong>ergo</strong></span> <span class='ocrx_word' id='word_1_324' title='bbox 461 3728 551 3797; x_wconf 89' lang='lat' dir='ltr'><strong>qui</strong></span> <span class='ocrx_word' id='word_1_325' title='bbox 601 3725 899 3781; x_wconf 87' lang='lat' dir='ltr'><strong>llebraicas</strong></span> <span class='ocrx_word' id='word_1_326' title='bbox 949 3722 1160 3775; x_wconf 87' lang='lat' dir='ltr'><strong>litteras</strong></span> <span class='ocrx_word' id='word_1_327' title='bbox 1202 3720 1417 3788; x_wconf 79' lang='lat' dir='ltr'><strong>legunt,</strong></span> <span class='ocrx_word' id='word_1_328' title='bbox 1467 3718 1518 3770; x_wconf 89' lang='lat' dir='ltr'><strong>itt</strong></span> <span class='ocrx_word' id='word_1_329' title='bbox 1562 3717 1665 3769; x_wconf 89' lang='lat' dir='ltr'><strong>hoc</strong></span> 
     </span>
    </p>
   </div>
   <div class='ocr_carea' id='block_1_41' title="bbox 47 3811 1662 3890">
    <p class='ocr_par' dir='ltr' id='par_1_41' title="bbox 47 3811 1662 3890">
     <span class='ocr_line' id='line_1_41' title="bbox 47 3811 1662 3890; baseline -0.012 -7"><span class='ocrx_word' id='word_1_330' title='bbox 47 3829 173 3883; x_wconf 84' lang='lat' dir='ltr'><strong>loco</strong></span> <span class='ocrx_word' id='word_1_331' title='bbox 210 3828 394 3890; x_wconf 84' lang='lat' dir='ltr'><strong>Deus,</strong></span> <span class='ocrx_word' id='word_1_332' title='bbox 426 3838 530 3876; x_wconf 93' lang='lat' dir='ltr'><strong>non</strong></span> <span class='ocrx_word' id='word_1_333' title='bbox 566 3823 664 3874; x_wconf 86' lang='lat' dir='ltr'><strong>sub</strong></span> <span class='ocrx_word' id='word_1_334' title='bbox 694 3818 850 3886; x_wconf 83' lang='lat' dir='ltr'><strong>signo</strong></span> <span class='ocrx_word' id='word_1_335' title='bbox 881 3812 1311 3883; x_wconf 83' lang='lat' dir='ltr'><strong>tetragrammati</strong></span> <span class='ocrx_word' id='word_1_336' title='bbox 1342 3826 1464 3866; x_wconf 85' lang='lat' dir='ltr'><strong>esse</strong></span> <span class='ocrx_word' id='word_1_337' title='bbox 1516 3811 1662 3880; x_wconf 91' lang='lat' dir='ltr'><strong>posi-</strong></span> 
     </span>
    </p>
   </div>
   <div class='ocr_carea' id='block_1_42' title="bbox 48 3902 1666 3988">
    <p class='ocr_par' dir='ltr' id='par_1_42' title="bbox 48 3902 1666 3988">
     <span class='ocr_line' id='line_1_42' title="bbox 48 3902 1666 3988; baseline -0.012 -13"><span class='ocrx_word' id='word_1_338' title='bbox 48 3934 190 3985; x_wconf 90' lang='lat' dir='ltr'><strong>tum,</strong></span> <span class='ocrx_word' id='word_1_339' title='bbox 223 3921 299 3974; x_wconf 90' lang='lat' dir='ltr'><strong>de</strong></span> <span class='ocrx_word' id='word_1_340' title='bbox 332 3931 448 3988; x_wconf 91' lang='lat' dir='ltr'><strong>quo</strong></span> <span class='ocrx_word' id='word_1_341' title='bbox 481 3914 570 3984; x_wconf 88' lang='lat' dir='ltr'><strong>qui</strong></span> <span class='ocrx_word' id='word_1_342' title='bbox 604 3921 802 3983; x_wconf 85' lang='lat' dir='ltr'><strong>potest,</strong></span> <span class='ocrx_word' id='word_1_343' title='bbox 839 3908 1107 3979; x_wconf 89' lang='lat' dir='ltr'><strong>requirat.</strong></span> <span class='ocrx_word' id='word_1_344' title='bbox 1144 3906 1249 3961; x_wconf 89' lang='lat' dir='ltr'><strong>Sed</strong></span> <span class='ocrx_word' id='word_1_345' title='bbox 1282 3914 1335 3959; x_wconf 90' lang='lat' dir='ltr'><strong>et</strong></span> <span class='ocrx_word' id='word_1_346' title='bbox 1361 3904 1503 3973; x_wconf 87' lang='lat' dir='ltr'><strong>quod</strong></span> <span class='ocrx_word' id='word_1_347' title='bbox 1533 3902 1666 3955; x_wconf 78' lang='lat' dir='ltr'><strong>dixit</strong></span> 
     </span>
    </p>
   </div>
   <div class='ocr_carea' id='block_1_43' title="bbox 44 3998 1663 4077">
    <p class='ocr_par' dir='ltr' id='par_1_43' title="bbox 44 3998 1663 4077">
     <span class='ocr_line' id='line_1_43' title="bbox 44 3998 1663 4077; baseline -0.012 -8"><span class='ocrx_word' id='word_1_348' title='bbox 44 4018 199 4071; x_wconf 88' lang='lat' dir='ltr'><strong>Deus</strong></span> <span class='ocrx_word' id='word_1_349' title='bbox 254 4015 335 4069; x_wconf 87' lang='lat' dir='ltr'><strong>ad</strong></span> <span class='ocrx_word' id='word_1_350' title='bbox 396 4010 615 4064; x_wconf 81' lang='lat' dir='ltr'><strong>Balaam</strong></span> <span class='ocrx_word' id='word_1_351' title='bbox 667 4007 824 4077; x_wconf 90' lang='lat' dir='ltr'><strong>quasi</strong></span> <span class='ocrx_word' id='word_1_352' title='bbox 878 4005 1221 4072; x_wconf 75' lang='lat' dir='ltr'><strong>interrdgans</strong></span> <span class='ocrx_word' id='word_1_353' title='bbox 1258 4000 1347 4069; x_wconf 90' lang='lat' dir='ltr'><strong>qui</strong></span> <span class='ocrx_word' id='word_1_354' title='bbox 1402 4007 1525 4052; x_wconf 91' lang='lat' dir='ltr'><strong>sunt</strong></span> <span class='ocrx_word' id='word_1_355' title='bbox 1572 3998 1663 4051; x_wconf 84' lang='lat' dir='ltr'><strong>isti</strong></span> 
     </span>
    </p>
   </div>
   <div class='ocr_carea' id='block_1_44' title="bbox 44 4090 1666 4171">
    <p class='ocr_par' dir='ltr' id='par_1_44' title="bbox 44 4090 1666 4171">
     <span class='ocr_line' id='line_1_44' title="bbox 44 4090 1666 4171; baseline -0.014 -9"><span class='ocrx_word' id='word_1_356' title='bbox 44 4107 349 4171; x_wconf 85' lang='lat' dir='ltr'><strong>homines,</strong></span> <span class='ocrx_word' id='word_1_357' title='bbox 390 4102 690 4171; x_wconf 88' lang='lat' dir='ltr'><strong>requiritur</strong></span> <span class='ocrx_word' id='word_1_358' title='bbox 725 4112 823 4151; x_wconf 92' lang='lat' dir='ltr'><strong>cur</strong></span> <span class='ocrx_word' id='word_1_359' title='bbox 856 4096 1112 4164; x_wconf 79' lang='lat' dir='ltr'><strong>ignorare</strong></span> <span class='ocrx_word' id='word_1_360' title='bbox 1144 4092 1436 4145; x_wconf 89' lang='lat' dir='ltr'><strong>videatur:</strong></span> <span class='ocrx_word' id='word_1_361' title='bbox 1475 4099 1526 4142; x_wconf 92' lang='lat' dir='ltr'><strong>et</strong></span> <span class='ocrx_word' id='word_1_362' title='bbox 1563 4090 1666 4141; x_wconf 88' lang='lat' dir='ltr'><strong>ite-</strong></span> 
     </span>
    </p>
   </div>
   <div class='ocr_carea' id='block_1_45' title="bbox 40 4182 1667 4269">
    <p class='ocr_par' dir='ltr' id='par_1_45' title="bbox 40 4182 1667 4269">
     <span class='ocr_line' id='line_1_45' title="bbox 40 4182 1667 4269; baseline -0.014 -14"><span class='ocrx_word' id='word_1_363' title='bbox 40 4218 169 4255; x_wconf 87' lang='lat' dir='ltr'><strong>rum</strong></span> <span class='ocrx_word' id='word_1_364' title='bbox 245 4197 411 4269; x_wconf 91' lang='lat' dir='ltr'><strong>quod</strong></span> <span class='ocrx_word' id='word_1_365' title='bbox 461 4195 588 4247; x_wconf 88' lang='lat' dir='ltr'><strong>ait:</strong></span> <span class='ocrx_word' id='word_1_366' title='bbox 648 4209 665 4242; x_wconf 75' lang='grc' dir='ltr'>ι</span> <span class='ocrx_word' id='word_1_367' title='bbox 701 4188 818 4243; x_wconf 82' lang='grc' dir='ltr'><strong>Νοη</strong></span> <span class='ocrx_word' id='word_1_368' title='bbox 895 4186 1183 4240; x_wconf 87' lang='lat' dir='ltr'><strong>maledices</strong></span> <span class='ocrx_word' id='word_1_369' title='bbox 1239 4182 1531 4252; x_wconf 85' lang='lat' dir='ltr'><strong>pepnlunt,</strong></span> <span class='ocrx_word' id='word_1_370' title='bbox 1586 4188 1667 4234; x_wconf 91' lang='lat' dir='ltr'><strong>est</strong></span> 
     </span>
    </p>
   </div>
   <div class='ocr_carea' id='block_1_46' title="bbox 41 4271 1663 4347">
    <p class='ocr_par' dir='ltr' id='par_1_46' title="bbox 41 4271 1663 4347">
     <span class='ocr_line' id='line_1_46' title="bbox 41 4271 1663 4347; baseline -0.014 -1"><span class='ocrx_word' id='word_1_371' title='bbox 41 4294 203 4347; x_wconf 88' lang='lat' dir='ltr'><strong>enim</strong></span> <span class='ocrx_word' id='word_1_372' title='bbox 248 4287 609 4344; x_wconf 82' lang='lat' dir='ltr'><strong>benedictus.</strong></span> <span class='ocrx_word' id='word_1_373' title='bbox 634 4302 653 4335; x_wconf 77' lang='grc' dir='ltr'><strong><em>ι</em></strong></span> <span class='ocrx_word' id='word_1_374' title='bbox 686 4281 777 4336; x_wconf 91' lang='lat' dir='ltr'><strong>Sic</strong></span> <span class='ocrx_word' id='word_1_375' title='bbox 808 4282 991 4346; x_wconf 83' lang='lat' dir='ltr'><strong>itaque</strong></span> <span class='ocrx_word' id='word_1_376' title='bbox 1025 4283 1202 4344; x_wconf 89' lang='lat' dir='ltr'><strong>potest</strong></span> <span class='ocrx_word' id='word_1_377' title='bbox 1233 4274 1483 4342; x_wconf 78' lang='lat' dir='ltr'><strong>intelligi,</strong></span> <span class='ocrx_word' id='word_1_378' title='bbox 1510 4271 1663 4341; x_wconf 91' lang='lat' dir='ltr'><strong>quasi</strong></span> 
     </span>
    </p>
   </div>
   <div class='ocr_carea' id='block_1_47' title="bbox 39 4370 1311 4441">
    <p class='ocr_par' dir='ltr' id='par_1_47' title="bbox 39 4370 1311 4441">
     <span class='ocr_line' id='line_1_47' title="bbox 39 4370 1311 4441; baseline -0.017 -3"><span class='ocrx_word' id='word_1_379' title='bbox 39 4384 307 4439; x_wconf 74' lang='lat' dir='ltr'><strong>dixerit:</strong></span> <span class='ocrx_word' id='word_1_380' title='bbox 344 4380 467 4435; x_wconf 80' lang='lat' dir='ltr'><strong>Non</strong></span> <span class='ocrx_word' id='word_1_381' title='bbox 488 4376 781 4431; x_wconf 90' lang='lat' dir='ltr'><strong>maledices</strong></span> <span class='ocrx_word' id='word_1_382' title='bbox 814 4370 1071 4441; x_wconf 88' lang='lat' dir='ltr'><strong>populum</strong></span> <span class='ocrx_word' id='word_1_383' title='bbox 1108 4381 1311 4421; x_wconf 90' lang='lat' dir='ltr'><strong>meum.</strong></span> 
     </span>
    </p>
   </div>
   <div class='ocr_carea' id='block_1_48' title="bbox 108 4442 1742 4540">
    <p class='ocr_par' dir='ltr' id='par_1_48' title="bbox 108 4442 1742 4540">
     <span class='ocr_line' id='line_1_48' title="bbox 108 4442 1742 4540; baseline -0.012 -3"><span class='ocrx_word' id='word_1_384' title='bbox 108 4485 172 4539; x_wconf 74' lang='lat'><strong>9..</strong></span> <span class='ocrx_word' id='word_1_385' title='bbox 222 4483 355 4538; x_wconf 78' lang='lat' dir='ltr'><strong>Nos</strong></span> <span class='ocrx_word' id='word_1_386' title='bbox 414 4478 629 4534; x_wconf 89' lang='lat' dir='ltr'><strong>interim</strong></span> <span class='ocrx_word' id='word_1_387' title='bbox 670 4474 903 4529; x_wconf 89' lang='lat' dir='ltr'><strong>dicimus</strong></span> <span class='ocrx_word' id='word_1_388' title='bbox 952 4469 1363 4540; x_wconf 78' lang='lat' dir='ltr'><strong>dispensatione</strong></span> <span class='ocrx_word' id='word_1_389' title='bbox 1424 4464 1660 4534; x_wconf 88' lang='lat' dir='ltr'><strong>quadam</strong></span> <span class='ocrx_word' id='word_1_390' title='bbox 1694 4442 1742 4500; x_wconf 82' lang='grc' dir='ltr'><strong>Ῐ)</strong></span> 
     </span>
    </p>
   </div>
   <div class='ocr_carea' id='block_1_49' title="bbox 39 4556 1662 4646">
    <p class='ocr_par' dir='ltr' id='par_1_49' title="bbox 39 4556 1662 4646">
     <span class='ocr_line' id='line_1_49' title="bbox 39 4556 1662 4646; baseline -0.015 -13"><span class='ocrx_word' id='word_1_391' title='bbox 39 4591 87 4633; x_wconf 75' lang='lat' dir='ltr'><strong>et</strong></span> <span class='ocrx_word' id='word_1_392' title='bbox 133 4572 445 4646; x_wconf 82' lang='lat' dir='ltr'><strong>sapientia</strong></span> <span class='ocrx_word' id='word_1_393' title='bbox 474 4569 589 4632; x_wconf 90' lang='lat' dir='ltr'><strong>Dei,</strong></span> <span class='ocrx_word' id='word_1_394' title='bbox 620 4566 694 4619; x_wconf 91' lang='lat' dir='ltr'><strong>ita</strong></span> <span class='ocrx_word' id='word_1_395' title='bbox 722 4565 903 4618; x_wconf 92' lang='lat' dir='ltr'><strong>omnia</strong></span> <span class='ocrx_word' id='word_1_396' title='bbox 939 4563 991 4616; x_wconf 91' lang='lat' dir='ltr'><strong>in</strong></span> <span class='ocrx_word' id='word_1_397' title='bbox 1024 4561 1126 4615; x_wconf 89' lang='lat' dir='ltr'><strong>hoc</strong></span> <span class='ocrx_word' id='word_1_398' title='bbox 1158 4558 1357 4612; x_wconf 92' lang='lat' dir='ltr'><strong>mundo</strong></span> <span class='ocrx_word' id='word_1_399' title='bbox 1388 4572 1509 4611; x_wconf 90' lang='lat' dir='ltr'><strong>esse</strong></span> <span class='ocrx_word' id='word_1_400' title='bbox 1551 4556 1662 4610; x_wconf 92' lang='lat' dir='ltr'><strong>dis-</strong></span> 
     </span>
    </p>
   </div>
   <div class='ocr_carea' id='block_1_50' title="bbox 40 4650 1657 4739">
    <p class='ocr_par' dir='ltr' id='par_1_50' title="bbox 40 4650 1657 4739">
     <span class='ocr_line' id='line_1_50' title="bbox 40 4650 1657 4739; baseline -0.015 -15"><span class='ocrx_word' id='word_1_401' title='bbox 40 4671 262 4739; x_wconf 82' lang='lat' dir='ltr'><strong>posita,</strong></span> <span class='ocrx_word' id='word_1_402' title='bbox 315 4676 382 4719; x_wconf 90' lang='lat' dir='ltr'><strong>ut</strong></span> <span class='ocrx_word' id='word_1_403' title='bbox 428 4664 566 4716; x_wconf 84' lang='lat' dir='ltr'><strong>nihil</strong></span> <span class='ocrx_word' id='word_1_404' title='bbox 601 4672 825 4729; x_wconf 88' lang='lat' dir='ltr'><strong>prorsus</strong></span> <span class='ocrx_word' id='word_1_405' title='bbox 871 4655 1103 4709; x_wconf 89' lang='lat' dir='ltr'><strong>otiosum</strong></span> <span class='ocrx_word' id='word_1_406' title='bbox 1140 4655 1211 4706; x_wconf 88' lang='lat' dir='ltr'><strong>sit</strong></span> <span class='ocrx_word' id='word_1_407' title='bbox 1259 4650 1403 4720; x_wconf 89' lang='lat' dir='ltr'><strong>apud</strong></span> <span class='ocrx_word' id='word_1_408' title='bbox 1454 4650 1657 4711; x_wconf 89' lang='lat' dir='ltr'><strong>Deum,</strong></span> 
     </span>
    </p>
   </div>
   <div class='ocr_carea' id='block_1_51' title="bbox 40 4739 1663 4819">
    <p class='ocr_par' dir='ltr' id='par_1_51' title="bbox 40 4739 1663 4819">
     <span class='ocr_line' id='line_1_51' title="bbox 40 4739 1663 4819; baseline -0.017 -1"><span class='ocrx_word' id='word_1_409' title='bbox 40 4763 271 4819; x_wconf 78' lang='lat' dir='ltr'><strong>:tiautsi</strong></span> <span class='ocrx_word' id='word_1_410' title='bbox 329 4758 538 4813; x_wconf 87' lang='lat' dir='ltr'><strong>malum</strong></span> <span class='ocrx_word' id='word_1_411' title='bbox 585 4753 713 4809; x_wconf 77' lang='lat' dir='ltr'><strong>illud</strong></span> <span class='ocrx_word' id='word_1_412' title='bbox 750 4751 842 4814; x_wconf 87' lang='lat' dir='ltr'><strong>sit,</strong></span> <span class='ocrx_word' id='word_1_413' title='bbox 884 4744 1096 4801; x_wconf 88' lang='lat' dir='ltr'><strong>etiamsi</strong></span> <span class='ocrx_word' id='word_1_414' title='bbox 1147 4745 1370 4797; x_wconf 90' lang='lat' dir='ltr'><strong>bonum.</strong></span> <span class='ocrx_word' id='word_1_415' title='bbox 1403 4740 1507 4793; x_wconf 92' lang='lat' dir='ltr'><strong>Sed</strong></span> <span class='ocrx_word' id='word_1_416' title='bbox 1546 4739 1663 4807; x_wconf 91' lang='lat' dir='ltr'><strong>pla-</strong></span> 
     </span>
    </p>
   </div>
   <div class='ocr_carea' id='block_1_52' title="bbox 44 4834 1661 4923">
    <p class='ocr_par' dir='ltr' id='par_1_52' title="bbox 44 4834 1661 4923">
     <span class='ocr_line' id='line_1_52' title="bbox 44 4834 1661 4923; baseline -0.017 -13"><span class='ocrx_word' id='word_1_417' title='bbox 44 4860 163 4910; x_wconf 82' lang='lat' dir='ltr'><strong>tius</strong></span> <span class='ocrx_word' id='word_1_418' title='bbox 207 4853 385 4923; x_wconf 86' lang='lat' dir='ltr'><strong>quod</strong></span> <span class='ocrx_word' id='word_1_419' title='bbox 431 4850 627 4903; x_wconf 91' lang='lat' dir='ltr'><strong>dicitur</strong></span> <span class='ocrx_word' id='word_1_420' title='bbox 662 4844 1015 4914; x_wconf 77' lang='lat' dir='ltr'><strong>explicemus.</strong></span> <span class='ocrx_word' id='word_1_421' title='bbox 1054 4836 1318 4892; x_wconf 85' lang='lat' dir='ltr'><strong>Malitiam</strong></span> <span class='ocrx_word' id='word_1_422' title='bbox 1362 4834 1503 4887; x_wconf 90' lang='lat' dir='ltr'><strong>Dens</strong></span> <span class='ocrx_word' id='word_1_423' title='bbox 1556 4845 1661 4883; x_wconf 92' lang='lat' dir='ltr'><strong>non</strong></span> 
     </span>
    </p>
   </div>
   <div class='ocr_carea' id='block_1_53' title="bbox 40 4924 1660 5006">
    <p class='ocr_par' dir='ltr' id='par_1_53' title="bbox 40 4924 1660 5006">
     <span class='ocr_line' id='line_1_53' title="bbox 40 4924 1660 5006; baseline -0.019 0"><span class='ocrx_word' id='word_1_424' title='bbox 40 4953 169 5006; x_wconf 68' lang='lat' dir='ltr'><strong>‘ecit</strong></span> <span class='ocrx_word' id='word_1_425' title='bbox 204 4967 222 5003; x_wconf 90' lang='lat'>:</span> <span class='ocrx_word' id='word_1_426' title='bbox 274 4956 479 5000; x_wconf 87' lang='lat' dir='ltr'><strong>tamen</strong></span> <span class='ocrx_word' id='word_1_427' title='bbox 508 4955 630 4997; x_wconf 93' lang='lat' dir='ltr'><strong>cum</strong></span> <span class='ocrx_word' id='word_1_428' title='bbox 668 4938 791 4993; x_wconf 88' lang='lat' dir='ltr'><strong>aliis</strong></span> <span class='ocrx_word' id='word_1_429' title='bbox 830 4936 1112 4990; x_wconf 84' lang='lat' dir='ltr'><strong>inventam</strong></span> <span class='ocrx_word' id='word_1_430' title='bbox 1148 4928 1321 5001; x_wconf 91' lang='lat' dir='ltr'><strong>possit</strong></span> <span class='ocrx_word' id='word_1_431' title='bbox 1348 4924 1660 4997; x_wconf 90' lang='lat' dir='ltr'><strong>prohibere,</strong></span> 
     </span>
    </p>
   </div>
   <div class='ocr_carea' id='block_1_54' title="bbox 40 5018 1657 5111">
    <p class='ocr_par' dir='ltr' id='par_1_54' title="bbox 40 5018 1657 5111">
     <span class='ocr_line' id='line_1_54' title="bbox 40 5018 1657 5111; baseline -0.019 -13"><span class='ocrx_word' id='word_1_432' title='bbox 40 5060 144 5098; x_wconf 75' lang='lat' dir='ltr'><strong>ton</strong></span> <span class='ocrx_word' id='word_1_433' title='bbox 208 5039 498 5111; x_wconf 87' lang='lat' dir='ltr'><strong>prohibet</strong></span> <span class='ocrx_word' id='word_1_434' title='bbox 538 5053 551 5088; x_wconf 92' lang='lat'>:</span> <span class='ocrx_word' id='word_1_435' title='bbox 593 5034 686 5087; x_wconf 91' lang='lat' dir='ltr'><strong>sed</strong></span> <span class='ocrx_word' id='word_1_436' title='bbox 732 5045 857 5085; x_wconf 91' lang='lat' dir='ltr'><strong>cum</strong></span> <span class='ocrx_word' id='word_1_437' title='bbox 908 5026 1041 5097; x_wconf 89' lang='lat' dir='ltr'><strong>ipsis</strong></span> <span class='ocrx_word' id='word_1_438' title='bbox 1083 5039 1113 5077; x_wconf 89' lang='lat' dir='ltr'><strong>a</strong></span> <span class='ocrx_word' id='word_1_439' title='bbox 1147 5021 1346 5092; x_wconf 88' lang='lat' dir='ltr'><strong>quibus</strong></span> <span class='ocrx_word' id='word_1_440' title='bbox 1406 5018 1657 5081; x_wconf 89' lang='lat' dir='ltr'><strong>habetur,</strong></span> 
     </span>
    </p>
   </div>
   <div class='ocr_carea' id='block_1_55' title="bbox 40 5109 1658 5191">
    <p class='ocr_par' dir='ltr' id='par_1_55' title="bbox 40 5109 1658 5191">
     <span class='ocr_line' id='line_1_55' title="bbox 40 5109 1658 5191; baseline -0.019 0"><span class='ocrx_word' id='word_1_441' title='bbox 40 5109 226 5191; x_wconf 20' lang='lat' dir='ltr'><strong>utitur.</strong></span> <span class='ocrx_word' id='word_1_442' title='bbox 273 5147 358 5187; x_wconf 84' lang='lat' dir='ltr'><strong>ea</strong></span> <span class='ocrx_word' id='word_1_443' title='bbox 411 5129 479 5183; x_wconf 90' lang='lat' dir='ltr'><strong>ad</strong></span> <span class='ocrx_word' id='word_1_444' title='bbox 525 5123 865 5181; x_wconf 87' lang='lat' dir='ltr'><strong>necessarias</strong></span> <span class='ocrx_word' id='word_1_445' title='bbox 912 5133 1128 5174; x_wconf 88' lang='lat' dir='ltr'><strong>causas.</strong></span> <span class='ocrx_word' id='word_1_446' title='bbox 1169 5114 1274 5170; x_wconf 90' lang='lat' dir='ltr'><strong>Per</strong></span> <span class='ocrx_word' id='word_1_447' title='bbox 1313 5114 1463 5182; x_wconf 91' lang='lat' dir='ltr'><strong>ipsos</strong></span> <span class='ocrx_word' id='word_1_448' title='bbox 1514 5109 1658 5165; x_wconf 91' lang='lat' dir='ltr'><strong>enim</strong></span> 
     </span>
    </p>
   </div>
   <div class='ocr_carea' id='block_1_56' title="bbox 44 5204 1667 5298">
    <p class='ocr_par' dir='ltr' id='par_1_56' title="bbox 44 5204 1667 5298">
     <span class='ocr_line' id='line_1_56' title="bbox 44 5204 1667 5298; baseline -0.018 -13"><span class='ocrx_word' id='word_1_449' title='bbox 44 5250 76 5284; x_wconf 90' lang='lat' dir='ltr'><strong>n</strong></span> <span class='ocrx_word' id='word_1_450' title='bbox 116 5228 373 5298; x_wconf 85' lang='lat' dir='ltr'><strong>quibus</strong></span> <span class='ocrx_word' id='word_1_451' title='bbox 404 5232 487 5276; x_wconf 93' lang='lat' dir='ltr'><strong>est</strong></span> <span class='ocrx_word' id='word_1_452' title='bbox 519 5217 743 5281; x_wconf 88' lang='lat' dir='ltr'><strong>malitia,</strong></span> <span class='ocrx_word' id='word_1_453' title='bbox 779 5212 959 5269; x_wconf 90' lang='lat' dir='ltr'><strong>claros</strong></span> <span class='ocrx_word' id='word_1_454' title='bbox 988 5218 1042 5266; x_wconf 89' lang='lat' dir='ltr'><strong>et</strong></span> <span class='ocrx_word' id='word_1_455' title='bbox 1074 5209 1331 5280; x_wconf 88' lang='lat' dir='ltr'><strong>probatos</strong></span> <span class='ocrx_word' id='word_1_456' title='bbox 1354 5204 1518 5259; x_wconf 83' lang='lat' dir='ltr'><strong>eﬁicit</strong></span> <span class='ocrx_word' id='word_1_457' title='bbox 1572 5217 1667 5257; x_wconf 90' lang='lat' dir='ltr'><strong>eos</strong></span> 
     </span>
    </p>
   </div>
   <div class='ocr_carea' id='block_1_57' title="bbox 39 5297 1666 5391">
    <p class='ocr_par' dir='ltr' id='par_1_57' title="bbox 39 5297 1666 5391">
     <span class='ocr_line' id='line_1_57' title="bbox 39 5297 1666 5391; baseline -0.015 -17"><span class='ocrx_word' id='word_1_458' title='bbox 39 5297 250 5391; x_wconf 15' lang='lat' dir='ltr'><strong>luirad</strong></span> <span class='ocrx_word' id='word_1_459' title='bbox 294 5314 578 5367; x_wconf 83' lang='lat' dir='ltr'><strong>virtutum</strong></span> <span class='ocrx_word' id='word_1_460' title='bbox 614 5308 843 5379; x_wconf 78' lang='lat' dir='ltr'><strong>gloriam</strong></span> <span class='ocrx_word' id='word_1_461' title='bbox 876 5303 1124 5358; x_wconf 91' lang='lat' dir='ltr'><strong>tendunt.</strong></span> <span class='ocrx_word' id='word_1_462' title='bbox 1172 5300 1305 5355; x_wconf 87' lang='lat' dir='ltr'><strong>Nam</strong></span> <span class='ocrx_word' id='word_1_463' title='bbox 1339 5299 1383 5352; x_wconf 93' lang='lat' dir='ltr'><strong>si</strong></span> <span class='ocrx_word' id='word_1_464' title='bbox 1427 5297 1666 5367; x_wconf 85' lang='lat' dir='ltr'><strong>perime-</strong></span> 
     </span>
    </p>
   </div>
   <div class='ocr_carea' id='block_1_58' title="bbox 40 5388 1668 5467">
    <p class='ocr_par' dir='ltr' id='par_1_58' title="bbox 40 5388 1668 5467">
     <span class='ocr_line' id='line_1_58' title="bbox 40 5388 1668 5467; baseline -0.017 0"><span class='ocrx_word' id='word_1_465' title='bbox 40 5388 193 5466; x_wconf 22' lang='lat' dir='ltr'><strong>retur</strong></span> <span class='ocrx_word' id='word_1_466' title='bbox 231 5404 495 5467; x_wconf 77' lang='lat' dir='ltr'><strong>malitia,</strong></span> <span class='ocrx_word' id='word_1_467' title='bbox 528 5418 633 5456; x_wconf 92' lang='lat' dir='ltr'><strong>non</strong></span> <span class='ocrx_word' id='word_1_468' title='bbox 671 5407 821 5454; x_wconf 91' lang='lat' dir='ltr'><strong>esset</strong></span> <span class='ocrx_word' id='word_1_469' title='bbox 865 5396 1052 5466; x_wconf 86' lang='lat' dir='ltr'><strong>utique</strong></span> <span class='ocrx_word' id='word_1_470' title='bbox 1086 5394 1175 5463; x_wconf 91' lang='lat' dir='ltr'><strong>qui</strong></span> <span class='ocrx_word' id='word_1_471' title='bbox 1219 5390 1518 5445; x_wconf 90' lang='lat' dir='ltr'><strong>contrairet</strong></span> <span class='ocrx_word' id='word_1_472' title='bbox 1560 5388 1668 5440; x_wconf 90' lang='lat' dir='ltr'><strong>vir-</strong></span> 
     </span>
    </p>
   </div>
   <div class='ocr_carea' id='block_1_59' title="bbox 1184 5527 1643 5593">
    <p class='ocr_par' dir='ltr' id='par_1_59' title="bbox 1184 5527 1643 5593">
     <span class='ocr_line' id='line_1_59' title="bbox 1184 5527 1643 5593; baseline -0.017 -5"><span class='ocrx_word' id='word_1_473' title='bbox 1184 5533 1225 5563; x_wconf 63' lang='lat'>‘7</span> <span class='ocrx_word' id='word_1_474' title='bbox 1269 5534 1423 5586; x_wconf 92' lang='lat' dir='ltr'><strong>Deut.</strong></span> <span class='ocrx_word' id='word_1_475' title='bbox 1469 5544 1553 5593; x_wconf 81' lang='lat' dir='ltr'><strong>Vl,</strong></span> <span class='ocrx_word' id='word_1_476' title='bbox 1587 5527 1643 5581; x_wconf 77' lang='grc'><strong>4.</strong></span> 
     </span>
    </p>
   </div>
   <div class='ocr_carea' id='block_1_60' title="bbox 1697 1765 1737 1819">
    <p class='ocr_par' dir='ltr' id='par_1_60' title="bbox 1697 1765 1737 1819">
     <span class='ocr_line' id='line_1_60' title="bbox 1697 1765 1737 1819; baseline 0 0"><span class='ocrx_word' id='word_1_477' title='bbox 1697 1765 1737 1819; x_wconf 84' lang='grc' dir='ltr'><strong>Β</strong></span> 
     </span>
    </p>
   </div>
   <div class='ocr_carea' id='block_1_61' title="bbox 89 5536 1105 5615">
    <p class='ocr_par' dir='ltr' id='par_1_61' title="bbox 89 5536 1105 5615">
     <span class='ocr_line' id='line_1_61' title="bbox 89 5536 1105 5615; baseline -0.023 -3"><span class='ocrx_word' id='word_1_478' title='bbox 89 5557 149 5591; x_wconf 71' lang='grc' dir='ltr'><strong>δ’</strong></span> <span class='ocrx_word' id='word_1_479' title='bbox 193 5555 401 5610; x_wconf 82' lang='lat' dir='ltr'><strong>Prov.</strong></span> <span class='ocrx_word' id='word_1_480' title='bbox 440 5566 492 5615; x_wconf 85' lang='grc' dir='ltr'><strong>ι,</strong></span> <span class='ocrx_word' id='word_1_481' title='bbox 535 5547 587 5603; x_wconf 86' lang='grc'><strong>5.</strong></span> <span class='ocrx_word' id='word_1_482' title='bbox 663 5545 707 5576; x_wconf 67' lang='grc'><strong>⁵⁸</strong></span> <span class='ocrx_word' id='word_1_483' title='bbox 746 5542 905 5598; x_wconf 83' lang='lat' dir='ltr'><strong>Prov.</strong></span> <span class='ocrx_word' id='word_1_484' title='bbox 940 5554 1017 5603; x_wconf 73' lang='grc' dir='ltr'><strong>ιτς,</strong></span> <span class='ocrx_word' id='word_1_485' title='bbox 1052 5536 1105 5592; x_wconf 91' lang='lat'><strong>9.</strong></span> 
     </span>
    </p>
   </div>
   <div class='ocr_carea' id='block_1_62' title="bbox 88 5668 1661 5773">
    <p class='ocr_par' dir='ltr' id='par_1_62' title="bbox 88 5668 1661 5773">
     <span class='ocr_line' id='line_1_62' title="bbox 88 5668 1661 5773; baseline -0.007 10"><span class='ocrx_word' id='word_1_486' title='bbox 88 5699 230 5773; x_wconf 64' lang='grc' dir='ltr'><strong>(δε)</strong></span> <span class='ocrx_word' id='word_1_487' title='bbox 286 5692 423 5773; x_wconf 53' lang='lat' dir='ltr'><strong>Nec</strong></span> <span class='ocrx_word' id='word_1_488' title='bbox 810 5683 933 5773; x_wconf 62' lang='lat' dir='ltr'><strong>Pr?</strong></span> <span class='ocrx_word' id='word_1_489' title='bbox 985 5668 1661 5773; x_wconf 56' lang='lat' dir='ltr'><strong>I‘.‘i-i‘.‘,-.°1’.‘“ff..5:33,???</strong></span> 
     </span>
    </p>
   </div>
   <div class='ocr_carea' id='block_1_63' title="bbox 40 5736 1658 5834">
    <p class='ocr_par' dir='ltr' id='par_1_63' title="bbox 40 5736 1658 5834">
     <span class='ocr_line' id='line_1_63' title="bbox 40 5736 1658 5834; baseline -0.023 -4"><span class='ocrx_word' id='word_1_490' title='bbox 458 5736 651 5834; x_wconf 48' lang='lat' dir='ltr'><strong>legitur</strong></span> <span class='ocrx_word' id='word_1_491' title='bbox 679 5736 1032 5826; x_wconf 34' lang='lat' dir='ltr'><strong>ivi—claroset</strong></span> <span class='ocrx_word' id='word_1_492' title='bbox 1062 5749 1324 5822; x_wconf 87' lang='lat' dir='ltr'><strong>probatos</strong></span> <span class='ocrx_word' id='word_1_493' title='bbox 1354 5758 1462 5801; x_wconf 92' lang='lat' dir='ltr'><strong>non</strong></span> <span class='ocrx_word' id='word_1_494' title='bbox 1497 5736 1658 5798; x_wconf 79' lang='lat' dir='ltr'><strong>eﬂicit</strong></span> 
     </span>
    </p>
   </div>
   <div class='ocr_carea' id='block_1_64' title="bbox 1720 5516 2341 5585">
    <p class='ocr_par' dir='ltr' id='par_1_64' title="bbox 1720 5516 2341 5585">
     <span class='ocr_line' id='line_1_64' title="bbox 1720 5516 2341 5585; baseline -0.013 -7"><span class='ocrx_word' id='word_1_495' title='bbox 1720 5525 1764 5558; x_wconf 70' lang='grc'><strong>⁸⁸</strong></span> <span class='ocrx_word' id='word_1_496' title='bbox 1806 5523 1983 5579; x_wconf 85' lang='lat' dir='ltr'><strong>lCor.</strong></span> <span class='ocrx_word' id='word_1_497' title='bbox 2028 5536 2153 5585; x_wconf 86' lang='lat' dir='ltr'><strong>vm,</strong></span> <span class='ocrx_word' id='word_1_498' title='bbox 2192 5519 2245 5582; x_wconf 83' lang='lat'><strong>5,</strong></span> <span class='ocrx_word' id='word_1_499' title='bbox 2288 5516 2341 5571; x_wconf 81' lang='grc'><strong>6.</strong></span> 
     </span>
    </p>
   </div>
   <div class='ocr_carea' id='block_1_65' title="bbox 1766 494 3333 574">
    <p class='ocr_par' dir='ltr' id='par_1_65' title="bbox 1766 494 3333 574">
     <span class='ocr_line' id='line_1_65' title="bbox 1766 494 3333 574; baseline 0.004 -16"><span class='ocrx_word' id='word_1_500' title='bbox 1766 505 1928 568; x_wconf 87' lang='lat' dir='ltr'><strong>rium,</strong></span> <span class='ocrx_word' id='word_1_501' title='bbox 1976 520 2081 558; x_wconf 91' lang='lat' dir='ltr'><strong>non</strong></span> <span class='ocrx_word' id='word_1_502' title='bbox 2129 494 2484 568; x_wconf 89' lang='lat' dir='ltr'><strong>claresceret,</strong></span> <span class='ocrx_word' id='word_1_503' title='bbox 2527 520 2626 559; x_wconf 87' lang='lat' dir='ltr'><strong>nec</strong></span> <span class='ocrx_word' id='word_1_504' title='bbox 2660 506 2992 574; x_wconf 84' lang='lat' dir='ltr'><strong>splendidior</strong></span> <span class='ocrx_word' id='word_1_505' title='bbox 3023 516 3075 562; x_wconf 90' lang='lat' dir='ltr'><strong>et</strong></span> <span class='ocrx_word' id='word_1_506' title='bbox 3122 509 3333 563; x_wconf 82' lang='lat' dir='ltr'><strong>exami-</strong></span> 
     </span>
    </p>
   </div>
   <div class='ocr_carea' id='block_1_66' title="bbox 1768 595 3335 665">
    <p class='ocr_par' dir='ltr' id='par_1_66' title="bbox 1768 595 3335 665">
     <span class='ocr_line' id='line_1_66' title="bbox 1768 595 3335 665; baseline 0.006 -18"><span class='ocrx_word' id='word_1_507' title='bbox 1768 597 1942 649; x_wconf 88' lang='lat' dir='ltr'><strong>natior</strong></span> <span class='ocrx_word' id='word_1_508' title='bbox 1971 596 2145 650; x_wconf 88' lang='lat' dir='ltr'><strong>fieret.</strong></span> <span class='ocrx_word' id='word_1_509' title='bbox 2177 595 2292 650; x_wconf 83' lang='lat' dir='ltr'><strong>Non</strong></span> <span class='ocrx_word' id='word_1_510' title='bbox 2330 598 2555 665; x_wconf 86' lang='lat' dir='ltr'><strong>probata</strong></span> <span class='ocrx_word' id='word_1_511' title='bbox 2585 614 2709 652; x_wconf 87' lang='lat' dir='ltr'><strong>vero</strong></span> <span class='ocrx_word' id='word_1_512' title='bbox 2740 613 2840 653; x_wconf 88' lang='lat' dir='ltr'><strong>nec</strong></span> <span class='ocrx_word' id='word_1_513' title='bbox 2881 601 3187 655; x_wconf 80' lang='lat' dir='ltr'><strong>examinata</strong></span> <span class='ocrx_word' id='word_1_514' title='bbox 3223 603 3335 657; x_wconf 86' lang='lat' dir='ltr'><strong>vir-</strong></span> 
     </span>
    </p>
   </div>
   <div class='ocr_carea' id='block_1_67' title="bbox 1769 688 3333 758">
    <p class='ocr_par' dir='ltr' id='par_1_67' title="bbox 1769 688 3333 758">
     <span class='ocr_line' id='line_1_67' title="bbox 1769 688 3333 758; baseline 0.004 -18"><span class='ocrx_word' id='word_1_515' title='bbox 1769 696 1875 751; x_wconf 88' lang='lat' dir='ltr'><strong>tus,</strong></span> <span class='ocrx_word' id='word_1_516' title='bbox 1908 702 2007 742; x_wconf 90' lang='lat' dir='ltr'><strong>nec</strong></span> <span class='ocrx_word' id='word_1_517' title='bbox 2034 688 2203 742; x_wconf 90' lang='lat' dir='ltr'><strong>virtus</strong></span> <span class='ocrx_word' id='word_1_518' title='bbox 2235 700 2316 744; x_wconf 87' lang='lat' dir='ltr'><strong>est</strong></span> <span class='ocrx_word' id='word_1_519' title='bbox 2355 689 2489 758; x_wconf 65' lang='lat'><strong>(5&#39;2).</strong></span> <span class='ocrx_word' id='word_1_520' title='bbox 2540 690 2646 742; x_wconf 90' lang='lat' dir='ltr'><strong>Sed</strong></span> <span class='ocrx_word' id='word_1_521' title='bbox 2680 691 2795 744; x_wconf 64' lang='lat' dir='ltr'><strong>haec</strong></span> <span class='ocrx_word' id='word_1_522' title='bbox 2838 692 2881 745; x_wconf 88' lang='lat' dir='ltr'><strong>si</strong></span> <span class='ocrx_word' id='word_1_523' title='bbox 2932 693 3182 746; x_wconf 76' lang='lat' dir='ltr'><strong>dicantur</strong></span> <span class='ocrx_word' id='word_1_524' title='bbox 3215 695 3333 748; x_wconf 87' lang='lat' dir='ltr'><strong>sine</strong></span> 
     </span>
    </p>
   </div>
   <div class='ocr_carea' id='block_1_68' title="bbox 1768 778 3335 854">
    <p class='ocr_par' dir='ltr' id='par_1_68' title="bbox 1768 778 3335 854">
     <span class='ocr_line' id='line_1_68' title="bbox 1768 778 3335 854; baseline 0.004 -22"><span class='ocrx_word' id='word_1_525' title='bbox 1768 778 2073 832; x_wconf 88' lang='lat' dir='ltr'><strong>divinorum</strong></span> <span class='ocrx_word' id='word_1_526' title='bbox 2108 780 2401 835; x_wconf 89' lang='lat' dir='ltr'><strong>verborum</strong></span> <span class='ocrx_word' id='word_1_527' title='bbox 2447 781 2799 846; x_wconf 87' lang='lat' dir='ltr'><strong>testimoniis,</strong></span> <span class='ocrx_word' id='word_1_528' title='bbox 2841 783 3112 853; x_wconf 78' lang='lat' dir='ltr'><strong>exquisita</strong></span> <span class='ocrx_word' id='word_1_529' title='bbox 3163 786 3335 854; x_wconf 78' lang='lat' dir='ltr'><strong>magis</strong></span> 
     </span>
    </p>
   </div>
   <div class='ocr_carea' id='block_1_69' title="bbox 1766 870 3335 945">
    <p class='ocr_par' dir='ltr' id='par_1_69' title="bbox 1766 870 3335 945">
     <span class='ocr_line' id='line_1_69' title="bbox 1766 870 3335 945; baseline 0.006 -23"><span class='ocrx_word' id='word_1_530' title='bbox 1766 881 1821 923; x_wconf 87' lang='lat' dir='ltr'><strong>et</strong></span> <span class='ocrx_word' id='word_1_531' title='bbox 1859 870 2092 925; x_wconf 85' lang='lat' dir='ltr'><strong>humana</strong></span> <span class='ocrx_word' id='word_1_532' title='bbox 2140 883 2255 926; x_wconf 86' lang='lat' dir='ltr'><strong>arte</strong></span> <span class='ocrx_word' id='word_1_533' title='bbox 2295 874 2595 941; x_wconf 88' lang='lat' dir='ltr'><strong>composita</strong></span> <span class='ocrx_word' id='word_1_534' title='bbox 2620 914 2633 937; x_wconf 92' lang='lat'><strong>,</strong></span> <span class='ocrx_word' id='word_1_535' title='bbox 2671 890 2829 942; x_wconf 84' lang='lat' dir='ltr'><strong>quam</strong></span> <span class='ocrx_word' id='word_1_536' title='bbox 2876 892 2999 930; x_wconf 85' lang='lat' dir='ltr'><strong>vera</strong></span> <span class='ocrx_word' id='word_1_537' title='bbox 3050 888 3211 945; x_wconf 85' lang='lat' dir='ltr'><strong>atque</strong></span> <span class='ocrx_word' id='word_1_538' title='bbox 3252 878 3335 930; x_wconf 84' lang='lat' dir='ltr'><strong>in-</strong></span> 
     </span>
    </p>
   </div>
   <div class='ocr_carea' id='block_1_70' title="bbox 1770 962 3337 1036">
    <p class='ocr_par' dir='ltr' id='par_1_70' title="bbox 1770 962 3337 1036">
     <span class='ocr_line' id='line_1_70' title="bbox 1770 962 3337 1036; baseline 0.005 -22"><span class='ocrx_word' id='word_1_539' title='bbox 1770 962 2013 1015; x_wconf 91' lang='lat' dir='ltr'><strong>dubitata</strong></span> <span class='ocrx_word' id='word_1_540' title='bbox 2066 964 2415 1018; x_wconf 88' lang='lat' dir='ltr'><strong>videbuntur.</strong></span> <span class='ocrx_word' id='word_1_541' title='bbox 2462 965 2826 1034; x_wconf 80' lang='lat' dir='ltr'><strong>Requiramus</strong></span> <span class='ocrx_word' id='word_1_542' title='bbox 2895 984 3022 1036; x_wconf 64' lang='lat' dir='ltr'><strong>ergo</strong></span> <span class='ocrx_word' id='word_1_543' title='bbox 3061 972 3103 1021; x_wconf 82' lang='lat' dir='ltr'><strong>si</strong></span> <span class='ocrx_word' id='word_1_544' title='bbox 3148 968 3337 1036; x_wconf 80' lang='lat' dir='ltr'><strong>hujus-</strong></span> 
     </span>
    </p>
   </div>
   <div class='ocr_carea' id='block_1_71' title="bbox 1770 1054 3334 1139">
    <p class='ocr_par' dir='ltr' id='par_1_71' title="bbox 1770 1054 3334 1139">
     <span class='ocr_line' id='line_1_71' title="bbox 1770 1054 3334 1139; baseline 0.004 -32"><span class='ocrx_word' id='word_1_545' title='bbox 1770 1054 1913 1107; x_wconf 81' lang='lat' dir='ltr'><strong>modi</strong></span> <span class='ocrx_word' id='word_1_546' title='bbox 1949 1070 2183 1139; x_wconf 83' lang='lat' dir='ltr'><strong>sensum</strong></span> <span class='ocrx_word' id='word_1_547' title='bbox 2225 1055 2711 1117; x_wconf 10' lang='lat' dir='ltr'><strong>etiamrvolumina</strong></span> <span class='ocrx_word' id='word_1_548' title='bbox 2765 1060 2945 1111; x_wconf 89' lang='lat' dir='ltr'><strong>divina</strong></span> <span class='ocrx_word' id='word_1_549' title='bbox 2999 1064 3334 1113; x_wconf 76' lang='lat' dir='ltr'><strong>contineant.</strong></span> 
     </span>
    </p>
   </div>
   <div class='ocr_carea' id='block_1_72' title="bbox 1772 1147 3335 1219">
    <p class='ocr_par' dir='ltr' id='par_1_72' title="bbox 1772 1147 3335 1219">
     <span class='ocr_line' id='line_1_72' title="bbox 1772 1147 3335 1219; baseline 0.004 -19"><span class='ocrx_word' id='word_1_550' title='bbox 1772 1147 2065 1202; x_wconf 81' lang='lat' dir='ltr'><strong>Veniamus</strong></span> <span class='ocrx_word' id='word_1_551' title='bbox 2117 1150 2183 1201; x_wconf 86' lang='lat' dir='ltr'><strong>ad</strong></span> <span class='ocrx_word' id='word_1_552' title='bbox 2231 1147 2524 1219; x_wconf 69' lang='lat' dir='ltr'><strong>Joseph&quot;.</strong></span> <span class='ocrx_word' id='word_1_553' title='bbox 2578 1149 2729 1205; x_wconf 90' lang='lat' dir='ltr'><strong>Tolle</strong></span> <span class='ocrx_word' id='word_1_554' title='bbox 2792 1152 3048 1205; x_wconf 82' lang='lat' dir='ltr'><strong>malitiam</strong></span> <span class='ocrx_word' id='word_1_555' title='bbox 3108 1156 3335 1206; x_wconf 79' lang='lat' dir='ltr'><strong>fratrum</strong></span> 
     </span>
    </p>
   </div>
   <div class='ocr_carea' id='block_1_73' title="bbox 1770 1238 3338 1311">
    <p class='ocr_par' dir='ltr' id='par_1_73' title="bbox 1770 1238 3338 1311">
     <span class='ocr_line' id='line_1_73' title="bbox 1770 1238 3338 1311; baseline 0.005 -21"><span class='ocrx_word' id='word_1_556' title='bbox 1770 1238 1905 1305; x_wconf 84' lang='lat' dir='ltr'><strong>ejus,</strong></span> <span class='ocrx_word' id='word_1_557' title='bbox 1940 1239 2064 1293; x_wconf 91' lang='lat' dir='ltr'><strong>tolle</strong></span> <span class='ocrx_word' id='word_1_558' title='bbox 2116 1240 2411 1305; x_wconf 86' lang='lat' dir='ltr'><strong>invidiam,</strong></span> <span class='ocrx_word' id='word_1_559' title='bbox 2466 1241 2592 1295; x_wconf 90' lang='lat' dir='ltr'><strong>tolle</strong></span> <span class='ocrx_word' id='word_1_560' title='bbox 2639 1241 2770 1295; x_wconf 91' lang='lat' dir='ltr'><strong>illud</strong></span> <span class='ocrx_word' id='word_1_561' title='bbox 2814 1257 2971 1296; x_wconf 89' lang='lat' dir='ltr'><strong>omne</strong></span> <span class='ocrx_word' id='word_1_562' title='bbox 3016 1246 3338 1311; x_wconf 86' lang='lat' dir='ltr'><strong>parricidale</strong></span> 
     </span>
    </p>
   </div>
   <div class='ocr_carea' id='block_1_74' title="bbox 1769 1328 3339 1403">
    <p class='ocr_par' dir='ltr' id='par_1_74' title="bbox 1769 1328 3339 1403">
     <span class='ocr_line' id='line_1_74' title="bbox 1769 1328 3339 1403; baseline 0.004 -21"><span class='ocrx_word' id='word_1_563' title='bbox 1769 1336 2131 1382; x_wconf 86' lang='lat' dir='ltr'><strong>commentum</strong></span> <span class='ocrx_word' id='word_1_564' title='bbox 2169 1328 2281 1398; x_wconf 74' lang='lat'><strong>(53}</strong></span> <span class='ocrx_word' id='word_1_565' title='bbox 2315 1344 2422 1397; x_wconf 80' lang='lat' dir='ltr'><strong>quo</strong></span> <span class='ocrx_word' id='word_1_566' title='bbox 2453 1332 2747 1385; x_wconf 70' lang='lat' dir='ltr'><strong>smvierunt</strong></span> <span class='ocrx_word' id='word_1_567' title='bbox 2777 1330 2829 1385; x_wconf 86' lang='lat' dir='ltr'><strong>in</strong></span> <span class='ocrx_word' id='word_1_568' title='bbox 2871 1328 3094 1387; x_wconf 87' lang='lat' dir='ltr'><strong>fratrem</strong></span> <span class='ocrx_word' id='word_1_569' title='bbox 3138 1349 3339 1403; x_wconf 83' lang='lat' dir='ltr'><strong>usque-</strong></span> 
     </span>
    </p>
   </div>
   <div class='ocr_carea' id='block_1_75' title="bbox 1770 1422 3338 1499">
    <p class='ocr_par' dir='ltr' id='par_1_75' title="bbox 1770 1422 3338 1499">
     <span class='ocr_line' id='line_1_75' title="bbox 1770 1422 3338 1499; baseline 0.007 -27"><span class='ocrx_word' id='word_1_570' title='bbox 1770 1435 1879 1488; x_wconf 88' lang='lat' dir='ltr'><strong>quo</strong></span> <span class='ocrx_word' id='word_1_571' title='bbox 1926 1422 2218 1475; x_wconf 85' lang='lat' dir='ltr'><strong>venderent</strong></span> <span class='ocrx_word' id='word_1_572' title='bbox 2262 1438 2407 1478; x_wconf 92' lang='lat' dir='ltr'><strong>cum.</strong></span> <span class='ocrx_word' id='word_1_573' title='bbox 2457 1424 2515 1479; x_wconf 91' lang='lat' dir='ltr'><strong>Si</strong></span> <span class='ocrx_word' id='word_1_574' title='bbox 2563 1427 2675 1481; x_wconf 67' lang='lat' dir='ltr'><strong>inec</strong></span> <span class='ocrx_word' id='word_1_575' title='bbox 2721 1427 2961 1494; x_wconf 82' lang='lat' dir='ltr'><strong>auferas,</strong></span> <span class='ocrx_word' id='word_1_576' title='bbox 3006 1430 3128 1482; x_wconf 88' lang='lat' dir='ltr'><strong>vide</strong></span> <span class='ocrx_word' id='word_1_577' title='bbox 3167 1445 3338 1499; x_wconf 88' lang='lat' dir='ltr'><strong>quan-</strong></span> 
     </span>
    </p>
   </div>
   <div class='ocr_carea' id='block_1_76' title="bbox 1771 1517 3339 1589">
    <p class='ocr_par' dir='ltr' id='par_1_76' title="bbox 1771 1517 3339 1589">
     <span class='ocr_line' id='line_1_76' title="bbox 1771 1517 3339 1589; baseline 0.005 -20"><span class='ocrx_word' id='word_1_578' title='bbox 1771 1526 1877 1569; x_wconf 87' lang='lat' dir='ltr'><strong>tam</strong></span> <span class='ocrx_word' id='word_1_579' title='bbox 1924 1517 2083 1570; x_wconf 92' lang='lat' dir='ltr'><strong>simul</strong></span> <span class='ocrx_word' id='word_1_580' title='bbox 2140 1522 2435 1587; x_wconf 91' lang='lat' dir='ltr'><strong>peremeris</strong></span> <span class='ocrx_word' id='word_1_581' title='bbox 2490 1521 2942 1589; x_wconf 88' lang='lat' dir='ltr'><strong>dispensationem</strong></span> <span class='ocrx_word' id='word_1_582' title='bbox 2996 1522 3110 1576; x_wconf 85' lang='lat' dir='ltr'><strong>Dei.</strong></span> <span class='ocrx_word' id='word_1_583' title='bbox 3168 1525 3339 1577; x_wconf 84' lang='lat' dir='ltr'><strong>Simul</strong></span> 
     </span>
    </p>
   </div>
   <div class='ocr_carea' id='block_1_77' title="bbox 1768 1607 3339 1684">
    <p class='ocr_par' dir='ltr' id='par_1_77' title="bbox 1768 1607 3339 1684">
     <span class='ocr_line' id='line_1_77' title="bbox 1768 1607 3339 1684; baseline 0.004 -23"><span class='ocrx_word' id='word_1_584' title='bbox 1768 1607 1913 1661; x_wconf 85' lang='lat' dir='ltr'><strong>enim</strong></span> <span class='ocrx_word' id='word_1_585' title='bbox 1962 1609 2252 1665; x_wconf 87' lang='lat' dir='ltr'><strong>abscindes</strong></span> <span class='ocrx_word' id='word_1_586' title='bbox 2294 1621 2490 1666; x_wconf 89' lang='lat' dir='ltr'><strong>cuncta</strong></span> <span class='ocrx_word' id='word_1_587' title='bbox 2541 1612 2660 1677; x_wconf 90' lang='lat' dir='ltr'><strong>illa,</strong></span> <span class='ocrx_word' id='word_1_588' title='bbox 2702 1628 2822 1682; x_wconf 68' lang='lat' dir='ltr'><strong>qua:</strong></span> <span class='ocrx_word' id='word_1_589' title='bbox 2864 1615 3005 1683; x_wconf 89' lang='lat' dir='ltr'><strong>apud</strong></span> <span class='ocrx_word' id='word_1_590' title='bbox 3048 1614 3339 1684; x_wconf 55' lang='lat' dir='ltr'><strong>{Egyptum</strong></span> 
     </span>
    </p>
   </div>
   <div class='ocr_carea' id='block_1_78' title="bbox 1770 1698 3339 1775">
    <p class='ocr_par' dir='ltr' id='par_1_78' title="bbox 1770 1698 3339 1775">
     <span class='ocr_line' id='line_1_78' title="bbox 1770 1698 3339 1775; baseline 0.007 -26"><span class='ocrx_word' id='word_1_591' title='bbox 1770 1712 1864 1765; x_wconf 90' lang='lat' dir='ltr'><strong>per</strong></span> <span class='ocrx_word' id='word_1_592' title='bbox 1907 1698 2103 1769; x_wconf 85' lang='lat' dir='ltr'><strong>Joseph</strong></span> <span class='ocrx_word' id='word_1_593' title='bbox 2138 1717 2235 1769; x_wconf 90' lang='lat' dir='ltr'><strong>pro</strong></span> <span class='ocrx_word' id='word_1_594' title='bbox 2281 1702 2458 1756; x_wconf 90' lang='lat' dir='ltr'><strong>salute</strong></span> <span class='ocrx_word' id='word_1_595' title='bbox 2501 1706 2741 1759; x_wconf 86' lang='lat' dir='ltr'><strong>omnium</strong></span> <span class='ocrx_word' id='word_1_596' title='bbox 2784 1703 2938 1775; x_wconf 78' lang='lat' dir='ltr'><strong>gesta</strong></span> <span class='ocrx_word' id='word_1_597' title='bbox 2973 1706 3188 1762; x_wconf 78' lang='lat' dir='ltr'><strong>sunt”.</strong></span> <span class='ocrx_word' id='word_1_598' title='bbox 3222 1706 3339 1761; x_wconf 84' lang='lat' dir='ltr'><strong>Non</strong></span> 
     </span>
    </p>
   </div>
   <div class='ocr_carea' id='block_1_79' title="bbox 1768 1790 3341 1868">
    <p class='ocr_par' dir='ltr' id='par_1_79' title="bbox 1768 1790 3341 1868">
     <span class='ocr_line' id='line_1_79' title="bbox 1768 1790 3341 1868; baseline 0.005 -24"><span class='ocrx_word' id='word_1_599' title='bbox 1768 1790 1963 1846; x_wconf 81' lang='lat' dir='ltr'><strong>fuisset</strong></span> <span class='ocrx_word' id='word_1_600' title='bbox 1996 1793 2374 1862; x_wconf 82' lang='lat' dir='ltr'><strong>interpretatio</strong></span> <span class='ocrx_word' id='word_1_601' title='bbox 2408 1797 2603 1850; x_wconf 88' lang='lat' dir='ltr'><strong>somnii</strong></span> <span class='ocrx_word' id='word_1_602' title='bbox 2637 1797 2960 1862; x_wconf 84' lang='lat' dir='ltr'><strong>Pharaonis,</strong></span> <span class='ocrx_word' id='word_1_603' title='bbox 2996 1799 3040 1851; x_wconf 90' lang='lat' dir='ltr'><strong>si</strong></span> <span class='ocrx_word' id='word_1_604' title='bbox 3080 1814 3174 1868; x_wconf 90' lang='lat' dir='ltr'><strong>per</strong></span> <span class='ocrx_word' id='word_1_605' title='bbox 3201 1799 3341 1853; x_wconf 88' lang='lat' dir='ltr'><strong>invi-</strong></span> 
     </span>
    </p>
   </div>
   <div class='ocr_carea' id='block_1_80' title="bbox 1769 1882 3341 1957">
    <p class='ocr_par' dir='ltr' id='par_1_80' title="bbox 1769 1882 3341 1957">
     <span class='ocr_line' id='line_1_80' title="bbox 1769 1882 3341 1957; baseline 0.007 -23"><span class='ocrx_word' id='word_1_606' title='bbox 1769 1882 1912 1935; x_wconf 87' lang='lat' dir='ltr'><strong>diam</strong></span> <span class='ocrx_word' id='word_1_607' title='bbox 1961 1884 2190 1938; x_wconf 81' lang='lat' dir='ltr'><strong>fratrum</strong></span> <span class='ocrx_word' id='word_1_608' title='bbox 2248 1900 2354 1938; x_wconf 92' lang='lat' dir='ltr'><strong>non</strong></span> <span class='ocrx_word' id='word_1_609' title='bbox 2412 1886 2611 1942; x_wconf 89' lang='lat' dir='ltr'><strong>fuisset</strong></span> <span class='ocrx_word' id='word_1_610' title='bbox 2670 1887 2867 1957; x_wconf 82' lang='lat' dir='ltr'><strong>Joseplt</strong></span> <span class='ocrx_word' id='word_1_611' title='bbox 2919 1890 3245 1955; x_wconf 89' lang='lat' dir='ltr'><strong>distractus,</strong></span> <span class='ocrx_word' id='word_1_612' title='bbox 3286 1900 3341 1945; x_wconf 90' lang='lat' dir='ltr'><strong>el.</strong></span> 
     </span>
    </p>
   </div>
   <div class='ocr_carea' id='block_1_81' title="bbox 1770 1973 3343 2054">
    <p class='ocr_par' dir='ltr' id='par_1_81' title="bbox 1770 1973 3343 2054">
     <span class='ocr_line' id='line_1_81' title="bbox 1770 1973 3343 2054; baseline 0.01 -30"><span class='ocrx_word' id='word_1_613' title='bbox 1770 1974 2007 2027; x_wconf 90' lang='lat' dir='ltr'><strong>venisset</strong></span> <span class='ocrx_word' id='word_1_614' title='bbox 2038 1975 2087 2027; x_wconf 91' lang='lat' dir='ltr'><strong>in</strong></span> <span class='ocrx_word' id='word_1_615' title='bbox 2113 1973 2447 2046; x_wconf 62' lang='lat' dir='ltr'><strong>JEgypmm:</strong></span> <span class='ocrx_word' id='word_1_616' title='bbox 2478 1995 2638 2036; x_wconf 91' lang='lat' dir='ltr'><strong>nemo</strong></span> <span class='ocrx_word' id='word_1_617' title='bbox 2672 1980 3033 2038; x_wconf 77' lang='lat' dir='ltr'><strong>intellexisset</strong></span> <span class='ocrx_word' id='word_1_618' title='bbox 3056 2000 3174 2054; x_wconf 71' lang='lat' dir='ltr'><strong>quae</strong></span> <span class='ocrx_word' id='word_1_619' title='bbox 3198 1986 3343 2040; x_wconf 90' lang='lat' dir='ltr'><strong>Deus</strong></span> 
     </span>
    </p>
   </div>
   <div class='ocr_carea' id='block_1_82' title="bbox 1768 2066 3340 2145">
    <p class='ocr_par' dir='ltr' id='par_1_82' title="bbox 1768 2066 3340 2145">
     <span class='ocr_line' id='line_1_82' title="bbox 1768 2066 3340 2145; baseline 0.01 -30"><span class='ocrx_word' id='word_1_620' title='bbox 1768 2066 2100 2119; x_wconf 87' lang='lat' dir='ltr'><strong>revelaverat</strong></span> <span class='ocrx_word' id='word_1_621' title='bbox 2132 2068 2276 2137; x_wconf 81' lang='lat' dir='ltr'><strong>regi,</strong></span> <span class='ocrx_word' id='word_1_622' title='bbox 2325 2085 2486 2125; x_wconf 89' lang='lat' dir='ltr'><strong>nemo</strong></span> <span class='ocrx_word' id='word_1_623' title='bbox 2534 2072 2804 2127; x_wconf 88' lang='lat' dir='ltr'><strong>frumenta</strong></span> <span class='ocrx_word' id='word_1_624' title='bbox 2853 2088 3236 2145; x_wconf 82' lang='lat' dir='ltr'><strong>congregasset</strong></span> <span class='ocrx_word' id='word_1_625' title='bbox 3287 2078 3340 2131; x_wconf 88' lang='lat' dir='ltr'><strong>itt</strong></span> 
     </span>
    </p>
   </div>
   <div class='ocr_carea' id='block_1_83' title="bbox 1767 2156 3344 2238">
    <p class='ocr_par' dir='ltr' id='par_1_83' title="bbox 1767 2156 3344 2238">
     <span class='ocr_line' id='line_1_83' title="bbox 1767 2156 3344 2238; baseline 0.009 -29"><span class='ocrx_word' id='word_1_626' title='bbox 1767 2156 2023 2227; x_wconf 65' lang='lat' dir='ltr'><strong>Egypto,</strong></span> <span class='ocrx_word' id='word_1_627' title='bbox 2065 2174 2224 2212; x_wconf 87' lang='lat' dir='ltr'><strong>nemo</strong></span> <span class='ocrx_word' id='word_1_628' title='bbox 2256 2163 2637 2217; x_wconf 88' lang='lat' dir='ltr'><strong>necessitatem</strong></span> <span class='ocrx_word' id='word_1_629' title='bbox 2683 2165 2842 2220; x_wconf 89' lang='lat' dir='ltr'><strong>famis</strong></span> <span class='ocrx_word' id='word_1_630' title='bbox 2877 2168 3111 2237; x_wconf 89' lang='lat' dir='ltr'><strong>sapienti</strong></span> <span class='ocrx_word' id='word_1_631' title='bbox 3163 2170 3344 2238; x_wconf 82' lang='lat' dir='ltr'><strong>provi-</strong></span> 
     </span>
    </p>
   </div>
   <div class='ocr_carea' id='block_1_84' title="bbox 1766 2250 3342 2330">
    <p class='ocr_par' dir='ltr' id='par_1_84' title="bbox 1766 2250 3342 2330">
     <span class='ocr_line' id='line_1_84' title="bbox 1766 2250 3342 2330; baseline 0.01 -27"><span class='ocrx_word' id='word_1_632' title='bbox 1766 2250 1922 2304; x_wconf 88' lang='lat' dir='ltr'><strong>sione</strong></span> <span class='ocrx_word' id='word_1_633' title='bbox 1963 2261 2208 2305; x_wconf 88' lang='lat' dir='ltr'><strong>curasset</strong></span> <span class='ocrx_word' id='word_1_634' title='bbox 2245 2269 2259 2306; x_wconf 89' lang='lat'><strong>:</strong></span> <span class='ocrx_word' id='word_1_635' title='bbox 2298 2256 2551 2323; x_wconf 74' lang='lat' dir='ltr'><strong>periisset</strong></span> <span class='ocrx_word' id='word_1_636' title='bbox 2604 2257 2906 2328; x_wconf 63' lang='lat' dir='ltr'><strong>Egyptus,</strong></span> <span class='ocrx_word' id='word_1_637' title='bbox 2950 2264 3245 2330; x_wconf 86' lang='lat' dir='ltr'><strong>periissent</strong></span> <span class='ocrx_word' id='word_1_638' title='bbox 3289 2274 3342 2319; x_wconf 85' lang='lat' dir='ltr'><strong>et</strong></span> 
     </span>
    </p>
   </div>
   <div class='ocr_carea' id='block_1_85' title="bbox 1768 2342 3439 2423">
    <p class='ocr_par' dir='ltr' id='par_1_85' title="bbox 1768 2342 3439 2423">
     <span class='ocr_line' id='line_1_85' title="bbox 1768 2342 3439 2423; baseline 0.01 -29"><span class='ocrx_word' id='word_1_639' title='bbox 1768 2342 2008 2395; x_wconf 74' lang='lat' dir='ltr'><strong>ﬁnitima:</strong></span> <span class='ocrx_word' id='word_1_640' title='bbox 2055 2342 2304 2411; x_wconf 78' lang='lat' dir='ltr'><strong>regiones</strong></span> <span class='ocrx_word' id='word_1_641' title='bbox 2350 2344 2513 2401; x_wconf 88' lang='lat' dir='ltr'><strong>fame.</strong></span> <span class='ocrx_word' id='word_1_642' title='bbox 2545 2347 2852 2405; x_wconf 84' lang='lat' dir='ltr'><strong>lnteriisset</strong></span> <span class='ocrx_word' id='word_1_643' title='bbox 2898 2354 3061 2405; x_wconf 88' lang='lat' dir='ltr'><strong>etiam</strong></span> <span class='ocrx_word' id='word_1_644' title='bbox 3104 2354 3219 2423; x_wconf 91' lang='lat' dir='ltr'><strong>ipse</strong></span> <span class='ocrx_word' id='word_1_645' title='bbox 3267 2354 3344 2409; x_wconf 82' lang='lat' dir='ltr'><strong>ls-</strong></span> <span class='ocrx_word' id='word_1_646' title='bbox 3429 2408 3439 2420; x_wconf 80' lang='grc'><em>,</em></span> 
     </span>
    </p>
   </div>
   <div class='ocr_carea' id='block_1_86' title="bbox 1768 2436 3340 2518">
    <p class='ocr_par' dir='ltr' id='par_1_86' title="bbox 1768 2436 3340 2518">
     <span class='ocr_line' id='line_1_86' title="bbox 1768 2436 3340 2518; baseline 0.008 -29"><span class='ocrx_word' id='word_1_647' title='bbox 1768 2436 1901 2498; x_wconf 88' lang='lat' dir='ltr'><strong>rael,</strong></span> <span class='ocrx_word' id='word_1_648' title='bbox 1932 2445 1985 2489; x_wconf 91' lang='lat' dir='ltr'><strong>et</strong></span> <span class='ocrx_word' id='word_1_649' title='bbox 2041 2450 2226 2489; x_wconf 92' lang='lat' dir='ltr'><strong>semen</strong></span> <span class='ocrx_word' id='word_1_650' title='bbox 2266 2436 2382 2504; x_wconf 85' lang='lat' dir='ltr'><strong>ejus</strong></span> <span class='ocrx_word' id='word_1_651' title='bbox 2434 2454 2683 2509; x_wconf 73' lang='lat' dir='ltr'><strong>quazrens</strong></span> <span class='ocrx_word' id='word_1_652' title='bbox 2721 2459 2939 2511; x_wconf 89' lang='lat' dir='ltr'><strong>panem,</strong></span> <span class='ocrx_word' id='word_1_653' title='bbox 2970 2446 3015 2499; x_wconf 91' lang='lat' dir='ltr'><strong>si</strong></span> <span class='ocrx_word' id='word_1_654' title='bbox 3049 2446 3340 2518; x_wconf 61' lang='lat' dir='ltr'><strong>Egyptnm</strong></span> 
     </span>
    </p>
   </div>
   <div class='ocr_carea' id='block_1_87' title="bbox 1767 2528 3344 2602">
    <p class='ocr_par' dir='ltr' id='par_1_87' title="bbox 1767 2528 3344 2602">
     <span class='ocr_line' id='line_1_87' title="bbox 1767 2528 3344 2602; baseline 0.007 -20"><span class='ocrx_word' id='word_1_655' title='bbox 1767 2544 1871 2582; x_wconf 91' lang='lat' dir='ltr'><strong>non</strong></span> <span class='ocrx_word' id='word_1_656' title='bbox 1901 2528 2086 2582; x_wconf 88' lang='lat' dir='ltr'><strong>fuisset</strong></span> <span class='ocrx_word' id='word_1_657' title='bbox 2114 2530 2441 2598; x_wconf 78' lang='lat' dir='ltr'><strong>ingressum,</strong></span> <span class='ocrx_word' id='word_1_658' title='bbox 2471 2548 2569 2587; x_wconf 92' lang='lat' dir='ltr'><strong>nec</strong></span> <span class='ocrx_word' id='word_1_659' title='bbox 2588 2536 2793 2602; x_wconf 83' lang='lat' dir='ltr'><strong>egressi</strong></span> <span class='ocrx_word' id='word_1_660' title='bbox 2819 2535 3048 2591; x_wconf 88' lang='lat' dir='ltr'><strong>fuissent</strong></span> <span class='ocrx_word' id='word_1_661' title='bbox 3071 2553 3136 2591; x_wconf 81' lang='lat' dir='ltr'><strong>ex</strong></span> <span class='ocrx_word' id='word_1_662' title='bbox 3159 2554 3222 2592; x_wconf 90' lang='lat' dir='ltr'><strong>ea</strong></span> <span class='ocrx_word' id='word_1_663' title='bbox 3250 2540 3344 2593; x_wconf 87' lang='lat' dir='ltr'><strong>ﬁlti</strong></span> 
     </span>
    </p>
   </div>
   <div class='ocr_carea' id='block_1_88' title="bbox 1766 2619 3340 2696">
    <p class='ocr_par' dir='ltr' id='par_1_88' title="bbox 1766 2619 3340 2696">
     <span class='ocr_line' id='line_1_88' title="bbox 1766 2619 3340 2696; baseline 0.006 -25"><span class='ocrx_word' id='word_1_664' title='bbox 1766 2619 1932 2671; x_wconf 87' lang='lat' dir='ltr'><strong>lsrael</strong></span> <span class='ocrx_word' id='word_1_665' title='bbox 1970 2633 2094 2673; x_wconf 89' lang='lat' dir='ltr'><strong>cum</strong></span> <span class='ocrx_word' id='word_1_666' title='bbox 2142 2619 2479 2677; x_wconf 89' lang='lat' dir='ltr'><strong>mirabilibus</strong></span> <span class='ocrx_word' id='word_1_667' title='bbox 2515 2623 2749 2678; x_wconf 87' lang='lat' dir='ltr'><strong>Domini.</strong></span> <span class='ocrx_word' id='word_1_668' title='bbox 2780 2624 3056 2694; x_wconf 85' lang='lat' dir='ltr'><strong>Nusquam</strong></span> <span class='ocrx_word' id='word_1_669' title='bbox 3090 2626 3256 2696; x_wconf 69' lang='lat' dir='ltr'><strong>plagae</strong></span> <span class='ocrx_word' id='word_1_670' title='bbox 3288 2628 3340 2681; x_wconf 91' lang='lat' dir='ltr'><strong>in</strong></span> 
     </span>
    </p>
   </div>
   <div class='ocr_carea' id='block_1_89' title="bbox 1765 2709 3337 2787">
    <p class='ocr_par' dir='ltr' id='par_1_89' title="bbox 1765 2709 3337 2787">
     <span class='ocr_line' id='line_1_89' title="bbox 1765 2709 3337 2787; baseline 0.005 -24"><span class='ocrx_word' id='word_1_671' title='bbox 1765 2709 2071 2780; x_wconf 69' lang='lat' dir='ltr'><strong>Aigyptios,</strong></span> <span class='ocrx_word' id='word_1_672' title='bbox 2108 2725 2283 2778; x_wconf 90' lang='lat' dir='ltr'><strong>neque</strong></span> <span class='ocrx_word' id='word_1_673' title='bbox 2311 2716 2539 2767; x_wconf 91' lang='lat' dir='ltr'><strong>virtutes</strong></span> <span class='ocrx_word' id='word_1_674' title='bbox 2572 2715 2694 2782; x_wconf 64' lang='lat' dir='ltr'><strong>illaa,</strong></span> <span class='ocrx_word' id='word_1_675' title='bbox 2726 2731 2861 2785; x_wconf 91' lang='lat' dir='ltr'><strong>quas</strong></span> <span class='ocrx_word' id='word_1_676' title='bbox 2894 2717 3022 2771; x_wconf 90' lang='lat' dir='ltr'><strong>fecit</strong></span> <span class='ocrx_word' id='word_1_677' title='bbox 3066 2717 3206 2773; x_wconf 88' lang='lat' dir='ltr'><strong>Deus</strong></span> <span class='ocrx_word' id='word_1_678' title='bbox 3239 2734 3337 2787; x_wconf 90' lang='lat' dir='ltr'><strong>per</strong></span> 
     </span>
    </p>
   </div>
   <div class='ocr_carea' id='block_1_90' title="bbox 1766 2800 3345 2871">
    <p class='ocr_par' dir='ltr' id='par_1_90' title="bbox 1766 2800 3345 2871">
     <span class='ocr_line' id='line_1_90' title="bbox 1766 2800 3345 2871; baseline 0.006 -17"><span class='ocrx_word' id='word_1_679' title='bbox 1766 2800 1986 2871; x_wconf 81' lang='lat' dir='ltr'><strong>Moysen</strong></span> <span class='ocrx_word' id='word_1_680' title='bbox 2014 2810 2065 2855; x_wconf 88' lang='lat' dir='ltr'><strong>et</strong></span> <span class='ocrx_word' id='word_1_681' title='bbox 2096 2802 2302 2855; x_wconf 82' lang='lat' dir='ltr'><strong>Aaron.</strong></span> <span class='ocrx_word' id='word_1_682' title='bbox 2347 2802 2517 2859; x_wconf 83' lang='lat' dir='ltr'><strong>Nemo</strong></span> <span class='ocrx_word' id='word_1_683' title='bbox 2549 2806 2795 2860; x_wconf 75' lang='lat' dir='ltr'><strong>Rubrum</strong></span> <span class='ocrx_word' id='word_1_684' title='bbox 2853 2821 3001 2861; x_wconf 90' lang='lat' dir='ltr'><strong>mare</strong></span> <span class='ocrx_word' id='word_1_685' title='bbox 3045 2808 3205 2863; x_wconf 91' lang='lat' dir='ltr'><strong>siccis</strong></span> <span class='ocrx_word' id='word_1_686' title='bbox 3250 2823 3345 2863; x_wconf 83' lang='lat' dir='ltr'><strong>ve—</strong></span> 
     </span>
    </p>
   </div>
   <div class='ocr_carea' id='block_1_91' title="bbox 1764 2894 3343 2963">
    <p class='ocr_par' dir='ltr' id='par_1_91' title="bbox 1764 2894 3343 2963">
     <span class='ocr_line' id='line_1_91' title="bbox 1764 2894 3343 2963; baseline 0.004 -16"><span class='ocrx_word' id='word_1_687' title='bbox 1764 2895 1937 2963; x_wconf 81' lang='lat' dir='ltr'><strong>stigiis</strong></span> <span class='ocrx_word' id='word_1_688' title='bbox 2004 2894 2345 2949; x_wconf 89' lang='lat' dir='ltr'><strong>incessisset.</strong></span> <span class='ocrx_word' id='word_1_689' title='bbox 2391 2896 2585 2950; x_wconf 89' lang='lat' dir='ltr'><strong>Cibum</strong></span> <span class='ocrx_word' id='word_1_690' title='bbox 2651 2914 2864 2953; x_wconf 72' lang='lat' dir='ltr'><strong>manna:</strong></span> <span class='ocrx_word' id='word_1_691' title='bbox 2923 2900 3165 2954; x_wconf 87' lang='lat' dir='ltr'><strong>mortalis</strong></span> <span class='ocrx_word' id='word_1_692' title='bbox 3234 2900 3343 2954; x_wconf 89' lang='lat' dir='ltr'><strong>vita</strong></span> 
     </span>
    </p>
   </div>
   <div class='ocr_carea' id='block_1_92' title="bbox 1765 2984 3343 3056">
    <p class='ocr_par' dir='ltr' id='par_1_92' title="bbox 1765 2984 3343 3056">
     <span class='ocr_line' id='line_1_92' title="bbox 1765 2984 3343 3056; baseline 0.001 -15"><span class='ocrx_word' id='word_1_693' title='bbox 1765 2988 2049 3041; x_wconf 84' lang='lat' dir='ltr'><strong>nescisset.</strong></span> <span class='ocrx_word' id='word_1_694' title='bbox 2075 2984 2231 3039; x_wconf 87' lang='lat' dir='ltr'><strong>Nulla</strong></span> <span class='ocrx_word' id='word_1_695' title='bbox 2266 2988 2331 3040; x_wconf 91' lang='lat' dir='ltr'><strong>de</strong></span> <span class='ocrx_word' id='word_1_696' title='bbox 2368 2988 2612 3053; x_wconf 87' lang='lat' dir='ltr'><strong>sequenti</strong></span> <span class='ocrx_word' id='word_1_697' title='bbox 2648 2998 2799 3055; x_wconf 91' lang='lat' dir='ltr'><strong>petra</strong></span> <span class='ocrx_word' id='word_1_698' title='bbox 2828 3002 3091 3056; x_wconf 91' lang='lat' dir='ltr'><strong>aquarum</strong></span> <span class='ocrx_word' id='word_1_699' title='bbox 3140 2988 3343 3043; x_wconf 81' lang='lat' dir='ltr'><strong>ﬂuenta</strong></span> 
     </span>
    </p>
   </div>
   <div class='ocr_carea' id='block_1_93' title="bbox 1765 3077 3348 3151">
    <p class='ocr_par' dir='ltr' id='par_1_93' title="bbox 1765 3077 3348 3151">
     <span class='ocr_line' id='line_1_93' title="bbox 1765 3077 3348 3151; baseline 0 -17"><span class='ocrx_word' id='word_1_700' title='bbox 1765 3081 2164 3151; x_wconf 90' lang='lat' dir='ltr'><strong>prorupissent.</strong></span> <span class='ocrx_word' id='word_1_701' title='bbox 2206 3078 2319 3132; x_wconf 79' lang='lat' dir='ltr'><strong>Lex</strong></span> <span class='ocrx_word' id='word_1_702' title='bbox 2351 3092 2379 3131; x_wconf 89' lang='lat' dir='ltr'><strong>a</strong></span> <span class='ocrx_word' id='word_1_703' title='bbox 2416 3077 2525 3132; x_wconf 92' lang='lat' dir='ltr'><strong>Deo</strong></span> <span class='ocrx_word' id='word_1_704' title='bbox 2554 3078 2862 3134; x_wconf 90' lang='lat' dir='ltr'><strong>hominibus</strong></span> <span class='ocrx_word' id='word_1_705' title='bbox 2904 3080 3028 3133; x_wconf 90' lang='lat' dir='ltr'><strong>data</strong></span> <span class='ocrx_word' id='word_1_706' title='bbox 3064 3096 3169 3133; x_wconf 93' lang='lat' dir='ltr'><strong>non</strong></span> <span class='ocrx_word' id='word_1_707' title='bbox 3211 3080 3348 3135; x_wconf 86' lang='lat' dir='ltr'><strong>fuis-</strong></span> 
     </span>
    </p>
   </div>
   <div class='ocr_carea' id='block_1_94' title="bbox 1766 3169 3342 3239">
    <p class='ocr_par' dir='ltr' id='par_1_94' title="bbox 1766 3169 3342 3239">
     <span class='ocr_line' id='line_1_94' title="bbox 1766 3169 3342 3239; baseline -0.001 -11"><span class='ocrx_word' id='word_1_708' title='bbox 1766 3186 1870 3228; x_wconf 90' lang='lat' dir='ltr'><strong>set.</strong></span> <span class='ocrx_word' id='word_1_709' title='bbox 1901 3172 2029 3239; x_wconf 73' lang='lat' dir='ltr'><strong>Qum</strong></span> <span class='ocrx_word' id='word_1_710' title='bbox 2061 3172 2111 3224; x_wconf 92' lang='lat' dir='ltr'><strong>in</strong></span> <span class='ocrx_word' id='word_1_711' title='bbox 2146 3170 2355 3233; x_wconf 73' lang='lat' dir='ltr'><strong>Exodo,</strong></span> <span class='ocrx_word' id='word_1_712' title='bbox 2402 3187 2524 3237; x_wconf 76' lang='lat' dir='ltr'><strong>qua:</strong></span> <span class='ocrx_word' id='word_1_713' title='bbox 2576 3171 2628 3224; x_wconf 90' lang='lat' dir='ltr'><strong>in</strong></span> <span class='ocrx_word' id='word_1_714' title='bbox 2674 3169 2940 3238; x_wconf 85' lang='lat' dir='ltr'><strong>Levitico,</strong></span> <span class='ocrx_word' id='word_1_715' title='bbox 2990 3173 3041 3226; x_wconf 94' lang='lat' dir='ltr'><strong>in</strong></span> <span class='ocrx_word' id='word_1_716' title='bbox 3087 3172 3342 3227; x_wconf 80' lang='lat' dir='ltr'><strong>Numeris</strong></span> 
     </span>
    </p>
   </div>
   <div class='ocr_carea' id='block_1_95' title="bbox 1765 3264 3348 3336">
    <p class='ocr_par' dir='ltr' id='par_1_95' title="bbox 1765 3264 3348 3336">
     <span class='ocr_line' id='line_1_95' title="bbox 1765 3264 3348 3336; baseline 0.001 -17"><span class='ocrx_word' id='word_1_717' title='bbox 1765 3266 1929 3319; x_wconf 89' lang='lat' dir='ltr'><strong>etiam</strong></span> <span class='ocrx_word' id='word_1_718' title='bbox 1968 3276 2020 3320; x_wconf 91' lang='lat' dir='ltr'><strong>et</strong></span> <span class='ocrx_word' id='word_1_719' title='bbox 2055 3264 2467 3319; x_wconf 89' lang='lat' dir='ltr'><strong>Deuteronomio</strong></span> <span class='ocrx_word' id='word_1_720' title='bbox 2498 3264 2830 3327; x_wconf 87' lang='lat' dir='ltr'><strong>referuntur,</strong></span> <span class='ocrx_word' id='word_1_721' title='bbox 2876 3266 2940 3320; x_wconf 89' lang='lat' dir='ltr'><strong>ad</strong></span> <span class='ocrx_word' id='word_1_722' title='bbox 2974 3266 3197 3320; x_wconf 85' lang='lat' dir='ltr'><strong>humani</strong></span> <span class='ocrx_word' id='word_1_723' title='bbox 3255 3281 3348 3336; x_wconf 80' lang='lat' dir='ltr'><strong>ge-</strong></span> 
     </span>
    </p>
   </div>
   <div class='ocr_carea' id='block_1_96' title="bbox 1768 3359 3343 3415">
    <p class='ocr_par' dir='ltr' id='par_1_96' title="bbox 1768 3359 3343 3415">
     <span class='ocr_line' id='line_1_96' title="bbox 1768 3359 3343 3415; baseline 0.001 -2"><span class='ocrx_word' id='word_1_724' title='bbox 1768 3360 1912 3414; x_wconf 89' lang='lat' dir='ltr'><strong>neris</strong></span> <span class='ocrx_word' id='word_1_725' title='bbox 1952 3359 2237 3413; x_wconf 89' lang='lat' dir='ltr'><strong>scientiam</strong></span> <span class='ocrx_word' id='word_1_726' title='bbox 2285 3374 2392 3413; x_wconf 92' lang='lat' dir='ltr'><strong>non</strong></span> <span class='ocrx_word' id='word_1_727' title='bbox 2434 3361 2734 3413; x_wconf 90' lang='lat' dir='ltr'><strong>venissent.</strong></span> <span class='ocrx_word' id='word_1_728' title='bbox 2782 3359 3163 3414; x_wconf 72' lang='lat' dir='ltr'><strong>[hereditatem</strong></span> <span class='ocrx_word' id='word_1_729' title='bbox 3193 3371 3343 3415; x_wconf 90' lang='lat' dir='ltr'><strong>certe</strong></span> 
     </span>
    </p>
   </div>
   <div class='ocr_carea' id='block_1_97' title="bbox 1768 3451 3344 3522">
    <p class='ocr_par' dir='ltr' id='par_1_97' title="bbox 1768 3451 3344 3522">
     <span class='ocr_line' id='line_1_97' title="bbox 1768 3451 3344 3522; baseline 0 -16"><span class='ocrx_word' id='word_1_730' title='bbox 1768 3462 2072 3522; x_wconf 88' lang='lat' dir='ltr'><strong>paternam,</strong></span> <span class='ocrx_word' id='word_1_731' title='bbox 2106 3462 2159 3507; x_wconf 93' lang='lat' dir='ltr'><strong>et</strong></span> <span class='ocrx_word' id='word_1_732' title='bbox 2200 3460 2401 3505; x_wconf 91' lang='lat' dir='ltr'><strong>terram</strong></span> <span class='ocrx_word' id='word_1_733' title='bbox 2434 3451 2878 3518; x_wconf 84' lang='lat' dir='ltr'><strong>repromissionis</strong></span> <span class='ocrx_word' id='word_1_734' title='bbox 2918 3452 3097 3506; x_wconf 91' lang='lat' dir='ltr'><strong>nullus</strong></span> <span class='ocrx_word' id='word_1_735' title='bbox 3141 3453 3344 3506; x_wconf 89' lang='lat' dir='ltr'><strong>intras-</strong></span> 
     </span>
    </p>
   </div>
   <div class='ocr_carea' id='block_1_98' title="bbox 1768 3541 3347 3610">
    <p class='ocr_par' dir='ltr' id='par_1_98' title="bbox 1768 3541 3347 3610">
     <span class='ocr_line' id='line_1_98' title="bbox 1768 3541 3347 3610; baseline -0.001 -14"><span class='ocrx_word' id='word_1_736' title='bbox 1768 3552 1868 3596; x_wconf 88' lang='lat' dir='ltr'><strong>set.</strong></span> <span class='ocrx_word' id='word_1_737' title='bbox 1903 3541 1968 3594; x_wconf 92' lang='lat' dir='ltr'><strong>Et</strong></span> <span class='ocrx_word' id='word_1_738' title='bbox 1998 3552 2053 3595; x_wconf 93' lang='lat' dir='ltr'><strong>ut</strong></span> <span class='ocrx_word' id='word_1_739' title='bbox 2096 3543 2164 3594; x_wconf 91' lang='lat' dir='ltr'><strong>ad</strong></span> <span class='ocrx_word' id='word_1_740' title='bbox 2212 3544 2329 3597; x_wconf 67' lang='lat' dir='ltr'><strong>haec</strong></span> <span class='ocrx_word' id='word_1_741' title='bbox 2372 3556 2492 3610; x_wconf 74' lang='lat' dir='ltr'><strong>qua:</strong></span> <span class='ocrx_word' id='word_1_742' title='bbox 2536 3541 2811 3594; x_wconf 89' lang='lat' dir='ltr'><strong>habentur</strong></span> <span class='ocrx_word' id='word_1_743' title='bbox 2853 3541 2905 3595; x_wconf 93' lang='lat' dir='ltr'><strong>in</strong></span> <span class='ocrx_word' id='word_1_744' title='bbox 2943 3541 3217 3605; x_wconf 89' lang='lat' dir='ltr'><strong>manibus,</strong></span> <span class='ocrx_word' id='word_1_745' title='bbox 3255 3556 3347 3595; x_wconf 90' lang='lat' dir='ltr'><strong>ve-</strong></span> 
     </span>
    </p>
   </div>
   <div class='ocr_carea' id='block_1_99' title="bbox 1768 3632 3347 3701">
    <p class='ocr_par' dir='ltr' id='par_1_99' title="bbox 1768 3632 3347 3701">
     <span class='ocr_line' id='line_1_99' title="bbox 1768 3632 3347 3701; baseline 0.001 -15"><span class='ocrx_word' id='word_1_746' title='bbox 1768 3635 2011 3696; x_wconf 90' lang='lat' dir='ltr'><strong>niamus,</strong></span> <span class='ocrx_word' id='word_1_747' title='bbox 2071 3634 2197 3687; x_wconf 90' lang='lat' dir='ltr'><strong>tolle</strong></span> <span class='ocrx_word' id='word_1_748' title='bbox 2266 3633 2463 3687; x_wconf 88' lang='lat' dir='ltr'><strong>Balaclt</strong></span> <span class='ocrx_word' id='word_1_749' title='bbox 2516 3632 2675 3700; x_wconf 90' lang='lat' dir='ltr'><strong>hujus</strong></span> <span class='ocrx_word' id='word_1_750' title='bbox 2723 3632 2867 3701; x_wconf 81' lang='lat' dir='ltr'><strong>regis</strong></span> <span class='ocrx_word' id='word_1_751' title='bbox 2919 3633 3139 3701; x_wconf 88' lang='lat' dir='ltr'><strong>pessimi</strong></span> <span class='ocrx_word' id='word_1_752' title='bbox 3190 3632 3347 3687; x_wconf 87' lang='lat' dir='ltr'><strong>mali-</strong></span> 
     </span>
    </p>
   </div>
   <div class='ocr_carea' id='block_1_100' title="bbox 1770 3724 3348 3796">
    <p class='ocr_par' dir='ltr' id='par_1_100' title="bbox 1770 3724 3348 3796">
     <span class='ocr_line' id='line_1_100' title="bbox 1770 3724 3348 3796; baseline 0.001 -17"><span class='ocrx_word' id='word_1_753' title='bbox 1770 3727 1922 3791; x_wconf 89' lang='lat' dir='ltr'><strong>tiam,</strong></span> <span class='ocrx_word' id='word_1_754' title='bbox 1955 3742 2060 3796; x_wconf 84' lang='lat' dir='ltr'><strong>qua</strong></span> <span class='ocrx_word' id='word_1_755' title='bbox 2094 3726 2342 3781; x_wconf 83' lang='lat' dir='ltr'><strong>maledici</strong></span> <span class='ocrx_word' id='word_1_756' title='bbox 2380 3726 2658 3781; x_wconf 90' lang='lat' dir='ltr'><strong>desiderat</strong></span> <span class='ocrx_word' id='word_1_757' title='bbox 2704 3724 2956 3780; x_wconf 89' lang='lat' dir='ltr'><strong>Israelem</strong></span> <span class='ocrx_word' id='word_1_758' title='bbox 2980 3764 2995 3791; x_wconf 95' lang='lat'><strong>,</strong></span> <span class='ocrx_word' id='word_1_759' title='bbox 3037 3725 3193 3780; x_wconf 89' lang='lat' dir='ltr'><strong>aufer</strong></span> <span class='ocrx_word' id='word_1_760' title='bbox 3229 3726 3348 3795; x_wconf 87' lang='lat' dir='ltr'><strong>ejus</strong></span> 
     </span>
    </p>
   </div>
   <div class='ocr_carea' id='block_1_101' title="bbox 1768 3815 3342 3887">
    <p class='ocr_par' dir='ltr' id='par_1_101' title="bbox 1768 3815 3342 3887">
     <span class='ocr_line' id='line_1_101' title="bbox 1768 3815 3342 3887; baseline 0 -18"><span class='ocrx_word' id='word_1_761' title='bbox 1768 3818 2059 3882; x_wconf 80' lang='lat' dir='ltr'><strong>astutiam,</strong></span> <span class='ocrx_word' id='word_1_762' title='bbox 2112 3833 2217 3887; x_wconf 88' lang='lat' dir='ltr'><strong>qua</strong></span> <span class='ocrx_word' id='word_1_763' title='bbox 2272 3817 2537 3872; x_wconf 87' lang='lat' dir='ltr'><strong>invitabat</strong></span> <span class='ocrx_word' id='word_1_764' title='bbox 2575 3815 2797 3869; x_wconf 90' lang='lat' dir='ltr'><strong>Balaam</strong></span> <span class='ocrx_word' id='word_1_765' title='bbox 2852 3816 2917 3869; x_wconf 92' lang='lat' dir='ltr'><strong>ad</strong></span> <span class='ocrx_word' id='word_1_766' title='bbox 2971 3815 3342 3870; x_wconf 88' lang='lat' dir='ltr'><strong>devorandum</strong></span> 
     </span>
    </p>
   </div>
   <div class='ocr_carea' id='block_1_102' title="bbox 1768 3907 3347 3979">
    <p class='ocr_par' dir='ltr' id='par_1_102' title="bbox 1768 3907 3347 3979">
     <span class='ocr_line' id='line_1_102' title="bbox 1768 3907 3347 3979; baseline 0 -17"><span class='ocrx_word' id='word_1_767' title='bbox 1768 3908 2028 3979; x_wconf 89' lang='lat' dir='ltr'><strong>p0pulum</strong></span> <span class='ocrx_word' id='word_1_768' title='bbox 2076 3927 2089 3963; x_wconf 90' lang='lat'><strong>:</strong></span> <span class='ocrx_word' id='word_1_769' title='bbox 2148 3910 2354 3977; x_wconf 89' lang='lat' dir='ltr'><strong>pariter</strong></span> <span class='ocrx_word' id='word_1_770' title='bbox 2418 3908 2713 3963; x_wconf 88' lang='lat' dir='ltr'><strong>abstuleris</strong></span> <span class='ocrx_word' id='word_1_771' title='bbox 2771 3922 2900 3977; x_wconf 81' lang='lat' dir='ltr'><strong>erga</strong></span> <span class='ocrx_word' id='word_1_772' title='bbox 2968 3907 3111 3963; x_wconf 88' lang='lat' dir='ltr'><strong>ﬁlios</strong></span> <span class='ocrx_word' id='word_1_773' title='bbox 3180 3908 3347 3964; x_wconf 87' lang='lat' dir='ltr'><strong>lsrael</strong></span> 
     </span>
    </p>
   </div>
   <div class='ocr_carea' id='block_1_103' title="bbox 1769 4000 3348 4071">
    <p class='ocr_par' dir='ltr' id='par_1_103' title="bbox 1769 4000 3348 4071">
     <span class='ocr_line' id='line_1_103' title="bbox 1769 4000 3348 4071; baseline -0.001 -15"><span class='ocrx_word' id='word_1_774' title='bbox 1769 4003 2230 4071; x_wconf 77' lang='lat' dir='ltr'><strong>dispensationem</strong></span> <span class='ocrx_word' id='word_1_775' title='bbox 2275 4002 2403 4068; x_wconf 89' lang='lat' dir='ltr'><strong>Dei,</strong></span> <span class='ocrx_word' id='word_1_776' title='bbox 2440 4010 2493 4057; x_wconf 91' lang='lat' dir='ltr'><strong>et</strong></span> <span class='ocrx_word' id='word_1_777' title='bbox 2540 4002 2893 4071; x_wconf 67' lang='lat' dir='ltr'><strong>providentia:</strong></span> <span class='ocrx_word' id='word_1_778' title='bbox 2924 4000 3044 4071; x_wconf 89' lang='lat' dir='ltr'><strong>ejus</strong></span> <span class='ocrx_word' id='word_1_779' title='bbox 3075 4000 3348 4067; x_wconf 80' lang='lat' dir='ltr'><strong>favorem,</strong></span> 
     </span>
    </p>
   </div>
   <div class='ocr_carea' id='block_1_104' title="bbox 1769 4094 3348 4166">
    <p class='ocr_par' dir='ltr' id='par_1_104' title="bbox 1769 4094 3348 4166">
     <span class='ocr_line' id='line_1_104' title="bbox 1769 4094 3348 4166; baseline -0.001 -15"><span class='ocrx_word' id='word_1_780' title='bbox 1769 4112 2034 4166; x_wconf 82' lang='lat' dir='ltr'><strong>nusquam</strong></span> <span class='ocrx_word' id='word_1_781' title='bbox 2086 4095 2386 4165; x_wconf 75' lang='lat' dir='ltr'><strong>prophetiae</strong></span> <span class='ocrx_word' id='word_1_782' title='bbox 2440 4095 2544 4149; x_wconf 86' lang='lat' dir='ltr'><strong>illae</strong></span> <span class='ocrx_word' id='word_1_783' title='bbox 2598 4104 2791 4158; x_wconf 88' lang='lat' dir='ltr'><strong>erunt,</strong></span> <span class='ocrx_word' id='word_1_784' title='bbox 2834 4112 2954 4165; x_wconf 76' lang='lat' dir='ltr'><strong>qua:</strong></span> <span class='ocrx_word' id='word_1_785' title='bbox 3007 4110 3103 4163; x_wconf 89' lang='lat' dir='ltr'><strong>per</strong></span> <span class='ocrx_word' id='word_1_786' title='bbox 3140 4109 3201 4149; x_wconf 92' lang='lat' dir='ltr'><strong>os</strong></span> <span class='ocrx_word' id='word_1_787' title='bbox 3241 4094 3348 4149; x_wconf 81' lang='lat' dir='ltr'><strong>Ba-</strong></span> 
     </span>
    </p>
   </div>
   <div class='ocr_carea' id='block_1_105' title="bbox 1771 4182 3342 4255">
    <p class='ocr_par' dir='ltr' id='par_1_105' title="bbox 1771 4182 3342 4255">
     <span class='ocr_line' id='line_1_105' title="bbox 1771 4182 3342 4255; baseline -0.002 -14"><span class='ocrx_word' id='word_1_788' title='bbox 1771 4189 1909 4241; x_wconf 82' lang='lat' dir='ltr'><strong>laam</strong></span> <span class='ocrx_word' id='word_1_789' title='bbox 1963 4197 2017 4241; x_wconf 95' lang='lat' dir='ltr'><strong>et</strong></span> <span class='ocrx_word' id='word_1_790' title='bbox 2081 4186 2207 4239; x_wconf 88' lang='lat' dir='ltr'><strong>ﬁliis</strong></span> <span class='ocrx_word' id='word_1_791' title='bbox 2279 4185 2449 4240; x_wconf 86' lang='lat' dir='ltr'><strong>lsrael</strong></span> <span class='ocrx_word' id='word_1_792' title='bbox 2508 4194 2563 4239; x_wconf 90' lang='lat' dir='ltr'><strong>et</strong></span> <span class='ocrx_word' id='word_1_793' title='bbox 2621 4185 2875 4255; x_wconf 78' lang='lat' dir='ltr'><strong>gentibus</strong></span> <span class='ocrx_word' id='word_1_794' title='bbox 2932 4182 3342 4253; x_wconf 79' lang='lat' dir='ltr'><strong>prophetantur.</strong></span> 
     </span>
    </p>
   </div>
   <div class='ocr_carea' id='block_1_106' title="bbox 1768 4275 3347 4350">
    <p class='ocr_par' dir='ltr' id='par_1_106' title="bbox 1768 4275 3347 4350">
     <span class='ocr_line' id='line_1_106' title="bbox 1768 4275 3347 4350; baseline -0.002 -18"><span class='ocrx_word' id='word_1_795' title='bbox 1768 4279 1929 4350; x_wconf 81' lang='lat'><strong>323</strong></span> <span class='ocrx_word' id='word_1_796' title='bbox 1967 4277 2121 4345; x_wconf 86' lang='lat' dir='ltr'><strong>Quod</strong></span> <span class='ocrx_word' id='word_1_797' title='bbox 2170 4278 2215 4331; x_wconf 89' lang='lat' dir='ltr'><strong>si</strong></span> <span class='ocrx_word' id='word_1_798' title='bbox 2266 4278 2431 4332; x_wconf 89' lang='lat' dir='ltr'><strong>etiam</strong></span> <span class='ocrx_word' id='word_1_799' title='bbox 2464 4276 2597 4331; x_wconf 82' lang='lat' dir='ltr'><strong>Novi</strong></span> <span class='ocrx_word' id='word_1_800' title='bbox 2656 4275 2987 4330; x_wconf 88' lang='lat' dir='ltr'><strong>Testamenti</strong></span> <span class='ocrx_word' id='word_1_801' title='bbox 3036 4276 3190 4345; x_wconf 87' lang='lat' dir='ltr'><strong>cupis</strong></span> <span class='ocrx_word' id='word_1_802' title='bbox 3228 4275 3347 4329; x_wconf 66' lang='lat' dir='ltr'><strong>haec</strong></span> 
     </span>
    </p>
   </div>
   <div class='ocr_carea' id='block_1_107' title="bbox 1769 4361 3342 4430">
    <p class='ocr_par' dir='ltr' id='par_1_107' title="bbox 1769 4361 3342 4430">
     <span class='ocr_line' id='line_1_107' title="bbox 1769 4361 3342 4430; baseline -0.006 -5"><span class='ocrx_word' id='word_1_803' title='bbox 1769 4369 2096 4425; x_wconf 90' lang='lat' dir='ltr'><strong>testimoniis</strong></span> <span class='ocrx_word' id='word_1_804' title='bbox 2136 4365 2487 4430; x_wconf 89' lang='lat' dir='ltr'><strong>conﬁrmari,</strong></span> <span class='ocrx_word' id='word_1_805' title='bbox 2522 4366 2564 4419; x_wconf 93' lang='lat' dir='ltr'><strong>si</strong></span> <span class='ocrx_word' id='word_1_806' title='bbox 2611 4363 2832 4419; x_wconf 76' lang='lat' dir='ltr'><strong>auferas</strong></span> <span class='ocrx_word' id='word_1_807' title='bbox 2876 4362 3134 4417; x_wconf 89' lang='lat' dir='ltr'><strong>malitiam</strong></span> <span class='ocrx_word' id='word_1_808' title='bbox 3170 4361 3342 4425; x_wconf 56' lang='lat' dir='ltr'><strong>ludas,</strong></span> 
     </span>
    </p>
   </div>
   <div class='ocr_carea' id='block_1_108' title="bbox 1771 4454 3350 4533">
    <p class='ocr_par' dir='ltr' id='par_1_108' title="bbox 1771 4454 3350 4533">
     <span class='ocr_line' id='line_1_108' title="bbox 1771 4454 3350 4533; baseline -0.006 -17"><span class='ocrx_word' id='word_1_809' title='bbox 1771 4462 2245 4533; x_wconf 90' lang='lat' dir='ltr'><strong>proditionemque</strong></span> <span class='ocrx_word' id='word_1_810' title='bbox 2311 4458 2433 4527; x_wconf 86' lang='lat' dir='ltr'><strong>ejus</strong></span> <span class='ocrx_word' id='word_1_811' title='bbox 2488 4457 2747 4528; x_wconf 86' lang='lat' dir='ltr'><strong>perimas,</strong></span> <span class='ocrx_word' id='word_1_812' title='bbox 2802 4455 3094 4509; x_wconf 89' lang='lat' dir='ltr'><strong>abstuleris</strong></span> <span class='ocrx_word' id='word_1_813' title='bbox 3146 4454 3350 4524; x_wconf 87' lang='lat' dir='ltr'><strong>pariter</strong></span> 
     </span>
    </p>
   </div>
   <div class='ocr_carea' id='block_1_109' title="bbox 1772 4546 3346 4622">
    <p class='ocr_par' dir='ltr' id='par_1_109' title="bbox 1772 4546 3346 4622">
     <span class='ocr_line' id='line_1_109' title="bbox 1772 4546 3346 4622; baseline -0.006 -12"><span class='ocrx_word' id='word_1_814' title='bbox 1772 4571 1985 4610; x_wconf 84' lang='lat' dir='ltr'><strong>crucem</strong></span> <span class='ocrx_word' id='word_1_815' title='bbox 2006 4554 2210 4608; x_wconf 87' lang='lat' dir='ltr'><strong>Christi</strong></span> <span class='ocrx_word' id='word_1_816' title='bbox 2235 4563 2288 4607; x_wconf 84' lang='lat' dir='ltr'><strong>et</strong></span> <span class='ocrx_word' id='word_1_817' title='bbox 2310 4551 2616 4622; x_wconf 85' lang='lat' dir='ltr'><strong>passionem</strong></span> <span class='ocrx_word' id='word_1_818' title='bbox 2646 4548 2761 4616; x_wconf 89' lang='lat' dir='ltr'><strong>ejus</strong></span> <span class='ocrx_word' id='word_1_819' title='bbox 2786 4567 2797 4602; x_wconf 86' lang='lat'><strong>:</strong></span> <span class='ocrx_word' id='word_1_820' title='bbox 2820 4556 2868 4601; x_wconf 90' lang='lat' dir='ltr'><strong>et</strong></span> <span class='ocrx_word' id='word_1_821' title='bbox 2899 4547 2941 4601; x_wconf 91' lang='lat' dir='ltr'><strong>si</strong></span> <span class='ocrx_word' id='word_1_822' title='bbox 2962 4561 3066 4599; x_wconf 85' lang='lat' dir='ltr'><strong>non</strong></span> <span class='ocrx_word' id='word_1_823' title='bbox 3096 4546 3167 4599; x_wconf 91' lang='lat' dir='ltr'><strong>sit</strong></span> <span class='ocrx_word' id='word_1_824' title='bbox 3191 4560 3346 4611; x_wconf 80' lang='lat' dir='ltr'><strong>crux,</strong></span> 
     </span>
    </p>
   </div>
   <div class='ocr_carea' id='block_1_110' title="bbox 1771 4635 3347 4711">
    <p class='ocr_par' dir='ltr' id='par_1_110' title="bbox 1771 4635 3347 4711">
     <span class='ocr_line' id='line_1_110' title="bbox 1771 4635 3347 4711; baseline -0.01 -11"><span class='ocrx_word' id='word_1_825' title='bbox 1771 4661 1876 4700; x_wconf 90' lang='lat' dir='ltr'><strong>non</strong></span> <span class='ocrx_word' id='word_1_826' title='bbox 1900 4652 2174 4697; x_wconf 86' lang='lat' dir='ltr'><strong>exuuntur</strong></span> <span class='ocrx_word' id='word_1_827' title='bbox 2205 4641 2543 4711; x_wconf 88' lang='lat' dir='ltr'><strong>principatus</strong></span> <span class='ocrx_word' id='word_1_828' title='bbox 2572 4647 2622 4691; x_wconf 90' lang='lat' dir='ltr'><strong>ct</strong></span> <span class='ocrx_word' id='word_1_829' title='bbox 2649 4645 2947 4707; x_wconf 90' lang='lat' dir='ltr'><strong>potestates</strong></span> <span class='ocrx_word' id='word_1_830' title='bbox 2972 4676 2985 4701; x_wconf 93' lang='lat'><strong>,</strong></span> <span class='ocrx_word' id='word_1_831' title='bbox 3014 4648 3115 4688; x_wconf 91' lang='lat' dir='ltr'><strong>nec</strong></span> <span class='ocrx_word' id='word_1_832' title='bbox 3151 4635 3347 4688; x_wconf 90' lang='lat' dir='ltr'><strong>trium-</strong></span> 
     </span>
    </p>
   </div>
   <div class='ocr_carea' id='block_1_111' title="bbox 1771 4728 3349 4805">
    <p class='ocr_par' dir='ltr' id='par_1_111' title="bbox 1771 4728 3349 4805">
     <span class='ocr_line' id='line_1_111' title="bbox 1771 4728 3349 4805; baseline -0.004 -18"><span class='ocrx_word' id='word_1_833' title='bbox 1771 4739 2006 4805; x_wconf 87' lang='lat' dir='ltr'><strong>phantur</strong></span> <span class='ocrx_word' id='word_1_834' title='bbox 2082 4737 2135 4789; x_wconf 93' lang='lat' dir='ltr'><strong>in</strong></span> <span class='ocrx_word' id='word_1_835' title='bbox 2208 4735 2353 4804; x_wconf 77' lang='lat' dir='ltr'><strong>ligno</strong></span> <span class='ocrx_word' id='word_1_836' title='bbox 2415 4731 2614 4786; x_wconf 89' lang='lat' dir='ltr'><strong>crucis.</strong></span> <span class='ocrx_word' id='word_1_837' title='bbox 2697 4729 2752 4783; x_wconf 87' lang='lat' dir='ltr'><strong>Si</strong></span> <span class='ocrx_word' id='word_1_838' title='bbox 2790 4744 2895 4783; x_wconf 85' lang='lat' dir='ltr'><strong>non</strong></span> <span class='ocrx_word' id='word_1_839' title='bbox 2951 4728 3140 4782; x_wconf 89' lang='lat' dir='ltr'><strong>fuisset</strong></span> <span class='ocrx_word' id='word_1_840' title='bbox 3202 4741 3349 4780; x_wconf 90' lang='lat' dir='ltr'><strong>mors</strong></span> 
     </span>
    </p>
   </div>
   <div class='ocr_carea' id='block_1_112' title="bbox 1772 4815 3349 4896">
    <p class='ocr_par' dir='ltr' id='par_1_112' title="bbox 1772 4815 3349 4896">
     <span class='ocr_line' id='line_1_112' title="bbox 1772 4815 3349 4896; baseline -0.01 -13"><span class='ocrx_word' id='word_1_841' title='bbox 1772 4829 1995 4893; x_wconf 82' lang='lat' dir='ltr'><strong>Christi,</strong></span> <span class='ocrx_word' id='word_1_842' title='bbox 2056 4826 2241 4896; x_wconf 88' lang='lat' dir='ltr'><strong>utique</strong></span> <span class='ocrx_word' id='word_1_843' title='bbox 2277 4839 2375 4879; x_wconf 90' lang='lat' dir='ltr'><strong>nec</strong></span> <span class='ocrx_word' id='word_1_844' title='bbox 2402 4820 2733 4878; x_wconf 88' lang='lat' dir='ltr'><strong>resurrectio</strong></span> <span class='ocrx_word' id='word_1_845' title='bbox 2772 4818 2998 4882; x_wconf 89' lang='lat' dir='ltr'><strong>fuisset,</strong></span> <span class='ocrx_word' id='word_1_846' title='bbox 3044 4832 3145 4871; x_wconf 89' lang='lat' dir='ltr'><strong>nec</strong></span> <span class='ocrx_word' id='word_1_847' title='bbox 3175 4815 3349 4870; x_wconf 81' lang='lat' dir='ltr'><strong>exsti-</strong></span> 
     </span>
    </p>
   </div>
   <div class='ocr_carea' id='block_1_113' title="bbox 1774 4906 3347 4989">
    <p class='ocr_par' dir='ltr' id='par_1_113' title="bbox 1774 4906 3347 4989">
     <span class='ocr_line' id='line_1_113' title="bbox 1774 4906 3347 4989; baseline -0.008 -15"><span class='ocrx_word' id='word_1_848' title='bbox 1774 4920 1929 4974; x_wconf 91' lang='lat' dir='ltr'><strong>tisset</strong></span> <span class='ocrx_word' id='word_1_849' title='bbox 1991 4918 2188 4989; x_wconf 90' lang='lat' dir='ltr'><strong>aliquis</strong></span> <span class='ocrx_word' id='word_1_850' title='bbox 2221 4913 2611 4987; x_wconf 77' lang='lat' dir='ltr'><strong>primogenitus</strong></span> <span class='ocrx_word' id='word_1_851' title='bbox 2652 4926 2718 4965; x_wconf 81' lang='lat' dir='ltr'><strong>ex</strong></span> <span class='ocrx_word' id='word_1_852' title='bbox 2787 4909 3037 4964; x_wconf 91' lang='lat' dir='ltr'><strong>mortuis.</strong></span> <span class='ocrx_word' id='word_1_853' title='bbox 3102 4908 3257 4976; x_wconf 86' lang='lat' dir='ltr'><strong>Quod</strong></span> <span class='ocrx_word' id='word_1_854' title='bbox 3300 4906 3347 4961; x_wconf 89' lang='lat' dir='ltr'><strong>si</strong></span> 
     </span>
    </p>
   </div>
   <div class='ocr_carea' id='block_1_114' title="bbox 1772 5000 3352 5079">
    <p class='ocr_par' dir='ltr' id='par_1_114' title="bbox 1772 5000 3352 5079">
     <span class='ocr_line' id='line_1_114' title="bbox 1772 5000 3352 5079; baseline -0.009 -14"><span class='ocrx_word' id='word_1_855' title='bbox 1772 5026 1877 5065; x_wconf 90' lang='lat' dir='ltr'><strong>non</strong></span> <span class='ocrx_word' id='word_1_856' title='bbox 1942 5011 2133 5065; x_wconf 87' lang='lat' dir='ltr'><strong>fuisset</strong></span> <span class='ocrx_word' id='word_1_857' title='bbox 2184 5007 2579 5079; x_wconf 85' lang='lat' dir='ltr'><strong>primogenitus</strong></span> <span class='ocrx_word' id='word_1_858' title='bbox 2618 5020 2683 5058; x_wconf 81' lang='lat' dir='ltr'><strong>ex</strong></span> <span class='ocrx_word' id='word_1_859' title='bbox 2737 5000 3013 5065; x_wconf 84' lang='lat' dir='ltr'><strong>mortuis,</strong></span> <span class='ocrx_word' id='word_1_860' title='bbox 3080 5013 3179 5054; x_wconf 83' lang='lat' dir='ltr'><strong>nec</strong></span> <span class='ocrx_word' id='word_1_861' title='bbox 3226 5011 3352 5067; x_wconf 86' lang='lat' dir='ltr'><strong>spes</strong></span> 
     </span>
    </p>
   </div>
   <div class='ocr_carea' id='block_1_115' title="bbox 1772 5090 3350 5162">
    <p class='ocr_par' dir='ltr' id='par_1_115' title="bbox 1772 5090 3350 5162">
     <span class='ocr_line' id='line_1_115' title="bbox 1772 5090 3350 5162; baseline -0.009 -6"><span class='ocrx_word' id='word_1_862' title='bbox 1772 5103 1929 5158; x_wconf 90' lang='lat' dir='ltr'><strong>nobis</strong></span> <span class='ocrx_word' id='word_1_863' title='bbox 1984 5100 2399 5157; x_wconf 89' lang='lat' dir='ltr'><strong>resurrectionis</strong></span> <span class='ocrx_word' id='word_1_864' title='bbox 2442 5098 2654 5152; x_wconf 87' lang='lat' dir='ltr'><strong>fuisset.</strong></span> <span class='ocrx_word' id='word_1_865' title='bbox 2690 5093 2866 5149; x_wconf 89' lang='lat' dir='ltr'><strong>Simili</strong></span> <span class='ocrx_word' id='word_1_866' title='bbox 2909 5106 3036 5162; x_wconf 82' lang='lat' dir='ltr'><strong>ergo</strong></span> <span class='ocrx_word' id='word_1_867' title='bbox 3080 5090 3239 5144; x_wconf 91' lang='lat' dir='ltr'><strong>modo</strong></span> <span class='ocrx_word' id='word_1_868' title='bbox 3293 5097 3350 5142; x_wconf 92' lang='lat' dir='ltr'><strong>et</strong></span> 
     </span>
    </p>
   </div>
   <div class='ocr_carea' id='block_1_116' title="bbox 1769 5180 3348 5264">
    <p class='ocr_par' dir='ltr' id='par_1_116' title="bbox 1769 5180 3348 5264">
     <span class='ocr_line' id='line_1_116' title="bbox 1769 5180 3348 5264; baseline -0.011 -15"><span class='ocrx_word' id='word_1_869' title='bbox 1769 5194 1836 5249; x_wconf 89' lang='lat' dir='ltr'><strong>de</strong></span> <span class='ocrx_word' id='word_1_870' title='bbox 1867 5195 1985 5264; x_wconf 92' lang='lat' dir='ltr'><strong>ipso</strong></span> <span class='ocrx_word' id='word_1_871' title='bbox 2015 5192 2232 5247; x_wconf 90' lang='lat' dir='ltr'><strong>diabolo</strong></span> <span class='ocrx_word' id='word_1_872' title='bbox 2272 5204 2557 5259; x_wconf 88' lang='lat' dir='ltr'><strong>ponamus,</strong></span> <span class='ocrx_word' id='word_1_873' title='bbox 2596 5186 2746 5241; x_wconf 85' lang='lat' dir='ltr'><strong>verbi</strong></span> <span class='ocrx_word' id='word_1_874' title='bbox 2778 5182 2974 5255; x_wconf 80' lang='lat' dir='ltr'><strong>gratia,</strong></span> <span class='ocrx_word' id='word_1_875' title='bbox 3021 5180 3348 5235; x_wconf 90' lang='lat' dir='ltr'><strong>necessitate</strong></span> 
     </span>
    </p>
   </div>
   <div class='ocr_carea' id='block_1_117' title="bbox 1772 5272 3350 5357">
    <p class='ocr_par' dir='ltr' id='par_1_117' title="bbox 1772 5272 3350 5357">
     <span class='ocr_line' id='line_1_117' title="bbox 1772 5272 3350 5357; baseline -0.013 -15"><span class='ocrx_word' id='word_1_876' title='bbox 1772 5289 1954 5357; x_wconf 88' lang='lat' dir='ltr'><strong>aliqua</strong></span> <span class='ocrx_word' id='word_1_877' title='bbox 1977 5284 2336 5340; x_wconf 87' lang='lat' dir='ltr'><strong>constrictum</strong></span> <span class='ocrx_word' id='word_1_878' title='bbox 2362 5281 2533 5335; x_wconf 81' lang='lat' dir='ltr'><strong>fuisse</strong></span> <span class='ocrx_word' id='word_1_879' title='bbox 2567 5296 2632 5337; x_wconf 92' lang='lat' dir='ltr'><strong>ne</strong></span> <span class='ocrx_word' id='word_1_880' title='bbox 2658 5284 2925 5347; x_wconf 90' lang='lat' dir='ltr'><strong>peccaret,</strong></span> <span class='ocrx_word' id='word_1_881' title='bbox 2962 5272 3046 5327; x_wconf 91' lang='lat' dir='ltr'><strong>vel</strong></span> <span class='ocrx_word' id='word_1_882' title='bbox 3074 5278 3193 5340; x_wconf 91' lang='lat' dir='ltr'><strong>post</strong></span> <span class='ocrx_word' id='word_1_883' title='bbox 3222 5283 3350 5337; x_wconf 88' lang='lat' dir='ltr'><strong>pec-</strong></span> 
     </span>
    </p>
   </div>
   <div class='ocr_carea' id='block_1_118' title="bbox 1772 5364 3348 5439">
    <p class='ocr_par' dir='ltr' id='par_1_118' title="bbox 1772 5364 3348 5439">
     <span class='ocr_line' id='line_1_118' title="bbox 1772 5364 3348 5439; baseline -0.016 0"><span class='ocrx_word' id='word_1_884' title='bbox 1772 5392 1957 5439; x_wconf 91' lang='lat' dir='ltr'><strong>catum</strong></span> <span class='ocrx_word' id='word_1_885' title='bbox 1993 5364 2230 5433; x_wconf 85' lang='lat' dir='ltr'><strong>ablatam</strong></span> <span class='ocrx_word' id='word_1_886' title='bbox 2288 5376 2461 5431; x_wconf 89' lang='lat' dir='ltr'><strong>fuisse</strong></span> <span class='ocrx_word' id='word_1_887' title='bbox 2494 5373 2560 5428; x_wconf 87' lang='lat' dir='ltr'><strong>ab</strong></span> <span class='ocrx_word' id='word_1_888' title='bbox 2594 5387 2661 5427; x_wconf 89' lang='lat' dir='ltr'><strong>eo</strong></span> <span class='ocrx_word' id='word_1_889' title='bbox 2715 5369 2935 5425; x_wconf 74' lang='lat' dir='ltr'><strong>malitia:</strong></span> <span class='ocrx_word' id='word_1_890' title='bbox 2974 5364 3348 5419; x_wconf 82' lang='lat' dir='ltr'><strong>voluntatem;</strong></span> 
     </span>
    </p>
   </div>
   <div class='ocr_carea' id='block_1_119' title="bbox 2438 5501 3345 5566">
    <p class='ocr_par' dir='ltr' id='par_1_119' title="bbox 2438 5501 3345 5566">
     <span class='ocr_line' id='line_1_119' title="bbox 2438 5501 3345 5566; baseline -0.017 2"><span class='ocrx_word' id='word_1_891' title='bbox 2438 5512 2481 5544; x_wconf 71' lang='lat'><strong>“</strong></span> <span class='ocrx_word' id='word_1_892' title='bbox 2522 5512 2658 5566; x_wconf 86' lang='lat' dir='ltr'><strong>Gen.</strong></span> <span class='ocrx_word' id='word_1_893' title='bbox 2688 5522 2895 5561; x_wconf 78' lang='lat' dir='ltr'><strong>xxxvii.</strong></span> <span class='ocrx_word' id='word_1_894' title='bbox 2972 5504 3016 5535; x_wconf 84' lang='grc'><strong>⁵⁰</strong></span> <span class='ocrx_word' id='word_1_895' title='bbox 3054 5501 3192 5557; x_wconf 87' lang='lat' dir='ltr'><strong>Gen.</strong></span> <span class='ocrx_word' id='word_1_896' title='bbox 3235 5515 3345 5556; x_wconf 81' lang='lat' dir='ltr'><strong>xu.</strong></span> 
     </span>
    </p>
   </div>
   <div class='ocr_carea' id='block_1_120' title="bbox 1773 5644 2965 5728">
    <p class='ocr_par' dir='ltr' id='par_1_120' title="bbox 1773 5644 2965 5728">
     <span class='ocr_line' id='line_1_120' title="bbox 1773 5644 2965 5728; baseline -0.024 -8"><span class='ocrx_word' id='word_1_897' title='bbox 1773 5678 1867 5721; x_wconf 88' lang='lat' dir='ltr'><strong>eos</strong></span> <span class='ocrx_word' id='word_1_898' title='bbox 1894 5660 1984 5728; x_wconf 90' lang='lat' dir='ltr'><strong>qui</strong></span> <span class='ocrx_word' id='word_1_899' title='bbox 2015 5660 2080 5713; x_wconf 87' lang='lat' dir='ltr'><strong>ad</strong></span> <span class='ocrx_word' id='word_1_900' title='bbox 2116 5657 2376 5728; x_wconf 85' lang='lat' dir='ltr'><strong>virtutum</strong></span> <span class='ocrx_word' id='word_1_901' title='bbox 2403 5650 2629 5728; x_wconf 78' lang='lat' dir='ltr'><strong>gloriam</strong></span> <span class='ocrx_word' id='word_1_902' title='bbox 2664 5644 2910 5728; x_wconf 90' lang='lat' dir='ltr'><strong>tendunt.</strong></span> <span class='ocrx_word' id='word_1_903' title='bbox 2934 5660 2965 5728; x_wconf 32' lang='lat' dir='ltr'><strong>i9</strong></span> 
     </span>
    </p>
   </div>
   <div class='ocr_carea' id='block_1_121' title="bbox 1836 5722 3132 5805">
    <p class='ocr_par' dir='ltr' id='par_1_121' title="bbox 1836 5722 3132 5805">
     <span class='ocr_line' id='line_1_121' title="bbox 1836 5722 3132 5805; baseline -0.019 -17"><span class='ocrx_word' id='word_1_904' title='bbox 1836 5722 1951 5805; x_wconf 74' lang='lat'><strong>(55)</strong></span> <span class='ocrx_word' id='word_1_905' title='bbox 1994 5732 2173 5787; x_wconf 76' lang='lat' dir='ltr'><strong>Codex</strong></span> <span class='ocrx_word' id='word_1_906' title='bbox 2210 5722 2586 5787; x_wconf 82' lang='lat' dir='ltr'><strong>Carnolensis,</strong></span> <span class='ocrx_word' id='word_1_907' title='bbox 2626 5737 2643 5770; x_wconf 81' lang='grc' dir='ltr'>ι</span> <span class='ocrx_word' id='word_1_908' title='bbox 2675 5725 3081 5772; x_wconf 77' lang='lat' dir='ltr'><strong>commercrum.</strong></span> <span class='ocrx_word' id='word_1_909' title='bbox 3112 5726 3132 5763; x_wconf 75' lang='grc' dir='ltr'>ι</span> 
     </span>
    </p>
   </div>
  </div>
