3914 6522
606 264 711 321 679

2085 257 2406 319 ORIGENIS
3666 281 3733 338 uo

604 378 766 437 simul
797 379 982 450 utique
1007 379 1246 434 ablatum
1283 379 1472 434 fuisset
1494 381 1648 434 nobis
1677 390 1954 436 certamen
1987 379 2181 434 adver-
2211 380 2253 436 Α
2284 377 2512 442 suitnus,
2544 378 2684 432 Deus
2713 379 2930 448 quidem
2957 379 3217 434 malitiam
3241 394 3339 436 non
3369 378 3512 446 fecit,
3538 384 3733 451 iuvenum

606 491 728 532 sunt
778 474 1000 529 insidias
1053 472 1296 538 diaboli,
1360 488 1464 527 nec
1509 482 1924 542 exspectaretur
1972 485 2176 528 corona

607 566 844 622 victoria:
869 566 916 620 ei
949 563 1040 634 qui
1078 562 1314 635 legitime
1341 563 1686 619 certasset“.
1724 564 1779 618 Si
1813 580 1919 618 non
1951 565 2178 620 habere-

605 671 724 713 mus
761 658 852 727 qui
901 656 1184 711 adversum
1235 671 1334 710 nos
1390 655 1746 720 obsisterent,
1815 671 2017 728 agones
2067 671 2174 711 non

601 755 828 813 essent,
882 763 984 803 nec
1033 748 1332 803 victoribus
1381 763 1606 803 munera
1661 758 2016 816 ponerentur,
2077 763 2177 804 nec

603 856 824 911 regnum
883 839 1146 896 caelorum
1187 840 1536 894 vincentibus
1587 848 1878 909 pararetur
1923 857 1936 894 :
1999 853 2174 908 neque

601 941 1043 988 momentaneutn
1095 933 1200 987 hoc
1261 941 1316 986 et
1377 931 1495 985 leve
1548 931 1916 986 tribulationis
1975 940 2174 986 nostrae

600 1040 762 1094 supra
816 1024 1036 1080 modum
1081 1025 1290 1094 pondus
1343 1022 1527 1093 gloria:
1576 1035 1893 1092 operaretur
1933 1023 2088 1077 nobis
2119 1023 2173 1078 in

605 1114 783 1168 futuro
803 1114 850 1146 "
885 1132 898 1168 :
935 1129 1037 1169 nec
1077 1114 1277 1182 aliquis
1327 1125 1576 1168 nostrum
1613 1129 1710 1183 pro
1759 1113 2171 1168 tribulationum

603 1207 861 1277 patientia
912 1216 1157 1278 speraret
1209 1207 1527 1260 immensam
1581 1205 1804 1275 gloriam
1845 1205 2169 1260 futurorum.

603 1299 679 1353 Ex
709 1299 908 1370 quibus
939 1299 1192 1354 ontnibus
1223 1297 1515 1366 colligitur,
1545 1298 1667 1367 quia
1705 1299 1844 1353 Deus
1870 1314 1973 1352 non
1995 1298 2170 1353 solum

599 1391 759 1446 bonis
794 1400 978 1446 utatur
1006 1391 1072 1445 ad
1105 1405 1241 1458 opus
1271 1391 1470 1445 bonum
1497 1428 1512 1455 ,
1538 1390 1632 1444 sed
1663 1398 1717 1444 et
1741 1390 1916 1444 malis.
1954 1390 2018 1443 Et
2069 1391 2172 1444 hoc

600 1495 728 1533 vere
754 1479 1002 1534 mirabile
1043 1488 1146 1539 est,
1168 1479 1310 1546 quod
1337 1479 1482 1534 vasis
1523 1480 1678 1533 malis
1714 1479 1884 1532 utitur
1936 1479 2073 1533 Deus
2101 1479 2170 1534 ad

599 1587 734 1640 opus
761 1573 987 1626 bunum.
1023 1569 1076 1624 ltt
1110 1585 1300 1641 magna
1323 1573 1467 1626 enim
1495 1574 1596 1626 hac
1625 1571 1806 1626 mundi
1830 1571 1984 1639 hujus
2009 1574 2168 1626 domo

601 1678 706 1718 non
731 1671 856 1717 sunt
891 1663 1266 1717 tantummodo
1297 1675 1425 1717 vasa
1461 1677 1646 1726 aurea,
1672 1671 1724 1717 et
1754 1674 2044 1732 argentea,
2073 1665 2166 1719 sed

598 1764 653 1808 et
679 1753 875 1825 lignea,
931 1764 986 1808 et
1018 1754 1223 1821 fictilia,
1271 1763 1326 1809 et
1353 1754 1458 1809 alia
1509 1753 1730 1824 quidem
1777 1756 1841 1808 ad
1881 1756 2168 1822 honorem,
2201 1756 2244 1811 Β
2275 1753 2374 1806 bus
2429 1751 2558 1805 dicit
2623 1752 2899 1822 apostolus
2952 1750 3148 1805 Paulus
3206 1751 3254 1781 ”
3300 1767 3315 1803 :

597 1845 702 1899 alia
726 1857 904 1901 autem
928 1847 993 1900 ad
1021 1846 1402 1902 contumeliam
1425 1847 1495 1912 ⁸³,
1526 1856 1752 1918 utraque
1773 1859 1950 1902 tamen
1983 1863 2172 1904 neces-

599 1937 767 1992 saria.
819 1935 1015 2006 Verum
1061 1936 1318 2006 quoniam
1383 1951 1509 1992 vasa
1574 1939 1688 1993 btec
1739 1953 1858 2007 quze
1917 1939 2169 2003 dicimus,

597 2027 940 2081 rationabilia
993 2027 1340 2096 intelligenda
1391 2035 1540 2093 sunt,
1596 2041 1649 2084 et
1701 2029 1854 2084 liberi
1907 2029 2172 2084 arbitrii:

599 2134 702 2171 non
755 2134 903 2181 casu,
966 2135 1139 2189 neque
1195 2120 1442 2184 fortuitu,
1502 2123 1878 2190 unusquisque
1929 2129 2019 2175 aut
2075 2136 2172 2177 vas

597 2211 820 2265 honoris
849 2211 1098 2276 ctllcitur,
1151 2222 1244 2266 aut
1274 2227 1368 2267 vas
1401 2213 1771 2276 contumeliae,
1835 2213 1930 2267 sed
1976 2215 2065 2283 qui
2113 2229 2172 2270 se

597 2300 702 2355 tale
729 2300 1038 2371 praebuerit,
1072 2312 1128 2355 ιιι
1163 2303 1369 2357 electus
1415 2317 1536 2356 esse
1591 2311 1888 2365 mercatur,
1926 2318 2022 2358 vas
2057 2303 2168 2359 ele-

511 2399 518 2408 '
599 2403 749 2448 etum
789 2404 845 2448 et
881 2408 972 2448 vas
1003 2394 1226 2448 honoris
1262 2394 1516 2449 elIicitur.
1549 2393 1649 2460 Qui
1700 2409 1826 2449 vero
1859 2395 2091 2465 indignis
2121 2409 2174 2452 et

596 2485 905 2538 deterrimis
937 2485 1186 2539 sensibus
1215 2484 1366 2551 vivit,
1412 2484 1514 2538 iste
1547 2483 1813 2537 formatur
1857 2500 1952 2540 vas
1980 2498 2173 2542 contu-

600 2576 793 2640 ntclite,
851 2592 958 2630 non
1025 2593 1053 2629 a
1093 2575 1407 2642 Conditore,
1450 2577 1542 2630 sed
1580 2590 1610 2629 a
1658 2577 1949 2648 semetipso
1989 2581 2175 2636 causis

598 2669 943 2722 contumeliae
983 2684 1094 2722 stne
1148 2669 1309 2723 datis.
1363 2667 1480 2722 Non
1531 2683 1665 2738 ergo
1711 2685 1806 2725 eos
1865 2671 2000 2725 tales
2053 2688 2174 2729 esse

600 2758 862 2815 Conditor
918 2759 1072 2826 fecit,
1105 2760 1197 2815 sed
1254 2757 1562 2826 hujnsmodi
1620 2772 1830 2816 mentes
1872 2763 2172 2818 secundum

600 2850 936 2920 prepositum
966 2864 1190 2914 eorum,
1215 2850 1566 2919 providentia:
1593 2853 1868 2922 suaejnsta
1901 2862 1957 2908 et
1979 2851 2172 2906 ineﬂ'a-

601 2939 694 2994 biii
726 2939 958 3010 quadam
992 2942 1203 2993 ratione
1235 2938 1540 3010 dispensat.
1576 2939 1748 3007 Sicut,
1781 2943 1931 2998 verbi
1968 2943 2172 3012 gratia,

599 3031 653 3086 in
704 3032 926 3086 urbibus
987 3031 1218 3102 magnis,
1258 3032 1328 3085 -si
1383 3031 1474 3099 qui
1525 3031 1861 3101 indigniores
1918 3045 2064 3098 sunt,
2121 3045 2176 3092 et

598 3124 861 3178 abstrusa:
886 3125 1010 3178 vitae
1042 3140 1104 3178 ac
1129 3122 1437 3179 deterrima:
1469 3125 1717 3180 homines
1741 3165 1756 3192 ,
1796 3126 1986 3180 ultima
2020 3143 2170 3196 qure-
2200 3106 2244 3164 θ

598 3230 704 3286 que
730 3230 918 3286 Opera,
969 3225 1023 3271 et
1050 3217 1320 3272 laboriosa
1365 3219 1800 3274 condemnentur
1837 3221 2078 3289 operari,
2119 3229 2177 3275 et

601 3318 779 3362 tamen
831 3310 1133 3363 necessaria
1194 3319 1324 3363 sunt
1376 3309 1580 3364 civitati
1628 3310 1933 3380 hujusmodi
1982 3329 2172 3382 opera.

608 3399 761 3457 Verbi
795 3417 954 3457 eausa
980 3443 996 3469 ,
1029 3411 1122 3456 aut
1154 3401 1475 3458 fornacibus
1502 3403 1709 3458 lavacri
1740 3406 1805 3458 ad
1837 3408 2174 3461 succenden-

601 3493 878 3563 designes
905 3492 1239 3556 deserviunt,
1300 3502 1357 3548 ut
1407 3501 1462 3548 tu
1508 3494 1587 3548 vel
1629 3495 2034 3560 commoditate,
2091 3499 2174 3551 vel

601 3585 810 3641 deliciis
835 3583 1173 3655 perfruaris;
1208 3593 1303 3640 aut
1331 3586 1613 3641 cuniculos
1637 3595 1912 3657 purgant,
1944 3597 2039 3642 aut
2070 3589 2173 3642 alia

602 3675 911 3746 hujusmodi
941 3686 1154 3740 gerunt,
1195 3684 1253 3729 ιιι
1299 3675 1393 3728 tibi
1447 3676 1500 3730 itt
1543 3677 1680 3731 urbe
1720 3678 1816 3731 fiat
1845 3688 1900 3733 et
1939 3679 2178 3733 delecta-

600 3767 724 3822 bilis
757 3767 1039 3822 habitatio.
1087 3766 1154 3820 Et
1192 3766 1268 3821 illi
1300 3767 1518 3836 quidem
1555 3767 1638 3823 vel
1668 3779 1837 3839 agunt
1873 3787 1941 3825 ex
1982 3786 2178 3840 propoo

601 3859 727 3921 sito,
765 3859 850 3913 vel
880 3875 945 3913 ex
973 3859 1167 3912 merito
1194 3859 1473 3927 patiuntur
1503 3877 1517 3913 :
1547 3874 1682 3928 opus
1714 3871 1892 3916 tamen
1934 3863 2174 3933 ipsorum

602 3949 818 4019 proﬁcit
872 3951 938 4004 ad
988 3949 1276 4005 utilitatem
1315 3965 1503 4005 eorum
1555 3951 1752 4020 quibus
1783 3967 1903 4022 quae
1950 3955 2091 4012 bona
2120 3970 2174 4011 et

605 4043 757 4097 utilia
789 4053 935 4108 sunt,
978 4053 1259 4113 parantur.
1294 4043 1369 4096 ita
1397 4045 1587 4098 etlttec
1633 4044 1700 4099 de
1731 4046 1926 4114 quibus
1975 4067 2176 4122 prepo-

675 4161 720 4194 ⁸¹
760 4159 804 4215 ll
843 4157 986 4212 Tim.
1029 4174 1090 4223 tt,
1133 4158 1191 4214 5.
1265 4158 1310 4190 ⁵³
1351 4156 1394 4210 ll
1432 4157 1554 4212 Cor.
1594 4174 1666 4223 tv,
1711 4160 1798 4214 l7.

1873 4163 1919 4194 ⁸³
1955 4163 1999 4218 ιι
2037 4164 2244 4236 Τίιιι.ιι,
2285 4171 2376 4225 20.

2283 480 2459 524 tamen
2489 484 2554 524 ex
2583 471 2843 540 propositi
2897 471 3202 526 intentione
3250 485 3427 526 eorum
3455 477 3533 544 qui
3573 480 3632 535 de
3648 485 3737 540 lina.

2280 569 2406 613 runt
2429 574 2458 612 a
2481 559 2565 613 via
2594 570 2764 624 recta,
2799 559 3014 616 auferre
3044 561 3260 629 penitus
3291 562 3450 617 noluit
3479 581 3492 618 :
3525 573 3733 634 provides;

2279 653 2401 718 hoc,
2429 656 2571 721 quod
2599 653 2812 708 etiamsi
2855 653 2927 709 illi
2962 665 3108 710 esset
3138 655 3338 710 inutilis
3363 658 3449 726 qui
3469 673 3523 713 ea
3544 664 3735 729 utebatur.

2279 741 2483 798 faceret
2511 759 2630 800 eam
2666 754 2846 798 tamen
2879 745 3064 799 utilem
3109 745 3178 800 iis
3219 746 3488 802 adversum
3509 766 3618 818 quos
3639 771 3739 809 em.

2277 838 2522 892 cebatur.
2570 836 2636 890 Et
2685 836 2808 891 ideo
2839 835 3084 907 refugere
3118 837 3336 907 quidem
3381 841 3601 897 omnibus
3624 852 3737 902 tuo-lis

2277 931 2556 992 debemus,
2587 943 2653 984 ne
2682 943 2918 998 unquam
2955 929 3160 983 tnaiitia
3201 930 3493 984 inveniatur
3527 933 3570 986 in
3599 941 3736 996 nobis;

2277 1021 2331 1076 itt
2356 1019 2480 1074 aliis
2504 1025 2632 1073 vero
2654 1021 2876 1074 vincere
2905 1034 3024 1074 eam
3047 1059 3061 1082 ,
3091 1034 3194 1073 non
3224 1019 3481 1086 perimere
3505 1024 3738 1083 studendum

2276 1119 2380 1175 est;
2414 1110 2538 1180 quia
2598 1117 2652 1164 et
2708 1108 2808 1172 illi,
2857 1110 2908 1162 in
2963 1110 3164 1178 quibus
3215 1119 3300 1164 est
3349 1111 3556 1174 tnalitia,
3607 1118 3740 1185 aliquid

2279 1200 2568 1257 necessarii
2594 1201 2779 1269 operis
2807 1200 3096 1256 conferunt
3132 1200 3483 1256 universitati.
3515 1203 3629 1258 Nihil
3649 1213 3740 1261 enim

2276 1291 2532 1356 Otiosum,
2562 1291 2696 1345 nihil
2727 1291 2886 1344 inane
2917 1297 2996 1344 est
3023 1290 3161 1360 apud
3188 1289 3374 1355 Deum,
3404 1294 3521 1361 quia
3549 1297 3638 1350 sive
3656 1301 3743 1353 bona

2275 1383 2553 1452 proposito
2587 1383 2823 1437 hominis
2847 1385 3016 1438 utitur
3044 1384 3111 1438 ad
3146 1384 3319 1449 bona,
3357 1385 3465 1438 sive
3497 1386 3614 1442 malo
3636 1393 3740 1442 σεξιυτ

2275 1473 2343 1528 atl
2368 1472 2698 1528 necessaria.
2725 1471 2830 1528 Sed
2861 1474 3070 1529 beatior
3094 1473 3222 1538 eris,
3257 1473 3300 1526 si
3334 1475 3495 1543 magis
3518 1492 3572 1530 ex
3600 1481 3744 1533 virtuti-

2277 1566 2376 1619 bus
2402 1580 2522 1634 quze
2553 1565 2605 1618 in
2654 1573 2706 1618 te
2751 1573 2898 1630 sunt,
2955 1563 3260 1619 inveniatur
3288 1564 3411 1618 boni
3445 1567 3616 1635 aliquid
3636 1588 3680 1625 ex
3713 1587 3743 1628 te

2277 1658 2398 1712 vitae
2429 1657 2590 1726 hujus
2614 1657 2942 1711 universitas
2971 1657 3230 1726 consequi
3263 1674 3276 1708 :
3313 1657 3449 1712 sicut
3473 1659 3572 1723 illi,
3596 1663 3646 1715 de
3671 1669 3744 1731 qui-

3371 1769 3389 1803 t
3424 1750 3489 1806 Ut
3534 1754 3630 1809 sitis
3659 1760 3745 1813 sicut

2275 1846 2561 1899 luminaria
2586 1845 2638 1898 in
2658 1845 2760 1898 hoc
2786 1845 3005 1906 mundo,
3031 1845 3258 1898 verbum
3296 1843 3421 1898 vita:
3449 1847 3741 1902 continentem

2273 1939 2352 1990 Ad
2380 1937 2602 2007 gloriam
2636 1944 2760 1989 sunt
2800 1949 2930 2005 ergo
2961 1934 3272 1990 necessaria
3309 1933 3574 1988 luminaria
3611 1942 3743 1990 ttttlndo

2275 2029 2420 2082 huic.
2476 2027 2541 2081 Et
2595 2027 2723 2096 quid
2757 2037 2864 2080 tam
2896 2026 3240 2090 delectabile,
3286 2025 3415 2095 quid
3447 2035 3543 2078 tam
3578 2030 3745 2095 magnifi-

2273 2136 2419 2184 rum,
2475 2135 2636 2190 quam
2665 2135 2804 2187 opus
2829 2119 2982 2184 solis,
3014 2119 3097 2172 vel
3133 2120 3298 2185 lunae,
3343 2133 3373 2170 a
3422 2119 3593 2188 quibus
3617 2121 3744 2174 illumi-

2275 2220 2434 2270 natur
2485 2210 2760 2264 mundus?
2789 2210 2934 2279 Opus
2978 2220 3062 2264 est
3096 2218 3274 2264 tamen
3310 2210 3409 2278 ipsi
3444 2213 3613 2265 mundo
3641 2215 3745 2267 etiam

2273 2303 2478 2374 angelis
2507 2304 2596 2372 qui
2635 2304 2744 2357 sittt
2778 2317 2939 2371 super
2981 2301 3187 2358 bestias
3236 2301 3374 2373 (54),
3420 2313 3474 2356 et
3518 2305 3744 2374 angelisqui

2273 2392 2848 2462 praesintexercitibus
2873 2391 3126 2446 terrenis.
3169 2389 3320 2460 Opus
3360 2399 3443 2444 est
3499 2391 3662 2461 angelis
3695 2395 3748 2460 gn

2274 2485 2500 2554 praesint
2531 2484 2845 2538 animalium
2873 2483 3144 2537 nativitati
3169 2523 3184 2550 ,
3216 2483 3582 2554 virgultorum,
3610 2486 3746 2552 plauta-

2277 2579 2609 2645 tionnmque,
2658 2584 2714 2630 et
2739 2574 2952 2630 caeteris
3002 2573 3307 2642 pluralibus
3355 2575 3674 2628 incrementis.
3711 2575 3750 2627 ιι

2277 2683 2489 2722 rursum
2550 2666 2759 2735 angelis
2807 2680 2942 2736 opus
3001 2676 3106 2732 est,
3159 2667 3253 2736 qui
3319 2671 3535 2736 pnesint
3580 2672 3748 2737 operibus

2273 2757 2498 2824 sanctis,
2526 2759 2617 2829 qui
2665 2768 2880 2814 attenta:
2903 2759 3037 2814 lucis
3067 2759 3403 2816 intellectum
3433 2771 3483 2814 et
3507 2765 3749 2818 occultante

2275 2849 2371 2905 Dei
2426 2851 2793 2921 agnitionem,
2836 2865 2900 2907 ac
2950 2867 3136 2908 rerum
3185 2853 3496 2910 divinarum
3553 2859 3750 2912 scientiam

2276 2947 2524 3001 doceant.
2555 2946 2690 3001 Vide
2715 2961 2849 3017 ergo
2873 2960 2940 3001 ne
2973 2955 3026 3002 te
3054 2947 3170 3017 ipse
3195 2947 3373 3004 facias
3401 2950 3531 3004 inter
3554 2963 3630 3005 cos
3655 2963 3753 3018 augt-

2276 3039 2358 3095 los
2384 3040 2638 3106 inveniri,
2670 3041 2762 3110 qui
2794 3041 2981 3097 bestiis
3015 3053 3284 3112 praesunt,
3339 3045 3386 3100 si
3433 3045 3753 3100 belluinamda-

2281 3133 2426 3188 xeris
2465 3133 2630 3186 vitam
2659 3150 2674 3187 :
2709 3141 2803 3186 aut
2835 3133 2980 3188 inter
3003 3148 3118 3202 eos,
3168 3135 3265 3204 qui
3311 3137 3542 3192 terrenis
3585 3138 3754 3205 epentta

2281 3234 2543 3296 przcsunt,
2623 3225 2667 3279 si
2729 3238 2988 3295 corporea
3036 3235 3091 3280 et
3138 3236 3359 3283 terrena
3420 3229 3658 3284 dilexeris.
3694 3230 3755 3282 Set

2283 3328 2472 3386 satage
2519 3317 2788 3384 quomodo
2839 3315 3012 3386 magis
3058 3319 3360 3372 assumaris
3411 3320 3475 3372 ad
3524 3318 3753 3373 societatem

2282 3407 2561 3462 Michaelis
2586 3405 2921 3474 archangeli,
2941 3407 3030 3474 qtti
3053 3407 3332 3463 orationes
3353 3408 3514 3480 325
3538 3418 3754 3462 sanctam

2281 3514 2501 3570 semper
2520 3499 2676 3553 otl‘ert
2703 3498 2834 3553 Deo.
2865 3498 3177 3554 Assumeris
3205 3509 3394 3554 autem
3420 3501 3471 3554 in
3494 3502 3616 3554 hunc
3638 3514 3756 3552 nume-

2285 3608 2404 3646 rutn
2438 3592 2524 3646 vel
2558 3593 2609 3644 in
2645 3591 2788 3645 istud
2839 3591 3074 3645 oﬂicium
3099 3629 3115 3656 ,
3162 3592 3205 3646 si
3234 3593 3462 3647 insistas
3488 3605 3666 3661 semper
3686 3606 3760 3644 on-

2286 3683 2440 3744 tioni.
2473 3690 2527 3736 et
2550 3681 2736 3751 vigiles
2785 3681 2838 3734 in
2886 3695 2979 3745 ea,
3032 3692 3086 3734 et
3139 3680 3372 3750 impleas
3399 3683 3534 3751 quod
3561 3679 3759 3748 Apostolut

2286 3777 2468 3830 ait":
2509 3793 2529 3826 ι
2555 3775 2685 3830 Sine
2731 3773 3039 3828 cessatione
3093 3782 3341 3829 orantes.
3372 3793 3393 3826 ι
3456 3771 3543 3827 Vel
3587 3782 3697 3827 certe
3726 3781 3759 3819 rt

2283 3869 2584 3926 assumaris
2618 3869 2670 3922 itt
2697 3867 3016 3922 societatem
3049 3873 3105 3920 et
3133 3863 3374 3920 oﬂicium
3407 3859 3758 3932 Rapbaelis.1ni

2283 3961 2567 4018 medicinae
2593 3968 2787 4030 prmest
2819 3975 2833 4011 :
2861 3959 2904 4012 si
2943 3973 3066 4011 cum
3095 3956 3299 4011 videris
3337 3957 3562 4026 aliquem
3595 3955 3761 4006 vulnera-

2289 4067 2398 4112 tum
2427 4053 2684 4126 peccatis,
2715 4061 2769 4107 et
2795 4050 3008 4119 sagittis
3032 4048 3230 4104 diaboli
3267 4046 3760 4110 conﬁxum,adhilme-

2453 4168 2500 4201 “
2538 4167 2772 4235 Philipp.
2815 4180 2879 4230 tt,
2913 4164 3001 4232 l5,
3040 4161 3130 4218 l6.
3203 4162 3251 4195 ⁸⁸
3285 4163 3304 4218 ι
3342 4163 3533 4218 Thess.
3566 4179 3609 4228 ν,
3640 4161 3699 4215 li.

675 4275 788 4348 (54)
839 4273 982 4353 Opus
1013 4283 1090 4353 est
1123 4276 1424 4353 lamelt‘ipsi
1450 4275 1830 4353 mundo-etiam
1861 4280 2061 4353 angelis
2083 4284 2174 4346 qui
2208 4291 2249 4344 D
2280 4285 2452 4340 currit
2475 4281 2850 4353 providentia,
2897 4280 2977 4353 sic
3005 4280 3058 4334 in
3090 4279 3308 4334 czeteris
3336 4279 3642 4353 animalibus
3664 4289 3765 4344 getic-

595 4348 697 4416 aint
723 4355 880 4416 super
907 4350 1118 4409 bestias,
1147 4360 1252 4401 etc.
1277 4348 1512 4402 Consule
1539 4349 1896 4406 clarissimum
1923 4352 2177 4408 Huetium

595 4411 1033 4489 Origenianorunt
1060 4419 1151 4489 lib.
1184 4434 1244 4481 tt,
1275 4427 1465 4487 quaest.
1497 4435 1548 4480 v,
1583 4435 1737 4474 num.
1770 4423 1858 4477 ἓξ).
1903 4422 2178 4478 Ctnterutn

597 4486 738 4542 hanc
791 4504 946 4543 suam
989 4486 1246 4558 Origenes
1294 4486 1617 4542 Sententiam
1673 4491 1915 4547 hausisse
1963 4493 2178 4548 videtur

595 4574 660 4610 ex
701 4558 867 4624 Apoc.
910 4573 984 4619 Ix,
1030 4560 1166 4632 llfc
1207 4558 1272 4612 Et
1307 4559 1645 4632 habebant.»
1695 4561 2178 4632 locustzn__t_supcr

608 4635 669 4674 se
725 4620 907 4688 regem
927 4620 1216 4690 _angelum
1267 4622 1478 4690 abyssi.
1527 4623 1616 4676 cui
1673 4638 1872 4678 nomen
1905 4620 2169 4685 Ilehrait-e

607 4685 890 4762 Ahaddon,
917 4685 1105 4762 Graece
1128 4701 1306 4762 autem
1330 4685 1614 4762 Apollyon.
1636 4711 1655 4746 ι
1686 4703 1740 4747 et
1761 4708 1826 4748 ex
1855 4693 1949 4750 lib.
1978 4694 2168 4753 Pastoo

607 4761 679 4838 ris
707 4758 912 4814 Henna:
947 4760 1150 4838 visione
1184 4761 1240 4825 4,
1264 4758 1393 4832 cap.
1477 4758 1527 4813 εἰ
1553 4763 1692 4838 alisit
1721 4764 1978 4821 Dominus
2001 4784 2165 4838 augt--

607 4827 716 4901 lum
745 4843 902 4901 suum
937 4830 1028 4898 qui
1084 4839 1167 4884 est
1217 4827 1383 4901 super
1443 4833 1682 4897 bestias,
1739 4838 1828 4887 cui
1861 4827 2171 4892 nomenvest

607 4897 828 4976 liegritt.
859 4918 881 4976 ρ
917 4897 1254 4976 Animalibus
1284 4897 1339 4956 et
1363 4902 1804 4976 plantisangelos
1838 4906 1964 4959 item
2000 4911 2172 4976 prtuli-

605 4969 758 5046 ci_unt
784 4971 1155 5046 Athenagoras
1182 4969 1523 5046 Legatinprd
1546 4969 1863 5046 Christianis
1905 4969 2028 5046 pag.
2075 4980 2168 5041 Ξῖ,

607 5038 810 5095 citatus
838 5038 1164 5112 ablethodio
1192 5038 1332 5109 apud
1375 5038 1734 5111 Epiphanium
1782 5038 2166 5112 haeres-1.x”,

605 5123 757 5182 num.
817 5111 1006 5182 2|,Het
1052 5113 1190 5178 apud
1234 5112 1719 5182 l’hotiantgcodice
1761 5129 1992 5169 ccxxxtv
2031 5111 2170 5182 ,sub

606 5179 858 5254 initium;
913 5179 1246 5254 Epiphanius
1286 5183 1435 5254 libro
1483 5180 1556 5235 De
1596 5185 1857 5238 mensuris
1887 5199 1938 5240 et
1969 5179 2167 5254 ponde-

605 5248 774 5322 ribus,
812 5266 931 5318 cap.
962 5248 1076 5313 ‘22;
1115 5251 1486 5322 Theodoretus
1511 5265 1708 5322 quaest.
1757 5254 1826 5307 52
1864 5256 1920 5308 in
1969 5248 2164 5310 "Cenes.

608 5319 804 5398 laudern
832 5331 912 5398 est
939 5323 1205 5398 sententia
1233 5319 1720 5398 PlatOttieoruttt__i'tt
1744 5323 2168 5398 ΔΡυιΊιιιγικῘῐερὶ

603 5389 1114 5462 ἁποχῆςῄὲμψύχων
1151 5391 1244 5448 lib.
1277 5407 1338 5454 υ,
1376 5396 1469 5446 sed
1509 5389 2030 5462 diSplicuittnnltnm
2056 5389 2168 5450 urite

602 5461 786 5528 Opinio
819 5461 1146 5532 Hieronymo
1174 5462 1386 5532 qttiil‘ib.
1422 5477 1436 5514 l
1492 5461 1780 5516 Comment.
1811 5463 1863 5516 in
1896 5463 2166 5519 Ilabncuc.

605 5536 670 5582 atl
706 5547 849 5588 vers.
900 5533 966 5584 Η
1001 5529 1121 5602 cap.
1150 5529 1236 5587 If:
1269 5529 1336 5584 Et
1369 5533 1532 5600 [acies
1565 5532 1789 5587 hominis
1822 5536 1974 5600 quasi
2003 5536 2166 5602 pisces

605 5603 762 5654 muris
807 5612 854 5655 et
886 5604 1038 5670 quasi
1089 5604 1270 5672 reptile
1313 5620 1415 5656 non
1463 5604 1658 5655 habens
1702 5603 2010 5671 principem,
2046 5607 2163 5658 ait:

607 5687 627 5719 ι
661 5673 812 5728 Sicut
853 5676 1018 5744 igtlur
1048 5673 1099 5728 itt
1145 5673 1454 5729 hominibus
1486 5675 1651 5726 etiam
1679 5687 1773 5743 per
1802 5672 2044 5745 singulos
2077 5677 2168 5730 Dei

2279 4357 2447 4410 ralem
2480 4351 2701 4420 quidem
2735 4351 3142 4418 dispositionem
3169 4360 3226 4403 et
3255 4351 3504 4420 ordinem
3531 4359 3764 4420 cursumqat

2278 4440 2455 4478 rerum
2498 4415 2799 4490 intelligere
2821 4415 3138 4490 possumus;
3173 4420 3327 4473 verbi
3360 4419 3549 4488 gratia,
3575 4415 3764 4488 quernei:

2274 4503 2530 4548 nascatur
2587 4493 2814 4560 piscium
2868 4490 3191 4552 multitudo,
3257 4499 3316 4542 et
3365 4494 3515 4542 vivat
3554 4490 3599 4560 in
3637 4498 3762 4551 aqua;

2272 4564 2542 4626 quomodo
2567 4558 2776 4628 reptilia
2815 4569 2870 4616 et
2897 4560 3272 4630 quadrupedia
3311 4563 3559 4614 oriantur
3583 4558 3626 4610 in
3655 4567 3765 4608 tem.

2273 4643 2330 4687 et
2355 4634 2556 4703 quibus
2577 4633 2796 4703 alantur
2827 4629 2988 4703 cibis.
3031 4629 3307 4684 Caeterum
3351 4630 3761 4703 alisurduuteslad

2274 4701 2385 4758 hoe‘
2405 4704 2494 4775 Dei
2520 4702 2786 4756 deducere
2817 4701 3177 4775 majestatetn,
3206 4709 3264 4752 nt
3293 4701 3435 4753 sciat
3459 4714 3548 4767 per
3575 4705 3763 4775 moment:

2273 4774 2482 4842 singula
2513 4781 2645 4839 quot
2675 4780 2973 4842 nascantur
3001 4770 3204 4824 culices
3226 4780 3485 4837 ,‘quotvc
3524 4770 3762 4842 moriantur.

2271 4838 2392 4911 quae
2418 4838 2669 4896 cimicunt
2710 4850 2766 4894 et
2801 4840 3036 4909 pulicutn
3069 4850 3124 4894 et
3175 4855 3488 4893 muscarum
3516 4839 3580 4890 sit
3608 4838 3648 4887 iu
3671 4845 3764 4910 tem

2272 4913 2605 4976 multitudo;
2635 4914 2822 4979 quanti
2853 4912 3031 4980 pisces
3064 4911 3117 4964 itt
3148 4926 3288 4980 aqua
3323 4919 3543 4972 natent,
3566 4915 3611 4960 ct
3634 4911 3762 4980 quia

2273 4971 2602 5038 minoribus
2639 4971 2904 5050 titajoruin
2943 4983 3138 5051 praeda:
3183 4971 3655 5051 cedererdebeanl.

2271 5054 2446 5106 simus
2482 5062 2590 5106 tam
2626 5051 2758 5105 fatui
2800 5050 3113 5105 adulatores
3141 5050 3255 5112 Dei,
3293 5060 3354 5102 ιιι
3385 5050 3507 5103 dunt
3553 5051 3765 5120 nomine

2271 5123 2389 5192 ejus
2419 5123 2585 5175 etiam
2645 5123 2711 5174 ad
2771 5123 2878 5174 itna
2915 5122 3287 5192 detrahimus,
3313 5120 3370 5172 in
3415 5133 3509 5171 nos
3541 5122 3658 5192 ipsos
3680 5125 3770 5174 wil'

2276 5190 2402 5247 riosi
2443 5194 2651 5257 simus;
2683 5192 2932 5246 eamdem
2987 5190 3395 5244 rationabiliutn
3438 5203 3588 5257 quam
3615 5190 3767 5257 inarm-

2274 5263 2536 5316 nabiliutn
2573 5251 2974 5330 providentiam
3003 5276 3124 5315 esse
3148 5261 3421 5332 dicentes.
3457 5251 3531 5309 Ex
3562 5268 3651 5332 quo
3681 5251 3767 5332 illth

2274 5333 2361 5386 ille
2396 5333 2739 5402 apocryphus
2768 5331 3013 5384 stultitiae
3041 5331 3492 5384 condemnandus
3521 5330 3768 5402 ciuili)!“

2271 5387 2536 5473 seripiutn
2563 5387 2668 5465 est,
2697 5402 2986 5473 quentdatn
3012 5401 3262 5471 angelum
3297 5414 3521 5473 nctntue
3540 5397 3633 5473 Tir}
3659 5387 3766 5473 (if-“-

2274 5467 2489 5542 θηρίου)
2537 5467 2767 5540 praeesse
2830 5467 3139 5541 reptiltbus,
3189 5480 3246 5526 et
3292 5472 3355 5542 in
3417 5469 3551 5542 hanc
3590 5467 3772 5542 sinuin!!-

2272 5541 2732 5617 dinetnpiscibus
2758 5558 2977 5611 quoque
3007 5553 3065 5617 et
3101 5541 3394 5617 arboribus
3436 5552 3491 5592 et
3526 5541 3757 5617 hestttsum

2274 5613 2450 5666 versis
2483 5615 2736 5685 proprios
2769 5621 2821 5667 in
2859 5614 3163 5666 custodiam
3202 5612 3427 5682 angelos
3464 5612 3765 5678 assigaaws-t
