3914 6512
187 366 268 424 631

1315 355 1379 409 ΙΝ
1412 354 1740 412 NUMEROS
1778 356 2061 411 HOMILIA
2102 357 2238 412 XIV.

3289 362 3393 419 682’.

188 485 252 539 ris
278 477 602 535 curationum
650 492 958 533 sermonem
1002 492 1067 533 ac
1098 477 1246 532 verbi
1296 478 1385 531 Dei
1428 478 1723 532 contuleris
1752 482 1792 537 Α
1830 490 2079 543 magnum
2137 473 2404 545 proferret
2442 474 2507 530 ad
2539 484 2747 545 gentes,
2806 490 2912 529 non
2976 485 3080 529 tam
3126 480 3296 532 corde
3345 492 3400 533 et

188 572 498 637 medicinam,
548 579 610 623 ut
641 572 849 639 peccati
904 571 1133 627 vulnera
1194 585 1289 640 per
1339 570 1718 639 paenitentiam

185 680 340 728 sanes,
371 670 425 715 et
460 662 778 716 medicinam
814 664 1168 718 confessionis
1196 663 1469 718 ostendas.
1508 660 1568 716 Si
1601 663 1723 731 quis

183 771 295 811 vero
322 752 616 820 huiusmodi
650 770 813 823 opera
863 756 914 809 in
969 756 1071 809 hoc
1128 756 1329 809 nmndo
1354 757 1484 824 agit,
1522 757 1638 824 ipse
1666 772 1724 810 se

184 850 376 919 praebet,
401 857 458 898 ut
488 846 540 898 in
585 846 764 901 futuro
801 848 1000 902 szecnlo
1031 866 1127 903 vas
1161 850 1444 903 elecuonis
1467 890 1481 911 ,
1513 859 1565 902 et
1592 849 1723 903 utile

186 941 386 995 Domino
411 943 475 990 ad
507 953 667 993 omne
698 955 836 1009 opus
862 943 1061 995 bonum
1107 952 1353 1006 paratum
1376 958 1404 994 a
1429 941 1725 997 Conditore

184 1033 417 1085 formetur
444 1031 512 1083 ⁸⁸.
547 1029 601 1083 Si
638 1046 765 1085 vero
802 1035 1074 1086 contraria
1112 1045 1288 1101 gerat,
1320 1048 1415 1086 vas
1443 1034 1508 1085 ad
1533 1045 1725 1087 contu-

182 1123 370 1175 meliam
407 1120 600 1173 divina:
632 1122 976 1190 semetipsum
1003 1125 1267 1191 praebebit
1311 1124 1723 1192 dispensationi.

182 1216 239 1268 Ει
266 1220 532 1280 propterea
593 1221 719 1280 puto
755 1212 805 1265 in
844 1213 1047 1267 divinis
1105 1214 1467 1267 voluminibus
1524 1215 1723 1283 scripta

178 1321 283 1361 esse
308 1314 357 1355 et
390 1303 654 1357 bonormn
680 1313 851 1372 gesta,
883 1314 936 1358 et
960 1307 1248 1371 malorum,
1288 1316 1340 1361 et
1368 1323 1432 1362 ex
1463 1307 1723 1375 sinistris,

178 1411 224 1454 et
247 1397 438 1451 dextris
469 1398 684 1451 actibus
716 1396 1031 1467 Scripturas
1066 1400 1275 1453 divinas
1321 1415 1440 1454 esse
1496 1409 1724 1455 contex-

179 1504 267 1556 tas,
300 1499 353 1541 ut
385 1489 751 1557 intelligamus
786 1492 909 1558 quia
973 1493 1111 1560 apml
1165 1493 1329 1545 Deum
1385 1492 1556 1546 otiosa
1617 1507 1724 1546 non

176 1592 300 1646 Sttttl,
333 1595 433 1635 nec
472 1582 738 1635 malorum
794 1596 980 1649 opera,
1038 1599 1135 1636 nec
1189 1585 1472 1637 bonorum.
1524 1582 1723 1638 Verum

174 1691 301 1729 nunc
325 1682 447 1741 post
493 1688 774 1728 excessum
808 1674 1095 1743 plurinnnn
1135 1677 1375 1744 quidem,
1413 1677 1508 1730 sed
1547 1692 1726 1732 causae

172 1767 543 1829 necessarium,
581 1767 864 1820 redeamus
893 1767 959 1819 ad
992 1767 1353 1835 propositum.

231 1858 279 1913 5.
309 1857 525 1909 Balaam
561 1856 669 1919 hic,
702 1867 761 1911 ut
785 1858 1032 1925 superius
1057 1859 1313 1921 diximus,
1343 1859 1561 1913 divinus
1586 1869 1722 1925 erat,

170 1950 455 2002 daunonnm
484 1948 699 2002 scilicet
735 1948 1072 2011 ministerio,
1108 1958 1161 2001 et
1190 1958 1303 2003 arte
1338 1952 1545 2020 magica
1586 1967 1723 2006 non-

170 2052 425 2106 nunquam
478 2036 658 2092 lutnra
721 2053 1083 2106 praenoscens.
1132 2040 1374 2109 [tegatur
1436 2057 1465 2095 a
1523 2041 1723 2096 Balach

167 2147 280 2200 rege
301 2132 363 2185 ad
385 2130 820 2185 maledicendum
840 2130 1038 2198 populo
1063 2131 1249 2193 Israel,
1284 2131 1446 2199 legati
1480 2133 1723 2196 veniunt,

169 2219 467 2272 divinacula
511 2220 563 2272 in
600 2219 852 2272 manibus
891 2219 1091 2282 ferunt,
1130 2231 1273 2274 stant
1308 2224 1552 2277 attonita:
1588 2238 1721 2292 gen-

169 2323 258 2373 tes,
282 2321 334 2364 et
365 2312 564 2373 anxiae,
588 2320 967 2379 exspectantes
984 2312 1110 2380 quid
1134 2315 1455 2382 respondeat
1483 2314 1724 2382 Balaam,

162 2406 220 2458 de
257 2418 358 2471 quo
405 2418 730 2471 persuasum
786 2403 1057 2457 habebant
1102 2406 1244 2472 quod
1289 2406 1484 2476 dignus
1531 2408 1727 2462 divinis

162 2495 439 2563 colloquiis
461 2496 772 2548 haberetur.
810 2495 943 2548 Vide
985 2511 1129 2550 nunc
1161 2499 1428 2566 quomodo
1458 2500 1724 2568 sapientia

164 2583 247 2637 Dei
270 2598 361 2637 vas
394 2582 543 2637 istud
564 2586 627 2635 ad
653 2585 1038 2638 contumeliam
1075 2598 1433 2655 prmparatum
1462 2590 1729 2658 proﬁcere

162 2677 277 2731 fecit
306 2677 371 2731 ad
400 2678 694 2731 utilitatem
724 2693 828 2730 non
859 2677 1033 2732 Solum
1063 2680 1241 2746 gentis
1271 2681 1451 2747 unius,
1471 2683 1563 2736 sed
1590 2698 1728 2751 pene

162 2770 317 2823 totius
345 2769 540 2823 mundi
564 2786 577 2820 :
602 2779 655 2821 et
689 2769 813 2823 huic
839 2769 925 2823 cui
956 2769 1206 2824 solebant
1234 2770 1401 2826 videri
1432 2775 1725 2838 dazmones,

160 2863 360 2917 videtur
401 2862 568 2928 Deus,
601 2862 901 2931 prohibens
934 2863 1059 2916 mali
1107 2865 1290 2931 operis
1345 2864 1469 2919 iter.
1526 2866 1727 2937 Stupe-

159 2960 253 3011 scit
288 2958 537 3023 Balaam,
566 2968 620 3013 et
660 2958 889 3011 miratur
932 2958 1274 3026 prohibentis
1314 2964 1725 3022 anetoritatem.

158 3053 262 3105 Non
315 3050 471 3105 enim
525 3053 734 3107 solebat
791 3052 987 3105 malum
1036 3054 1369 3109 daemonibus
1417 3057 1727 3126 displicere.

1826 582 2014 631 sensu,
2061 582 2222 635 quam
2279 581 2377 621 ore
2424 577 2478 621 et
2531 584 2784 623 sermone
2839 579 3130 639 portatum.
3171 571 3276 626 Sed
3332 589 3400 627 ne

1828 675 1923 728 per
1961 659 2171 729 singula
2222 659 2597 724 immoremur,
2651 677 2755 717 non
2801 663 2947 717 enim
2996 663 3255 733 temporis
3312 677 3401 720 est

1826 762 2019 806 cuncta
2049 752 2296 813 dissolvi,
2330 768 2559 807 ascensa
2598 753 2747 807 asina
2775 768 2871 807 sua
2908 754 3121 808 Balaam
3152 756 3263 811 ibat
3305 772 3401 825 per

1825 844 2003 909 viam;
2036 845 2279 898 occurrit
2308 846 2357 898 ei
2390 844 2631 914 angelus,
2654 844 2740 899 ille
2761 845 2881 899 sine
2905 847 3068 901 dubio
3096 849 3187 916 qui
3211 849 3399 903 aderat

1828 936 1950 991 ﬁliis
1973 936 2157 994 Israel.
2193 938 2379 1005 Aperit
2418 952 2480 992 os
2510 938 2675 992 asina:
2703 978 2717 1000 ,
2762 948 2819 991 nt
2863 950 3123 1007 arguatur
3156 957 3252 1010 per
3277 957 3398 995 eam

1829 1028 2063 1091 Balaam,
2107 1039 2162 1082 et
2200 1029 2328 1082 nmti
2367 1028 2590 1097 pecudis
2630 1029 2854 1082 vocibus
2881 1028 3192 1084 confutetur
3222 1033 3266 1087 is
3307 1034 3399 1102 qui

1827 1113 2041 1167 divinus
2062 1113 2346 1168 videbatur
2375 1125 2429 1168 et
2456 1116 2693 1184 sapiens.

1896 1204 1949 1257 4.
1991 1204 2187 1258 Verum
2220 1215 2342 1274 post
2374 1207 2487 1260 Iuec
2537 1208 2871 1263 conveniens
2894 1210 3003 1277 jam
3038 1211 3266 1277 videtur,
3303 1215 3404 1268 ali-

1827 1315 1933 1368 qua
1954 1299 2116 1353 etiam
2146 1300 2212 1354 de
2243 1300 2498 1369 allegoria
2528 1302 2875 1370 contingere.
2906 1303 3123 1358 Balaam
3153 1308 3261 1371 hic,
3308 1309 3403 1376 qui

1829 1393 2217 1461 interpretatur
2246 1395 2472 1461 populus
2505 1412 2671 1449 vanus
2708 1395 2844 1468 (56),
2872 1398 3087 1452 videtur
3115 1400 3243 1455 mihi
3285 1415 3405 1469 per-

1829 1501 2019 1539 sonam
2067 1487 2269 1541 habere
2296 1489 2599 1542 scribarum
2640 1497 2695 1542 et
2747 1489 3149 1546 Pharismornm
3196 1490 3403 1547 Judaici

1830 1579 2030 1645 populi.
2080 1578 2277 1632 Balach
2332 1593 2493 1641 vero,
2555 1579 2645 1646 qui
2701 1581 2936 1635 exclusio
2989 1582 3071 1635 vel
3132 1582 3405 1636 devoratio

1831 1672 2221 1738 interpretatur
2248 1669 2384 1739 (57),
2417 1681 2469 1723 et
2498 1670 2612 1738 ipse
2648 1685 2934 1739 personam
2971 1673 3174 1727 habere
3205 1674 3405 1729 intelli-

1830 1764 2036 1834 gendus
2064 1772 2145 1816 est
2180 1763 2339 1816 unius
2398 1760 2628 1828 alicujus
2676 1764 2963 1832 spirituum
3014 1767 3195 1820 mundi
3247 1767 3407 1837 hujus

1829 1853 2120 1907 contrariae
2162 1852 2472 1920 potestatis,
2531 1865 2651 1919 qum
2703 1851 2995 1907 excludere
3044 1863 3099 1907 et
3142 1854 3406 1909 devorare

1828 1945 2013 2015 cupiat
2037 1944 2225 2004 lsrael.
2272 1959 2379 1997 non
2412 1958 2536 1998 eum
2570 1942 2663 2011 qui
2702 1944 2998 1999 secundum
3042 1960 3264 2001 carnem
3299 1955 3402 2010 est,

1829 2038 1921 2092 sed
1979 2052 2103 2091 eum
2156 2036 2246 2104 qui
2311 2036 2608 2090 secundum
2672 2037 2943 2104 spiritum.
3014 2035 3215 2092 Volens
3274 2053 3406 2107 ergo

1830 2137 2073 2195 potestas
2128 2128 2229 2181 ista
2272 2128 2546 2181 contraria
2594 2128 2760 2182 deleri
2790 2137 2844 2183 et
2884 2129 3096 2198 penitus
3128 2131 3403 2198 exstingui

1830 2218 2128 2286 spiritalem
2181 2217 2363 2279 Israel,
2396 2233 2500 2270 non
2556 2218 2679 2272 aliis
2730 2220 2901 2273 utitur
2939 2221 3241 2285 ministris,
3299 2221 3405 2275 nisi

1832 2310 2176 2380 pontiﬁcibus
2213 2320 2260 2362 et
2295 2310 2494 2365 scribis
2529 2325 2591 2365 ac
2644 2311 2933 2367 Pliariszeis
2964 2330 2978 2367 :
3010 2314 3155 2381 ipsos
3190 2313 3404 2373 invitat,

1832 2406 1960 2473 ipsis
1986 2405 2289 2459 mercedem
2319 2405 2585 2472 promittit
2611 2414 2659 2460 et
2692 2406 2936 2473 praemia.
2972 2405 3051 2458 llli
3084 2419 3236 2470 vero,
3263 2403 3407 2458 sicut

1832 2498 1932 2551 iste
1978 2497 2191 2550 Balaam
2246 2497 2396 2560 facit,
2434 2497 2694 2552 simulant
2751 2512 2809 2551 se
2860 2507 3056 2551 cuncta
3114 2498 3180 2551 ad
3240 2498 3403 2551 Deum

1832 2588 2035 2644 referre
2062 2598 2119 2643 et
2163 2589 2282 2643 zelo
2324 2589 2415 2643 Dei
2454 2603 2639 2658 agere.
2681 2588 2877 2643 Dicunt
2921 2589 3067 2643 enim
3105 2588 3150 2619 ‘°
3190 2606 3206 2642 :
3242 2588 3410 2643 Scru-

1833 2691 1949 2735 tare
1983 2680 2318 2751 Scriptnras,
2368 2690 2425 2734 et
2484 2681 2606 2733 vide
2645 2681 2772 2748 quia
2817 2681 3078 2749 propheta
3118 2695 3148 2734 a
3182 2679 3405 2734 Galilma

1835 2788 1938 2827 non
1973 2774 2166 2843 surgit.
2197 2775 2260 2827 Et
2303 2775 2495 2828 iterum
2527 2773 2717 2827 dicunt
2738 2774 2780 2804 ⁵³
2817 2789 2829 2827 :
2868 2791 2886 2825 ‹
2911 2771 3019 2827 Nos
3046 2772 3216 2842 legem
3247 2772 3410 2827 habe-

1834 2879 1974 2929 nms,
2015 2874 2070 2918 et
2101 2865 2395 2918 secundum
2429 2864 2601 2931 legem
2652 2863 2814 2919 debet
2849 2864 3005 2929 mori,
3056 2865 3183 2934 quia
3211 2864 3406 2920 Filium

1835 2960 1926 3014 Dei
1958 2974 2019 3013 se
2057 2957 2204 3012 fecit.
2243 2978 2261 3011 ι
2308 2957 2411 3012 Per
2450 2973 2571 3027 quae
2620 2958 2830 3029 singula
2891 2959 3141 3013 videntur
3188 2960 3404 3027 quidem

1835 3050 2029 3104 scribae
2062 3058 2117 3104 et
2149 3048 2407 3104 Pharisaei
2449 3048 2623 3103 zelum
2646 3049 2744 3103 Dei
2775 3050 2996 3116 habere,
3052 3052 3146 3105 sed
3187 3050 3408 3106 simula-

158 3147 253 3198 Sed
287 3147 490 3198 iterum
535 3144 763 3199 remittit
804 3144 1040 3212 legatos,
1074 3146 1301 3211 dicens,
1339 3163 1445 3201 non
1483 3164 1542 3203 se
1572 3164 1729 3218 posse
1757 3160 1800 3219 ε
1837 3152 1969 3197 tum.
2016 3141 2182 3197 Asina
2211 3156 2360 3204 vera.
2416 3142 2501 3196 cui
2560 3144 2790 3198 sedebat
2843 3143 3088 3208 Balaam.
3145 3144 3401 3212 quoniam

157 3238 351 3302 facere,
385 3238 495 3292 nisi
526 3239 751 3292 verbum
781 3241 923 3305 quod
955 3238 1095 3292 Deus
1142 3238 1356 3292 dederit
1395 3239 1449 3293 in
1486 3255 1547 3295 os
1590 3241 1729 3310 ejus.

159 3328 397 3383 Redeunt
427 3344 623 3383 rursus
650 3328 807 3399 legati
829 3370 844 3394 ,
877 3330 1069 3382 iterum
1100 3330 1351 3397 requirit,
1385 3331 1581 3384 iterum
1613 3348 1728 3387 mo-

157 3423 319 3476 lestus
346 3432 459 3485 est,
494 3432 550 3476 et
585 3423 779 3475 iterum
819 3425 969 3492 cupit
999 3424 1206 3478 audire.
1242 3424 1355 3478 Non
1388 3429 1538 3480 eiiim
1576 3427 1736 3483 facile

157 3516 375 3581 cupidus
400 3515 746 3570 mercedibus
772 3526 944 3570 caret.
974 3516 1111 3582 Quid
1138 3531 1269 3585 ergo
1303 3518 1455 3572 audit
1494 3521 1735 3574 secundo

154 3623 180 3658 a
230 3607 374 3661 Deo?
425 3627 444 3659 ι
501 3606 560 3659 Si
607 3621 837 3671 vocare,
882 3606 1056 3676 inquit
1084 3607 1151 3670 ⁸⁷,
1192 3619 1457 3662 venerunt
1489 3610 1737 3664 homines

155 3699 260 3759 isti,
312 3714 502 3769 surge,
556 3708 610 3752 et
659 3699 793 3751 vade
836 3712 960 3751 cum
1013 3698 1115 3751 eis.
1157 3715 1177 3749 ι
1234 3697 1289 3751 In
1324 3712 1435 3766 quo
1469 3698 1733 3754 voluntati

151 3790 365 3857 quidem
387 3789 712 3859 cupiditatis
739 3789 856 3858 ejus
879 3789 1024 3842 cedit
1076 3789 1240 3852 Deus,
1288 3798 1348 3841 ut
1389 3790 1733 3857 compleatur

153 3880 277 3933 illud
305 3881 457 3950 quod
497 3881 759 3949 scriptum
789 3890 870 3934 est
905 3880 951 3911 ⁸⁸
988 3900 999 3934 :
1038 3899 1055 3932 ι
1079 3880 1289 3934 Dimisit
1316 3896 1411 3936 eos
1438 3882 1489 3934 in
1518 3882 1732 3936 deside-

150 3974 225 4026 ria
253 3976 443 4030 contis
467 3990 684 4040 eorum,
717 3975 871 4030 ibunt
903 3975 954 4027 in
982 3973 1354 4027 voluntatibus
1380 3974 1494 4028 suis
1527 3974 1675 4043 (55);
1713 3991 1731 4024 ι

150 4065 242 4117 sed
265 4074 452 4119 tamen
481 4066 768 4118 consilium
795 4065 993 4119 divina:
1017 4064 1442 4134 dispensationis
1460 4066 1735 4133 expletur.

148 4154 359 4211 Dicitur
415 4158 569 4212 enim
622 4158 686 4210 ad
735 4159 923 4210 eum"
956 4176 969 4212 :
1005 4176 1021 4209 ι
1068 4158 1302 4212 Verbum
1377 4158 1740 4227 quodcunque

149 4248 349 4302 dedero
384 4250 440 4303 in
480 4263 579 4303 ore
612 4261 729 4309 tuo,
763 4250 861 4302 hoc
896 4249 1155 4318 loqueris.
1203 4268 1220 4299 ι
1284 4248 1339 4303 Si
1380 4251 1575 4320 dignus
1610 4250 1741 4305 luis-

145 4354 226 4397 set
262 4342 520 4405 Balaam,
572 4344 797 4395 verbum
842 4357 996 4393 sunm
1046 4342 1186 4395 Deus
1215 4358 1319 4397 non
1369 4342 1420 4394 in
1472 4358 1569 4396 ore
1599 4344 1741 4412 ejus,

148 4434 241 4485 sed
284 4435 340 4488 in
376 4434 555 4488 corde
597 4432 886 4501 posuisset.
926 4432 1077 4486 Nunc
1127 4446 1305 4487 autem
1367 4437 1625 4502 quoniam
1685 4435 1740 4489 in

1836 3235 2119 3306 Scriptura
2164 3236 2297 3291 dicit
2343 3236 2426 3289 “z
2463 3234 2764 3289 «Homines
2820 3244 2875 3288 et
2922 3233 3167 3302 jumenta
3226 3233 3408 3289 salvos

1838 3328 2023 3397 facies,
2066 3330 2341 3393 Domine,»
2380 3341 2442 3382 ea
2485 3341 2611 3396 pars
2651 3326 2989 3381 credentium
3023 3335 3202 3395 potest
3246 3326 3409 3380 intel-

1839 3420 1951 3490 ligi,
2008 3435 2128 3489 qua!
2178 3420 2292 3474 sive
2357 3434 2453 3487 pro
2486 3417 2736 3481 stultitia,
2792 3416 2906 3470 sive
2944 3431 3040 3484 pro
3077 3416 3409 3480 innocentia,

1840 3519 2163 3573 animalibus
2231 3523 2597 3584 comparatur.
2674 3515 2768 3570 Sic
2815 3516 2962 3569 enim
3020 3524 3074 3570 et
3121 3515 3411 3584 Apostolus

1840 3609 1974 3662 dicit
2012 3608 2055 3639 ⁸³
2094 3621 2110 3661 :
2148 3626 2164 3659 ι
2190 3607 2379 3661 Videte
2405 3612 2590 3659 autem
2624 3604 2964 3658 vocationem
2994 3614 3255 3669 vestram,
3297 3604 3409 3659 l'ra~

1844 3707 1975 3761 tres,
2006 3697 2136 3766 quia
2170 3711 2274 3749 non
2309 3694 2457 3748 multi
2489 3694 2635 3747 inter
2666 3708 2761 3750 vos
2788 3695 3082 3763 sapientes,
3118 3710 3223 3748 non
3259 3695 3412 3749 multi

1844 3797 2115 3858 potentes,
2148 3802 2252 3842 non
2283 3787 2435 3840 multi
2481 3785 2713 3850 nobiles,
2771 3789 2864 3840 sed
2919 3800 3041 3854 quae
3085 3786 3249 3840 stulta
3288 3798 3418 3840 sunt

1843 3880 2025 3934 mundi
2054 3880 2219 3949 elegit
2248 3881 2405 3945 Dens,
2426 3878 2792 3934 utconl‘undat
2810 3877 3103 3947 sapientes.
3130 3877 3252 3932 olsti
3278 3893 3412 3947 ergo

1848 3972 2001 4037 tales,
2037 3972 2179 4026 sicut
2205 3972 2514 4043 evangelica
2542 3986 2662 4040 quae
2696 3972 2747 4024 in
2780 3971 3051 4039 parabolis
3082 3971 3410 4041 agebantur,

1845 4073 1991 4131 gesta
2016 4064 2320 4133 designant,
2342 4064 2409 4117 ab
2441 4062 2557 4117 istis
2578 4061 2829 4131 pessimis
2857 4061 3091 4117 dominis
3134 4061 3334 4117 scribis
3350 4075 3414 4114 ac

1849 4155 2139 4209 Pharisaais
2156 4154 2383 4222 subjecti
2404 4154 2578 4223 qnoda
2590 4153 2804 4207 mmodo
2824 4152 3143 4207 tenebantur
3156 4160 3214 4207 et
3231 4152 3416 4216 vincti,

1847 4248 1939 4302 sed
1968 4263 1995 4300 a
2038 4248 2260 4301 Domino
2292 4246 2594 4308 solvuntur,
2614 4258 2719 4298 non
2752 4244 2969 4313 quidem
2998 4258 3093 4312 per
3118 4245 3292 4311 ipsum
3316 4242 3419 4296 Do-

1850 4342 2078 4407 minum,
2117 4340 2208 4395 sed
2241 4355 2336 4407 per
2366 4336 2662 4405 discipulos
2694 4335 2831 4402 ejus.
2862 4334 3003 4389 Dicit
3025 4336 3170 4389 enim
3208 4336 3323 4404 ipse
3352 4336 3419 4388 ad

1852 4432 2147 4502 discipulos
2195 4433 2276 4483 “z
2310 4450 2327 4482 ι
2356 4430 2432 4485 lte
2481 4430 2533 4484 in
2567 4430 2765 4491 vicum,
2798 4429 2891 4496 qui
2922 4436 3003 4481 est
3043 4436 3233 4481 contra
3280 4442 3376 4482 vos
3408 4445 3421 4480 :

146 4527 312 4581 corde
367 4526 496 4594 ejus
527 4526 858 4580 desiderium
899 4526 1164 4579 mercedis
1193 4535 1334 4588 erat,
1374 4534 1428 4579 et
1479 4527 1745 4596 cupiditas
1778 4505 1823 4559 D
1853 4523 2015 4596 325
2051 4532 2107 4577 et
2154 4521 2445 4576 invenietis
2478 4520 2685 4573 asinam
2732 4518 3007 4587 alligatam
3039 4555 3055 4580 ,
3108 4526 3165 4571 et
3219 4515 3422 4584 pullum

146 4620 422 4687 pecunim,
461 4616 691 4672 verbum
722 4617 815 4670 Dei
842 4633 945 4669 non
979 4617 1029 4669 in
1059 4617 1254 4679 corde,
1302 4618 1394 4671 sed
1424 4618 1473 4670 in
1506 4634 1601 4671 ore
1630 4617 1747 4685 ejus

146 4709 394 4777 ponitur.
431 4709 714 4779 Agebatur
758 4709 901 4759 enim
938 4708 1071 4759 mira
1122 4717 1177 4760 et
1223 4723 1417 4776 magna
1467 4708 1749 4778 dispensa-

148 4806 321 4870 tione,
365 4814 429 4858 ιη
464 4805 726 4874 quoniam
768 4803 1156 4873 prophetarum
1190 4802 1389 4867 verba,
1438 4818 1557 4871 qua:
1603 4804 1746 4857 intra

147 4896 329 4947 aulam
362 4896 795 4950 continebantur
819 4894 1173 4949 Israeliticam
1197 4933 1210 4957 ,
1244 4895 1309 4945 ad
1343 4904 1529 4962 gentes
1558 4911 1751 4962 perve-

148 4990 268 5043 nire
299 5005 413 5042 non
450 4997 731 5058 pmerant,
766 5003 860 5056 per
890 4986 1108 5041 Balaam
1157 4988 1240 5041 cui
1276 4985 1407 5040 ﬁdes
1435 4986 1502 5039 ab
1535 4987 1752 5039 univer-

148 5080 224 5135 sis
255 5081 534 5151 gentibus
567 5080 889 5142 habebatur,
936 5080 1343 5133 innotescerth
1381 5079 1542 5131 etiam
1578 5078 1754 5130 natio.

147 5178 314 5232 nibus
375 5183 603 5231 secreta
654 5177 719 5228 de
750 5173 968 5228 Christo
1003 5172 1280 5242 mysteria,
1333 5179 1386 5224 et
1437 5170 1751 5224 thesaurum

222 5294 270 5324 ⁸⁸
312 5294 358 5348 ll
405 5295 558 5350 Tim.
602 5309 660 5354 It,
703 5294 793 5346 21.
871 5293 914 5323 ⁸⁷
958 5292 1118 5346 Num.
1160 5306 1292 5354 xm,
1332 5289 1421 5343 20.

146 5364 189 5395 ⁶¹
231 5364 405 5420 Joan.
456 5379 577 5430 xu,
620 5365 666 5416 7.
747 5365 791 5395 δ’
820 5364 959 5418 Psal.
1001 5379 1164 5425 xxxv,
1193 5363 1246 5419 7.

220 5478 347 5551 (55)
410 5479 515 5551 Sic
560 5491 708 5551 recte
741 5479 901 5532 habet
931 5481 1100 5532 codex
1156 5477 1343 5551 Sancti
1407 5476 1759 5551 Theoderici.

148 5548 335 5615 Alias,
368 5569 388 5601 ι
420 5550 482 5601 in
521 5550 788 5605 desiderio
820 5551 1000 5604 cordis
1034 5563 1224 5603 eorum
1247 5590 1260 5612 ,
1304 5548 1458 5601 ibunt
1495 5548 1547 5601 in
1598 5548 1757 5602 volu-

149 5623 404 5691 ptatibus
440 5621 582 5674 suis.
614 5643 633 5673 ο

222 5714 347 5785 (56)
408 5714 649 5767 Balaam
698 5717 785 5783 qui
849 5716 1224 5781 interpretatur
1301 5726 1533 5767 POPULUS
1571 5723 1755 5765 VANL’S.

147 5807 321 5861 Forte
359 5822 392 5859 a
434 5788 592 5863 5'72.
640 5807 907 5869 confudit,
960 5805 1193 5873 miscuit,
1252 5822 1268 5854 ι
1313 5810 1365 5858 et
1396 5809 1478 5864 DY
1529 5816 1545 5849 ι
1588 5814 1761 5868 popu-

408 5900 545 5959 Pu
560 5916 697 5959 nOL.
736 5899 853 5958 Gn.
892 5898 1008 5958 ΧΗ

1535 5290 1581 5321 ⁵⁸
1621 5290 1762 5343 Psal.
1806 5302 1990 5349 LXXXI,
2033 5283 2115 5335 12.

1321 5362 1364 5392 ⁸³
1405 5361 1423 5413 Ι
1461 5359 1588 5413 Cor.
1623 5376 1661 5427 ι,
1702 5361 1792 5426 26,
1832 5360 1921 5413 27.

1856 4616 1994 4682 ejus,
2027 4613 2303 4668 solventes
2332 4611 2605 4664 adducite.
2645 4628 2664 4659 ι
2706 4609 2855 4663 Sicut
2891 4622 3019 4677 ergo
3050 4607 3101 4661 in
3132 4606 3422 4676 Evangelia

1857 4721 1961 4761 non
1992 4706 2108 4775 ipse
2153 4702 2445 4766 Dominus,
2498 4702 2590 4755 sed
2636 4700 2884 4769 discipuli
2921 4699 3135 4755 solvunt
3166 4700 3373 4754 asinam
3405 4718 3417 4751 :

1857 4798 1929 4852 ita
1959 4805 2012 4851 et
2038 4796 2128 4850 hic
2159 4810 2264 4847 non
2301 4792 2369 4847 ab
2406 4807 2469 4845 eo
2504 4792 2656 4860 ipso,
2700 4792 2795 4847 sed
2838 4794 2906 4844 ab
2946 4791 3138 4861 angelo
3186 4792 3425 4861 aperitur

1856 4903 1920 4943 os
1953 4888 2121 4942 asinm
2156 4904 2168 4941 :
2210 4894 2263 4938 et
2314 4884 2455 4937 sicut
2501 4884 2551 4935 in
2609 4883 2916 4952 Evangeliis
2954 4883 3047 4950 qui
3101 4896 3209 4936 non
3243 4882 3428 4936 vident

1859 4990 2091 5053 arguunt
2139 4980 2387 5031 videntes
2428 4991 2443 5030 :
2489 4976 2561 5027 ita
2600 4985 2654 5029 et
2684 4974 2791 5040 hic,
2835 4975 2925 5043 qui
2961 4972 3094 5028 muti
3127 4980 3304 5036 erant,
3342 4986 3428 5025 ar-

1858 5083 2030 5145 guunt
2083 5072 2390 5139 loquentes.
2443 5068 2509 5120 Et
2552 5067 2653 5121 hoc
2682 5075 2797 5132 est,
2825 5066 2970 5134 quod
3000 5064 3258 5120 Dominus
3286 5064 3431 5117 dice—

1860 5167 1953 5221 bat
1988 5165 2032 5205 "
2067 5183 2080 5218 :
2118 5181 2136 5212 σ
2169 5162 2349 5226 Pater,
2379 5160 2582 5230 gratias
2615 5173 2716 5231 ago
2749 5157 2880 5225 tibi,
2912 5156 3165 5227 quoniam
3193 5154 3430 5211 abscon-

2228 5283 2274 5312 ³⁸
2310 5278 2468 5333 Num.
2510 5294 2660 5341 xx",
2716 5275 2808 5331 9.0.
2922 5275 2965 5305 ⁶⁰
3005 5272 3157 5326 Joan.
3204 5284 3299 5331 vti,
3340 5268 3428 5322 41.

1997 5354 2042 5386 ⁸⁸
2083 5353 2268 5407 Matth.
2313 5366 2429 5415 XXI,
2467 5351 2524 5403 2.
2600 5349 2646 5379 θ’
2680 5347 2871 5401 Matth.
2908 5360 2984 5407 x1,
3020 5343 3111 5398 25.

1866 5476 2002 5535 lusu
2034 5474 2119 5527 vel
2140 5487 2167 5524 a
2186 5454 2259 5530 '7:
2280 5489 2298 5521 ι
2327 5483 2432 5541 non
2460 5487 2477 5520 ι
2519 5476 2671 5541 etny
2698 5456 2989 5541 «populus,
3016 5459 3115 5541 rid
3140 5465 3248 5517 est,
3280 5470 3431 5541 opo-

1870 5534 2025 5609 pnlus
2052 5543 2250 5597 nullus.
2290 5562 2307 5591 ι
2348 5538 2593 5593 Μάταιον
2644 5534 2773 5589 λαόν
2827 5534 2988 5586 etiam
3041 5534 3433 5609 interpretatur

1869 5596 2023 5669 ἴδιιὶιό
2057 5615 2148 5668 lib.
2180 5612 2253 5665 De
2287 5611 2594 5680 confusione
2621 5609 2940 5673 linguarum,
2978 5616 3098 5669 pag.
3132 5596 3258 5651 268.

1940 5707 2050 5776 (57)
2084 5704 2281 5758 Rulach
2313 5718 2431 5756 vero
2469 5700 2831 5769 quisxcwsro
2854 5692 2930 5746 vel
2952 5690 3440 5744 usvonartointer-

1866 5811 2122 5869 pretatur.
2147 5795 2309 5851 Forte
2344 5809 2373 5847 ει
2403 5776 2514 5856 D5:
2549 5808 2565 5840 ι
2594 5786 2915 5847 exinanivit,
2944 5780 3195 5834 exclusit.
3234 5800 3250 5831 ι

2896 5874 2976 5935 22
