  <div class='ocr_page' id='page_1' title='image "/cluster/home/n/w/nwhite01/storage/ocr_20150623/12/hvd.32044019207638/345.png"; bbox 0 0 3914 6522; ppageno 0'>
   <div class='ocr_carea' id='block_1_1' title="bbox 537 362 643 417">
    <p class='ocr_par' dir='ltr' id='par_1_1' title="bbox 537 362 643 417">
     <span class='ocr_line' id='line_1_1' title="bbox 537 362 643 417; baseline 0 0"><span class='ocrx_word' id='word_1_1' title='bbox 537 362 643 417; x_wconf 78' lang='grc'><strong>685</strong></span> 
     </span>
    </p>
   </div>
   <div class='ocr_carea' id='block_1_2' title="bbox 1972 347 3699 434">
    <p class='ocr_par' dir='ltr' id='par_1_2' title="bbox 1972 347 3699 434">
     <span class='ocr_line' id='line_1_2' title="bbox 1972 347 3699 434; baseline -0.001 -19"><span class='ocrx_word' id='word_1_2' title='bbox 1972 357 2292 415; x_wconf 69' lang='lat' dir='ltr'><strong>ornamus</strong></span> <span class='ocrx_word' id='word_1_3' title='bbox 2861 347 2865 352; x_wconf 77' lang='lat'><strong>‘</strong></span> <span class='ocrx_word' id='word_1_4' title='bbox 3622 377 3699 434; x_wconf 64' lang='grc' dir='ltr'><strong>εει</strong></span> 
     </span>
    </p>
   </div>
   <div class='ocr_carea' id='block_1_3' title="bbox 537 471 3699 553">
    <p class='ocr_par' dir='ltr' id='par_1_3' title="bbox 537 471 3699 553">
     <span class='ocr_line' id='line_1_3' title="bbox 537 471 3699 553; baseline 0.003 -22"><span class='ocrx_word' id='word_1_5' title='bbox 537 475 663 531; x_wconf 89' lang='lat' dir='ltr'><strong>disti</strong></span> <span class='ocrx_word' id='word_1_6' title='bbox 701 475 814 528; x_wconf 63' lang='lat' dir='ltr'><strong>haec</strong></span> <span class='ocrx_word' id='word_1_7' title='bbox 842 471 1174 542; x_wconf 76' lang='lat' dir='ltr'><strong>sapientibus</strong></span> <span class='ocrx_word' id='word_1_8' title='bbox 1203 483 1255 526; x_wconf 87' lang='lat' dir='ltr'><strong>et</strong></span> <span class='ocrx_word' id='word_1_9' title='bbox 1285 473 1660 542; x_wconf 88' lang='lat' dir='ltr'><strong>prudentibus,</strong></span> <span class='ocrx_word' id='word_1_10' title='bbox 1682 483 1737 528; x_wconf 91' lang='lat' dir='ltr'><strong>et</strong></span> <span class='ocrx_word' id='word_1_11' title='bbox 1763 473 2011 530; x_wconf 76' lang='lat' dir='ltr'><strong>revelasti</strong></span> <span class='ocrx_word' id='word_1_12' title='bbox 2039 489 2101 527; x_wconf 89' lang='lat' dir='ltr'><strong>ea</strong></span> <span class='ocrx_word' id='word_1_13' title='bbox 2135 477 2176 532; x_wconf 78' lang='grc' dir='ltr'>Α</span> <span class='ocrx_word' id='word_1_14' title='bbox 2209 473 2444 528; x_wconf 89' lang='lat' dir='ltr'><strong>adventu</strong></span> <span class='ocrx_word' id='word_1_15' title='bbox 2489 476 2692 533; x_wconf 85' lang='lat' dir='ltr'><strong>Christi</strong></span> <span class='ocrx_word' id='word_1_16' title='bbox 2740 482 2993 547; x_wconf 78' lang='lat' dir='ltr'><strong>mysteria</strong></span> <span class='ocrx_word' id='word_1_17' title='bbox 3039 483 3220 538; x_wconf 89' lang='lat' dir='ltr'><strong>futura</strong></span> <span class='ocrx_word' id='word_1_18' title='bbox 3255 487 3580 553; x_wconf 85' lang='lat' dir='ltr'><strong>pronuntiat,</strong></span> <span class='ocrx_word' id='word_1_19' title='bbox 3609 506 3699 546; x_wconf 82' lang='lat' dir='ltr'><strong>cum</strong></span> 
     </span>
    </p>
   </div>
   <div class='ocr_carea' id='block_1_4' title="bbox 536 564 2101 640">
    <p class='ocr_par' dir='ltr' id='par_1_4' title="bbox 536 564 2101 640">
     <span class='ocr_line' id='line_1_4' title="bbox 536 564 2101 640; baseline -0.003 -18"><span class='ocrx_word' id='word_1_20' title='bbox 536 568 805 640; x_wconf 83' lang='lat' dir='ltr'><strong>parvulis.</strong></span> <span class='ocrx_word' id='word_1_21' title='bbox 842 583 860 616; x_wconf 77' lang='grc' dir='ltr'><strong><em>ι</em></strong></span> <span class='ocrx_word' id='word_1_22' title='bbox 899 564 1100 619; x_wconf 74' lang='lat' dir='ltr'><strong>Scribze</strong></span> <span class='ocrx_word' id='word_1_23' title='bbox 1131 573 1307 618; x_wconf 82' lang='lat' dir='ltr'><strong>autem</strong></span> <span class='ocrx_word' id='word_1_24' title='bbox 1339 574 1393 619; x_wconf 90' lang='lat' dir='ltr'><strong>et</strong></span> <span class='ocrx_word' id='word_1_25' title='bbox 1424 564 1679 619; x_wconf 73' lang='lat' dir='ltr'><strong>Pharismi</strong></span> <span class='ocrx_word' id='word_1_26' title='bbox 1704 573 1858 618; x_wconf 89' lang='lat' dir='ltr'><strong>erant</strong></span> <span class='ocrx_word' id='word_1_27' title='bbox 1895 565 1986 634; x_wconf 88' lang='lat' dir='ltr'><strong>qui</strong></span> <span class='ocrx_word' id='word_1_28' title='bbox 2019 579 2101 618; x_wconf 90' lang='lat' dir='ltr'><strong>se-</strong></span> 
     </span>
    </p>
   </div>
   <div class='ocr_carea' id='block_1_5' title="bbox 537 657 2105 728">
    <p class='ocr_par' dir='ltr' id='par_1_5' title="bbox 537 657 2105 728">
     <span class='ocr_line' id='line_1_5' title="bbox 537 657 2105 728; baseline -0.004 -11"><span class='ocrx_word' id='word_1_29' title='bbox 537 664 741 717; x_wconf 89' lang='lat' dir='ltr'><strong>debant</strong></span> <span class='ocrx_word' id='word_1_30' title='bbox 779 673 943 728; x_wconf 86' lang='lat' dir='ltr'><strong>super</strong></span> <span class='ocrx_word' id='word_1_31' title='bbox 978 659 1188 712; x_wconf 89' lang='lat' dir='ltr'><strong>asinam</strong></span> <span class='ocrx_word' id='word_1_32' title='bbox 1237 658 1397 721; x_wconf 89' lang='lat' dir='ltr'><strong>hanc,</strong></span> <span class='ocrx_word' id='word_1_33' title='bbox 1443 670 1496 712; x_wconf 88' lang='lat' dir='ltr'><strong>et</strong></span> <span class='ocrx_word' id='word_1_34' title='bbox 1533 657 1788 712; x_wconf 86' lang='lat' dir='ltr'><strong>tenebant</strong></span> <span class='ocrx_word' id='word_1_35' title='bbox 1837 673 1956 711; x_wconf 86' lang='lat' dir='ltr'><strong>eam</strong></span> <span class='ocrx_word' id='word_1_36' title='bbox 1986 659 2105 712; x_wconf 90' lang='lat' dir='ltr'><strong>vin-</strong></span> 
     </span>
    </p>
   </div>
   <div class='ocr_carea' id='block_1_6' title="bbox 536 748 2100 821">
    <p class='ocr_par' dir='ltr' id='par_1_6' title="bbox 536 748 2100 821">
     <span class='ocr_line' id='line_1_6' title="bbox 536 748 2100 821; baseline -0.006 -12"><span class='ocrx_word' id='word_1_37' title='bbox 536 765 705 809; x_wconf 92' lang='lat' dir='ltr'><strong>ctam.</strong></span> <span class='ocrx_word' id='word_1_38' title='bbox 743 751 882 820; x_wconf 83' lang='lat' dir='ltr'><strong>Ipsis</strong></span> <span class='ocrx_word' id='word_1_39' title='bbox 907 765 1037 820; x_wconf 85' lang='lat' dir='ltr'><strong>ergo</strong></span> <span class='ocrx_word' id='word_1_40' title='bbox 1073 750 1330 805; x_wconf 80' lang='lat' dir='ltr'><strong>irascitur</strong></span> <span class='ocrx_word' id='word_1_41' title='bbox 1359 751 1599 821; x_wconf 90' lang='lat' dir='ltr'><strong>angelus,</strong></span> <span class='ocrx_word' id='word_1_42' title='bbox 1626 758 1680 804; x_wconf 89' lang='lat' dir='ltr'><strong>et</strong></span> <span class='ocrx_word' id='word_1_43' title='bbox 1721 748 1824 804; x_wconf 83' lang='lat' dir='ltr'><strong>nisi</strong></span> <span class='ocrx_word' id='word_1_44' title='bbox 1868 749 2100 818; x_wconf 91' lang='lat' dir='ltr'><strong>quodam</strong></span> 
     </span>
    </p>
   </div>
   <div class='ocr_carea' id='block_1_7' title="bbox 538 840 2104 914">
    <p class='ocr_par' dir='ltr' id='par_1_7' title="bbox 538 840 2104 914">
     <span class='ocr_line' id='line_1_7' title="bbox 538 840 2104 914; baseline -0.006 -13"><span class='ocrx_word' id='word_1_45' title='bbox 538 846 842 901; x_wconf 85' lang='lat' dir='ltr'><strong>futurorum</strong></span> <span class='ocrx_word' id='word_1_46' title='bbox 872 851 1182 914; x_wconf 90' lang='lat' dir='ltr'><strong>prospectu,</strong></span> <span class='ocrx_word' id='word_1_47' title='bbox 1219 843 1340 898; x_wconf 91' lang='lat' dir='ltr'><strong>illos</strong></span> <span class='ocrx_word' id='word_1_48' title='bbox 1367 843 1582 912; x_wconf 86' lang='lat' dir='ltr'><strong>quidem</strong></span> <span class='ocrx_word' id='word_1_49' title='bbox 1615 841 1962 912; x_wconf 88' lang='lat' dir='ltr'><strong>peremisset,</strong></span> <span class='ocrx_word' id='word_1_50' title='bbox 1997 840 2104 894; x_wconf 89' lang='lat' dir='ltr'><strong>asi-</strong></span> 
     </span>
    </p>
   </div>
   <div class='ocr_carea' id='block_1_8' title="bbox 538 934 2101 1004">
    <p class='ocr_par' dir='ltr' id='par_1_8' title="bbox 538 934 2101 1004">
     <span class='ocr_line' id='line_1_8' title="bbox 538 934 2101 1004; baseline -0.003 -13"><span class='ocrx_word' id='word_1_51' title='bbox 538 953 661 992; x_wconf 90' lang='lat' dir='ltr'><strong>nam</strong></span> <span class='ocrx_word' id='word_1_52' title='bbox 696 947 875 991; x_wconf 88' lang='lat' dir='ltr'><strong>autem</strong></span> <span class='ocrx_word' id='word_1_53' title='bbox 903 945 1198 1000; x_wconf 81' lang='lat' dir='ltr'><strong>servasset,</strong></span> <span class='ocrx_word' id='word_1_54' title='bbox 1220 949 1341 1004; x_wconf 86' lang='lat' dir='ltr'><strong>quae</strong></span> <span class='ocrx_word' id='word_1_55' title='bbox 1360 935 1516 1001; x_wconf 84' lang='lat' dir='ltr'><strong>vidit,</strong></span> <span class='ocrx_word' id='word_1_56' title='bbox 1544 942 1600 988; x_wconf 91' lang='lat' dir='ltr'><strong>et</strong></span> <span class='ocrx_word' id='word_1_57' title='bbox 1618 934 1849 988; x_wconf 76' lang='lat' dir='ltr'><strong>reverita</strong></span> <span class='ocrx_word' id='word_1_58' title='bbox 1874 943 1956 986; x_wconf 88' lang='lat' dir='ltr'><strong>est</strong></span> <span class='ocrx_word' id='word_1_59' title='bbox 1980 947 2101 986; x_wconf 89' lang='lat' dir='ltr'><strong>eum</strong></span> 
     </span>
    </p>
   </div>
   <div class='ocr_carea' id='block_1_9' title="bbox 533 1022 2104 1098">
    <p class='ocr_par' dir='ltr' id='par_1_9' title="bbox 533 1022 2104 1098">
     <span class='ocr_line' id='line_1_9' title="bbox 533 1022 2104 1098; baseline -0.003 -18"><span class='ocrx_word' id='word_1_60' title='bbox 533 1028 626 1098; x_wconf 85' lang='lat' dir='ltr'><strong>qui</strong></span> <span class='ocrx_word' id='word_1_61' title='bbox 651 1026 798 1080; x_wconf 85' lang='lat' dir='ltr'><strong>venit</strong></span> <span class='ocrx_word' id='word_1_62' title='bbox 836 1026 888 1079; x_wconf 93' lang='lat' dir='ltr'><strong>in</strong></span> <span class='ocrx_word' id='word_1_63' title='bbox 925 1025 1167 1087; x_wconf 89' lang='lat' dir='ltr'><strong>vineam,</strong></span> <span class='ocrx_word' id='word_1_64' title='bbox 1191 1033 1246 1078; x_wconf 90' lang='lat' dir='ltr'><strong>et</strong></span> <span class='ocrx_word' id='word_1_65' title='bbox 1268 1032 1376 1077; x_wconf 84' lang='lat' dir='ltr'><strong>stat</strong></span> <span class='ocrx_word' id='word_1_66' title='bbox 1407 1024 1548 1079; x_wconf 91' lang='lat' dir='ltr'><strong>inter</strong></span> <span class='ocrx_word' id='word_1_67' title='bbox 1579 1024 1785 1078; x_wconf 87' lang='lat' dir='ltr'><strong>vineas.</strong></span> <span class='ocrx_word' id='word_1_68' title='bbox 1819 1022 2104 1091; x_wconf 85' lang='lat' dir='ltr'><strong>Compres-</strong></span> 
     </span>
    </p>
   </div>
   <div class='ocr_carea' id='block_1_10' title="bbox 533 1114 2098 1187">
    <p class='ocr_par' dir='ltr' id='par_1_10' title="bbox 533 1114 2098 1187">
     <span class='ocr_line' id='line_1_10' title="bbox 533 1114 2098 1187; baseline -0.005 -13"><span class='ocrx_word' id='word_1_69' title='bbox 533 1120 604 1174; x_wconf 86' lang='lat' dir='ltr'><strong>sit</strong></span> <span class='ocrx_word' id='word_1_70' title='bbox 642 1127 819 1172; x_wconf 91' lang='lat' dir='ltr'><strong>tamen</strong></span> <span class='ocrx_word' id='word_1_71' title='bbox 877 1117 1039 1187; x_wconf 90' lang='lat' dir='ltr'><strong>pedes</strong></span> <span class='ocrx_word' id='word_1_72' title='bbox 1088 1115 1333 1171; x_wconf 85' lang='lat' dir='ltr'><strong>sedentis</strong></span> <span class='ocrx_word' id='word_1_73' title='bbox 1366 1130 1530 1185; x_wconf 86' lang='lat' dir='ltr'><strong>super</strong></span> <span class='ocrx_word' id='word_1_74' title='bbox 1570 1130 1631 1169; x_wconf 90' lang='lat' dir='ltr'><strong>se</strong></span> <span class='ocrx_word' id='word_1_75' title='bbox 1676 1117 1730 1168; x_wconf 91' lang='lat' dir='ltr'><strong>in</strong></span> <span class='ocrx_word' id='word_1_76' title='bbox 1766 1114 2098 1167; x_wconf 89' lang='lat' dir='ltr'><strong>maceriam:</strong></span> 
     </span>
    </p>
   </div>
   <div class='ocr_carea' id='block_1_11' title="bbox 533 1203 2102 1275">
    <p class='ocr_par' dir='ltr' id='par_1_11' title="bbox 533 1203 2102 1275">
     <span class='ocr_line' id='line_1_11' title="bbox 533 1203 2102 1275; baseline -0.005 -12"><span class='ocrx_word' id='word_1_77' title='bbox 533 1219 587 1264; x_wconf 84' lang='lat' dir='ltr'><strong>et</strong></span> <span class='ocrx_word' id='word_1_78' title='bbox 615 1209 734 1263; x_wconf 89' lang='lat' dir='ltr'><strong>ideo</strong></span> <span class='ocrx_word' id='word_1_79' title='bbox 767 1207 907 1262; x_wconf 89' lang='lat' dir='ltr'><strong>forte</strong></span> <span class='ocrx_word' id='word_1_80' title='bbox 934 1221 1038 1260; x_wconf 92' lang='lat' dir='ltr'><strong>non</strong></span> <span class='ocrx_word' id='word_1_81' title='bbox 1077 1215 1251 1275; x_wconf 87' lang='lat' dir='ltr'><strong>potest</strong></span> <span class='ocrx_word' id='word_1_82' title='bbox 1307 1205 1586 1259; x_wconf 88' lang='lat' dir='ltr'><strong>ambulare</strong></span> <span class='ocrx_word' id='word_1_83' title='bbox 1633 1203 1720 1259; x_wconf 91' lang='lat' dir='ltr'><strong>ille</strong></span> <span class='ocrx_word' id='word_1_84' title='bbox 1766 1203 1882 1272; x_wconf 86' lang='lat' dir='ltr'><strong>ejus</strong></span> <span class='ocrx_word' id='word_1_85' title='bbox 1923 1217 2102 1257; x_wconf 82' lang='lat' dir='ltr'><strong>sessor</strong></span> 
     </span>
    </p>
   </div>
   <div class='ocr_carea' id='block_1_12' title="bbox 535 1294 2102 1370">
    <p class='ocr_par' dir='ltr' id='par_1_12' title="bbox 535 1294 2102 1370">
     <span class='ocr_line' id='line_1_12' title="bbox 535 1294 2102 1370; baseline -0.005 -14"><span class='ocrx_word' id='word_1_86' title='bbox 535 1301 814 1370; x_wconf 89' lang='lat' dir='ltr'><strong>antiquus,</strong></span> <span class='ocrx_word' id='word_1_87' title='bbox 851 1313 952 1354; x_wconf 90' lang='lat' dir='ltr'><strong>nec</strong></span> <span class='ocrx_word' id='word_1_88' title='bbox 979 1299 1167 1352; x_wconf 92' lang='lat' dir='ltr'><strong>venire</strong></span> <span class='ocrx_word' id='word_1_89' title='bbox 1197 1297 1261 1350; x_wconf 92' lang='lat' dir='ltr'><strong>ad</strong></span> <span class='ocrx_word' id='word_1_90' title='bbox 1291 1311 1435 1360; x_wconf 91' lang='lat' dir='ltr'><strong>eum,</strong></span> <span class='ocrx_word' id='word_1_91' title='bbox 1469 1299 1556 1366; x_wconf 91' lang='lat' dir='ltr'><strong>qui</strong></span> <span class='ocrx_word' id='word_1_92' title='bbox 1589 1297 1719 1350; x_wconf 86' lang='lat' dir='ltr'><strong>dicit</strong></span> <span class='ocrx_word' id='word_1_93' title='bbox 1743 1297 1787 1327; x_wconf 77' lang='lat'>°°</span> <span class='ocrx_word' id='word_1_94' title='bbox 1815 1315 1826 1348; x_wconf 94' lang='lat'>:</span> <span class='ocrx_word' id='word_1_95' title='bbox 1864 1314 1879 1346; x_wconf 81' lang='grc' dir='ltr'>ι</span> <span class='ocrx_word' id='word_1_96' title='bbox 1917 1294 2102 1349; x_wconf 83' lang='lat' dir='ltr'><strong>Venite</strong></span> 
     </span>
    </p>
   </div>
   <div class='ocr_carea' id='block_1_13' title="bbox 535 1385 2099 1458">
    <p class='ocr_par' dir='ltr' id='par_1_13' title="bbox 535 1385 2099 1458">
     <span class='ocr_line' id='line_1_13' title="bbox 535 1385 2099 1458; baseline -0.005 -12"><span class='ocrx_word' id='word_1_97' title='bbox 535 1393 602 1446; x_wconf 89' lang='lat' dir='ltr'><strong>ad</strong></span> <span class='ocrx_word' id='word_1_98' title='bbox 634 1406 740 1454; x_wconf 90' lang='lat' dir='ltr'><strong>mc,</strong></span> <span class='ocrx_word' id='word_1_99' title='bbox 783 1402 974 1444; x_wconf 88' lang='lat' dir='ltr'><strong>onmes</strong></span> <span class='ocrx_word' id='word_1_100' title='bbox 1005 1387 1096 1458; x_wconf 82' lang='lat' dir='ltr'><strong>qui</strong></span> <span class='ocrx_word' id='word_1_101' title='bbox 1123 1387 1386 1441; x_wconf 85' lang='lat' dir='ltr'><strong>laboratis</strong></span> <span class='ocrx_word' id='word_1_102' title='bbox 1407 1395 1462 1440; x_wconf 89' lang='lat' dir='ltr'><strong>et</strong></span> <span class='ocrx_word' id='word_1_103' title='bbox 1487 1387 1692 1440; x_wconf 82' lang='lat' dir='ltr'><strong>onerati</strong></span> <span class='ocrx_word' id='word_1_104' title='bbox 1719 1386 1870 1440; x_wconf 88' lang='lat' dir='ltr'><strong>estis.</strong></span> <span class='ocrx_word' id='word_1_105' title='bbox 1893 1405 1909 1436; x_wconf 84' lang='lat' dir='ltr'><strong>r</strong></span> <span class='ocrx_word' id='word_1_106' title='bbox 1934 1385 2099 1440; x_wconf 85' lang='lat' dir='ltr'><strong>Asina</strong></span> 
     </span>
    </p>
   </div>
   <div class='ocr_carea' id='block_1_14' title="bbox 535 1478 2100 1548">
    <p class='ocr_par' dir='ltr' id='par_1_14' title="bbox 535 1478 2100 1548">
     <span class='ocr_line' id='line_1_14' title="bbox 535 1478 2100 1548; baseline -0.004 -11"><span class='ocrx_word' id='word_1_107' title='bbox 535 1493 712 1538; x_wconf 91' lang='lat' dir='ltr'><strong>tamen</strong></span> <span class='ocrx_word' id='word_1_108' title='bbox 744 1482 916 1546; x_wconf 86' lang='lat' dir='ltr'><strong>venit,</strong></span> <span class='ocrx_word' id='word_1_109' title='bbox 957 1479 1190 1534; x_wconf 81' lang='lat' dir='ltr'><strong>adducta</strong></span> <span class='ocrx_word' id='word_1_110' title='bbox 1224 1493 1253 1532; x_wconf 89' lang='lat' dir='ltr'><strong>a</strong></span> <span class='ocrx_word' id='word_1_111' title='bbox 1286 1479 1562 1548; x_wconf 86' lang='lat' dir='ltr'><strong>discipulis</strong></span> <span class='ocrx_word' id='word_1_112' title='bbox 1587 1521 1602 1545; x_wconf 93' lang='lat'><strong>,</strong></span> <span class='ocrx_word' id='word_1_113' title='bbox 1633 1487 1686 1532; x_wconf 89' lang='lat' dir='ltr'><strong>et</strong></span> <span class='ocrx_word' id='word_1_114' title='bbox 1722 1478 1805 1532; x_wconf 90' lang='lat' dir='ltr'><strong>cui</strong></span> <span class='ocrx_word' id='word_1_115' title='bbox 1845 1487 1974 1531; x_wconf 91' lang='lat' dir='ltr'><strong>tunc</strong></span> <span class='ocrx_word' id='word_1_116' title='bbox 2015 1490 2100 1530; x_wconf 86' lang='lat' dir='ltr'><strong>se-</strong></span> 
     </span>
    </p>
   </div>
   <div class='ocr_carea' id='block_1_15' title="bbox 532 1566 2100 1637">
    <p class='ocr_par' dir='ltr' id='par_1_15' title="bbox 532 1566 2100 1637">
     <span class='ocr_line' id='line_1_15' title="bbox 532 1566 2100 1637; baseline -0.007 -7"><span class='ocrx_word' id='word_1_117' title='bbox 532 1575 696 1630; x_wconf 86' lang='lat' dir='ltr'><strong>debat</strong></span> <span class='ocrx_word' id='word_1_118' title='bbox 728 1573 947 1626; x_wconf 88' lang='lat' dir='ltr'><strong>Balaam</strong></span> <span class='ocrx_word' id='word_1_119' title='bbox 1007 1570 1274 1625; x_wconf 88' lang='lat' dir='ltr'><strong>mercedis</strong></span> <span class='ocrx_word' id='word_1_120' title='bbox 1309 1570 1579 1637; x_wconf 87' lang='lat' dir='ltr'><strong>cupidus,</strong></span> <span class='ocrx_word' id='word_1_121' title='bbox 1632 1583 1775 1622; x_wconf 92' lang='lat' dir='ltr'><strong>nunc</strong></span> <span class='ocrx_word' id='word_1_122' title='bbox 1832 1567 1880 1621; x_wconf 92' lang='lat' dir='ltr'><strong>ei</strong></span> <span class='ocrx_word' id='word_1_123' title='bbox 1947 1566 2100 1621; x_wconf 86' lang='lat' dir='ltr'><strong>sedet</strong></span> 
     </span>
    </p>
   </div>
   <div class='ocr_carea' id='block_1_16' title="bbox 531 1656 2096 1728">
    <p class='ocr_par' dir='ltr' id='par_1_16' title="bbox 531 1656 2096 1728">
     <span class='ocr_line' id='line_1_16' title="bbox 531 1656 2096 1728; baseline -0.007 -8"><span class='ocrx_word' id='word_1_124' title='bbox 531 1664 707 1720; x_wconf 81' lang='lat' dir='ltr'><strong>Jesus.</strong></span> <span class='ocrx_word' id='word_1_125' title='bbox 740 1663 851 1718; x_wconf 88' lang='lat' dir='ltr'><strong>Nec</strong></span> <span class='ocrx_word' id='word_1_126' title='bbox 880 1662 1093 1716; x_wconf 88' lang='lat' dir='ltr'><strong>mireris</strong></span> <span class='ocrx_word' id='word_1_127' title='bbox 1116 1662 1159 1715; x_wconf 91' lang='lat' dir='ltr'><strong>si</strong></span> <span class='ocrx_word' id='word_1_128' title='bbox 1189 1674 1309 1714; x_wconf 90' lang='lat' dir='ltr'><strong>eum</strong></span> <span class='ocrx_word' id='word_1_129' title='bbox 1339 1673 1495 1728; x_wconf 84' lang='lat' dir='ltr'><strong>quem</strong></span> <span class='ocrx_word' id='word_1_130' title='bbox 1528 1657 1763 1712; x_wconf 80' lang='lat' dir='ltr'><strong>diximus</strong></span> <span class='ocrx_word' id='word_1_131' title='bbox 1793 1656 2096 1711; x_wconf 88' lang='lat' dir='ltr'><strong>scribarum</strong></span> 
     </span>
    </p>
   </div>
   <div class='ocr_carea' id='block_1_17' title="bbox 530 1748 2097 1823">
    <p class='ocr_par' dir='ltr' id='par_1_17' title="bbox 530 1748 2097 1823">
     <span class='ocr_line' id='line_1_17' title="bbox 530 1748 2097 1823; baseline -0.008 -12"><span class='ocrx_word' id='word_1_132' title='bbox 530 1767 588 1811; x_wconf 91' lang='lat' dir='ltr'><strong>et</strong></span> <span class='ocrx_word' id='word_1_133' title='bbox 615 1757 901 1811; x_wconf 89' lang='lat' dir='ltr'><strong>doctorum</strong></span> <span class='ocrx_word' id='word_1_134' title='bbox 946 1752 1126 1823; x_wconf 90' lang='lat' dir='ltr'><strong>populi</strong></span> <span class='ocrx_word' id='word_1_135' title='bbox 1168 1751 1395 1806; x_wconf 90' lang='lat' dir='ltr'><strong>formam</strong></span> <span class='ocrx_word' id='word_1_136' title='bbox 1434 1759 1616 1806; x_wconf 90' lang='lat' dir='ltr'><strong>tenere</strong></span> <span class='ocrx_word' id='word_1_137' title='bbox 1647 1749 1831 1803; x_wconf 89' lang='lat' dir='ltr'><strong>videas</strong></span> <span class='ocrx_word' id='word_1_138' title='bbox 1862 1748 2097 1817; x_wconf 79' lang='lat' dir='ltr'><strong>pr0phe-</strong></span> 
     </span>
    </p>
   </div>
   <div class='ocr_carea' id='block_1_18' title="bbox 534 1825 2169 1911">
    <p class='ocr_par' dir='ltr' id='par_1_18' title="bbox 534 1825 2169 1911">
     <span class='ocr_line' id='line_1_18' title="bbox 534 1825 2169 1911; baseline -0.009 -7"><span class='ocrx_word' id='word_1_139' title='bbox 534 1858 736 1904; x_wconf 88' lang='lat' dir='ltr'><strong>tantem</strong></span> <span class='ocrx_word' id='word_1_140' title='bbox 774 1848 839 1903; x_wconf 91' lang='lat' dir='ltr'><strong>de</strong></span> <span class='ocrx_word' id='word_1_141' title='bbox 873 1846 1115 1901; x_wconf 89' lang='lat' dir='ltr'><strong>Christo.</strong></span> <span class='ocrx_word' id='word_1_142' title='bbox 1151 1843 1267 1898; x_wconf 84' lang='lat' dir='ltr'><strong>Hoc</strong></span> <span class='ocrx_word' id='word_1_143' title='bbox 1319 1843 1462 1897; x_wconf 91' lang='lat' dir='ltr'><strong>enim</strong></span> <span class='ocrx_word' id='word_1_144' title='bbox 1520 1842 1747 1911; x_wconf 85' lang='lat' dir='ltr'><strong>legimus</strong></span> <span class='ocrx_word' id='word_1_145' title='bbox 1796 1839 1989 1894; x_wconf 87' lang='lat' dir='ltr'><strong>fecisse</strong></span> <span class='ocrx_word' id='word_1_146' title='bbox 2041 1846 2096 1892; x_wconf 88' lang='lat' dir='ltr'><strong>et</strong></span> <span class='ocrx_word' id='word_1_147' title='bbox 2127 1825 2169 1879; x_wconf 85' lang='grc' dir='ltr'>Β</span> 
     </span>
    </p>
   </div>
   <div class='ocr_carea' id='block_1_19' title="bbox 528 1931 2097 2009">
    <p class='ocr_par' dir='ltr' id='par_1_19' title="bbox 528 1931 2097 2009">
     <span class='ocr_line' id='line_1_19' title="bbox 528 1931 2097 2009; baseline -0.006 -15"><span class='ocrx_word' id='word_1_148' title='bbox 528 1939 790 2009; x_wconf 89' lang='lat' dir='ltr'><strong>Caipham</strong></span> <span class='ocrx_word' id='word_1_149' title='bbox 821 1978 836 2003; x_wconf 87' lang='lat'><strong>,</strong></span> <span class='ocrx_word' id='word_1_150' title='bbox 890 1937 980 2006; x_wconf 92' lang='lat' dir='ltr'><strong>qui</strong></span> <span class='ocrx_word' id='word_1_151' title='bbox 1036 1935 1170 1990; x_wconf 88' lang='lat' dir='ltr'><strong>dixit</strong></span> <span class='ocrx_word' id='word_1_152' title='bbox 1194 1935 1276 1988; x_wconf 81' lang='lat' dir='ltr'><strong>&quot;’z</strong></span> <span class='ocrx_word' id='word_1_153' title='bbox 1315 1953 1332 1986; x_wconf 87' lang='grc'><strong>‹</strong></span> <span class='ocrx_word' id='word_1_154' title='bbox 1369 1933 1600 2002; x_wconf 84' lang='lat' dir='ltr'><strong>Expedit</strong></span> <span class='ocrx_word' id='word_1_155' title='bbox 1635 1931 1811 1996; x_wconf 91' lang='lat' dir='ltr'><strong>vobis,</strong></span> <span class='ocrx_word' id='word_1_156' title='bbox 1852 1940 1910 1986; x_wconf 90' lang='lat' dir='ltr'><strong>ut</strong></span> <span class='ocrx_word' id='word_1_157' title='bbox 1959 1944 2097 1984; x_wconf 87' lang='lat' dir='ltr'><strong>unus</strong></span> 
     </span>
    </p>
   </div>
   <div class='ocr_carea' id='block_1_20' title="bbox 529 2019 2094 2096">
    <p class='ocr_par' dir='ltr' id='par_1_20' title="bbox 529 2019 2094 2096">
     <span class='ocr_line' id='line_1_20' title="bbox 529 2019 2094 2096; baseline -0.005 -16"><span class='ocrx_word' id='word_1_158' title='bbox 529 2027 694 2080; x_wconf 87' lang='lat' dir='ltr'><strong>homo</strong></span> <span class='ocrx_word' id='word_1_159' title='bbox 720 2033 903 2096; x_wconf 88' lang='lat' dir='ltr'><strong>pereat</strong></span> <span class='ocrx_word' id='word_1_160' title='bbox 930 2037 1028 2093; x_wconf 91' lang='lat' dir='ltr'><strong>pro</strong></span> <span class='ocrx_word' id='word_1_161' title='bbox 1063 2022 1209 2078; x_wconf 92' lang='lat' dir='ltr'><strong>omni</strong></span> <span class='ocrx_word' id='word_1_162' title='bbox 1253 2021 1468 2092; x_wconf 89' lang='lat' dir='ltr'><strong>populo.</strong></span> <span class='ocrx_word' id='word_1_163' title='bbox 1497 2041 1516 2073; x_wconf 71' lang='grc' dir='ltr'><strong><em>ι</em></strong></span> <span class='ocrx_word' id='word_1_164' title='bbox 1553 2021 1661 2076; x_wconf 82' lang='lat' dir='ltr'><strong>Sed</strong></span> <span class='ocrx_word' id='word_1_165' title='bbox 1713 2022 1842 2083; x_wconf 92' lang='lat' dir='ltr'><strong>hoc,</strong></span> <span class='ocrx_word' id='word_1_166' title='bbox 1901 2019 2094 2087; x_wconf 85' lang='lat' dir='ltr'><strong>inquit,</strong></span> 
     </span>
    </p>
   </div>
   <div class='ocr_carea' id='block_1_21' title="bbox 528 2111 2098 2187">
    <p class='ocr_par' dir='ltr' id='par_1_21' title="bbox 528 2111 2098 2187">
     <span class='ocr_line' id='line_1_21' title="bbox 528 2111 2098 2187; baseline -0.006 -17"><span class='ocrx_word' id='word_1_167' title='bbox 528 2118 618 2187; x_wconf 91' lang='lat' dir='ltr'><strong>qui</strong></span> <span class='ocrx_word' id='word_1_168' title='bbox 671 2125 789 2172; x_wconf 88' lang='lat' dir='ltr'><strong>erat</strong></span> <span class='ocrx_word' id='word_1_169' title='bbox 823 2114 1063 2184; x_wconf 80' lang='lat' dir='ltr'><strong>pontifex</strong></span> <span class='ocrx_word' id='word_1_170' title='bbox 1099 2113 1224 2168; x_wconf 91' lang='lat' dir='ltr'><strong>anni</strong></span> <span class='ocrx_word' id='word_1_171' title='bbox 1271 2113 1415 2168; x_wconf 92' lang='lat' dir='ltr'><strong>illius</strong></span> <span class='ocrx_word' id='word_1_172' title='bbox 1447 2112 1808 2182; x_wconf 89' lang='lat' dir='ltr'><strong>prophetavit.</strong></span> <span class='ocrx_word' id='word_1_173' title='bbox 1858 2111 2098 2177; x_wconf 84' lang='lat' dir='ltr'><strong>Prophe-</strong></span> 
     </span>
    </p>
   </div>
   <div class='ocr_carea' id='block_1_22' title="bbox 527 2194 2100 2278">
    <p class='ocr_par' dir='ltr' id='par_1_22' title="bbox 527 2194 2100 2278">
     <span class='ocr_line' id='line_1_22' title="bbox 527 2194 2100 2278; baseline -0.007 -14"><span class='ocrx_word' id='word_1_174' title='bbox 527 2218 607 2264; x_wconf 92' lang='lat' dir='ltr'><strong>tat</strong></span> <span class='ocrx_word' id='word_1_175' title='bbox 641 2223 770 2278; x_wconf 84' lang='lat' dir='ltr'><strong>ergo</strong></span> <span class='ocrx_word' id='word_1_176' title='bbox 797 2219 852 2262; x_wconf 87' lang='lat' dir='ltr'><strong>et</strong></span> <span class='ocrx_word' id='word_1_177' title='bbox 889 2206 1105 2260; x_wconf 87' lang='lat' dir='ltr'><strong>Balaam</strong></span> <span class='ocrx_word' id='word_1_178' title='bbox 1142 2206 1208 2260; x_wconf 91' lang='lat' dir='ltr'><strong>de</strong></span> <span class='ocrx_word' id='word_1_179' title='bbox 1243 2205 1464 2259; x_wconf 86' lang='lat' dir='ltr'><strong>Christo</strong></span> <span class='ocrx_word' id='word_1_180' title='bbox 1505 2223 1517 2256; x_wconf 88' lang='lat'><strong>:</strong></span> <span class='ocrx_word' id='word_1_181' title='bbox 1572 2212 1626 2258; x_wconf 91' lang='lat' dir='ltr'><strong>et</strong></span> <span class='ocrx_word' id='word_1_182' title='bbox 1662 2202 1782 2257; x_wconf 91' lang='lat' dir='ltr'><strong>ideo</strong></span> <span class='ocrx_word' id='word_1_183' title='bbox 1817 2194 1974 2256; x_wconf 87' lang='lat' dir='ltr'><strong>nemo</strong></span> <span class='ocrx_word' id='word_1_184' title='bbox 2005 2215 2100 2254; x_wconf 83' lang='lat' dir='ltr'><strong>ex-</strong></span> 
     </span>
    </p>
   </div>
   <div class='ocr_carea' id='block_1_23' title="bbox 528 2292 2095 2366">
    <p class='ocr_par' dir='ltr' id='par_1_23' title="bbox 528 2292 2095 2366">
     <span class='ocr_line' id='line_1_23' title="bbox 528 2292 2095 2366; baseline -0.005 -12"><span class='ocrx_word' id='word_1_185' title='bbox 528 2299 749 2354; x_wconf 87' lang='lat' dir='ltr'><strong>tollatur</strong></span> <span class='ocrx_word' id='word_1_186' title='bbox 793 2298 1011 2353; x_wconf 87' lang='lat' dir='ltr'><strong>etiamsi</strong></span> <span class='ocrx_word' id='word_1_187' title='bbox 1069 2297 1386 2366; x_wconf 86' lang='lat' dir='ltr'><strong>prophetet,</strong></span> <span class='ocrx_word' id='word_1_188' title='bbox 1437 2294 1650 2349; x_wconf 89' lang='lat' dir='ltr'><strong>etiamsi</strong></span> <span class='ocrx_word' id='word_1_189' title='bbox 1698 2292 2095 2363; x_wconf 68' lang='lat' dir='ltr'><strong>praeseientiam</strong></span> 
     </span>
    </p>
   </div>
   <div class='ocr_carea' id='block_1_24' title="bbox 527 2385 2098 2455">
    <p class='ocr_par' dir='ltr' id='par_1_24' title="bbox 527 2385 2098 2455">
     <span class='ocr_line' id='line_1_24' title="bbox 527 2385 2098 2455; baseline -0.004 -11"><span class='ocrx_word' id='word_1_190' title='bbox 527 2400 838 2454; x_wconf 88' lang='lat' dir='ltr'><strong>mereatur;</strong></span> <span class='ocrx_word' id='word_1_191' title='bbox 875 2389 968 2443; x_wconf 87' lang='lat' dir='ltr'><strong>sed</strong></span> <span class='ocrx_word' id='word_1_192' title='bbox 1008 2391 1195 2444; x_wconf 88' lang='lat' dir='ltr'><strong>redeat</strong></span> <span class='ocrx_word' id='word_1_193' title='bbox 1229 2389 1293 2442; x_wconf 89' lang='lat' dir='ltr'><strong>ad</strong></span> <span class='ocrx_word' id='word_1_194' title='bbox 1326 2385 1566 2455; x_wconf 83' lang='lat' dir='ltr'><strong>Apostoli</strong></span> <span class='ocrx_word' id='word_1_195' title='bbox 1602 2385 1842 2448; x_wconf 91' lang='lat' dir='ltr'><strong>dictum,</strong></span> <span class='ocrx_word' id='word_1_196' title='bbox 1874 2400 1981 2453; x_wconf 90' lang='lat' dir='ltr'><strong>quo</strong></span> <span class='ocrx_word' id='word_1_197' title='bbox 2029 2385 2098 2438; x_wconf 91' lang='lat' dir='ltr'><strong>ad</strong></span> 
     </span>
    </p>
   </div>
   <div class='ocr_carea' id='block_1_25' title="bbox 530 2483 2097 2555">
    <p class='ocr_par' dir='ltr' id='par_1_25' title="bbox 530 2483 2097 2555">
     <span class='ocr_line' id='line_1_25' title="bbox 530 2483 2097 2555; baseline -0.003 -14"><span class='ocrx_word' id='word_1_198' title='bbox 530 2487 631 2542; x_wconf 87' lang='lat' dir='ltr'><strong>ista</strong></span> <span class='ocrx_word' id='word_1_199' title='bbox 661 2485 980 2555; x_wconf 88' lang='lat' dir='ltr'><strong>respiciens.</strong></span> <span class='ocrx_word' id='word_1_200' title='bbox 1021 2485 1095 2538; x_wconf 87' lang='lat' dir='ltr'><strong>ait</strong></span> <span class='ocrx_word' id='word_1_201' title='bbox 1124 2483 1169 2515; x_wconf 76' lang='lat'><strong>&quot;</strong></span> <span class='ocrx_word' id='word_1_202' title='bbox 1199 2501 1213 2536; x_wconf 88' lang='lat'>:</span> <span class='ocrx_word' id='word_1_203' title='bbox 1257 2502 1273 2534; x_wconf 77' lang='grc' dir='ltr'>ι</span> <span class='ocrx_word' id='word_1_204' title='bbox 1314 2484 1438 2538; x_wconf 89' lang='lat' dir='ltr'><strong>Sive</strong></span> <span class='ocrx_word' id='word_1_205' title='bbox 1469 2483 1771 2554; x_wconf 81' lang='lat' dir='ltr'><strong>prophetiae</strong></span> <span class='ocrx_word' id='word_1_206' title='bbox 1799 2483 2097 2537; x_wconf 89' lang='lat' dir='ltr'><strong>abolehun-</strong></span> 
     </span>
    </p>
   </div>
   <div class='ocr_carea' id='block_1_26' title="bbox 529 2573 2092 2647">
    <p class='ocr_par' dir='ltr' id='par_1_26' title="bbox 529 2573 2092 2647">
     <span class='ocr_line' id='line_1_26' title="bbox 529 2573 2092 2647; baseline -0.005 -15"><span class='ocrx_word' id='word_1_207' title='bbox 529 2589 638 2643; x_wconf 92' lang='lat' dir='ltr'><strong>tur,</strong></span> <span class='ocrx_word' id='word_1_208' title='bbox 663 2578 777 2632; x_wconf 90' lang='lat' dir='ltr'><strong>sive</strong></span> <span class='ocrx_word' id='word_1_209' title='bbox 802 2576 996 2647; x_wconf 66' lang='lat' dir='ltr'><strong>linguae</strong></span> <span class='ocrx_word' id='word_1_210' title='bbox 1024 2575 1466 2640; x_wconf 85' lang='lat' dir='ltr'><strong>cessabunt,sive</strong></span> <span class='ocrx_word' id='word_1_211' title='bbox 1486 2574 1712 2630; x_wconf 90' lang='lat' dir='ltr'><strong>scientia</strong></span> <span class='ocrx_word' id='word_1_212' title='bbox 1734 2573 2092 2628; x_wconf 76' lang='lat' dir='ltr'><strong>destructum</strong></span> 
     </span>
    </p>
   </div>
   <div class='ocr_carea' id='block_1_27' title="bbox 528 2664 2098 2739">
    <p class='ocr_par' dir='ltr' id='par_1_27' title="bbox 528 2664 2098 2739">
     <span class='ocr_line' id='line_1_27' title="bbox 528 2664 2098 2739; baseline -0.006 -14"><span class='ocrx_word' id='word_1_213' title='bbox 528 2669 597 2724; x_wconf 84' lang='lat' dir='ltr'><strong>Et</strong></span> <span class='ocrx_word' id='word_1_214' title='bbox 624 2669 756 2739; x_wconf 89' lang='lat' dir='ltr'><strong>quid</strong></span> <span class='ocrx_word' id='word_1_215' title='bbox 778 2677 860 2722; x_wconf 91' lang='lat' dir='ltr'><strong>est</strong></span> <span class='ocrx_word' id='word_1_216' title='bbox 885 2683 1014 2738; x_wconf 70' lang='lat' dir='ltr'><strong>ergo</strong></span> <span class='ocrx_word' id='word_1_217' title='bbox 1039 2668 1182 2738; x_wconf 90' lang='lat' dir='ltr'><strong>quod</strong></span> <span class='ocrx_word' id='word_1_218' title='bbox 1206 2667 1530 2737; x_wconf 88' lang='lat' dir='ltr'><strong>permanet?</strong></span> <span class='ocrx_word' id='word_1_219' title='bbox 1571 2685 1589 2718; x_wconf 79' lang='grc' dir='ltr'>ι</span> <span class='ocrx_word' id='word_1_220' title='bbox 1619 2665 1804 2731; x_wconf 79' lang='lat' dir='ltr'><strong>Fides,</strong></span> <span class='ocrx_word' id='word_1_221' title='bbox 1835 2665 2008 2734; x_wconf 87' lang='lat' dir='ltr'><strong>inquit</strong></span> <span class='ocrx_word' id='word_1_222' title='bbox 2029 2664 2098 2730; x_wconf 82' lang='lat'><strong>°’,</strong></span> 
     </span>
    </p>
   </div>
   <div class='ocr_carea' id='block_1_28' title="bbox 527 2755 2093 2829">
    <p class='ocr_par' dir='ltr' id='par_1_28' title="bbox 527 2755 2093 2829">
     <span class='ocr_line' id='line_1_28' title="bbox 527 2755 2093 2829; baseline -0.005 -15"><span class='ocrx_word' id='word_1_223' title='bbox 527 2775 678 2829; x_wconf 89' lang='lat' dir='ltr'><strong>spes,</strong></span> <span class='ocrx_word' id='word_1_224' title='bbox 708 2769 762 2814; x_wconf 89' lang='lat' dir='ltr'><strong>et</strong></span> <span class='ocrx_word' id='word_1_225' title='bbox 795 2759 1036 2814; x_wconf 88' lang='lat' dir='ltr'><strong>charitas</strong></span> <span class='ocrx_word' id='word_1_226' title='bbox 1071 2779 1082 2814; x_wconf 88' lang='lat'><em>:</em></span> <span class='ocrx_word' id='word_1_227' title='bbox 1111 2759 1284 2828; x_wconf 82' lang='lat' dir='ltr'><strong>major</strong></span> <span class='ocrx_word' id='word_1_228' title='bbox 1317 2766 1496 2811; x_wconf 90' lang='lat' dir='ltr'><strong>autem</strong></span> <span class='ocrx_word' id='word_1_229' title='bbox 1536 2758 1750 2823; x_wconf 90' lang='lat' dir='ltr'><strong>horum,</strong></span> <span class='ocrx_word' id='word_1_230' title='bbox 1777 2755 2033 2810; x_wconf 90' lang='lat' dir='ltr'><strong>charitas.</strong></span> <span class='ocrx_word' id='word_1_231' title='bbox 2075 2773 2093 2806; x_wconf 73' lang='grc' dir='ltr'><strong><em>ι</em></strong></span> 
     </span>
    </p>
   </div>
   <div class='ocr_carea' id='block_1_29' title="bbox 531 2850 2100 2921">
    <p class='ocr_par' dir='ltr' id='par_1_29' title="bbox 531 2850 2100 2921">
     <span class='ocr_line' id='line_1_29' title="bbox 531 2850 2100 2921; baseline -0.001 -15"><span class='ocrx_word' id='word_1_232' title='bbox 531 2852 597 2906; x_wconf 84' lang='lat' dir='ltr'><strong>Et</strong></span> <span class='ocrx_word' id='word_1_233' title='bbox 643 2852 778 2917; x_wconf 88' lang='lat' dir='ltr'><strong>sola,</strong></span> <span class='ocrx_word' id='word_1_234' title='bbox 824 2851 1017 2920; x_wconf 89' lang='lat' dir='ltr'><strong>inquit,</strong></span> <span class='ocrx_word' id='word_1_235' title='bbox 1052 2868 1071 2901; x_wconf 76' lang='grc' dir='ltr'>ι</span> <span class='ocrx_word' id='word_1_236' title='bbox 1108 2851 1348 2905; x_wconf 84' lang='lat' dir='ltr'><strong>charitas</strong></span> <span class='ocrx_word' id='word_1_237' title='bbox 1373 2859 1476 2917; x_wconf 86' lang='lat' dir='ltr'><strong>est,</strong></span> <span class='ocrx_word' id='word_1_238' title='bbox 1516 2865 1634 2921; x_wconf 62' lang='lat' dir='ltr'><strong>quae</strong></span> <span class='ocrx_word' id='word_1_239' title='bbox 1662 2865 1930 2918; x_wconf 87' lang='lat' dir='ltr'><strong>nunquam</strong></span> <span class='ocrx_word' id='word_1_240' title='bbox 1954 2850 2100 2905; x_wconf 82' lang='lat' dir='ltr'><strong>exci-</strong></span> 
     </span>
    </p>
   </div>
   <div class='ocr_carea' id='block_1_30' title="bbox 527 2940 2101 3009">
    <p class='ocr_par' dir='ltr' id='par_1_30' title="bbox 527 2940 2101 3009">
     <span class='ocr_line' id='line_1_30' title="bbox 527 2940 2101 3009; baseline -0.001 -13"><span class='ocrx_word' id='word_1_241' title='bbox 527 2942 626 2998; x_wconf 89' lang='lat' dir='ltr'><strong>dit.</strong></span> <span class='ocrx_word' id='word_1_242' title='bbox 655 2959 675 2992; x_wconf 79' lang='grc'><strong>»</strong></span> <span class='ocrx_word' id='word_1_243' title='bbox 700 2940 822 2996; x_wconf 91' lang='lat' dir='ltr'><strong>ldeo</strong></span> <span class='ocrx_word' id='word_1_244' title='bbox 848 2954 1010 3008; x_wconf 89' lang='lat' dir='ltr'><strong>super</strong></span> <span class='ocrx_word' id='word_1_245' title='bbox 1033 2941 1392 3009; x_wconf 86' lang='lat' dir='ltr'><strong>prophetiam,</strong></span> <span class='ocrx_word' id='word_1_246' title='bbox 1420 2955 1580 3009; x_wconf 90' lang='lat' dir='ltr'><strong>super</strong></span> <span class='ocrx_word' id='word_1_247' title='bbox 1604 2940 1913 3003; x_wconf 87' lang='lat' dir='ltr'><strong>scientiam,</strong></span> <span class='ocrx_word' id='word_1_248' title='bbox 1935 2954 2101 3008; x_wconf 87' lang='lat' dir='ltr'><strong>super</strong></span> 
     </span>
    </p>
   </div>
   <div class='ocr_carea' id='block_1_31' title="bbox 526 3030 2099 3101">
    <p class='ocr_par' dir='ltr' id='par_1_31' title="bbox 526 3030 2099 3101">
     <span class='ocr_line' id='line_1_31' title="bbox 526 3030 2099 3101; baseline -0.001 -13"><span class='ocrx_word' id='word_1_249' title='bbox 526 3032 731 3098; x_wconf 82' lang='lat' dir='ltr'><strong>ﬁdem,</strong></span> <span class='ocrx_word' id='word_1_250' title='bbox 776 3046 939 3100; x_wconf 90' lang='lat' dir='ltr'><strong>super</strong></span> <span class='ocrx_word' id='word_1_251' title='bbox 980 3031 1155 3101; x_wconf 91' lang='lat' dir='ltr'><strong>ipsum</strong></span> <span class='ocrx_word' id='word_1_252' title='bbox 1199 3031 1362 3086; x_wconf 85' lang='lat' dir='ltr'><strong>etiam</strong></span> <span class='ocrx_word' id='word_1_253' title='bbox 1415 3031 1758 3101; x_wconf 86' lang='lat' dir='ltr'><strong>martyrium,</strong></span> <span class='ocrx_word' id='word_1_254' title='bbox 1797 3042 1855 3085; x_wconf 93' lang='lat' dir='ltr'><strong>ut</strong></span> <span class='ocrx_word' id='word_1_255' title='bbox 1897 3030 2099 3087; x_wconf 90' lang='lat' dir='ltr'><strong>Paulus</strong></span> 
     </span>
    </p>
   </div>
   <div class='ocr_carea' id='block_1_32' title="bbox 524 3124 2092 3191">
    <p class='ocr_par' dir='ltr' id='par_1_32' title="bbox 524 3124 2092 3191">
     <span class='ocr_line' id='line_1_32' title="bbox 524 3124 2092 3191; baseline -0.002 -9"><span class='ocrx_word' id='word_1_256' title='bbox 524 3128 686 3183; x_wconf 90' lang='lat' dir='ltr'><strong>docet</strong></span> <span class='ocrx_word' id='word_1_257' title='bbox 707 3167 722 3191; x_wconf 92' lang='lat'><strong>,</strong></span> <span class='ocrx_word' id='word_1_258' title='bbox 785 3127 1022 3184; x_wconf 89' lang='lat' dir='ltr'><strong>charitas</strong></span> <span class='ocrx_word' id='word_1_259' title='bbox 1085 3125 1334 3180; x_wconf 83' lang='lat' dir='ltr'><strong>habenda</strong></span> <span class='ocrx_word' id='word_1_260' title='bbox 1366 3134 1470 3188; x_wconf 88' lang='lat' dir='ltr'><strong>est,</strong></span> <span class='ocrx_word' id='word_1_261' title='bbox 1491 3135 1546 3180; x_wconf 89' lang='lat' dir='ltr'><strong>et</strong></span> <span class='ocrx_word' id='word_1_262' title='bbox 1570 3125 1812 3180; x_wconf 88' lang='lat' dir='ltr'><strong>charitas</strong></span> <span class='ocrx_word' id='word_1_263' title='bbox 1835 3124 2092 3180; x_wconf 83' lang='lat' dir='ltr'><strong>excolen-</strong></span> 
     </span>
    </p>
   </div>
   <div class='ocr_carea' id='block_1_33' title="bbox 528 3216 2095 3288">
    <p class='ocr_par' dir='ltr' id='par_1_33' title="bbox 528 3216 2095 3288">
     <span class='ocr_line' id='line_1_33' title="bbox 528 3216 2095 3288; baseline -0.001 -15"><span class='ocrx_word' id='word_1_264' title='bbox 528 3219 594 3274; x_wconf 90' lang='lat' dir='ltr'><strong>da</strong></span> <span class='ocrx_word' id='word_1_265' title='bbox 623 3235 638 3272; x_wconf 90' lang='lat'><strong>:</strong></span> <span class='ocrx_word' id='word_1_266' title='bbox 667 3219 792 3288; x_wconf 89' lang='lat' dir='ltr'><strong>quia</strong></span> <span class='ocrx_word' id='word_1_267' title='bbox 815 3228 870 3273; x_wconf 92' lang='lat' dir='ltr'><strong>et</strong></span> <span class='ocrx_word' id='word_1_268' title='bbox 901 3235 921 3269; x_wconf 71' lang='grc' dir='ltr'><strong><em>ι</em></strong></span> <span class='ocrx_word' id='word_1_269' title='bbox 951 3219 1092 3275; x_wconf 86' lang='lat' dir='ltr'><strong>Deus</strong></span> <span class='ocrx_word' id='word_1_270' title='bbox 1116 3218 1356 3275; x_wconf 89' lang='lat' dir='ltr'><strong>charitas</strong></span> <span class='ocrx_word' id='word_1_271' title='bbox 1387 3229 1488 3282; x_wconf 91' lang='lat' dir='ltr'><strong>est,</strong></span> <span class='ocrx_word' id='word_1_272' title='bbox 1521 3237 1538 3268; x_wconf 75' lang='grc' dir='ltr'><strong><em>ι</em></strong></span> <span class='ocrx_word' id='word_1_273' title='bbox 1572 3225 1628 3273; x_wconf 88' lang='lat' dir='ltr'><strong>ct</strong></span> <span class='ocrx_word' id='word_1_274' title='bbox 1654 3217 1904 3272; x_wconf 89' lang='lat' dir='ltr'><strong>Christus</strong></span> <span class='ocrx_word' id='word_1_275' title='bbox 1927 3216 2095 3272; x_wconf 86' lang='lat' dir='ltr'><strong>Filius</strong></span> 
     </span>
    </p>
   </div>
   <div class='ocr_carea' id='block_1_34' title="bbox 527 3311 2094 3384">
    <p class='ocr_par' dir='ltr' id='par_1_34' title="bbox 527 3311 2094 3384">
     <span class='ocr_line' id='line_1_34' title="bbox 527 3311 2094 3384; baseline -0.002 -16"><span class='ocrx_word' id='word_1_276' title='bbox 527 3313 648 3380; x_wconf 84' lang='lat' dir='ltr'><strong>ejus</strong></span> <span class='ocrx_word' id='word_1_277' title='bbox 678 3313 1085 3383; x_wconf 75' lang='lat' dir='ltr'><strong>charitasest&quot;,</strong></span> <span class='ocrx_word' id='word_1_278' title='bbox 1106 3311 1372 3384; x_wconf 88' lang='lat' dir='ltr'><strong>quinobis</strong></span> <span class='ocrx_word' id='word_1_279' title='bbox 1398 3311 1782 3381; x_wconf 83' lang='lat' dir='ltr'><strong>perfectionem</strong></span> <span class='ocrx_word' id='word_1_280' title='bbox 1808 3311 2094 3366; x_wconf 89' lang='lat' dir='ltr'><strong>charitatis</strong></span> 
     </span>
    </p>
   </div>
   <div class='ocr_carea' id='block_1_35' title="bbox 526 3403 2088 3475">
    <p class='ocr_par' dir='ltr' id='par_1_35' title="bbox 526 3403 2088 3475">
     <span class='ocr_line' id='line_1_35' title="bbox 526 3403 2088 3475; baseline -0.001 -18"><span class='ocrx_word' id='word_1_281' title='bbox 526 3407 731 3460; x_wconf 86' lang='lat' dir='ltr'><strong>donare</strong></span> <span class='ocrx_word' id='word_1_282' title='bbox 759 3405 1030 3475; x_wconf 81' lang='lat' dir='ltr'><strong>dignetur.</strong></span> <span class='ocrx_word' id='word_1_283' title='bbox 1056 3405 1164 3473; x_wconf 92' lang='lat' dir='ltr'><strong>lpsi</strong></span> <span class='ocrx_word' id='word_1_284' title='bbox 1195 3403 1368 3475; x_wconf 77' lang='lat' dir='ltr'><strong>gloria</strong></span> <span class='ocrx_word' id='word_1_285' title='bbox 1395 3415 1451 3458; x_wconf 86' lang='lat' dir='ltr'><strong>et</strong></span> <span class='ocrx_word' id='word_1_286' title='bbox 1492 3403 1775 3474; x_wconf 89' lang='lat' dir='ltr'><strong>imperium</strong></span> <span class='ocrx_word' id='word_1_287' title='bbox 1807 3403 1862 3458; x_wconf 89' lang='lat' dir='ltr'><strong>in</strong></span> <span class='ocrx_word' id='word_1_288' title='bbox 1891 3403 2088 3459; x_wconf 85' lang='lat' dir='ltr'><strong>saecula</strong></span> 
     </span>
    </p>
   </div>
   <div class='ocr_carea' id='block_1_36' title="bbox 525 3498 1092 3554">
    <p class='ocr_par' dir='ltr' id='par_1_36' title="bbox 525 3498 1092 3554">
     <span class='ocr_line' id='line_1_36' title="bbox 525 3498 1092 3554; baseline -0.004 0"><span class='ocrx_word' id='word_1_289' title='bbox 525 3498 866 3554; x_wconf 63' lang='lat' dir='ltr'><strong>saeculorum.</strong></span> <span class='ocrx_word' id='word_1_290' title='bbox 895 3498 1092 3552; x_wconf 83' lang='lat' dir='ltr'><strong>Amen.</strong></span> 
     </span>
    </p>
   </div>
   <div class='ocr_carea' id='block_1_37' title="bbox 1097 3586 1538 3644">
    <p class='ocr_par' dir='ltr' id='par_1_37' title="bbox 1097 3586 1538 3644">
     <span class='ocr_line' id='line_1_37' title="bbox 1097 3586 1538 3644; baseline 0.005 -2"><span class='ocrx_word' id='word_1_291' title='bbox 1097 3586 1386 3644; x_wconf 77' lang='lat' dir='ltr'><strong>HOMILIA</strong></span> <span class='ocrx_word' id='word_1_292' title='bbox 1422 3586 1538 3644; x_wconf 82' lang='lat' dir='ltr'><strong>XV.</strong></span> 
     </span>
    </p>
   </div>
   <div class='ocr_carea' id='block_1_38' title="bbox 984 3677 1623 3749">
    <p class='ocr_par' dir='ltr' id='par_1_38' title="bbox 984 3677 1623 3749">
     <span class='ocr_line' id='line_1_38' title="bbox 984 3677 1623 3749; baseline -0.006 -14"><span class='ocrx_word' id='word_1_293' title='bbox 984 3679 1055 3735; x_wconf 85' lang='lat' dir='ltr'><strong>De</strong></span> <span class='ocrx_word' id='word_1_294' title='bbox 1081 3679 1352 3749; x_wconf 76' lang='lat' dir='ltr'><strong>prophetia</strong></span> <span class='ocrx_word' id='word_1_295' title='bbox 1380 3677 1623 3731; x_wconf 85' lang='lat' dir='ltr'><strong>Balaam.</strong></span> 
     </span>
    </p>
   </div>
   <div class='ocr_carea' id='block_1_39' title="bbox 592 3769 2094 3840">
    <p class='ocr_par' dir='ltr' id='par_1_39' title="bbox 592 3769 2094 3840">
     <span class='ocr_line' id='line_1_39' title="bbox 592 3769 2094 3840; baseline -0.003 -12"><span class='ocrx_word' id='word_1_296' title='bbox 592 3776 646 3828; x_wconf 75' lang='lat' dir='ltr'><strong>l.</strong></span> <span class='ocrx_word' id='word_1_297' title='bbox 679 3773 832 3828; x_wconf 82' lang='lat' dir='ltr'><strong>Licet</strong></span> <span class='ocrx_word' id='word_1_298' title='bbox 860 3788 961 3829; x_wconf 92' lang='lat' dir='ltr'><strong>nos</strong></span> <span class='ocrx_word' id='word_1_299' title='bbox 995 3771 1131 3826; x_wconf 88' lang='lat' dir='ltr'><strong>ordo</strong></span> <span class='ocrx_word' id='word_1_300' title='bbox 1169 3771 1464 3826; x_wconf 90' lang='lat' dir='ltr'><strong>lectionum</strong></span> <span class='ocrx_word' id='word_1_301' title='bbox 1505 3785 1628 3840; x_wconf 75' lang='lat' dir='ltr'><strong>qua:</strong></span> <span class='ocrx_word' id='word_1_302' title='bbox 1676 3769 1993 3836; x_wconf 86' lang='lat' dir='ltr'><strong>recitantur,</strong></span> <span class='ocrx_word' id='word_1_303' title='bbox 2029 3769 2094 3823; x_wconf 90' lang='lat' dir='ltr'><strong>de</strong></span> 
     </span>
    </p>
   </div>
   <div class='ocr_carea' id='block_1_40' title="bbox 522 3859 2097 3932">
    <p class='ocr_par' dir='ltr' id='par_1_40' title="bbox 522 3859 2097 3932">
     <span class='ocr_line' id='line_1_40' title="bbox 522 3859 2097 3932; baseline -0.002 -16"><span class='ocrx_word' id='word_1_304' title='bbox 522 3862 630 3917; x_wconf 88' lang='lat' dir='ltr'><strong>illis</strong></span> <span class='ocrx_word' id='word_1_305' title='bbox 666 3864 848 3918; x_wconf 87' lang='lat' dir='ltr'><strong>dicere</strong></span> <span class='ocrx_word' id='word_1_306' title='bbox 887 3863 1059 3932; x_wconf 87' lang='lat' dir='ltr'><strong>magis</strong></span> <span class='ocrx_word' id='word_1_307' title='bbox 1090 3861 1274 3929; x_wconf 76' lang='lat' dir='ltr'><strong>exigat</strong></span> <span class='ocrx_word' id='word_1_308' title='bbox 1336 3875 1458 3930; x_wconf 74' lang='lat' dir='ltr'><strong>qua:</strong></span> <span class='ocrx_word' id='word_1_309' title='bbox 1500 3860 1673 3916; x_wconf 91' lang='lat' dir='ltr'><strong>lector</strong></span> <span class='ocrx_word' id='word_1_310' title='bbox 1702 3859 1983 3930; x_wconf 84' lang='lat' dir='ltr'><strong>explicuit,</strong></span> <span class='ocrx_word' id='word_1_311' title='bbox 2015 3865 2097 3914; x_wconf 88' lang='lat' dir='ltr'><strong>ta-</strong></span> 
     </span>
    </p>
   </div>
   <div class='ocr_carea' id='block_1_41' title="bbox 520 3950 2096 4023">
    <p class='ocr_par' dir='ltr' id='par_1_41' title="bbox 520 3950 2096 4023">
     <span class='ocr_line' id='line_1_41' title="bbox 520 3950 2096 4023; baseline 0 -16"><span class='ocrx_word' id='word_1_312' title='bbox 520 3967 645 4009; x_wconf 91' lang='lat' dir='ltr'><strong>men</strong></span> <span class='ocrx_word' id='word_1_313' title='bbox 671 3953 926 4023; x_wconf 91' lang='lat' dir='ltr'><strong>quouiam</strong></span> <span class='ocrx_word' id='word_1_314' title='bbox 961 3951 1204 4007; x_wconf 89' lang='lat' dir='ltr'><strong>nonnulli</strong></span> <span class='ocrx_word' id='word_1_315' title='bbox 1240 3950 1472 4006; x_wconf 87' lang='lat' dir='ltr'><strong>fratrum</strong></span> <span class='ocrx_word' id='word_1_316' title='bbox 1498 3952 1800 4022; x_wconf 90' lang='lat' dir='ltr'><strong>deposcunt</strong></span> <span class='ocrx_word' id='word_1_317' title='bbox 1823 3966 1887 4007; x_wconf 93' lang='lat' dir='ltr'><strong>ea</strong></span> <span class='ocrx_word' id='word_1_318' title='bbox 1914 3951 2096 4022; x_wconf 86' lang='lat' dir='ltr'><strong>potius</strong></span> 
     </span>
    </p>
   </div>
   <div class='ocr_carea' id='block_1_42' title="bbox 521 4044 2097 4114">
    <p class='ocr_par' dir='ltr' id='par_1_42' title="bbox 521 4044 2097 4114">
     <span class='ocr_line' id='line_1_42' title="bbox 521 4044 2097 4114; baseline -0.001 -14"><span class='ocrx_word' id='word_1_319' title='bbox 521 4059 644 4114; x_wconf 68' lang='lat' dir='ltr'><strong>quae</strong></span> <span class='ocrx_word' id='word_1_320' title='bbox 675 4045 743 4098; x_wconf 91' lang='lat' dir='ltr'><strong>de</strong></span> <span class='ocrx_word' id='word_1_321' title='bbox 778 4045 1058 4114; x_wconf 85' lang='lat' dir='ltr'><strong>prophetia</strong></span> <span class='ocrx_word' id='word_1_322' title='bbox 1097 4045 1317 4100; x_wconf 87' lang='lat' dir='ltr'><strong>Balaam</strong></span> <span class='ocrx_word' id='word_1_323' title='bbox 1346 4044 1548 4113; x_wconf 87' lang='lat' dir='ltr'><strong>scripta</strong></span> <span class='ocrx_word' id='word_1_324' title='bbox 1578 4054 1740 4108; x_wconf 91' lang='lat' dir='ltr'><strong>sunt,</strong></span> <span class='ocrx_word' id='word_1_325' title='bbox 1777 4044 1846 4098; x_wconf 88' lang='lat' dir='ltr'><strong>ad</strong></span> <span class='ocrx_word' id='word_1_326' title='bbox 1889 4056 2097 4099; x_wconf 91' lang='lat' dir='ltr'><strong>sermo-</strong></span> 
     </span>
    </p>
   </div>
   <div class='ocr_carea' id='block_1_43' title="bbox 522 4137 2091 4207">
    <p class='ocr_par' dir='ltr' id='par_1_43' title="bbox 522 4137 2091 4207">
     <span class='ocr_line' id='line_1_43' title="bbox 522 4137 2091 4207; baseline 0 -16"><span class='ocrx_word' id='word_1_327' title='bbox 522 4151 647 4193; x_wconf 90' lang='lat' dir='ltr'><strong>nem</strong></span> <span class='ocrx_word' id='word_1_328' title='bbox 683 4137 1066 4207; x_wconf 88' lang='lat' dir='ltr'><strong>disputationis</strong></span> <span class='ocrx_word' id='word_1_329' title='bbox 1089 4137 1309 4202; x_wconf 88' lang='lat' dir='ltr'><strong>adduci,</strong></span> <span class='ocrx_word' id='word_1_330' title='bbox 1353 4151 1460 4192; x_wconf 93' lang='lat' dir='ltr'><strong>non</strong></span> <span class='ocrx_word' id='word_1_331' title='bbox 1491 4138 1565 4190; x_wconf 89' lang='lat' dir='ltr'><strong>ita</strong></span> <span class='ocrx_word' id='word_1_332' title='bbox 1591 4139 1769 4192; x_wconf 84' lang='lat' dir='ltr'><strong>ordini</strong></span> <span class='ocrx_word' id='word_1_333' title='bbox 1799 4138 2091 4192; x_wconf 89' lang='lat' dir='ltr'><strong>lectionum</strong></span> 
     </span>
    </p>
   </div>
   <div class='ocr_carea' id='block_1_44' title="bbox 521 4226 2097 4297">
    <p class='ocr_par' dir='ltr' id='par_1_44' title="bbox 521 4226 2097 4297">
     <span class='ocr_line' id='line_1_44' title="bbox 521 4226 2097 4297; baseline 0 -15"><span class='ocrx_word' id='word_1_334' title='bbox 521 4226 843 4284; x_wconf 83' lang='lat' dir='ltr'><strong>satisfacere</strong></span> <span class='ocrx_word' id='word_1_335' title='bbox 896 4242 1110 4297; x_wconf 70' lang='lat' dir='ltr'><strong>aequum</strong></span> <span class='ocrx_word' id='word_1_336' title='bbox 1146 4226 1395 4293; x_wconf 90' lang='lat' dir='ltr'><strong>credidi,</strong></span> <span class='ocrx_word' id='word_1_337' title='bbox 1443 4235 1503 4282; x_wconf 85' lang='lat' dir='ltr'><strong>ut</strong></span> <span class='ocrx_word' id='word_1_338' title='bbox 1539 4228 1828 4283; x_wconf 88' lang='lat' dir='ltr'><strong>desideriis</strong></span> <span class='ocrx_word' id='word_1_339' title='bbox 1886 4229 2097 4283; x_wconf 84' lang='lat' dir='ltr'><strong>audito-</strong></span> 
     </span>
    </p>
   </div>
   <div class='ocr_carea' id='block_1_45' title="bbox 522 4318 2096 4390">
    <p class='ocr_par' dir='ltr' id='par_1_45' title="bbox 522 4318 2096 4390">
     <span class='ocr_line' id='line_1_45' title="bbox 522 4318 2096 4390; baseline 0 -17"><span class='ocrx_word' id='word_1_340' title='bbox 522 4335 664 4375; x_wconf 90' lang='lat' dir='ltr'><strong>rum.</strong></span> <span class='ocrx_word' id='word_1_341' title='bbox 697 4320 881 4375; x_wconf 86' lang='lat' dir='ltr'><strong>Primo</strong></span> <span class='ocrx_word' id='word_1_342' title='bbox 917 4335 1050 4390; x_wconf 81' lang='lat' dir='ltr'><strong>ergo</strong></span> <span class='ocrx_word' id='word_1_343' title='bbox 1079 4321 1323 4374; x_wconf 90' lang='lat' dir='ltr'><strong>omnium</strong></span> <span class='ocrx_word' id='word_1_344' title='bbox 1364 4320 1430 4376; x_wconf 91' lang='lat' dir='ltr'><strong>de</strong></span> <span class='ocrx_word' id='word_1_345' title='bbox 1463 4321 1578 4389; x_wconf 92' lang='lat' dir='ltr'><strong>ipso</strong></span> <span class='ocrx_word' id='word_1_346' title='bbox 1607 4318 1824 4372; x_wconf 84' lang='lat' dir='ltr'><strong>Balaam</strong></span> <span class='ocrx_word' id='word_1_347' title='bbox 1856 4320 2096 4388; x_wconf 89' lang='lat' dir='ltr'><strong>requira-</strong></span> 
     </span>
    </p>
   </div>
   <div class='ocr_carea' id='block_1_46' title="bbox 521 4411 2094 4482">
    <p class='ocr_par' dir='ltr' id='par_1_46' title="bbox 521 4411 2094 4482">
     <span class='ocr_line' id='line_1_46' title="bbox 521 4411 2094 4482; baseline 0 -16"><span class='ocrx_word' id='word_1_348' title='bbox 521 4428 679 4476; x_wconf 90' lang='lat' dir='ltr'><strong>mus,</strong></span> <span class='ocrx_word' id='word_1_349' title='bbox 737 4428 836 4468; x_wconf 90' lang='lat' dir='ltr'><strong>cur</strong></span> <span class='ocrx_word' id='word_1_350' title='bbox 881 4413 935 4467; x_wconf 92' lang='lat' dir='ltr'><strong>in</strong></span> <span class='ocrx_word' id='word_1_351' title='bbox 985 4412 1284 4482; x_wconf 90' lang='lat' dir='ltr'><strong>Scripturis</strong></span> <span class='ocrx_word' id='word_1_352' title='bbox 1321 4427 1468 4468; x_wconf 90' lang='lat' dir='ltr'><strong>nunc</strong></span> <span class='ocrx_word' id='word_1_353' title='bbox 1502 4411 1898 4481; x_wconf 89' lang='lat' dir='ltr'><strong>vituperabilis,</strong></span> <span class='ocrx_word' id='word_1_354' title='bbox 1951 4427 2094 4467; x_wconf 90' lang='lat' dir='ltr'><strong>nunc</strong></span> 
     </span>
    </p>
   </div>
   <div class='ocr_carea' id='block_1_47' title="bbox 520 4504 2168 4584">
    <p class='ocr_par' dir='ltr' id='par_1_47' title="bbox 520 4504 2168 4584">
     <span class='ocr_line' id='line_1_47' title="bbox 520 4504 2168 4584; baseline 0.001 -27"><span class='ocrx_word' id='word_1_355' title='bbox 520 4504 809 4560; x_wconf 88' lang='lat' dir='ltr'><strong>laudabilis</strong></span> <span class='ocrx_word' id='word_1_356' title='bbox 844 4506 1080 4574; x_wconf 90' lang='lat' dir='ltr'><strong>ponitur.</strong></span> <span class='ocrx_word' id='word_1_357' title='bbox 1111 4505 1246 4560; x_wconf 84' lang='lat' dir='ltr'><strong>Nam</strong></span> <span class='ocrx_word' id='word_1_358' title='bbox 1277 4504 1655 4576; x_wconf 87' lang='lat' dir='ltr'><strong>vituperabilis</strong></span> <span class='ocrx_word' id='word_1_359' title='bbox 1684 4512 1789 4569; x_wconf 90' lang='lat' dir='ltr'><strong>est,</strong></span> <span class='ocrx_word' id='word_1_360' title='bbox 1818 4518 1938 4558; x_wconf 89' lang='lat' dir='ltr'><strong>cum</strong></span> <span class='ocrx_word' id='word_1_361' title='bbox 1966 4518 2092 4573; x_wconf 88' lang='lat' dir='ltr'><strong>pro-</strong></span> <span class='ocrx_word' id='word_1_362' title='bbox 2123 4529 2168 4584; x_wconf 68' lang='grc' dir='ltr'>Β</span> 
     </span>
    </p>
   </div>
   <div class='ocr_carea' id='block_1_48' title="bbox 522 4596 2090 4671">
    <p class='ocr_par' dir='ltr' id='par_1_48' title="bbox 522 4596 2090 4671">
     <span class='ocr_line' id='line_1_48' title="bbox 522 4596 2090 4671; baseline -0.001 -21"><span class='ocrx_word' id='word_1_363' title='bbox 522 4597 727 4652; x_wconf 91' lang='lat' dir='ltr'><strong>hibitus</strong></span> <span class='ocrx_word' id='word_1_364' title='bbox 767 4613 795 4650; x_wconf 91' lang='lat' dir='ltr'><strong>a</strong></span> <span class='ocrx_word' id='word_1_365' title='bbox 832 4598 940 4653; x_wconf 88' lang='lat' dir='ltr'><strong>Deo</strong></span> <span class='ocrx_word' id='word_1_366' title='bbox 972 4598 1160 4654; x_wconf 89' lang='lat' dir='ltr'><strong>venire</strong></span> <span class='ocrx_word' id='word_1_367' title='bbox 1186 4599 1254 4654; x_wconf 88' lang='lat' dir='ltr'><strong>ad</strong></span> <span class='ocrx_word' id='word_1_368' title='bbox 1285 4614 1491 4671; x_wconf 90' lang='lat' dir='ltr'><strong>regem,</strong></span> <span class='ocrx_word' id='word_1_369' title='bbox 1521 4596 1769 4668; x_wconf 91' lang='lat' dir='ltr'><strong>persistit</strong></span> <span class='ocrx_word' id='word_1_370' title='bbox 1796 4604 1854 4650; x_wconf 92' lang='lat' dir='ltr'><strong>ut</strong></span> <span class='ocrx_word' id='word_1_371' title='bbox 1881 4597 2090 4664; x_wconf 86' lang='lat' dir='ltr'><strong>veniat,</strong></span> 
     </span>
    </p>
   </div>
   <div class='ocr_carea' id='block_1_49' title="bbox 519 4687 2091 4759">
    <p class='ocr_par' dir='ltr' id='par_1_49' title="bbox 519 4687 2091 4759">
     <span class='ocr_line' id='line_1_49' title="bbox 519 4687 2091 4759; baseline 0 -18"><span class='ocrx_word' id='word_1_372' title='bbox 519 4697 574 4741; x_wconf 93' lang='lat' dir='ltr'><strong>et</strong></span> <span class='ocrx_word' id='word_1_373' title='bbox 611 4688 876 4743; x_wconf 90' lang='lat' dir='ltr'><strong>mercedis</strong></span> <span class='ocrx_word' id='word_1_374' title='bbox 905 4689 1133 4759; x_wconf 90' lang='lat' dir='ltr'><strong>cupidus</strong></span> <span class='ocrx_word' id='word_1_375' title='bbox 1174 4689 1369 4744; x_wconf 91' lang='lat' dir='ltr'><strong>iterum</strong></span> <span class='ocrx_word' id='word_1_376' title='bbox 1418 4688 1696 4754; x_wconf 91' lang='lat' dir='ltr'><strong>consulit,</strong></span> <span class='ocrx_word' id='word_1_377' title='bbox 1749 4687 1947 4743; x_wconf 90' lang='lat' dir='ltr'><strong>iterum</strong></span> <span class='ocrx_word' id='word_1_378' title='bbox 1998 4701 2091 4742; x_wconf 91' lang='lat' dir='ltr'><strong>re-</strong></span> 
     </span>
    </p>
   </div>
   <div class='ocr_carea' id='block_1_50' title="bbox 518 4781 2086 4854">
    <p class='ocr_par' dir='ltr' id='par_1_50' title="bbox 518 4781 2086 4854">
     <span class='ocr_line' id='line_1_50' title="bbox 518 4781 2086 4854; baseline 0 -18"><span class='ocrx_word' id='word_1_379' title='bbox 518 4782 685 4851; x_wconf 91' lang='lat' dir='ltr'><strong>quirit</strong></span> <span class='ocrx_word' id='word_1_380' title='bbox 719 4799 749 4836; x_wconf 88' lang='lat' dir='ltr'><strong>a</strong></span> <span class='ocrx_word' id='word_1_381' title='bbox 785 4785 912 4848; x_wconf 90' lang='lat' dir='ltr'><strong>Deo,</strong></span> <span class='ocrx_word' id='word_1_382' title='bbox 949 4784 1123 4840; x_wconf 90' lang='lat' dir='ltr'><strong>donec</strong></span> <span class='ocrx_word' id='word_1_383' title='bbox 1147 4783 1490 4854; x_wconf 89' lang='lat' dir='ltr'><strong>relinquatur</strong></span> <span class='ocrx_word' id='word_1_384' title='bbox 1525 4781 1921 4852; x_wconf 86' lang='lat' dir='ltr'><strong>cupiditatibus</strong></span> <span class='ocrx_word' id='word_1_385' title='bbox 1952 4781 2086 4844; x_wconf 83' lang='lat' dir='ltr'><strong>suis.</strong></span> 
     </span>
    </p>
   </div>
   <div class='ocr_carea' id='block_1_51' title="bbox 517 4874 2087 4945">
    <p class='ocr_par' dir='ltr' id='par_1_51' title="bbox 517 4874 2087 4945">
     <span class='ocr_line' id='line_1_51' title="bbox 517 4874 2087 4945; baseline 0 -17"><span class='ocrx_word' id='word_1_386' title='bbox 517 4884 574 4929; x_wconf 90' lang='lat' dir='ltr'><strong>et</strong></span> <span class='ocrx_word' id='word_1_387' title='bbox 599 4884 688 4929; x_wconf 89' lang='lat' dir='ltr'><strong>eat</strong></span> <span class='ocrx_word' id='word_1_388' title='bbox 720 4875 774 4928; x_wconf 90' lang='lat' dir='ltr'><strong>in</strong></span> <span class='ocrx_word' id='word_1_389' title='bbox 804 4875 1170 4931; x_wconf 82' lang='lat' dir='ltr'><strong>voluntatibus</strong></span> <span class='ocrx_word' id='word_1_390' title='bbox 1197 4876 1332 4931; x_wconf 91' lang='lat' dir='ltr'><strong>suis.</strong></span> <span class='ocrx_word' id='word_1_391' title='bbox 1362 4874 1658 4945; x_wconf 90' lang='lat' dir='ltr'><strong>Culpabilis</strong></span> <span class='ocrx_word' id='word_1_392' title='bbox 1683 4883 1790 4940; x_wconf 90' lang='lat' dir='ltr'><strong>est,</strong></span> <span class='ocrx_word' id='word_1_393' title='bbox 1809 4889 1931 4930; x_wconf 93' lang='lat' dir='ltr'><strong>eum</strong></span> <span class='ocrx_word' id='word_1_394' title='bbox 1956 4875 2087 4928; x_wconf 57' lang='lat' dir='ltr'><strong>ardi-</strong></span> 
     </span>
    </p>
   </div>
   <div class='ocr_carea' id='block_1_52' title="bbox 519 4966 2088 5038">
    <p class='ocr_par' dir='ltr' id='par_1_52' title="bbox 519 4966 2088 5038">
     <span class='ocr_line' id='line_1_52' title="bbox 519 4966 2088 5038; baseline -0.003 -16"><span class='ocrx_word' id='word_1_395' title='bbox 519 4968 647 5022; x_wconf 87' lang='lat' dir='ltr'><strong>ficat</strong></span> <span class='ocrx_word' id='word_1_396' title='bbox 685 4981 832 5032; x_wconf 90' lang='lat' dir='ltr'><strong>aras,</strong></span> <span class='ocrx_word' id='word_1_397' title='bbox 859 4975 914 5022; x_wconf 91' lang='lat' dir='ltr'><strong>et</strong></span> <span class='ocrx_word' id='word_1_398' title='bbox 945 4968 1197 5023; x_wconf 90' lang='lat' dir='ltr'><strong>victimas</strong></span> <span class='ocrx_word' id='word_1_399' title='bbox 1237 4968 1470 5038; x_wconf 90' lang='lat' dir='ltr'><strong>imponit</strong></span> <span class='ocrx_word' id='word_1_400' title='bbox 1494 4966 1798 5032; x_wconf 69' lang='lat' dir='ltr'><strong>dmmoniis,</strong></span> <span class='ocrx_word' id='word_1_401' title='bbox 1835 4973 1895 5020; x_wconf 87' lang='lat' dir='ltr'><strong>et</strong></span> <span class='ocrx_word' id='word_1_402' title='bbox 1923 4979 2088 5034; x_wconf 90' lang='lat' dir='ltr'><strong>appa-</strong></span> 
     </span>
    </p>
   </div>
   <div class='ocr_carea' id='block_1_53' title="bbox 518 5057 2088 5131">
    <p class='ocr_par' dir='ltr' id='par_1_53' title="bbox 518 5057 2088 5131">
     <span class='ocr_line' id='line_1_53' title="bbox 518 5057 2088 5131; baseline -0.001 -19"><span class='ocrx_word' id='word_1_403' title='bbox 518 5068 640 5113; x_wconf 90' lang='lat' dir='ltr'><strong>ratu</strong></span> <span class='ocrx_word' id='word_1_404' title='bbox 681 5060 891 5131; x_wconf 87' lang='lat' dir='ltr'><strong>magico</strong></span> <span class='ocrx_word' id='word_1_405' title='bbox 919 5061 1095 5130; x_wconf 89' lang='lat' dir='ltr'><strong>poscit</strong></span> <span class='ocrx_word' id='word_1_406' title='bbox 1123 5060 1303 5114; x_wconf 86' lang='lat' dir='ltr'><strong>divina</strong></span> <span class='ocrx_word' id='word_1_407' title='bbox 1340 5059 1612 5116; x_wconf 89' lang='lat' dir='ltr'><strong>consulta.</strong></span> <span class='ocrx_word' id='word_1_408' title='bbox 1644 5057 1949 5123; x_wconf 87' lang='lat' dir='ltr'><strong>Culpabilis</strong></span> <span class='ocrx_word' id='word_1_409' title='bbox 1985 5065 2088 5122; x_wconf 87' lang='lat' dir='ltr'><strong>est,</strong></span> 
     </span>
    </p>
   </div>
   <div class='ocr_carea' id='block_1_54' title="bbox 514 5149 2090 5221">
    <p class='ocr_par' dir='ltr' id='par_1_54' title="bbox 514 5149 2090 5221">
     <span class='ocr_line' id='line_1_54' title="bbox 514 5149 2090 5221; baseline -0.003 -16"><span class='ocrx_word' id='word_1_410' title='bbox 514 5163 638 5205; x_wconf 89' lang='lat' dir='ltr'><strong>cum</strong></span> <span class='ocrx_word' id='word_1_411' title='bbox 655 5151 944 5206; x_wconf 90' lang='lat' dir='ltr'><strong>consilium</strong></span> <span class='ocrx_word' id='word_1_412' title='bbox 966 5150 1258 5220; x_wconf 88' lang='lat' dir='ltr'><strong>pessimum</strong></span> <span class='ocrx_word' id='word_1_413' title='bbox 1287 5150 1402 5217; x_wconf 88' lang='lat' dir='ltr'><strong>dat,</strong></span> <span class='ocrx_word' id='word_1_414' title='bbox 1436 5160 1495 5205; x_wconf 89' lang='lat' dir='ltr'><strong>ut</strong></span> <span class='ocrx_word' id='word_1_415' title='bbox 1519 5150 1752 5221; x_wconf 91' lang='lat' dir='ltr'><strong>populus</strong></span> <span class='ocrx_word' id='word_1_416' title='bbox 1781 5149 2090 5219; x_wconf 89' lang='lat' dir='ltr'><strong>decipiatur</strong></span> 
     </span>
    </p>
   </div>
   <div class='ocr_carea' id='block_1_55' title="bbox 515 5242 2088 5311">
    <p class='ocr_par' dir='ltr' id='par_1_55' title="bbox 515 5242 2088 5311">
     <span class='ocr_line' id='line_1_55' title="bbox 515 5242 2088 5311; baseline -0.001 -13"><span class='ocrx_word' id='word_1_417' title='bbox 515 5259 612 5311; x_wconf 87' lang='lat' dir='ltr'><strong>per</strong></span> <span class='ocrx_word' id='word_1_418' title='bbox 639 5245 894 5299; x_wconf 87' lang='lat' dir='ltr'><strong>mulieres</strong></span> <span class='ocrx_word' id='word_1_419' title='bbox 919 5243 1298 5300; x_wconf 82' lang='lat' dir='ltr'><strong>Madianitidas</strong></span> <span class='ocrx_word' id='word_1_420' title='bbox 1326 5252 1379 5300; x_wconf 93' lang='lat' dir='ltr'><strong>et</strong></span> <span class='ocrx_word' id='word_1_421' title='bbox 1400 5244 1603 5300; x_wconf 88' lang='lat' dir='ltr'><strong>cultum</strong></span> <span class='ocrx_word' id='word_1_422' title='bbox 1628 5244 1917 5299; x_wconf 90' lang='lat' dir='ltr'><strong>idolorum.</strong></span> <span class='ocrx_word' id='word_1_423' title='bbox 1943 5242 2088 5298; x_wconf 91' lang='lat' dir='ltr'><strong>Rur-</strong></span> 
     </span>
    </p>
   </div>
   <div class='ocr_carea' id='block_1_56' title="bbox 514 5337 2091 5407">
    <p class='ocr_par' dir='ltr' id='par_1_56' title="bbox 514 5337 2091 5407">
     <span class='ocr_line' id='line_1_56' title="bbox 514 5337 2091 5407; baseline -0.001 -16"><span class='ocrx_word' id='word_1_424' title='bbox 514 5338 922 5394; x_wconf 83' lang='lat' dir='ltr'><strong>suslaudabilis</strong></span> <span class='ocrx_word' id='word_1_425' title='bbox 948 5338 1274 5405; x_wconf 89' lang='lat' dir='ltr'><strong>ostenditur,</strong></span> <span class='ocrx_word' id='word_1_426' title='bbox 1313 5353 1440 5393; x_wconf 91' lang='lat' dir='ltr'><strong>cum</strong></span> <span class='ocrx_word' id='word_1_427' title='bbox 1471 5339 1695 5393; x_wconf 88' lang='lat' dir='ltr'><strong>verbum</strong></span> <span class='ocrx_word' id='word_1_428' title='bbox 1745 5337 1837 5393; x_wconf 90' lang='lat' dir='ltr'><strong>Dei</strong></span> <span class='ocrx_word' id='word_1_429' title='bbox 1870 5337 2091 5407; x_wconf 91' lang='lat' dir='ltr'><strong>ponitur</strong></span> 
     </span>
    </p>
   </div>
   <div class='ocr_carea' id='block_1_57' title="bbox 514 5421 2084 5500">
    <p class='ocr_par' dir='ltr' id='par_1_57' title="bbox 514 5421 2084 5500">
     <span class='ocr_line' id='line_1_57' title="bbox 514 5421 2084 5500; baseline -0.001 -16"><span class='ocrx_word' id='word_1_430' title='bbox 514 5431 572 5484; x_wconf 89' lang='lat' dir='ltr'><strong>in</strong></span> <span class='ocrx_word' id='word_1_431' title='bbox 607 5445 704 5486; x_wconf 91' lang='lat' dir='ltr'><strong>ore</strong></span> <span class='ocrx_word' id='word_1_432' title='bbox 733 5445 872 5498; x_wconf 81' lang='lat' dir='ltr'><strong>ejus,</strong></span> <span class='ocrx_word' id='word_1_433' title='bbox 926 5445 1052 5485; x_wconf 93' lang='lat' dir='ltr'><strong>cum</strong></span> <span class='ocrx_word' id='word_1_434' title='bbox 1094 5430 1332 5500; x_wconf 81' lang='lat' dir='ltr'><strong>Spiritus</strong></span> <span class='ocrx_word' id='word_1_435' title='bbox 1365 5429 1460 5484; x_wconf 89' lang='lat' dir='ltr'><strong>Dei</strong></span> <span class='ocrx_word' id='word_1_436' title='bbox 1497 5429 1557 5485; x_wconf 87' lang='lat' dir='ltr'><strong>fit</strong></span> <span class='ocrx_word' id='word_1_437' title='bbox 1585 5421 1750 5500; x_wconf 85' lang='lat' dir='ltr'><strong>super</strong></span> <span class='ocrx_word' id='word_1_438' title='bbox 1781 5444 1926 5496; x_wconf 91' lang='lat' dir='ltr'><strong>eum,</strong></span> <span class='ocrx_word' id='word_1_439' title='bbox 1960 5443 2084 5485; x_wconf 91' lang='lat' dir='ltr'><strong>cum</strong></span> 
     </span>
    </p>
   </div>
   <div class='ocr_carea' id='block_1_58' title="bbox 476 5518 2086 5591">
    <p class='ocr_par' dir='ltr' id='par_1_58' title="bbox 476 5518 2086 5591">
     <span class='ocr_line' id='line_1_58' title="bbox 476 5518 2086 5591; baseline 0.001 -16"><span class='ocrx_word' id='word_1_440' title='bbox 476 5553 479 5556; x_wconf 95' lang='lat'><strong><em>-</em></strong></span> <span class='ocrx_word' id='word_1_441' title='bbox 513 5521 582 5575; x_wconf 90' lang='lat' dir='ltr'><strong>de</strong></span> <span class='ocrx_word' id='word_1_442' title='bbox 609 5520 827 5576; x_wconf 85' lang='lat' dir='ltr'><strong>Christo</strong></span> <span class='ocrx_word' id='word_1_443' title='bbox 859 5521 1168 5591; x_wconf 89' lang='lat' dir='ltr'><strong>prophetat,</strong></span> <span class='ocrx_word' id='word_1_444' title='bbox 1219 5535 1342 5575; x_wconf 92' lang='lat' dir='ltr'><strong>cum</strong></span> <span class='ocrx_word' id='word_1_445' title='bbox 1386 5518 1590 5576; x_wconf 74' lang='lat' dir='ltr'><strong>Iudaeis</strong></span> <span class='ocrx_word' id='word_1_446' title='bbox 1623 5531 1679 5575; x_wconf 90' lang='lat' dir='ltr'><strong>et</strong></span> <span class='ocrx_word' id='word_1_447' title='bbox 1736 5521 1990 5591; x_wconf 87' lang='lat' dir='ltr'><strong>gentibus</strong></span> <span class='ocrx_word' id='word_1_448' title='bbox 2017 5522 2086 5577; x_wconf 92' lang='lat' dir='ltr'><strong>de</strong></span> 
     </span>
    </p>
   </div>
   <div class='ocr_carea' id='block_1_59' title="bbox 603 5637 1683 5699">
    <p class='ocr_par' dir='ltr' id='par_1_59' title="bbox 603 5637 1683 5699">
     <span class='ocr_line' id='line_1_59' title="bbox 603 5637 1683 5699; baseline 0.001 -9"><span class='ocrx_word' id='word_1_449' title='bbox 603 5637 646 5667; x_wconf 76' lang='grc'><strong>⁸⁸</strong></span> <span class='ocrx_word' id='word_1_450' title='bbox 680 5637 928 5692; x_wconf 72' lang='lat' dir='ltr'><strong>Mattlmtt</strong></span> <span class='ocrx_word' id='word_1_451' title='bbox 959 5638 1049 5692; x_wconf 67' lang='lat'><strong>28.</strong></span> <span class='ocrx_word' id='word_1_452' title='bbox 1146 5637 1189 5669; x_wconf 80' lang='grc'><strong>⁵⁷</strong></span> <span class='ocrx_word' id='word_1_453' title='bbox 1217 5637 1373 5692; x_wconf 85' lang='lat' dir='ltr'><strong>Joan.</strong></span> <span class='ocrx_word' id='word_1_454' title='bbox 1406 5654 1560 5699; x_wconf 75' lang='lat' dir='ltr'><strong>xvrtt.</strong></span> <span class='ocrx_word' id='word_1_455' title='bbox 1599 5639 1683 5692; x_wconf 74' lang='grc'><strong>14.</strong></span> 
     </span>
    </p>
   </div>
   <div class='ocr_carea' id='block_1_60' title="bbox 1793 5638 2276 5703">
    <p class='ocr_par' dir='ltr' id='par_1_60' title="bbox 1793 5638 2276 5703">
     <span class='ocr_line' id='line_1_60' title="bbox 1793 5638 2276 5703; baseline -0.004 -10"><span class='ocrx_word' id='word_1_456' title='bbox 1793 5639 1836 5670; x_wconf 77' lang='grc'><strong>⁵⁸</strong></span> <span class='ocrx_word' id='word_1_457' title='bbox 1865 5640 1879 5693; x_wconf 94' lang='lat' dir='ltr'>I</span> <span class='ocrx_word' id='word_1_458' title='bbox 1911 5639 2035 5703; x_wconf 85' lang='lat' dir='ltr'><strong>Cor.</strong></span> <span class='ocrx_word' id='word_1_459' title='bbox 2071 5655 2191 5703; x_wconf 80' lang='lat' dir='ltr'><strong>xm,</strong></span> <span class='ocrx_word' id='word_1_460' title='bbox 2223 5638 2276 5692; x_wconf 91' lang='lat'><strong>8.</strong></span> 
     </span>
    </p>
   </div>
   <div class='ocr_carea' id='block_1_61' title="bbox 2208 566 3699 647">
    <p class='ocr_par' dir='ltr' id='par_1_61' title="bbox 2208 566 3699 647">
     <span class='ocr_line' id='line_1_61' title="bbox 2208 566 3699 647; baseline 0.01 -32"><span class='ocrx_word' id='word_1_461' title='bbox 2208 578 2305 632; x_wconf 89' lang='lat' dir='ltr'><strong>pro</strong></span> <span class='ocrx_word' id='word_1_462' title='bbox 2334 566 2806 630; x_wconf 81' lang='lat' dir='ltr'><strong>maledictionibus</strong></span> <span class='ocrx_word' id='word_1_463' title='bbox 2849 572 3255 628; x_wconf 89' lang='lat' dir='ltr'><strong>benedictiones</strong></span> <span class='ocrx_word' id='word_1_464' title='bbox 3285 576 3472 644; x_wconf 89' lang='lat' dir='ltr'><strong>populo</strong></span> <span class='ocrx_word' id='word_1_465' title='bbox 3502 577 3699 647; x_wconf 77' lang='lat' dir='ltr'><strong>largitur,</strong></span> 
     </span>
    </p>
   </div>
   <div class='ocr_carea' id='block_1_62' title="bbox 2205 657 3704 740">
    <p class='ocr_par' dir='ltr' id='par_1_62' title="bbox 2205 657 3704 740">
     <span class='ocr_line' id='line_1_62' title="bbox 2205 657 3704 740; baseline 0.012 -33"><span class='ocrx_word' id='word_1_466' title='bbox 2205 663 2259 708; x_wconf 88' lang='lat' dir='ltr'><strong>et</strong></span> <span class='ocrx_word' id='word_1_467' title='bbox 2298 670 2492 711; x_wconf 90' lang='lat' dir='ltr'><strong>nomen</strong></span> <span class='ocrx_word' id='word_1_468' title='bbox 2536 657 2698 714; x_wconf 90' lang='lat' dir='ltr'><strong>Israel</strong></span> <span class='ocrx_word' id='word_1_469' title='bbox 2731 677 2892 730; x_wconf 89' lang='lat' dir='ltr'><strong>supra</strong></span> <span class='ocrx_word' id='word_1_470' title='bbox 2941 663 3210 719; x_wconf 90' lang='lat' dir='ltr'><strong>visibilem</strong></span> <span class='ocrx_word' id='word_1_471' title='bbox 3249 667 3464 734; x_wconf 88' lang='lat' dir='ltr'><strong>gloriam</strong></span> <span class='ocrx_word' id='word_1_472' title='bbox 3515 671 3704 740; x_wconf 70' lang='lat' dir='ltr'><strong>mysticis</strong></span> 
     </span>
    </p>
   </div>
   <div class='ocr_carea' id='block_1_63' title="bbox 2205 749 3705 826">
    <p class='ocr_par' dir='ltr' id='par_1_63' title="bbox 2205 749 3705 826">
     <span class='ocr_line' id='line_1_63' title="bbox 2205 749 3705 826; baseline 0.01 -26"><span class='ocrx_word' id='word_1_473' title='bbox 2205 749 2413 804; x_wconf 82' lang='lat' dir='ltr'><strong>extollit</strong></span> <span class='ocrx_word' id='word_1_474' title='bbox 2439 750 2689 822; x_wconf 90' lang='lat' dir='ltr'><strong>eloquiis.</strong></span> <span class='ocrx_word' id='word_1_475' title='bbox 2719 755 2852 810; x_wconf 85' lang='lat' dir='ltr'><strong>Cum</strong></span> <span class='ocrx_word' id='word_1_476' title='bbox 2885 773 3014 826; x_wconf 83' lang='lat' dir='ltr'><strong>ergo</strong></span> <span class='ocrx_word' id='word_1_477' title='bbox 3043 759 3157 812; x_wconf 66' lang='lat' dir='ltr'><strong>haec</strong></span> <span class='ocrx_word' id='word_1_478' title='bbox 3200 770 3302 812; x_wconf 88' lang='lat' dir='ltr'><strong>tam</strong></span> <span class='ocrx_word' id='word_1_479' title='bbox 3339 760 3536 813; x_wconf 86' lang='lat' dir='ltr'><strong>diversa</strong></span> <span class='ocrx_word' id='word_1_480' title='bbox 3574 762 3628 814; x_wconf 86' lang='lat' dir='ltr'><strong>de</strong></span> <span class='ocrx_word' id='word_1_481' title='bbox 3659 781 3705 815; x_wconf 73' lang='lat' dir='ltr'><strong>ro</strong></span> 
     </span>
    </p>
   </div>
   <div class='ocr_carea' id='block_1_64' title="bbox 2205 845 3702 918">
    <p class='ocr_par' dir='ltr' id='par_1_64' title="bbox 2205 845 3702 918">
     <span class='ocr_line' id='line_1_64' title="bbox 2205 845 3702 918; baseline 0.009 -25"><span class='ocrx_word' id='word_1_482' title='bbox 2205 849 2258 893; x_wconf 90' lang='lat' dir='ltr'><strong>et</strong></span> <span class='ocrx_word' id='word_1_483' title='bbox 2289 849 2397 895; x_wconf 75' lang='lat' dir='ltr'><strong>tam</strong></span> <span class='ocrx_word' id='word_1_484' title='bbox 2429 845 2580 898; x_wconf 89' lang='lat' dir='ltr'><strong>varia</strong></span> <span class='ocrx_word' id='word_1_485' title='bbox 2623 848 2825 904; x_wconf 89' lang='lat' dir='ltr'><strong>indicet</strong></span> <span class='ocrx_word' id='word_1_486' title='bbox 2856 851 3143 918; x_wconf 80' lang='lat' dir='ltr'><strong>Scriptura</strong></span> <span class='ocrx_word' id='word_1_487' title='bbox 3191 850 3392 914; x_wconf 87' lang='lat' dir='ltr'><strong>divina,</strong></span> <span class='ocrx_word' id='word_1_488' title='bbox 3447 850 3585 904; x_wconf 83' lang='lat' dir='ltr'><strong>valde</strong></span> <span class='ocrx_word' id='word_1_489' title='bbox 3608 853 3702 907; x_wconf 80' lang='lat' dir='ltr'><strong>milii</strong></span> 
     </span>
    </p>
   </div>
   <div class='ocr_carea' id='block_1_65' title="bbox 2205 931 3704 1011">
    <p class='ocr_par' dir='ltr' id='par_1_65' title="bbox 2205 931 3704 1011">
     <span class='ocr_line' id='line_1_65' title="bbox 2205 931 3704 1011; baseline 0.01 -29"><span class='ocrx_word' id='word_1_490' title='bbox 2205 931 2422 989; x_wconf 68' lang='lat' dir='ltr'><strong>difficile</strong></span> <span class='ocrx_word' id='word_1_491' title='bbox 2458 937 2671 992; x_wconf 89' lang='lat' dir='ltr'><strong>videtur</strong></span> <span class='ocrx_word' id='word_1_492' title='bbox 2699 953 2766 994; x_wconf 80' lang='lat' dir='ltr'><strong>ex</strong></span> <span class='ocrx_word' id='word_1_493' title='bbox 2800 941 3022 995; x_wconf 86' lang='lat' dir='ltr'><strong>definito</strong></span> <span class='ocrx_word' id='word_1_494' title='bbox 3056 950 3297 997; x_wconf 89' lang='lat' dir='ltr'><strong>statuere</strong></span> <span class='ocrx_word' id='word_1_495' title='bbox 3318 943 3433 1009; x_wconf 90' lang='lat' dir='ltr'><strong>ejus</strong></span> <span class='ocrx_word' id='word_1_496' title='bbox 3454 955 3704 1011; x_wconf 80' lang='lat' dir='ltr'><strong>persona,</strong></span> 
     </span>
    </p>
   </div>
   <div class='ocr_carea' id='block_1_66' title="bbox 2206 1023 3709 1094">
    <p class='ocr_par' dir='ltr' id='par_1_66' title="bbox 2206 1023 3709 1094">
     <span class='ocr_line' id='line_1_66' title="bbox 2206 1023 3709 1094; baseline 0.007 -18"><span class='ocrx_word' id='word_1_497' title='bbox 2206 1023 2290 1076; x_wconf 89' lang='lat' dir='ltr'><strong>cui</strong></span> <span class='ocrx_word' id='word_1_498' title='bbox 2326 1040 2430 1078; x_wconf 92' lang='lat' dir='ltr'><strong>non</strong></span> <span class='ocrx_word' id='word_1_499' title='bbox 2468 1027 2642 1080; x_wconf 90' lang='lat' dir='ltr'><strong>solum</strong></span> <span class='ocrx_word' id='word_1_500' title='bbox 2679 1031 2968 1084; x_wconf 89' lang='lat' dir='ltr'><strong>conveniat</strong></span> <span class='ocrx_word' id='word_1_501' title='bbox 3002 1030 3104 1083; x_wconf 87' lang='lat' dir='ltr'><strong>ista</strong></span> <span class='ocrx_word' id='word_1_502' title='bbox 3159 1029 3462 1094; x_wconf 89' lang='lat' dir='ltr'><strong>diversitas,</strong></span> <span class='ocrx_word' id='word_1_503' title='bbox 3492 1046 3648 1084; x_wconf 84' lang='lat' dir='ltr'><strong>verum</strong></span> <span class='ocrx_word' id='word_1_504' title='bbox 3669 1041 3709 1087; x_wconf 80' lang='lat' dir='ltr'><strong>et</strong></span> 
     </span>
    </p>
   </div>
   <div class='ocr_carea' id='block_1_67' title="bbox 2205 1113 3706 1191">
    <p class='ocr_par' dir='ltr' id='par_1_67' title="bbox 2205 1113 3706 1191">
     <span class='ocr_line' id='line_1_67' title="bbox 2205 1113 3706 1191; baseline 0.008 -24"><span class='ocrx_word' id='word_1_505' title='bbox 2205 1113 2333 1170; x_wconf 91' lang='lat' dir='ltr'><strong>illud</strong></span> <span class='ocrx_word' id='word_1_506' title='bbox 2378 1119 2583 1186; x_wconf 84' lang='lat' dir='ltr'><strong>aptari&#39;</strong></span> <span class='ocrx_word' id='word_1_507' title='bbox 2609 1122 2802 1188; x_wconf 85' lang='lat' dir='ltr'><strong>possit,</strong></span> <span class='ocrx_word' id='word_1_508' title='bbox 2845 1122 2987 1191; x_wconf 91' lang='lat' dir='ltr'><strong>quod</strong></span> <span class='ocrx_word' id='word_1_509' title='bbox 3021 1121 3136 1190; x_wconf 91' lang='lat' dir='ltr'><strong>ipse</strong></span> <span class='ocrx_word' id='word_1_510' title='bbox 3172 1124 3237 1175; x_wconf 89' lang='lat' dir='ltr'><strong>de</strong></span> <span class='ocrx_word' id='word_1_511' title='bbox 3284 1122 3560 1191; x_wconf 88' lang='lat' dir='ltr'><strong>semetipso</strong></span> <span class='ocrx_word' id='word_1_512' title='bbox 3599 1125 3706 1179; x_wconf 84' lang='lat' dir='ltr'><strong>velut</strong></span> 
     </span>
    </p>
   </div>
   <div class='ocr_carea' id='block_1_68' title="bbox 2205 1210 3708 1278">
    <p class='ocr_par' dir='ltr' id='par_1_68' title="bbox 2205 1210 3708 1278">
     <span class='ocr_line' id='line_1_68' title="bbox 2205 1210 3708 1278; baseline 0.005 -16"><span class='ocrx_word' id='word_1_513' title='bbox 2205 1210 2536 1278; x_wconf 88' lang='lat' dir='ltr'><strong>prophetans</strong></span> <span class='ocrx_word' id='word_1_514' title='bbox 2577 1211 2712 1267; x_wconf 87' lang='lat' dir='ltr'><strong>dicit</strong></span> <span class='ocrx_word' id='word_1_515' title='bbox 2739 1214 2782 1244; x_wconf 88' lang='lat'>&#39;”</span> <span class='ocrx_word' id='word_1_516' title='bbox 2819 1231 2831 1266; x_wconf 88' lang='lat'><strong>:</strong></span> <span class='ocrx_word' id='word_1_517' title='bbox 2881 1230 2899 1265; x_wconf 74' lang='grc' dir='ltr'>ι</span> <span class='ocrx_word' id='word_1_518' title='bbox 2931 1212 3192 1268; x_wconf 85' lang='lat' dir='ltr'><strong>Moriatur</strong></span> <span class='ocrx_word' id='word_1_519' title='bbox 3231 1216 3409 1267; x_wconf 87' lang='lat' dir='ltr'><strong>anima</strong></span> <span class='ocrx_word' id='word_1_520' title='bbox 3457 1228 3562 1268; x_wconf 86' lang='lat' dir='ltr'><strong>mea</strong></span> <span class='ocrx_word' id='word_1_521' title='bbox 3608 1214 3708 1270; x_wconf 86' lang='lat' dir='ltr'><strong>inter</strong></span> 
     </span>
    </p>
   </div>
   <div class='ocr_carea' id='block_1_69' title="bbox 2205 1301 3708 1370">
    <p class='ocr_par' dir='ltr' id='par_1_69' title="bbox 2205 1301 3708 1370">
     <span class='ocr_line' id='line_1_69' title="bbox 2205 1301 3708 1370; baseline 0.005 -17"><span class='ocrx_word' id='word_1_522' title='bbox 2205 1301 2417 1356; x_wconf 89' lang='lat' dir='ltr'><strong>animas</strong></span> <span class='ocrx_word' id='word_1_523' title='bbox 2439 1302 2732 1370; x_wconf 87' lang='lat' dir='ltr'><strong>justorum,</strong></span> <span class='ocrx_word' id='word_1_524' title='bbox 2771 1313 2825 1358; x_wconf 89' lang='lat' dir='ltr'><strong>et</strong></span> <span class='ocrx_word' id='word_1_525' title='bbox 2862 1303 2955 1359; x_wconf 89' lang='lat' dir='ltr'><strong>fiat</strong></span> <span class='ocrx_word' id='word_1_526' title='bbox 2979 1320 3165 1360; x_wconf 90' lang='lat' dir='ltr'><strong>semen</strong></span> <span class='ocrx_word' id='word_1_527' title='bbox 3199 1321 3375 1358; x_wconf 90' lang='lat' dir='ltr'><strong>meum</strong></span> <span class='ocrx_word' id='word_1_528' title='bbox 3405 1305 3536 1360; x_wconf 90' lang='lat' dir='ltr'><strong>sicut</strong></span> <span class='ocrx_word' id='word_1_529' title='bbox 3568 1321 3708 1361; x_wconf 76' lang='lat' dir='ltr'><strong>semen</strong></span> 
     </span>
    </p>
   </div>
   <div class='ocr_carea' id='block_1_70' title="bbox 2197 1388 3710 1467">
    <p class='ocr_par' dir='ltr' id='par_1_70' title="bbox 2197 1388 3710 1467">
     <span class='ocr_line' id='line_1_70' title="bbox 2197 1388 3710 1467; baseline 0.005 -23"><span class='ocrx_word' id='word_1_530' title='bbox 2197 1388 2488 1458; x_wconf 90' lang='lat' dir='ltr'><strong>justorum.</strong></span> <span class='ocrx_word' id='word_1_531' title='bbox 2514 1411 2533 1445; x_wconf 76' lang='grc' dir='ltr'><strong><em>ι</em></strong></span> <span class='ocrx_word' id='word_1_532' title='bbox 2576 1392 2681 1449; x_wconf 91' lang='lat' dir='ltr'><strong>Sed</strong></span> <span class='ocrx_word' id='word_1_533' title='bbox 2711 1403 2766 1450; x_wconf 92' lang='lat' dir='ltr'><strong>et</strong></span> <span class='ocrx_word' id='word_1_534' title='bbox 2792 1410 2890 1465; x_wconf 91' lang='lat' dir='ltr'><strong>per</strong></span> <span class='ocrx_word' id='word_1_535' title='bbox 2913 1396 3194 1456; x_wconf 58' lang='lat' dir='ltr'><strong>Micbazam</strong></span> <span class='ocrx_word' id='word_1_536' title='bbox 3225 1397 3535 1467; x_wconf 85' lang='lat' dir='ltr'><strong>prophetam</strong></span> <span class='ocrx_word' id='word_1_537' title='bbox 3563 1397 3710 1453; x_wconf 80' lang='lat' dir='ltr'><strong>talede</strong></span> 
     </span>
    </p>
   </div>
   <div class='ocr_carea' id='block_1_71' title="bbox 2201 1483 3707 1557">
    <p class='ocr_par' dir='ltr' id='par_1_71' title="bbox 2201 1483 3707 1557">
     <span class='ocr_line' id='line_1_71' title="bbox 2201 1483 3707 1557; baseline 0.004 -21"><span class='ocrx_word' id='word_1_538' title='bbox 2201 1497 2266 1536; x_wconf 91' lang='lat' dir='ltr'><strong>eo</strong></span> <span class='ocrx_word' id='word_1_539' title='bbox 2321 1483 2580 1540; x_wconf 90' lang='lat' dir='ltr'><strong>Dominus</strong></span> <span class='ocrx_word' id='word_1_540' title='bbox 2621 1487 2987 1541; x_wconf 89' lang='lat' dir='ltr'><strong>testimonium</strong></span> <span class='ocrx_word' id='word_1_541' title='bbox 3026 1488 3316 1557; x_wconf 85' lang='lat' dir='ltr'><strong>perhibet.</strong></span> <span class='ocrx_word' id='word_1_542' title='bbox 3371 1487 3462 1541; x_wconf 88' lang='lat' dir='ltr'><strong>ubi</strong></span> <span class='ocrx_word' id='word_1_543' title='bbox 3505 1488 3616 1542; x_wconf 87' lang='lat' dir='ltr'><strong>dicit</strong></span> <span class='ocrx_word' id='word_1_544' title='bbox 3641 1489 3707 1542; x_wconf 82' lang='lat' dir='ltr'><strong>&quot;z</strong></span> 
     </span>
    </p>
   </div>
   <div class='ocr_carea' id='block_1_72' title="bbox 2208 1577 3708 1651">
    <p class='ocr_par' dir='ltr' id='par_1_72' title="bbox 2208 1577 3708 1651">
     <span class='ocr_line' id='line_1_72' title="bbox 2208 1577 3708 1651; baseline 0.005 -22"><span class='ocrx_word' id='word_1_545' title='bbox 2208 1595 2225 1628; x_wconf 73' lang='grc' dir='ltr'><strong><em>ι</em></strong></span> <span class='ocrx_word' id='word_1_546' title='bbox 2255 1577 2488 1647; x_wconf 88' lang='lat' dir='ltr'><strong>Populus</strong></span> <span class='ocrx_word' id='word_1_547' title='bbox 2507 1595 2682 1646; x_wconf 92' lang='lat' dir='ltr'><strong>mens,</strong></span> <span class='ocrx_word' id='word_1_548' title='bbox 2711 1581 2838 1650; x_wconf 88' lang='lat' dir='ltr'><strong>quid</strong></span> <span class='ocrx_word' id='word_1_549' title='bbox 2863 1580 2962 1637; x_wconf 90' lang='lat' dir='ltr'><strong>feci</strong></span> <span class='ocrx_word' id='word_1_550' title='bbox 2992 1582 3134 1637; x_wconf 82' lang='lat' dir='ltr'><strong>tibi?</strong></span> <span class='ocrx_word' id='word_1_551' title='bbox 3167 1582 3435 1651; x_wconf 90' lang='lat' dir='ltr'><strong>responde</strong></span> <span class='ocrx_word' id='word_1_552' title='bbox 3462 1582 3596 1644; x_wconf 77' lang='lat' dir='ltr'><strong>mihi,</strong></span> <span class='ocrx_word' id='word_1_553' title='bbox 3617 1584 3708 1650; x_wconf 80' lang='lat' dir='ltr'><strong>quia</strong></span> 
     </span>
    </p>
   </div>
   <div class='ocr_carea' id='block_1_73' title="bbox 2203 1670 3705 1743">
    <p class='ocr_par' dir='ltr' id='par_1_73' title="bbox 2203 1670 3705 1743">
     <span class='ocr_line' id='line_1_73' title="bbox 2203 1670 3705 1743; baseline 0.005 -23"><span class='ocrx_word' id='word_1_554' title='bbox 2203 1670 2448 1724; x_wconf 86' lang='lat' dir='ltr'><strong>revocavi</strong></span> <span class='ocrx_word' id='word_1_555' title='bbox 2479 1670 2545 1726; x_wconf 87' lang='lat' dir='ltr'><strong>de</strong></span> <span class='ocrx_word' id='word_1_556' title='bbox 2592 1681 2732 1725; x_wconf 88' lang='lat' dir='ltr'><strong>terra</strong></span> <span class='ocrx_word' id='word_1_557' title='bbox 2767 1670 2990 1743; x_wconf 65' lang='lat' dir='ltr'><strong>Egypti</strong></span> <span class='ocrx_word' id='word_1_558' title='bbox 3021 1713 3036 1737; x_wconf 94' lang='lat'><strong>,</strong></span> <span class='ocrx_word' id='word_1_559' title='bbox 3083 1682 3138 1727; x_wconf 91' lang='lat' dir='ltr'><strong>et</strong></span> <span class='ocrx_word' id='word_1_560' title='bbox 3171 1687 3235 1727; x_wconf 80' lang='lat' dir='ltr'><strong>ex</strong></span> <span class='ocrx_word' id='word_1_561' title='bbox 3278 1675 3443 1727; x_wconf 91' lang='lat' dir='ltr'><strong>domo</strong></span> <span class='ocrx_word' id='word_1_562' title='bbox 3474 1674 3705 1727; x_wconf 78' lang='lat' dir='ltr'><strong>servitutis</strong></span> 
     </span>
    </p>
   </div>
   <div class='ocr_carea' id='block_1_74' title="bbox 2201 1761 3713 1834">
    <p class='ocr_par' dir='ltr' id='par_1_74' title="bbox 2201 1761 3713 1834">
     <span class='ocr_line' id='line_1_74' title="bbox 2201 1761 3713 1834; baseline 0.003 -20"><span class='ocrx_word' id='word_1_563' title='bbox 2201 1761 2424 1817; x_wconf 89' lang='lat' dir='ltr'><strong>liberavi</strong></span> <span class='ocrx_word' id='word_1_564' title='bbox 2465 1773 2537 1827; x_wconf 90' lang='lat' dir='ltr'><strong>te,</strong></span> <span class='ocrx_word' id='word_1_565' title='bbox 2571 1773 2626 1819; x_wconf 89' lang='lat' dir='ltr'><strong>et</strong></span> <span class='ocrx_word' id='word_1_566' title='bbox 2662 1765 2782 1818; x_wconf 89' lang='lat' dir='ltr'><strong>misi</strong></span> <span class='ocrx_word' id='word_1_567' title='bbox 2814 1775 2938 1819; x_wconf 90' lang='lat' dir='ltr'><strong>ante</strong></span> <span class='ocrx_word' id='word_1_568' title='bbox 2973 1764 3170 1820; x_wconf 88' lang='lat' dir='ltr'><strong>faciem</strong></span> <span class='ocrx_word' id='word_1_569' title='bbox 3214 1775 3363 1819; x_wconf 90' lang='lat' dir='ltr'><strong>tuam</strong></span> <span class='ocrx_word' id='word_1_570' title='bbox 3394 1764 3612 1834; x_wconf 76' lang='lat' dir='ltr'><strong>Moysen,</strong></span> <span class='ocrx_word' id='word_1_571' title='bbox 3635 1767 3713 1819; x_wconf 68' lang='lat' dir='ltr'><strong>Aa-</strong></span> 
     </span>
    </p>
   </div>
   <div class='ocr_carea' id='block_1_75' title="bbox 2202 1853 3710 1926">
    <p class='ocr_par' dir='ltr' id='par_1_75' title="bbox 2202 1853 3710 1926">
     <span class='ocr_line' id='line_1_75' title="bbox 2202 1853 3710 1926; baseline 0.001 -18"><span class='ocrx_word' id='word_1_572' title='bbox 2202 1867 2323 1920; x_wconf 91' lang='lat' dir='ltr'><strong>ron,</strong></span> <span class='ocrx_word' id='word_1_573' title='bbox 2355 1865 2408 1909; x_wconf 91' lang='lat' dir='ltr'><strong>et</strong></span> <span class='ocrx_word' id='word_1_574' title='bbox 2445 1853 2693 1910; x_wconf 85' lang='lat' dir='ltr'><strong>Mariam.</strong></span> <span class='ocrx_word' id='word_1_575' title='bbox 2728 1855 2962 1926; x_wconf 85' lang='lat' dir='ltr'><strong>Populus</strong></span> <span class='ocrx_word' id='word_1_576' title='bbox 2991 1871 3164 1923; x_wconf 90' lang='lat' dir='ltr'><strong>meus,</strong></span> <span class='ocrx_word' id='word_1_577' title='bbox 3212 1865 3486 1912; x_wconf 90' lang='lat' dir='ltr'><strong>memento</strong></span> <span class='ocrx_word' id='word_1_578' title='bbox 3514 1857 3622 1926; x_wconf 90' lang='lat' dir='ltr'><strong>quid</strong></span> <span class='ocrx_word' id='word_1_579' title='bbox 3645 1871 3710 1911; x_wconf 83' lang='lat' dir='ltr'><strong>co-</strong></span> 
     </span>
    </p>
   </div>
   <div class='ocr_carea' id='block_1_76' title="bbox 2200 1945 3712 2018">
    <p class='ocr_par' dir='ltr' id='par_1_76' title="bbox 2200 1945 3712 2018">
     <span class='ocr_line' id='line_1_76' title="bbox 2200 1945 3712 2018; baseline 0.004 -22"><span class='ocrx_word' id='word_1_580' title='bbox 2200 1945 2452 2014; x_wconf 82' lang='lat' dir='ltr'><strong>gitaverit</strong></span> <span class='ocrx_word' id='word_1_581' title='bbox 2486 1948 2774 2002; x_wconf 89' lang='lat' dir='ltr'><strong>adversum</strong></span> <span class='ocrx_word' id='word_1_582' title='bbox 2822 1957 2874 2003; x_wconf 94' lang='lat' dir='ltr'><strong>te</strong></span> <span class='ocrx_word' id='word_1_583' title='bbox 2913 1949 3111 2004; x_wconf 87' lang='lat' dir='ltr'><strong>Balach</strong></span> <span class='ocrx_word' id='word_1_584' title='bbox 3165 1963 3260 2004; x_wconf 81' lang='lat' dir='ltr'><strong>rex</strong></span> <span class='ocrx_word' id='word_1_585' title='bbox 3306 1950 3494 2015; x_wconf 78' lang='lat' dir='ltr'><strong>Moab,</strong></span> <span class='ocrx_word' id='word_1_586' title='bbox 3534 1961 3581 2002; x_wconf 80' lang='lat' dir='ltr'><strong>et</strong></span> <span class='ocrx_word' id='word_1_587' title='bbox 3617 1950 3712 2018; x_wconf 79' lang='lat' dir='ltr'><strong>quid</strong></span> 
     </span>
    </p>
   </div>
   <div class='ocr_carea' id='block_1_77' title="bbox 2200 2040 3712 2108">
    <p class='ocr_par' dir='ltr' id='par_1_77' title="bbox 2200 2040 3712 2108">
     <span class='ocr_line' id='line_1_77' title="bbox 2200 2040 3712 2108; baseline 0.002 -16"><span class='ocrx_word' id='word_1_588' title='bbox 2200 2040 2543 2107; x_wconf 83' lang='lat' dir='ltr'><strong>responderit</strong></span> <span class='ocrx_word' id='word_1_589' title='bbox 2569 2041 2617 2095; x_wconf 93' lang='lat' dir='ltr'><strong>ei</strong></span> <span class='ocrx_word' id='word_1_590' title='bbox 2650 2040 2867 2096; x_wconf 87' lang='lat' dir='ltr'><strong>Balaam</strong></span> <span class='ocrx_word' id='word_1_591' title='bbox 2907 2041 3051 2097; x_wconf 87' lang='lat' dir='ltr'><strong>ﬁlius</strong></span> <span class='ocrx_word' id='word_1_592' title='bbox 3080 2041 3237 2107; x_wconf 90' lang='lat' dir='ltr'><strong>Beor,</strong></span> <span class='ocrx_word' id='word_1_593' title='bbox 3265 2057 3294 2095; x_wconf 89' lang='lat' dir='ltr'><strong>a</strong></span> <span class='ocrx_word' id='word_1_594' title='bbox 3320 2040 3567 2096; x_wconf 85' lang='lat' dir='ltr'><strong>funiculis</strong></span> <span class='ocrx_word' id='word_1_595' title='bbox 3588 2058 3712 2108; x_wconf 85' lang='lat' dir='ltr'><strong>usque</strong></span> 
     </span>
    </p>
   </div>
   <div class='ocr_carea' id='block_1_78' title="bbox 2201 2129 3713 2202">
    <p class='ocr_par' dir='ltr' id='par_1_78' title="bbox 2201 2129 3713 2202">
     <span class='ocr_line' id='line_1_78' title="bbox 2201 2129 3713 2202; baseline 0.002 -19"><span class='ocrx_word' id='word_1_596' title='bbox 2201 2131 2252 2183; x_wconf 89' lang='lat' dir='ltr'><strong>in</strong></span> <span class='ocrx_word' id='word_1_597' title='bbox 2293 2129 2481 2198; x_wconf 81' lang='lat' dir='ltr'><strong>Galgal</strong></span> <span class='ocrx_word' id='word_1_598' title='bbox 2515 2141 2568 2185; x_wconf 92' lang='lat' dir='ltr'><strong>ut</strong></span> <span class='ocrx_word' id='word_1_599' title='bbox 2600 2132 3216 2202; x_wconf 83' lang='lat' dir='ltr'><strong>agnoscereturjustitia</strong></span> <span class='ocrx_word' id='word_1_600' title='bbox 3250 2133 3483 2187; x_wconf 91' lang='lat' dir='ltr'><strong>Domini.</strong></span> <span class='ocrx_word' id='word_1_601' title='bbox 3523 2152 3538 2182; x_wconf 74' lang='grc' dir='ltr'><strong><em>ι</em></strong></span> <span class='ocrx_word' id='word_1_602' title='bbox 3568 2132 3713 2188; x_wconf 81' lang='lat' dir='ltr'><strong>Osten-</strong></span> 
     </span>
    </p>
   </div>
   <div class='ocr_carea' id='block_1_79' title="bbox 2201 2221 3712 2292">
    <p class='ocr_par' dir='ltr' id='par_1_79' title="bbox 2201 2221 3712 2292">
     <span class='ocr_line' id='line_1_79' title="bbox 2201 2221 3712 2292; baseline 0.001 -18"><span class='ocrx_word' id='word_1_603' title='bbox 2201 2221 2279 2274; x_wconf 92' lang='lat' dir='ltr'><strong>dit</strong></span> <span class='ocrx_word' id='word_1_604' title='bbox 2308 2234 2438 2288; x_wconf 79' lang='lat' dir='ltr'><strong>ergo</strong></span> <span class='ocrx_word' id='word_1_605' title='bbox 2483 2234 2580 2290; x_wconf 89' lang='lat' dir='ltr'><strong>per</strong></span> <span class='ocrx_word' id='word_1_606' title='bbox 2615 2222 2730 2276; x_wconf 85' lang='lat' dir='ltr'><strong>haec</strong></span> <span class='ocrx_word' id='word_1_607' title='bbox 2759 2223 2887 2291; x_wconf 88' lang='lat' dir='ltr'><strong>quia</strong></span> <span class='ocrx_word' id='word_1_608' title='bbox 2923 2232 2979 2276; x_wconf 91' lang='lat' dir='ltr'><strong>ut</strong></span> <span class='ocrx_word' id='word_1_609' title='bbox 3013 2223 3227 2292; x_wconf 90' lang='lat' dir='ltr'><strong>justitia</strong></span> <span class='ocrx_word' id='word_1_610' title='bbox 3262 2223 3481 2277; x_wconf 91' lang='lat' dir='ltr'><strong>Domini</strong></span> <span class='ocrx_word' id='word_1_611' title='bbox 3510 2238 3712 2292; x_wconf 81' lang='lat' dir='ltr'><strong>agnosce-</strong></span> 
     </span>
    </p>
   </div>
   <div class='ocr_carea' id='block_1_80' title="bbox 2201 2312 3712 2382">
    <p class='ocr_par' dir='ltr' id='par_1_80' title="bbox 2201 2312 3712 2382">
     <span class='ocr_line' id='line_1_80' title="bbox 2201 2312 3712 2382; baseline 0.003 -20"><span class='ocrx_word' id='word_1_612' title='bbox 2201 2319 2381 2374; x_wconf 90' lang='lat' dir='ltr'><strong>retur,</strong></span> <span class='ocrx_word' id='word_1_613' title='bbox 2409 2320 2691 2380; x_wconf 90' lang='lat' dir='ltr'><strong>propterea</strong></span> <span class='ocrx_word' id='word_1_614' title='bbox 2719 2312 2806 2365; x_wconf 88' lang='lat' dir='ltr'><strong>illa</strong></span> <span class='ocrx_word' id='word_1_615' title='bbox 2843 2312 3022 2367; x_wconf 90' lang='lat' dir='ltr'><strong>omnia</strong></span> <span class='ocrx_word' id='word_1_616' title='bbox 3055 2313 3339 2382; x_wconf 88' lang='lat' dir='ltr'><strong>respondit</strong></span> <span class='ocrx_word' id='word_1_617' title='bbox 3370 2312 3574 2366; x_wconf 85' lang='lat' dir='ltr'><strong>Balaam</strong></span> <span class='ocrx_word' id='word_1_618' title='bbox 3610 2313 3712 2367; x_wconf 84' lang='lat' dir='ltr'><strong>ﬁlius</strong></span> 
     </span>
    </p>
   </div>
   <div class='ocr_carea' id='block_1_81' title="bbox 2201 2400 3712 2473">
    <p class='ocr_par' dir='ltr' id='par_1_81' title="bbox 2201 2400 3712 2473">
     <span class='ocr_line' id='line_1_81' title="bbox 2201 2400 3712 2473; baseline 0.001 -19"><span class='ocrx_word' id='word_1_619' title='bbox 2201 2400 2339 2456; x_wconf 91' lang='lat' dir='ltr'><strong>Beor</strong></span> <span class='ocrx_word' id='word_1_620' title='bbox 2364 2402 2432 2456; x_wconf 87' lang='lat' dir='ltr'><strong>ad</strong></span> <span class='ocrx_word' id='word_1_621' title='bbox 2466 2417 2644 2471; x_wconf 82' lang='lat' dir='ltr'><strong>regem</strong></span> <span class='ocrx_word' id='word_1_622' title='bbox 2672 2401 2894 2470; x_wconf 87' lang='lat' dir='ltr'><strong>Balaeh,</strong></span> <span class='ocrx_word' id='word_1_623' title='bbox 2939 2403 3062 2473; x_wconf 67' lang='lat' dir='ltr'><strong>qua:</strong></span> <span class='ocrx_word' id='word_1_624' title='bbox 3109 2403 3309 2473; x_wconf 87' lang='lat' dir='ltr'><strong>scripta</strong></span> <span class='ocrx_word' id='word_1_625' title='bbox 3366 2405 3646 2458; x_wconf 89' lang='lat' dir='ltr'><strong>referuntur</strong></span> <span class='ocrx_word' id='word_1_626' title='bbox 3676 2406 3712 2457; x_wconf 88' lang='lat' dir='ltr'><strong>in</strong></span> 
     </span>
    </p>
   </div>
   <div class='ocr_carea' id='block_1_82' title="bbox 2200 2493 3710 2566">
    <p class='ocr_par' dir='ltr' id='par_1_82' title="bbox 2200 2493 3710 2566">
     <span class='ocr_line' id='line_1_82' title="bbox 2200 2493 3710 2566; baseline 0.002 -20"><span class='ocrx_word' id='word_1_627' title='bbox 2200 2493 2376 2548; x_wconf 87' lang='lat' dir='ltr'><strong>libris.</strong></span> <span class='ocrx_word' id='word_1_628' title='bbox 2415 2493 2478 2548; x_wconf 85' lang='lat' dir='ltr'><strong>Et</strong></span> <span class='ocrx_word' id='word_1_629' title='bbox 2511 2494 2633 2562; x_wconf 91' lang='lat' dir='ltr'><strong>quis</strong></span> <span class='ocrx_word' id='word_1_630' title='bbox 2667 2503 2824 2563; x_wconf 86' lang='lat' dir='ltr'><strong>putas</strong></span> <span class='ocrx_word' id='word_1_631' title='bbox 2850 2494 3160 2550; x_wconf 86' lang='lat' dir='ltr'><strong>invenietur</strong></span> <span class='ocrx_word' id='word_1_632' title='bbox 3193 2496 3316 2550; x_wconf 91' lang='lat' dir='ltr'><strong>talis</strong></span> <span class='ocrx_word' id='word_1_633' title='bbox 3339 2538 3356 2561; x_wconf 91' lang='lat'><strong>,</strong></span> <span class='ocrx_word' id='word_1_634' title='bbox 3390 2496 3481 2565; x_wconf 89' lang='lat' dir='ltr'><strong>qui</strong></span> <span class='ocrx_word' id='word_1_635' title='bbox 3507 2499 3710 2566; x_wconf 80' lang='lat' dir='ltr'><strong>possitet</strong></span> 
     </span>
    </p>
   </div>
   <div class='ocr_carea' id='block_1_83' title="bbox 2201 2586 3712 2658">
    <p class='ocr_par' dir='ltr' id='par_1_83' title="bbox 2201 2586 3712 2658">
     <span class='ocr_line' id='line_1_83' title="bbox 2201 2586 3712 2658; baseline 0 -18"><span class='ocrx_word' id='word_1_636' title='bbox 2201 2586 2332 2655; x_wconf 88' lang='lat' dir='ltr'><strong>ipsis</strong></span> <span class='ocrx_word' id='word_1_637' title='bbox 2356 2588 2631 2656; x_wconf 88' lang='lat' dir='ltr'><strong>responsis</strong></span> <span class='ocrx_word' id='word_1_638' title='bbox 2659 2586 2876 2641; x_wconf 85' lang='lat' dir='ltr'><strong>Balaam</strong></span> <span class='ocrx_word' id='word_1_639' title='bbox 2905 2589 3191 2642; x_wconf 89' lang='lat' dir='ltr'><strong>ostendere</strong></span> <span class='ocrx_word' id='word_1_640' title='bbox 3229 2590 3380 2658; x_wconf 87' lang='lat' dir='ltr'><strong>quod</strong></span> <span class='ocrx_word' id='word_1_641' title='bbox 3426 2590 3515 2643; x_wconf 89' lang='lat' dir='ltr'><strong>Dei</strong></span> <span class='ocrx_word' id='word_1_642' title='bbox 3555 2587 3712 2656; x_wconf 71' lang='lat' dir='ltr'><strong>justiti:</strong></span> 
     </span>
    </p>
   </div>
   <div class='ocr_carea' id='block_1_84' title="bbox 2201 2675 3713 2747">
    <p class='ocr_par' dir='ltr' id='par_1_84' title="bbox 2201 2675 3713 2747">
     <span class='ocr_line' id='line_1_84' title="bbox 2201 2675 3713 2747; baseline 0.001 -17"><span class='ocrx_word' id='word_1_643' title='bbox 2201 2675 2582 2732; x_wconf 87' lang='lat' dir='ltr'><strong>manifestetur</strong></span> <span class='ocrx_word' id='word_1_644' title='bbox 2615 2677 2668 2730; x_wconf 92' lang='lat' dir='ltr'><strong>in</strong></span> <span class='ocrx_word' id='word_1_645' title='bbox 2700 2677 2818 2732; x_wconf 85' lang='lat' dir='ltr'><strong>eis?</strong></span> <span class='ocrx_word' id='word_1_646' title='bbox 2849 2677 3057 2732; x_wconf 82' lang='lat' dir='ltr'><strong>Revera</strong></span> <span class='ocrx_word' id='word_1_647' title='bbox 3087 2678 3229 2732; x_wconf 92' lang='lat' dir='ltr'><strong>enim</strong></span> <span class='ocrx_word' id='word_1_648' title='bbox 3259 2680 3300 2734; x_wconf 89' lang='lat' dir='ltr'><strong>si</strong></span> <span class='ocrx_word' id='word_1_649' title='bbox 3332 2693 3517 2733; x_wconf 86' lang='lat' dir='ltr'><strong>sermo</strong></span> <span class='ocrx_word' id='word_1_650' title='bbox 3549 2679 3624 2733; x_wconf 85' lang='lat' dir='ltr'><strong>Dei</strong></span> <span class='ocrx_word' id='word_1_651' title='bbox 3649 2697 3713 2747; x_wconf 81' lang='lat' dir='ltr'><strong>po-</strong></span> 
     </span>
    </p>
   </div>
   <div class='ocr_carea' id='block_1_85' title="bbox 2201 2768 3715 2841">
    <p class='ocr_par' dir='ltr' id='par_1_85' title="bbox 2201 2768 3715 2841">
     <span class='ocr_line' id='line_1_85' title="bbox 2201 2768 3715 2841; baseline 0 -17"><span class='ocrx_word' id='word_1_652' title='bbox 2201 2768 2337 2824; x_wconf 86' lang='lat' dir='ltr'><strong>situs</strong></span> <span class='ocrx_word' id='word_1_653' title='bbox 2377 2779 2458 2823; x_wconf 89' lang='lat' dir='ltr'><strong>est</strong></span> <span class='ocrx_word' id='word_1_654' title='bbox 2485 2769 2536 2822; x_wconf 91' lang='lat' dir='ltr'><strong>in</strong></span> <span class='ocrx_word' id='word_1_655' title='bbox 2573 2784 2669 2823; x_wconf 90' lang='lat' dir='ltr'><strong>ore</strong></span> <span class='ocrx_word' id='word_1_656' title='bbox 2700 2768 2836 2837; x_wconf 90' lang='lat' dir='ltr'><strong>ejus,</strong></span> <span class='ocrx_word' id='word_1_657' title='bbox 2867 2780 2922 2824; x_wconf 91' lang='lat' dir='ltr'><strong>et</strong></span> <span class='ocrx_word' id='word_1_658' title='bbox 2955 2770 3194 2841; x_wconf 85' lang='lat' dir='ltr'><strong>Spiritus</strong></span> <span class='ocrx_word' id='word_1_659' title='bbox 3239 2772 3334 2826; x_wconf 92' lang='lat' dir='ltr'><strong>Dei</strong></span> <span class='ocrx_word' id='word_1_660' title='bbox 3373 2772 3545 2826; x_wconf 89' lang='lat' dir='ltr'><strong>factus</strong></span> <span class='ocrx_word' id='word_1_661' title='bbox 3565 2781 3715 2826; x_wconf 84' lang='lat' dir='ltr'><strong>estsu-</strong></span> 
     </span>
    </p>
   </div>
   <div class='ocr_carea' id='block_1_86' title="bbox 2200 2858 3715 2933">
    <p class='ocr_par' dir='ltr' id='par_1_86' title="bbox 2200 2858 3715 2933">
     <span class='ocr_line' id='line_1_86' title="bbox 2200 2858 3715 2933; baseline 0.002 -20"><span class='ocrx_word' id='word_1_662' title='bbox 2200 2873 2296 2928; x_wconf 91' lang='lat' dir='ltr'><strong>per</strong></span> <span class='ocrx_word' id='word_1_663' title='bbox 2326 2858 2503 2922; x_wconf 88' lang='lat' dir='ltr'><strong>illum,</strong></span> <span class='ocrx_word' id='word_1_664' title='bbox 2533 2868 2587 2913; x_wconf 91' lang='lat' dir='ltr'><strong>et</strong></span> <span class='ocrx_word' id='word_1_665' title='bbox 2612 2858 2828 2927; x_wconf 87' lang='lat' dir='ltr'><strong>justitia</strong></span> <span class='ocrx_word' id='word_1_666' title='bbox 2857 2859 2951 2917; x_wconf 91' lang='lat' dir='ltr'><strong>Dei</strong></span> <span class='ocrx_word' id='word_1_667' title='bbox 2981 2877 3048 2918; x_wconf 78' lang='lat' dir='ltr'><strong>ex</strong></span> <span class='ocrx_word' id='word_1_668' title='bbox 3081 2867 3363 2932; x_wconf 79' lang='lat' dir='ltr'><strong>reSponsis</strong></span> <span class='ocrx_word' id='word_1_669' title='bbox 3386 2867 3504 2933; x_wconf 84' lang='lat' dir='ltr'><strong>ejus</strong></span> <span class='ocrx_word' id='word_1_670' title='bbox 3525 2865 3715 2933; x_wconf 75' lang='lat' dir='ltr'><strong>agnosci-</strong></span> 
     </span>
    </p>
   </div>
   <div class='ocr_carea' id='block_1_87' title="bbox 2201 2949 3714 3023">
    <p class='ocr_par' dir='ltr' id='par_1_87' title="bbox 2201 2949 3714 3023">
     <span class='ocr_line' id='line_1_87' title="bbox 2201 2949 3714 3023; baseline 0.001 -19"><span class='ocrx_word' id='word_1_671' title='bbox 2201 2959 2290 3004; x_wconf 87' lang='lat' dir='ltr'><strong>tur</strong></span> <span class='ocrx_word' id='word_1_672' title='bbox 2312 2959 2367 3004; x_wconf 82' lang='lat' dir='ltr'><strong>et</strong></span> <span class='ocrx_word' id='word_1_673' title='bbox 2393 2949 2785 3016; x_wconf 89' lang='lat' dir='ltr'><strong>manifestatur,</strong></span> <span class='ocrx_word' id='word_1_674' title='bbox 2809 2952 3123 3008; x_wconf 90' lang='lat' dir='ltr'><strong>omnimode</strong></span> <span class='ocrx_word' id='word_1_675' title='bbox 3157 2969 3278 3023; x_wconf 71' lang='lat' dir='ltr'><strong>quae</strong></span> <span class='ocrx_word' id='word_1_676' title='bbox 3309 2956 3382 3010; x_wconf 89' lang='lat' dir='ltr'><strong>ab</strong></span> <span class='ocrx_word' id='word_1_677' title='bbox 3409 2969 3474 3008; x_wconf 89' lang='lat' dir='ltr'><strong>eo</strong></span> <span class='ocrx_word' id='word_1_678' title='bbox 3495 2955 3714 3016; x_wconf 83' lang='lat' dir='ltr'><strong>dicuntur,</strong></span> 
     </span>
    </p>
   </div>
   <div class='ocr_carea' id='block_1_88' title="bbox 2203 3041 3712 3110">
    <p class='ocr_par' dir='ltr' id='par_1_88' title="bbox 2203 3041 3712 3110">
     <span class='ocr_line' id='line_1_88' title="bbox 2203 3041 3712 3110; baseline 0.001 -16"><span class='ocrx_word' id='word_1_679' title='bbox 2203 3041 2416 3096; x_wconf 91' lang='lat' dir='ltr'><strong>nonnisi</strong></span> <span class='ocrx_word' id='word_1_680' title='bbox 2470 3041 2788 3110; x_wconf 86' lang='lat' dir='ltr'><strong>prophetica</strong></span> <span class='ocrx_word' id='word_1_681' title='bbox 2827 3050 2882 3096; x_wconf 91' lang='lat' dir='ltr'><strong>et</strong></span> <span class='ocrx_word' id='word_1_682' title='bbox 2929 3043 3108 3098; x_wconf 90' lang='lat' dir='ltr'><strong>divina</strong></span> <span class='ocrx_word' id='word_1_683' title='bbox 3163 3059 3284 3100; x_wconf 90' lang='lat' dir='ltr'><strong>esse</strong></span> <span class='ocrx_word' id='word_1_684' title='bbox 3323 3046 3584 3100; x_wconf 82' lang='lat' dir='ltr'><strong>credenda</strong></span> <span class='ocrx_word' id='word_1_685' title='bbox 3608 3053 3712 3098; x_wconf 77' lang='lat' dir='ltr'><strong>sunt.</strong></span> 
     </span>
    </p>
   </div>
   <div class='ocr_carea' id='block_1_89' title="bbox 2201 3132 3713 3207">
    <p class='ocr_par' dir='ltr' id='par_1_89' title="bbox 2201 3132 3713 3207">
     <span class='ocr_line' id='line_1_89' title="bbox 2201 3132 3713 3207; baseline 0 -21"><span class='ocrx_word' id='word_1_686' title='bbox 2201 3132 2458 3200; x_wconf 86' lang='lat' dir='ltr'><strong>Quamvis</strong></span> <span class='ocrx_word' id='word_1_687' title='bbox 2494 3133 2708 3189; x_wconf 78' lang='lat' dir='ltr'><strong>ditﬁcile</strong></span> <span class='ocrx_word' id='word_1_688' title='bbox 2739 3134 2935 3191; x_wconf 89' lang='lat' dir='ltr'><strong>alicubi</strong></span> <span class='ocrx_word' id='word_1_689' title='bbox 2967 3137 3229 3205; x_wconf 87' lang='lat' dir='ltr'><strong>scriptum</strong></span> <span class='ocrx_word' id='word_1_690' title='bbox 3273 3136 3523 3207; x_wconf 85' lang='lat' dir='ltr'><strong>legamus</strong></span> <span class='ocrx_word' id='word_1_691' title='bbox 3549 3136 3713 3204; x_wconf 79' lang='lat' dir='ltr'><strong>&quot;,quia</strong></span> 
     </span>
    </p>
   </div>
   <div class='ocr_carea' id='block_1_90' title="bbox 2198 3223 3713 3298">
    <p class='ocr_par' dir='ltr' id='par_1_90' title="bbox 2198 3223 3713 3298">
     <span class='ocr_line' id='line_1_90' title="bbox 2198 3223 3713 3298; baseline -0.001 -20"><span class='ocrx_word' id='word_1_692' title='bbox 2198 3223 2377 3278; x_wconf 89' lang='lat' dir='ltr'><strong>factus</strong></span> <span class='ocrx_word' id='word_1_693' title='bbox 2409 3233 2491 3278; x_wconf 91' lang='lat' dir='ltr'><strong>est</strong></span> <span class='ocrx_word' id='word_1_694' title='bbox 2519 3223 2755 3294; x_wconf 89' lang='lat' dir='ltr'><strong>Spiritus</strong></span> <span class='ocrx_word' id='word_1_695' title='bbox 2780 3224 2874 3280; x_wconf 90' lang='lat' dir='ltr'><strong>Dei</strong></span> <span class='ocrx_word' id='word_1_696' title='bbox 2897 3239 3062 3295; x_wconf 88' lang='lat' dir='ltr'><strong>super</strong></span> <span class='ocrx_word' id='word_1_697' title='bbox 3081 3227 3316 3296; x_wconf 89' lang='lat' dir='ltr'><strong>aliquem</strong></span> <span class='ocrx_word' id='word_1_698' title='bbox 3345 3229 3713 3298; x_wconf 76' lang='lat' dir='ltr'><strong>prophetarum:</strong></span> 
     </span>
    </p>
   </div>
   <div class='ocr_carea' id='block_1_91' title="bbox 2197 3315 3713 3387">
    <p class='ocr_par' dir='ltr' id='par_1_91' title="bbox 2197 3315 3713 3387">
     <span class='ocr_line' id='line_1_91' title="bbox 2197 3315 3713 3387; baseline -0.003 -17"><span class='ocrx_word' id='word_1_699' title='bbox 2197 3316 2294 3370; x_wconf 87' lang='lat' dir='ltr'><strong>sed</strong></span> <span class='ocrx_word' id='word_1_700' title='bbox 2327 3323 2422 3369; x_wconf 91' lang='lat' dir='ltr'><strong>aut</strong></span> <span class='ocrx_word' id='word_1_701' title='bbox 2451 3315 2588 3370; x_wconf 87' lang='lat' dir='ltr'><strong>visio</strong></span> <span class='ocrx_word' id='word_1_702' title='bbox 2614 3331 2781 3385; x_wconf 91' lang='lat' dir='ltr'><strong>quam</strong></span> <span class='ocrx_word' id='word_1_703' title='bbox 2818 3316 2972 3384; x_wconf 89' lang='lat' dir='ltr'><strong>vidit,</strong></span> <span class='ocrx_word' id='word_1_704' title='bbox 3004 3325 3098 3370; x_wconf 91' lang='lat' dir='ltr'><strong>aut</strong></span> <span class='ocrx_word' id='word_1_705' title='bbox 3147 3319 3456 3387; x_wconf 85' lang='lat' dir='ltr'><strong>assumptio</strong></span> <span class='ocrx_word' id='word_1_706' title='bbox 3481 3318 3611 3372; x_wconf 87' lang='lat' dir='ltr'><strong>verbi</strong></span> <span class='ocrx_word' id='word_1_707' title='bbox 3633 3316 3713 3378; x_wconf 63' lang='lat' dir='ltr'><strong>Dn,</strong></span> 
     </span>
    </p>
   </div>
   <div class='ocr_carea' id='block_1_92' title="bbox 2196 3405 3715 3474">
    <p class='ocr_par' dir='ltr' id='par_1_92' title="bbox 2196 3405 3715 3474">
     <span class='ocr_line' id='line_1_92' title="bbox 2196 3405 3715 3474; baseline -0.002 -14"><span class='ocrx_word' id='word_1_708' title='bbox 2196 3413 2292 3460; x_wconf 84' lang='lat' dir='ltr'><strong>aut</strong></span> <span class='ocrx_word' id='word_1_709' title='bbox 2323 3405 2417 3460; x_wconf 90' lang='lat' dir='ltr'><strong>Dei</strong></span> <span class='ocrx_word' id='word_1_710' title='bbox 2448 3407 2680 3460; x_wconf 89' lang='lat' dir='ltr'><strong>verbum</strong></span> <span class='ocrx_word' id='word_1_711' title='bbox 2719 3406 2919 3460; x_wconf 88' lang='lat' dir='ltr'><strong>factum</strong></span> <span class='ocrx_word' id='word_1_712' title='bbox 2948 3414 3032 3460; x_wconf 91' lang='lat' dir='ltr'><strong>est</strong></span> <span class='ocrx_word' id='word_1_713' title='bbox 3062 3406 3128 3460; x_wconf 89' lang='lat' dir='ltr'><strong>ad</strong></span> <span class='ocrx_word' id='word_1_714' title='bbox 3161 3406 3340 3474; x_wconf 89' lang='lat' dir='ltr'><strong>illum,</strong></span> <span class='ocrx_word' id='word_1_715' title='bbox 3373 3409 3457 3463; x_wconf 90' lang='lat' dir='ltr'><strong>vel</strong></span> <span class='ocrx_word' id='word_1_716' title='bbox 3499 3409 3561 3461; x_wconf 90' lang='lat' dir='ltr'><strong>ad</strong></span> <span class='ocrx_word' id='word_1_717' title='bbox 3589 3409 3715 3470; x_wconf 82' lang='lat' dir='ltr'><strong>illum,</strong></span> 
     </span>
    </p>
   </div>
   <div class='ocr_carea' id='block_1_93' title="bbox 2197 3498 3716 3569">
    <p class='ocr_par' dir='ltr' id='par_1_93' title="bbox 2197 3498 3716 3569">
     <span class='ocr_line' id='line_1_93' title="bbox 2197 3498 3716 3569; baseline -0.001 -18"><span class='ocrx_word' id='word_1_718' title='bbox 2197 3507 2252 3552; x_wconf 91' lang='lat' dir='ltr'><strong>et</strong></span> <span class='ocrx_word' id='word_1_719' title='bbox 2282 3498 2386 3552; x_wconf 90' lang='lat' dir='ltr'><strong>alia</strong></span> <span class='ocrx_word' id='word_1_720' title='bbox 2415 3499 2658 3567; x_wconf 72' lang='lat' dir='ltr'><strong>quaedam</strong></span> <span class='ocrx_word' id='word_1_721' title='bbox 2694 3500 2760 3554; x_wconf 90' lang='lat' dir='ltr'><strong>de</strong></span> <span class='ocrx_word' id='word_1_722' title='bbox 2784 3499 3066 3569; x_wconf 88' lang='lat' dir='ltr'><strong>prophetis</strong></span> <span class='ocrx_word' id='word_1_723' title='bbox 3092 3500 3347 3568; x_wconf 81' lang='lat' dir='ltr'><strong>legimus.</strong></span> <span class='ocrx_word' id='word_1_724' title='bbox 3386 3501 3601 3556; x_wconf 81' lang='lat' dir='ltr'><strong>Factum</strong></span> <span class='ocrx_word' id='word_1_725' title='bbox 3627 3516 3716 3552; x_wconf 74' lang='lat' dir='ltr'><strong>vero</strong></span> 
     </span>
    </p>
   </div>
   <div class='ocr_carea' id='block_1_94' title="bbox 2195 3586 3716 3662">
    <p class='ocr_par' dir='ltr' id='par_1_94' title="bbox 2195 3586 3716 3662">
     <span class='ocr_line' id='line_1_94' title="bbox 2195 3586 3716 3662; baseline -0.001 -20"><span class='ocrx_word' id='word_1_726' title='bbox 2195 3602 2318 3643; x_wconf 92' lang='lat' dir='ltr'><strong>esse</strong></span> <span class='ocrx_word' id='word_1_727' title='bbox 2366 3586 2629 3656; x_wconf 89' lang='lat' dir='ltr'><strong>Spiritum</strong></span> <span class='ocrx_word' id='word_1_728' title='bbox 2684 3589 2776 3643; x_wconf 87' lang='lat' dir='ltr'><strong>Dei</strong></span> <span class='ocrx_word' id='word_1_729' title='bbox 2826 3603 2993 3658; x_wconf 90' lang='lat' dir='ltr'><strong>super</strong></span> <span class='ocrx_word' id='word_1_730' title='bbox 3045 3588 3284 3658; x_wconf 89' lang='lat' dir='ltr'><strong>aliquem</strong></span> <span class='ocrx_word' id='word_1_731' title='bbox 3338 3595 3716 3662; x_wconf 84' lang='lat' dir='ltr'><strong>prophetarum,</strong></span> 
     </span>
    </p>
   </div>
   <div class='ocr_carea' id='block_1_95' title="bbox 2197 3678 3717 3750">
    <p class='ocr_par' dir='ltr' id='par_1_95' title="bbox 2197 3678 3717 3750">
     <span class='ocr_line' id='line_1_95' title="bbox 2197 3678 3717 3750; baseline -0.001 -18"><span class='ocrx_word' id='word_1_732' title='bbox 2197 3679 2394 3748; x_wconf 87' lang='lat' dir='ltr'><strong>legisse</strong></span> <span class='ocrx_word' id='word_1_733' title='bbox 2427 3678 2493 3732; x_wconf 93' lang='lat' dir='ltr'><strong>ad</strong></span> <span class='ocrx_word' id='word_1_734' title='bbox 2525 3693 2772 3750; x_wconf 70' lang='lat' dir='ltr'><strong>praesens</strong></span> <span class='ocrx_word' id='word_1_735' title='bbox 2808 3679 3028 3734; x_wconf 88' lang='lat' dir='ltr'><strong>interim</strong></span> <span class='ocrx_word' id='word_1_736' title='bbox 3081 3695 3188 3734; x_wconf 91' lang='lat' dir='ltr'><strong>non</strong></span> <span class='ocrx_word' id='word_1_737' title='bbox 3245 3683 3528 3748; x_wconf 89' lang='lat' dir='ltr'><strong>recordor,</strong></span> <span class='ocrx_word' id='word_1_738' title='bbox 3563 3681 3646 3733; x_wconf 69' lang='lat' dir='ltr'><strong>nisi</strong></span> <span class='ocrx_word' id='word_1_739' title='bbox 3672 3681 3717 3732; x_wconf 77' lang='lat' dir='ltr'><strong>de</strong></span> 
     </span>
    </p>
   </div>
   <div class='ocr_carea' id='block_1_96' title="bbox 2197 3768 3718 3840">
    <p class='ocr_par' dir='ltr' id='par_1_96' title="bbox 2197 3768 3718 3840">
     <span class='ocr_line' id='line_1_96' title="bbox 2197 3768 3718 3840; baseline 0 -18"><span class='ocrx_word' id='word_1_740' title='bbox 2197 3768 2366 3824; x_wconf 84' lang='lat' dir='ltr'><strong>David</strong></span> <span class='ocrx_word' id='word_1_741' title='bbox 2399 3769 2474 3824; x_wconf 85' lang='lat' dir='ltr'><strong>ita</strong></span> <span class='ocrx_word' id='word_1_742' title='bbox 2509 3769 2774 3840; x_wconf 89' lang='lat' dir='ltr'><strong>scriptum</strong></span> <span class='ocrx_word' id='word_1_743' title='bbox 2810 3769 3031 3825; x_wconf 87' lang='lat' dir='ltr'><strong>memini</strong></span> <span class='ocrx_word' id='word_1_744' title='bbox 3062 3771 3108 3802; x_wconf 73' lang='grc'><strong>⁷⁸</strong></span> <span class='ocrx_word' id='word_1_745' title='bbox 3139 3789 3152 3824; x_wconf 89' lang='lat'>:</span> <span class='ocrx_word' id='word_1_746' title='bbox 3193 3789 3212 3823; x_wconf 71' lang='grc' dir='ltr'><strong><em>ι</em></strong></span> <span class='ocrx_word' id='word_1_747' title='bbox 3242 3770 3310 3825; x_wconf 84' lang='lat' dir='ltr'><strong>Et</strong></span> <span class='ocrx_word' id='word_1_748' title='bbox 3342 3773 3718 3840; x_wconf 58' lang='lat' dir='ltr'><strong>apparuitnsitc</strong></span> 
     </span>
    </p>
   </div>
   <div class='ocr_carea' id='block_1_97' title="bbox 2197 3859 3718 3933">
    <p class='ocr_par' dir='ltr' id='par_1_97' title="bbox 2197 3859 3718 3933">
     <span class='ocr_line' id='line_1_97' title="bbox 2197 3859 3718 3933; baseline 0 -22"><span class='ocrx_word' id='word_1_749' title='bbox 2197 3859 2650 3933; x_wconf 66' lang='lat' dir='ltr'><strong>«illuxitSpiritus</strong></span> <span class='ocrx_word' id='word_1_750' title='bbox 2680 3863 2774 3917; x_wconf 93' lang='lat' dir='ltr'><strong>Dei</strong></span> <span class='ocrx_word' id='word_1_751' title='bbox 2807 3876 2972 3932; x_wconf 87' lang='lat' dir='ltr'><strong>super</strong></span> <span class='ocrx_word' id='word_1_752' title='bbox 3017 3861 3184 3918; x_wconf 89' lang='lat' dir='ltr'><strong>David</strong></span> <span class='ocrx_word' id='word_1_753' title='bbox 3215 3877 3246 3917; x_wconf 89' lang='lat' dir='ltr'><strong>a</strong></span> <span class='ocrx_word' id='word_1_754' title='bbox 3274 3863 3368 3918; x_wconf 88' lang='lat' dir='ltr'><strong>die</strong></span> <span class='ocrx_word' id='word_1_755' title='bbox 3397 3864 3510 3927; x_wconf 88' lang='lat' dir='ltr'><strong>illa,</strong></span> <span class='ocrx_word' id='word_1_756' title='bbox 3533 3873 3583 3918; x_wconf 87' lang='lat' dir='ltr'><strong>et</strong></span> <span class='ocrx_word' id='word_1_757' title='bbox 3605 3864 3718 3916; x_wconf 86' lang='lat' dir='ltr'><strong>deiu-</strong></span> 
     </span>
    </p>
   </div>
   <div class='ocr_carea' id='block_1_98' title="bbox 2196 3953 3719 4026">
    <p class='ocr_par' dir='ltr' id='par_1_98' title="bbox 2196 3953 3719 4026">
     <span class='ocr_line' id='line_1_98' title="bbox 2196 3953 3719 4026; baseline -0.006 -14"><span class='ocrx_word' id='word_1_758' title='bbox 2196 3971 2357 4026; x_wconf 90' lang='lat' dir='ltr'><strong>ceps;</strong></span> <span class='ocrx_word' id='word_1_759' title='bbox 2389 3976 2406 4008; x_wconf 74' lang='grc' dir='ltr'><strong><em>ι</em></strong></span> <span class='ocrx_word' id='word_1_760' title='bbox 2464 3971 2573 4011; x_wconf 94' lang='lat' dir='ltr'><strong>non</strong></span> <span class='ocrx_word' id='word_1_761' title='bbox 2620 3965 2799 4010; x_wconf 89' lang='lat' dir='ltr'><strong>tamen</strong></span> <span class='ocrx_word' id='word_1_762' title='bbox 2848 3955 3027 4010; x_wconf 89' lang='lat' dir='ltr'><strong>factus</strong></span> <span class='ocrx_word' id='word_1_763' title='bbox 3062 3964 3143 4010; x_wconf 88' lang='lat' dir='ltr'><strong>est</strong></span> <span class='ocrx_word' id='word_1_764' title='bbox 3191 3953 3439 4024; x_wconf 89' lang='lat' dir='ltr'><strong>Spiritus</strong></span> <span class='ocrx_word' id='word_1_765' title='bbox 3486 3955 3571 4009; x_wconf 89' lang='lat' dir='ltr'><strong>Dei</strong></span> <span class='ocrx_word' id='word_1_766' title='bbox 3600 3968 3719 4020; x_wconf 76' lang='lat' dir='ltr'><strong>super</strong></span> 
     </span>
    </p>
   </div>
   <div class='ocr_carea' id='block_1_99' title="bbox 2196 4043 3717 4116">
    <p class='ocr_par' dir='ltr' id='par_1_99' title="bbox 2196 4043 3717 4116">
     <span class='ocr_line' id='line_1_99' title="bbox 2196 4043 3717 4116; baseline -0.004 -16"><span class='ocrx_word' id='word_1_767' title='bbox 2196 4046 2388 4102; x_wconf 87' lang='lat' dir='ltr'><strong>David.</strong></span> <span class='ocrx_word' id='word_1_768' title='bbox 2439 4047 2510 4101; x_wconf 90' lang='lat' dir='ltr'><strong>De</strong></span> <span class='ocrx_word' id='word_1_769' title='bbox 2541 4045 2675 4112; x_wconf 67' lang='lat' dir='ltr'><strong>Sgul</strong></span> <span class='ocrx_word' id='word_1_770' title='bbox 2703 4061 2833 4101; x_wconf 86' lang='lat' dir='ltr'><strong>vero</strong></span> <span class='ocrx_word' id='word_1_771' title='bbox 2866 4047 2941 4100; x_wconf 88' lang='lat' dir='ltr'><strong>ita</strong></span> <span class='ocrx_word' id='word_1_772' title='bbox 2979 4047 3202 4100; x_wconf 90' lang='lat' dir='ltr'><strong>memini</strong></span> <span class='ocrx_word' id='word_1_773' title='bbox 3231 4047 3501 4116; x_wconf 88' lang='lat' dir='ltr'><strong>scriptum</strong></span> <span class='ocrx_word' id='word_1_774' title='bbox 3528 4045 3570 4077; x_wconf 83' lang='lat'><strong>&quot;</strong></span> <span class='ocrx_word' id='word_1_775' title='bbox 3596 4064 3607 4097; x_wconf 94' lang='lat'>:</span> <span class='ocrx_word' id='word_1_776' title='bbox 3631 4062 3646 4095; x_wconf 75' lang='grc' dir='ltr'>ι</span> <span class='ocrx_word' id='word_1_777' title='bbox 3674 4043 3717 4094; x_wconf 78' lang='lat' dir='ltr'><strong>Et</strong></span> 
     </span>
    </p>
   </div>
   <div class='ocr_carea' id='block_1_100' title="bbox 2196 4132 3722 4204">
    <p class='ocr_par' dir='ltr' id='par_1_100' title="bbox 2196 4132 3722 4204">
     <span class='ocr_line' id='line_1_100' title="bbox 2196 4132 3722 4204; baseline -0.004 -15"><span class='ocrx_word' id='word_1_778' title='bbox 2196 4133 2413 4189; x_wconf 89' lang='lat' dir='ltr'><strong>decidet</strong></span> <span class='ocrx_word' id='word_1_779' title='bbox 2447 4133 2685 4202; x_wconf 88' lang='lat' dir='ltr'><strong>Spiritus</strong></span> <span class='ocrx_word' id='word_1_780' title='bbox 2723 4133 2939 4188; x_wconf 89' lang='lat' dir='ltr'><strong>Domini</strong></span> <span class='ocrx_word' id='word_1_781' title='bbox 2984 4148 3151 4202; x_wconf 90' lang='lat' dir='ltr'><strong>super</strong></span> <span class='ocrx_word' id='word_1_782' title='bbox 3191 4143 3241 4188; x_wconf 91' lang='lat' dir='ltr'><strong>te</strong></span> <span class='ocrx_word' id='word_1_783' title='bbox 3265 4174 3281 4201; x_wconf 92' lang='lat'><strong>,</strong></span> <span class='ocrx_word' id='word_1_784' title='bbox 3329 4144 3386 4190; x_wconf 91' lang='lat' dir='ltr'><strong>et</strong></span> <span class='ocrx_word' id='word_1_785' title='bbox 3427 4132 3722 4204; x_wconf 75' lang='lat' dir='ltr'><strong>pr0pbetabis</strong></span> 
     </span>
    </p>
   </div>
   <div class='ocr_carea' id='block_1_101' title="bbox 2197 4215 3721 4292">
    <p class='ocr_par' dir='ltr' id='par_1_101' title="bbox 2197 4215 3721 4292">
     <span class='ocr_line' id='line_1_101' title="bbox 2197 4215 3721 4292; baseline -0.007 -15"><span class='ocrx_word' id='word_1_786' title='bbox 2197 4237 2318 4278; x_wconf 91' lang='lat' dir='ltr'><strong>cum</strong></span> <span class='ocrx_word' id='word_1_787' title='bbox 2371 4223 2523 4292; x_wconf 89' lang='lat' dir='ltr'><strong>ipsis,</strong></span> <span class='ocrx_word' id='word_1_788' title='bbox 2577 4231 2632 4277; x_wconf 91' lang='lat' dir='ltr'><strong>et</strong></span> <span class='ocrx_word' id='word_1_789' title='bbox 2668 4222 3008 4276; x_wconf 89' lang='lat' dir='ltr'><strong>converteris</strong></span> <span class='ocrx_word' id='word_1_790' title='bbox 3050 4221 3102 4274; x_wconf 92' lang='lat' dir='ltr'><strong>in</strong></span> <span class='ocrx_word' id='word_1_791' title='bbox 3141 4223 3316 4274; x_wconf 88' lang='lat' dir='ltr'><strong>virum</strong></span> <span class='ocrx_word' id='word_1_792' title='bbox 3352 4221 3632 4274; x_wconf 68' lang='lat' dir='ltr'><strong>alterum.»</strong></span> <span class='ocrx_word' id='word_1_793' title='bbox 3675 4215 3721 4268; x_wconf 77' lang='lat' dir='ltr'><strong>Et</strong></span> 
     </span>
    </p>
   </div>
   <div class='ocr_carea' id='block_1_102' title="bbox 2200 4309 3721 4384">
    <p class='ocr_par' dir='ltr' id='par_1_102' title="bbox 2200 4309 3721 4384">
     <span class='ocr_line' id='line_1_102' title="bbox 2200 4309 3721 4384; baseline -0.004 -17"><span class='ocrx_word' id='word_1_794' title='bbox 2200 4313 2397 4368; x_wconf 90' lang='lat' dir='ltr'><strong>iterum</strong></span> <span class='ocrx_word' id='word_1_795' title='bbox 2450 4313 2515 4368; x_wconf 93' lang='lat' dir='ltr'><strong>de</strong></span> <span class='ocrx_word' id='word_1_796' title='bbox 2560 4313 2748 4367; x_wconf 90' lang='lat' dir='ltr'><strong>eodem</strong></span> <span class='ocrx_word' id='word_1_797' title='bbox 2795 4312 2996 4367; x_wconf 86' lang='lat' dir='ltr'><strong>dicitur</strong></span> <span class='ocrx_word' id='word_1_798' title='bbox 3024 4313 3112 4364; x_wconf 68' lang='lat'><strong>7°:</strong></span> <span class='ocrx_word' id='word_1_799' title='bbox 3149 4312 3319 4384; x_wconf 74' lang='lat'><strong>326</strong></span> <span class='ocrx_word' id='word_1_800' title='bbox 3358 4331 3377 4365; x_wconf 77' lang='grc' dir='ltr'>ι</span> <span class='ocrx_word' id='word_1_801' title='bbox 3423 4312 3491 4366; x_wconf 83' lang='grc' dir='ltr'>Ει</span> <span class='ocrx_word' id='word_1_802' title='bbox 3534 4309 3721 4379; x_wconf 82' lang='lat' dir='ltr'><strong>Spiritus</strong></span> 
     </span>
    </p>
   </div>
   <div class='ocr_carea' id='block_1_103' title="bbox 2195 4401 3719 4472">
    <p class='ocr_par' dir='ltr' id='par_1_103' title="bbox 2195 4401 3719 4472">
     <span class='ocr_line' id='line_1_103' title="bbox 2195 4401 3719 4472; baseline -0.007 -14"><span class='ocrx_word' id='word_1_803' title='bbox 2195 4403 2411 4458; x_wconf 91' lang='lat' dir='ltr'><strong>Domini</strong></span> <span class='ocrx_word' id='word_1_804' title='bbox 2447 4403 2696 4458; x_wconf 90' lang='lat' dir='ltr'><strong>discessit</strong></span> <span class='ocrx_word' id='word_1_805' title='bbox 2722 4418 2750 4456; x_wconf 90' lang='lat' dir='ltr'><strong>a</strong></span> <span class='ocrx_word' id='word_1_806' title='bbox 2795 4402 2943 4468; x_wconf 90' lang='lat' dir='ltr'><strong>Saul,</strong></span> <span class='ocrx_word' id='word_1_807' title='bbox 2977 4403 3340 4472; x_wconf 84' lang='lat' dir='ltr'><strong>obstupefecit</strong></span> <span class='ocrx_word' id='word_1_808' title='bbox 3380 4417 3506 4458; x_wconf 90' lang='lat' dir='ltr'><strong>eum</strong></span> <span class='ocrx_word' id='word_1_809' title='bbox 3533 4401 3719 4469; x_wconf 82' lang='lat' dir='ltr'><strong>Spiritus</strong></span> 
     </span>
    </p>
   </div>
   <div class='ocr_carea' id='block_1_104' title="bbox 2197 4493 3721 4564">
    <p class='ocr_par' dir='ltr' id='par_1_104' title="bbox 2197 4493 3721 4564">
     <span class='ocr_line' id='line_1_104' title="bbox 2197 4493 3721 4564; baseline -0.004 -16"><span class='ocrx_word' id='word_1_810' title='bbox 2197 4493 2462 4564; x_wconf 86' lang='lat' dir='ltr'><strong>malignus</strong></span> <span class='ocrx_word' id='word_1_811' title='bbox 2490 4509 2518 4548; x_wconf 87' lang='lat' dir='ltr'><strong>a</strong></span> <span class='ocrx_word' id='word_1_812' title='bbox 2545 4493 2791 4549; x_wconf 87' lang='lat' dir='ltr'><strong>Domino.</strong></span> <span class='ocrx_word' id='word_1_813' title='bbox 2819 4513 2837 4546; x_wconf 73' lang='grc' dir='ltr'><strong><em>ι</em></strong></span> <span class='ocrx_word' id='word_1_814' title='bbox 2871 4494 2937 4548; x_wconf 87' lang='lat' dir='ltr'><strong>Et</strong></span> <span class='ocrx_word' id='word_1_815' title='bbox 2971 4496 3163 4549; x_wconf 90' lang='lat' dir='ltr'><strong>iterum</strong></span> <span class='ocrx_word' id='word_1_816' title='bbox 3187 4495 3233 4525; x_wconf 84' lang='lat'>&quot;</span> <span class='ocrx_word' id='word_1_817' title='bbox 3260 4511 3275 4549; x_wconf 90' lang='lat'><strong>:</strong></span> <span class='ocrx_word' id='word_1_818' title='bbox 3308 4513 3329 4546; x_wconf 72' lang='grc' dir='ltr'><strong><em>ι</em></strong></span> <span class='ocrx_word' id='word_1_819' title='bbox 3363 4495 3432 4548; x_wconf 85' lang='grc' dir='ltr'>Ει</span> <span class='ocrx_word' id='word_1_820' title='bbox 3461 4495 3640 4548; x_wconf 85' lang='lat' dir='ltr'><strong>factum</strong></span> <span class='ocrx_word' id='word_1_821' title='bbox 3661 4499 3721 4544; x_wconf 76' lang='lat' dir='ltr'><strong>est</strong></span> 
     </span>
    </p>
   </div>
   <div class='ocr_carea' id='block_1_105' title="bbox 2201 4579 3719 4654">
    <p class='ocr_par' dir='ltr' id='par_1_105' title="bbox 2201 4579 3719 4654">
     <span class='ocr_line' id='line_1_105' title="bbox 2201 4579 3719 4654; baseline -0.008 -13"><span class='ocrx_word' id='word_1_822' title='bbox 2201 4602 2322 4642; x_wconf 89' lang='lat' dir='ltr'><strong>cum</strong></span> <span class='ocrx_word' id='word_1_823' title='bbox 2349 4595 2491 4640; x_wconf 90' lang='lat' dir='ltr'><strong>esset</strong></span> <span class='ocrx_word' id='word_1_824' title='bbox 2518 4585 2744 4654; x_wconf 89' lang='lat' dir='ltr'><strong>spiritus</strong></span> <span class='ocrx_word' id='word_1_825' title='bbox 2779 4585 2950 4638; x_wconf 90' lang='lat' dir='ltr'><strong>malus</strong></span> <span class='ocrx_word' id='word_1_826' title='bbox 2980 4587 3045 4638; x_wconf 90' lang='lat' dir='ltr'><strong>ad</strong></span> <span class='ocrx_word' id='word_1_827' title='bbox 3080 4583 3234 4650; x_wconf 89' lang='lat' dir='ltr'><strong>Saul,</strong></span> <span class='ocrx_word' id='word_1_828' title='bbox 3277 4585 3570 4654; x_wconf 80' lang='lat' dir='ltr'><strong>assumpsit</strong></span> <span class='ocrx_word' id='word_1_829' title='bbox 3595 4579 3719 4634; x_wconf 79' lang='lat' dir='ltr'><strong>David</strong></span> 
     </span>
    </p>
   </div>
   <div class='ocr_carea' id='block_1_106' title="bbox 2199 4677 3721 4747">
    <p class='ocr_par' dir='ltr' id='par_1_106' title="bbox 2199 4677 3721 4747">
     <span class='ocr_line' id='line_1_106' title="bbox 2199 4677 3721 4747; baseline -0.006 -13"><span class='ocrx_word' id='word_1_830' title='bbox 2199 4677 2516 4747; x_wconf 86' lang='lat' dir='ltr'><strong>psalterium</strong></span> <span class='ocrx_word' id='word_1_831' title='bbox 2554 4688 2607 4731; x_wconf 92' lang='lat' dir='ltr'><strong>et</strong></span> <span class='ocrx_word' id='word_1_832' title='bbox 2645 4677 2911 4745; x_wconf 84' lang='lat' dir='ltr'><strong>psallebat</strong></span> <span class='ocrx_word' id='word_1_833' title='bbox 2939 4679 2991 4730; x_wconf 90' lang='lat' dir='ltr'><strong>in</strong></span> <span class='ocrx_word' id='word_1_834' title='bbox 3038 4678 3291 4732; x_wconf 91' lang='lat' dir='ltr'><strong>manibus</strong></span> <span class='ocrx_word' id='word_1_835' title='bbox 3325 4680 3464 4742; x_wconf 91' lang='lat' dir='ltr'><strong>suis,</strong></span> <span class='ocrx_word' id='word_1_836' title='bbox 3497 4686 3548 4732; x_wconf 91' lang='lat' dir='ltr'><strong>et</strong></span> <span class='ocrx_word' id='word_1_837' title='bbox 3570 4686 3721 4744; x_wconf 77' lang='lat' dir='ltr'><strong>percu-</strong></span> 
     </span>
    </p>
   </div>
   <div class='ocr_carea' id='block_1_107' title="bbox 2201 4762 3721 4833">
    <p class='ocr_par' dir='ltr' id='par_1_107' title="bbox 2201 4762 3721 4833">
     <span class='ocr_line' id='line_1_107' title="bbox 2201 4762 3721 4833; baseline -0.003 -15"><span class='ocrx_word' id='word_1_838' title='bbox 2201 4766 2388 4829; x_wconf 91' lang='lat' dir='ltr'><strong>tiebat,</strong></span> <span class='ocrx_word' id='word_1_839' title='bbox 2422 4775 2477 4820; x_wconf 93' lang='lat' dir='ltr'><strong>et</strong></span> <span class='ocrx_word' id='word_1_840' title='bbox 2503 4775 2619 4819; x_wconf 89' lang='lat' dir='ltr'><strong>erat</strong></span> <span class='ocrx_word' id='word_1_841' title='bbox 2652 4765 2852 4819; x_wconf 88' lang='lat' dir='ltr'><strong>bonum</strong></span> <span class='ocrx_word' id='word_1_842' title='bbox 2879 4767 2952 4832; x_wconf 88' lang='lat' dir='ltr'><strong>ei,</strong></span> <span class='ocrx_word' id='word_1_843' title='bbox 2988 4775 3043 4820; x_wconf 93' lang='lat' dir='ltr'><strong>et</strong></span> <span class='ocrx_word' id='word_1_844' title='bbox 3069 4766 3384 4822; x_wconf 88' lang='lat' dir='ltr'><strong>discedebat</strong></span> <span class='ocrx_word' id='word_1_845' title='bbox 3413 4768 3481 4821; x_wconf 91' lang='lat' dir='ltr'><strong>ab</strong></span> <span class='ocrx_word' id='word_1_846' title='bbox 3512 4780 3572 4818; x_wconf 83' lang='lat' dir='ltr'><strong>eo</strong></span> <span class='ocrx_word' id='word_1_847' title='bbox 3600 4762 3721 4833; x_wconf 82' lang='lat' dir='ltr'><strong>spiri-</strong></span> 
     </span>
    </p>
   </div>
   <div class='ocr_carea' id='block_1_108' title="bbox 2195 4856 3721 4927">
    <p class='ocr_par' dir='ltr' id='par_1_108' title="bbox 2195 4856 3721 4927">
     <span class='ocr_line' id='line_1_108' title="bbox 2195 4856 3721 4927; baseline -0.001 -17"><span class='ocrx_word' id='word_1_848' title='bbox 2195 4865 2282 4912; x_wconf 92' lang='lat' dir='ltr'><strong>tus</strong></span> <span class='ocrx_word' id='word_1_849' title='bbox 2314 4856 2600 4926; x_wconf 83' lang='lat' dir='ltr'><strong>malignus.</strong></span> <span class='ocrx_word' id='word_1_850' title='bbox 2634 4875 2652 4908; x_wconf 80' lang='lat' dir='ltr'><strong>r</strong></span> <span class='ocrx_word' id='word_1_851' title='bbox 2691 4856 2819 4912; x_wconf 77' lang='lat' dir='ltr'><strong>lla-c</strong></span> <span class='ocrx_word' id='word_1_852' title='bbox 2847 4871 2946 4927; x_wconf 85' lang='lat' dir='ltr'><strong>pro</strong></span> <span class='ocrx_word' id='word_1_853' title='bbox 2989 4871 3075 4925; x_wconf 93' lang='lat' dir='ltr'><strong>co,</strong></span> <span class='ocrx_word' id='word_1_854' title='bbox 3122 4856 3266 4924; x_wconf 88' lang='lat' dir='ltr'><strong>quod</strong></span> <span class='ocrx_word' id='word_1_855' title='bbox 3315 4857 3549 4911; x_wconf 90' lang='lat' dir='ltr'><strong>medium</strong></span> <span class='ocrx_word' id='word_1_856' title='bbox 3585 4859 3721 4922; x_wconf 75' lang='lat' dir='ltr'><strong>potest</strong></span> 
     </span>
    </p>
   </div>
   <div class='ocr_carea' id='block_1_109' title="bbox 2196 4947 3721 5018">
    <p class='ocr_par' dir='ltr' id='par_1_109' title="bbox 2196 4947 3721 5018">
     <span class='ocr_line' id='line_1_109' title="bbox 2196 4947 3721 5018; baseline -0.005 -16"><span class='ocrx_word' id='word_1_857' title='bbox 2196 4948 2365 5002; x_wconf 88' lang='lat' dir='ltr'><strong>videri</strong></span> <span class='ocrx_word' id='word_1_858' title='bbox 2421 4950 2523 5003; x_wconf 91' lang='lat' dir='ltr'><strong>hoc</strong></span> <span class='ocrx_word' id='word_1_859' title='bbox 2571 4949 2714 5016; x_wconf 91' lang='lat' dir='ltr'><strong>quod</strong></span> <span class='ocrx_word' id='word_1_860' title='bbox 2757 4948 3021 5018; x_wconf 90' lang='lat' dir='ltr'><strong>scriptum</strong></span> <span class='ocrx_word' id='word_1_861' title='bbox 3070 4957 3154 5003; x_wconf 92' lang='lat' dir='ltr'><strong>est</strong></span> <span class='ocrx_word' id='word_1_862' title='bbox 3179 4948 3268 5003; x_wconf 73' lang='grc' dir='ltr'><strong>⁷⁸ε</strong></span> <span class='ocrx_word' id='word_1_863' title='bbox 3313 4967 3332 5001; x_wconf 75' lang='grc' dir='ltr'>ι</span> <span class='ocrx_word' id='word_1_864' title='bbox 3365 4948 3433 5002; x_wconf 86' lang='grc' dir='ltr'><strong>Ει</strong></span> <span class='ocrx_word' id='word_1_865' title='bbox 3465 4947 3624 5002; x_wconf 87' lang='lat' dir='ltr'><strong>factus</strong></span> <span class='ocrx_word' id='word_1_866' title='bbox 3662 4952 3721 4995; x_wconf 85' lang='lat' dir='ltr'><strong>est</strong></span> 
     </span>
    </p>
   </div>
   <div class='ocr_carea' id='block_1_110' title="bbox 2193 5039 3720 5111">
    <p class='ocr_par' dir='ltr' id='par_1_110' title="bbox 2193 5039 3720 5111">
     <span class='ocr_line' id='line_1_110' title="bbox 2193 5039 3720 5111; baseline -0.007 -14"><span class='ocrx_word' id='word_1_867' title='bbox 2193 5039 2432 5111; x_wconf 86' lang='lat' dir='ltr'><strong>Spiritus</strong></span> <span class='ocrx_word' id='word_1_868' title='bbox 2460 5039 2674 5094; x_wconf 87' lang='lat' dir='ltr'><strong>Domini</strong></span> <span class='ocrx_word' id='word_1_869' title='bbox 2707 5055 2871 5110; x_wconf 88' lang='lat' dir='ltr'><strong>super</strong></span> <span class='ocrx_word' id='word_1_870' title='bbox 2902 5055 3048 5096; x_wconf 91' lang='lat' dir='ltr'><strong>eum.</strong></span> <span class='ocrx_word' id='word_1_871' title='bbox 3089 5059 3107 5090; x_wconf 75' lang='grc' dir='ltr'><strong><em>ι</em></strong></span> <span class='ocrx_word' id='word_1_872' title='bbox 3145 5039 3380 5111; x_wconf 91' lang='lat' dir='ltr'><strong>Propter</strong></span> <span class='ocrx_word' id='word_1_873' title='bbox 3407 5040 3551 5110; x_wconf 90' lang='lat' dir='ltr'><strong>quod</strong></span> <span class='ocrx_word' id='word_1_874' title='bbox 3575 5047 3621 5091; x_wconf 83' lang='lat' dir='ltr'><strong>et</strong></span> <span class='ocrx_word' id='word_1_875' title='bbox 3648 5048 3720 5088; x_wconf 78' lang='lat' dir='ltr'><strong>nos</strong></span> 
     </span>
    </p>
   </div>
   <div class='ocr_carea' id='block_1_111' title="bbox 2191 5132 3719 5202">
    <p class='ocr_par' dir='ltr' id='par_1_111' title="bbox 2191 5132 3719 5202">
     <span class='ocr_line' id='line_1_111' title="bbox 2191 5132 3719 5202; baseline -0.001 -15"><span class='ocrx_word' id='word_1_876' title='bbox 2191 5135 2486 5187; x_wconf 84' lang='lat' dir='ltr'><strong>secundum</strong></span> <span class='ocrx_word' id='word_1_877' title='bbox 2525 5146 2589 5187; x_wconf 90' lang='lat' dir='ltr'><strong>ea</strong></span> <span class='ocrx_word' id='word_1_878' title='bbox 2639 5147 2759 5202; x_wconf 78' lang='lat' dir='ltr'><strong>qua:</strong></span> <span class='ocrx_word' id='word_1_879' title='bbox 2798 5132 3084 5201; x_wconf 88' lang='lat' dir='ltr'><strong>superiore</strong></span> <span class='ocrx_word' id='word_1_880' title='bbox 3117 5141 3356 5186; x_wconf 90' lang='lat' dir='ltr'><strong>tractatu</strong></span> <span class='ocrx_word' id='word_1_881' title='bbox 3394 5142 3719 5187; x_wconf 63' lang='lat' dir='ltr'><strong>senseramus,</strong></span> 
     </span>
    </p>
   </div>
   <div class='ocr_carea' id='block_1_112' title="bbox 2188 5219 3719 5284">
    <p class='ocr_par' dir='ltr' id='par_1_112' title="bbox 2188 5219 3719 5284">
     <span class='ocr_line' id='line_1_112' title="bbox 2188 5219 3719 5284; baseline -0.007 -3"><span class='ocrx_word' id='word_1_882' title='bbox 2188 5226 2350 5281; x_wconf 90' lang='lat' dir='ltr'><strong>etiam</strong></span> <span class='ocrx_word' id='word_1_883' title='bbox 2387 5239 2530 5280; x_wconf 93' lang='lat' dir='ltr'><strong>nune</strong></span> <span class='ocrx_word' id='word_1_884' title='bbox 2566 5223 2619 5278; x_wconf 92' lang='lat' dir='ltr'><strong>in</strong></span> <span class='ocrx_word' id='word_1_885' title='bbox 2663 5224 3063 5278; x_wconf 72' lang='lat' dir='ltr'><strong>Pharisaeorum</strong></span> <span class='ocrx_word' id='word_1_886' title='bbox 3097 5225 3153 5278; x_wconf 86' lang='lat' dir='ltr'><strong>et</strong></span> <span class='ocrx_word' id='word_1_887' title='bbox 3195 5224 3528 5284; x_wconf 89' lang='lat' dir='ltr'><strong>scribarum,</strong></span> <span class='ocrx_word' id='word_1_888' title='bbox 3567 5219 3719 5284; x_wconf 80' lang='lat' dir='ltr'><strong>eisque</strong></span> 
     </span>
    </p>
   </div>
   <div class='ocr_carea' id='block_1_113' title="bbox 2191 5321 3721 5395">
    <p class='ocr_par' dir='ltr' id='par_1_113' title="bbox 2191 5321 3721 5395">
     <span class='ocr_line' id='line_1_113' title="bbox 2191 5321 3721 5395; baseline -0.006 -16"><span class='ocrx_word' id='word_1_889' title='bbox 2191 5325 2445 5379; x_wconf 89' lang='lat' dir='ltr'><strong>similium</strong></span> <span class='ocrx_word' id='word_1_890' title='bbox 2467 5339 2696 5392; x_wconf 91' lang='lat' dir='ltr'><strong>persona</strong></span> <span class='ocrx_word' id='word_1_891' title='bbox 2721 5325 2865 5379; x_wconf 91' lang='lat' dir='ltr'><strong>hunc</strong></span> <span class='ocrx_word' id='word_1_892' title='bbox 2891 5326 3066 5395; x_wconf 90' lang='lat' dir='ltr'><strong>ipsum</strong></span> <span class='ocrx_word' id='word_1_893' title='bbox 3092 5323 3316 5378; x_wconf 88' lang='lat' dir='ltr'><strong>Balaam</strong></span> <span class='ocrx_word' id='word_1_894' title='bbox 3354 5321 3621 5392; x_wconf 82' lang='lat' dir='ltr'><strong>explicare</strong></span> <span class='ocrx_word' id='word_1_895' title='bbox 3651 5331 3721 5369; x_wconf 83' lang='lat' dir='ltr'><strong>co-</strong></span> 
     </span>
    </p>
   </div>
   <div class='ocr_carea' id='block_1_114' title="bbox 2195 5426 3717 5498">
    <p class='ocr_par' dir='ltr' id='par_1_114' title="bbox 2195 5426 3717 5498">
     <span class='ocr_line' id='line_1_114' title="bbox 2195 5426 3717 5498; baseline -0.005 -16"><span class='ocrx_word' id='word_1_896' title='bbox 2195 5427 2464 5482; x_wconf 91' lang='lat' dir='ltr'><strong>nabimur.</strong></span> <span class='ocrx_word' id='word_1_897' title='bbox 2502 5426 2608 5483; x_wconf 90' lang='lat' dir='ltr'><strong>Sed</strong></span> <span class='ocrx_word' id='word_1_898' title='bbox 2643 5441 2743 5497; x_wconf 89' lang='lat' dir='ltr'><strong>age</strong></span> <span class='ocrx_word' id='word_1_899' title='bbox 2786 5426 2897 5498; x_wconf 90' lang='lat' dir='ltr'><strong>jam</strong></span> <span class='ocrx_word' id='word_1_900' title='bbox 2928 5427 3226 5496; x_wconf 73' lang='lat' dir='ltr'><strong>prophetia:</strong></span> <span class='ocrx_word' id='word_1_901' title='bbox 3261 5427 3378 5497; x_wconf 80' lang='lat' dir='ltr'><strong>ejus</strong></span> <span class='ocrx_word' id='word_1_902' title='bbox 3421 5426 3602 5485; x_wconf 80' lang='lat' dir='ltr'><strong>verba,</strong></span> <span class='ocrx_word' id='word_1_903' title='bbox 3626 5430 3717 5486; x_wconf 63' lang='lat' dir='ltr'><strong>qua</strong></span> 
     </span>
    </p>
   </div>
   <div class='ocr_carea' id='block_1_115' title="bbox 2194 5514 3715 5589">
    <p class='ocr_par' dir='ltr' id='par_1_115' title="bbox 2194 5514 3715 5589">
     <span class='ocr_line' id='line_1_115' title="bbox 2194 5514 3715 5589; baseline -0.009 -13"><span class='ocrx_word' id='word_1_904' title='bbox 2194 5528 2471 5589; x_wconf 90' lang='lat' dir='ltr'><strong>assumpta</strong></span> <span class='ocrx_word' id='word_1_905' title='bbox 2501 5517 2761 5589; x_wconf 90' lang='lat' dir='ltr'><strong>parabola</strong></span> <span class='ocrx_word' id='word_1_906' title='bbox 2791 5533 2890 5574; x_wconf 87' lang='lat' dir='ltr'><strong>sua</strong></span> <span class='ocrx_word' id='word_1_907' title='bbox 2923 5518 3126 5574; x_wconf 84' lang='lat' dir='ltr'><strong>dixisse</strong></span> <span class='ocrx_word' id='word_1_908' title='bbox 3149 5517 3424 5579; x_wconf 90' lang='lat' dir='ltr'><strong>scribitur,</strong></span> <span class='ocrx_word' id='word_1_909' title='bbox 3456 5514 3715 5568; x_wconf 83' lang='lat' dir='ltr'><strong>videamus.</strong></span> 
     </span>
    </p>
   </div>
   <div class='ocr_carea' id='block_1_116' title="bbox 2369 5625 3711 5700">
    <p class='ocr_par' dir='ltr' id='par_1_116' title="bbox 2369 5625 3711 5700">
     <span class='ocr_line' id='line_1_116' title="bbox 2369 5625 3711 5700; baseline -0.001 -11"><span class='ocrx_word' id='word_1_910' title='bbox 2369 5637 2413 5670; x_wconf 79' lang='grc'><strong>⁶⁹</strong></span> <span class='ocrx_word' id='word_1_911' title='bbox 2452 5638 2582 5692; x_wconf 86' lang='lat' dir='ltr'><strong>ibid.</strong></span> <span class='ocrx_word' id='word_1_912' title='bbox 2611 5637 2677 5691; x_wconf 80' lang='lat'><strong>13</strong></span> <span class='ocrx_word' id='word_1_913' title='bbox 2704 5647 2759 5692; x_wconf 85' lang='lat' dir='ltr'><strong>et</strong></span> <span class='ocrx_word' id='word_1_914' title='bbox 2785 5637 2839 5693; x_wconf 91' lang='lat'><strong>8.</strong></span> <span class='ocrx_word' id='word_1_915' title='bbox 2937 5636 2984 5668; x_wconf 71' lang='grc' dir='ltr'>’θ</span> <span class='ocrx_word' id='word_1_916' title='bbox 3009 5634 3027 5689; x_wconf 91' lang='grc' dir='ltr'><strong>Ι</strong></span> <span class='ocrx_word' id='word_1_917' title='bbox 3048 5634 3288 5700; x_wconf 60' lang='lat' dir='ltr'><strong>Joannv,</strong></span> <span class='ocrx_word' id='word_1_918' title='bbox 3325 5633 3408 5688; x_wconf 71' lang='grc'><strong>16.</strong></span> <span class='ocrx_word' id='word_1_919' title='bbox 3519 5630 3560 5660; x_wconf 83' lang='lat'>&quot;</span> <span class='ocrx_word' id='word_1_920' title='bbox 3584 5625 3711 5700; x_wconf 60' lang='grc' dir='ltr'><strong>Νιιξιξι</strong></span> 
     </span>
    </p>
   </div>
   <div class='ocr_carea' id='block_1_117' title="bbox 514 5692 2095 5780">
    <p class='ocr_par' dir='ltr' id='par_1_117' title="bbox 514 5692 2078 5780">
     <span class='ocr_line' id='line_1_117' title="bbox 514 5692 2078 5780; baseline 0.003 -25"><span class='ocrx_word' id='word_1_921' title='bbox 514 5708 822 5780; x_wconf 59' lang='lat' dir='ltr'><strong>_x_.xttt,_10._</strong></span> <span class='ocrx_word' id='word_1_922' title='bbox 856 5709 902 5740; x_wconf 73' lang='grc' dir='ltr'><strong><em>τι</em></strong></span> <span class='ocrx_word' id='word_1_923' title='bbox 937 5708 1098 5780; x_wconf 61' lang='grc' dir='ltr'><strong>Μὶςζι.</strong></span> <span class='ocrx_word' id='word_1_924' title='bbox 1132 5723 1205 5773; x_wconf 81' lang='grc' dir='ltr'><strong>νι,</strong></span> <span class='ocrx_word' id='word_1_925' title='bbox 1230 5709 1285 5771; x_wconf 78' lang='lat'><strong>5,</strong></span> <span class='ocrx_word' id='word_1_926' title='bbox 1314 5709 1372 5773; x_wconf 70' lang='lat'><strong>4,</strong></span> <span class='ocrx_word' id='word_1_927' title='bbox 1407 5692 1486 5780; x_wconf 54' lang='grc' dir='ltr'><strong>δέ</strong></span> <span class='ocrx_word' id='word_1_928' title='bbox 1538 5692 1582 5742; x_wconf 60' lang='lat' dir='ltr'><strong>is</strong></span> <span class='ocrx_word' id='word_1_929' title='bbox 1615 5709 1633 5762; x_wconf 85' lang='grc' dir='ltr'>ι</span> <span class='ocrx_word' id='word_1_930' title='bbox 1667 5710 1794 5778; x_wconf 81' lang='lat' dir='ltr'><strong>Reg.</strong></span> <span class='ocrx_word' id='word_1_931' title='bbox 1833 5692 2078 5778; x_wconf 43' lang='lat' dir='ltr'><strong>sese.</strong></span> 
     </span>
    </p>
   </div>
   <div class='ocr_carea' id='block_1_118' title="bbox 2199 5692 3711 5780">
    <p class='ocr_par' dir='ltr' id='par_1_118' title="bbox 2215 5692 3711 5780">
     <span class='ocr_line' id='line_1_118' title="bbox 2215 5692 3711 5780; baseline -0.013 -15"><span class='ocrx_word' id='word_1_932' title='bbox 2215 5707 2232 5760; x_wconf 90' lang='grc' dir='ltr'><strong>Ι</strong></span> <span class='ocrx_word' id='word_1_933' title='bbox 2271 5708 2404 5779; x_wconf 83' lang='lat' dir='ltr'><strong>Reg.</strong></span> <span class='ocrx_word' id='word_1_934' title='bbox 2436 5724 2549 5774; x_wconf 83' lang='lat' dir='ltr'><strong>xvr,</strong></span> <span class='ocrx_word' id='word_1_935' title='bbox 2593 5708 2678 5762; x_wconf 77' lang='grc'><strong>15.</strong></span> <span class='ocrx_word' id='word_1_936' title='bbox 2758 5708 2804 5739; x_wconf 82' lang='grc'><strong>⁷⁵</strong></span> <span class='ocrx_word' id='word_1_937' title='bbox 2827 5706 2843 5759; x_wconf 96' lang='lat' dir='ltr'><strong>l</strong></span> <span class='ocrx_word' id='word_1_938' title='bbox 2867 5705 2998 5780; x_wconf 87' lang='lat' dir='ltr'><strong>Reg.</strong></span> <span class='ocrx_word' id='word_1_939' title='bbox 3031 5722 3086 5771; x_wconf 66' lang='grc' dir='ltr'><strong>κ,</strong></span> <span class='ocrx_word' id='word_1_940' title='bbox 3111 5707 3166 5760; x_wconf 82' lang='lat'><strong>6.</strong></span> <span class='ocrx_word' id='word_1_941' title='bbox 3217 5692 3318 5759; x_wconf 62' lang='grc'><strong>⁷⁸⁷1</strong></span> <span class='ocrx_word' id='word_1_942' title='bbox 3349 5703 3477 5772; x_wconf 82' lang='lat' dir='ltr'><strong>Reg.</strong></span> <span class='ocrx_word' id='word_1_943' title='bbox 3513 5714 3614 5766; x_wconf 75' lang='lat' dir='ltr'><strong>ni,</strong></span> <span class='ocrx_word' id='word_1_944' title='bbox 3648 5692 3711 5746; x_wconf 61' lang='lat' dir='ltr'><strong>ll.</strong></span> 
     </span>
    </p>
   </div>
   <div class='ocr_carea' id='block_1_119' title="bbox 515 5774 1450 5850">
    <p class='ocr_par' dir='ltr' id='par_1_119' title="bbox 515 5774 1450 5850">
     <span class='ocr_line' id='line_1_119' title="bbox 515 5774 1450 5850; baseline 0.007 -25"><span class='ocrx_word' id='word_1_945' title='bbox 515 5774 558 5804; x_wconf 76' lang='grc'><strong>⁷⁷</strong></span> <span class='ocrx_word' id='word_1_946' title='bbox 592 5777 719 5829; x_wconf 86' lang='lat' dir='ltr'><strong>ibid.</strong></span> <span class='ocrx_word' id='word_1_947' title='bbox 755 5777 846 5832; x_wconf 70' lang='grc'><strong>25.</strong></span> <span class='ocrx_word' id='word_1_948' title='bbox 945 5779 990 5809; x_wconf 76' lang='grc'><strong>⁷⁸</strong></span> <span class='ocrx_word' id='word_1_949' title='bbox 1013 5777 1174 5833; x_wconf 85' lang='lat' dir='ltr'><strong>Nunt.</strong></span> <span class='ocrx_word' id='word_1_950' title='bbox 1207 5795 1365 5850; x_wconf 78' lang='lat' dir='ltr'><strong>xxrtt,</strong></span> <span class='ocrx_word' id='word_1_951' title='bbox 1398 5779 1450 5833; x_wconf 90' lang='lat'><strong>6.</strong></span> 
     </span>
    </p>
   </div>
  </div>
