3914 6508
189 372 280 427 685

1336 374 1404 428 ΙΝ
1446 370 1774 428 NUMEROS
1806 370 2091 429 HOMILIA
2126 375 2242 430 XV.

3316 386 3418 441 686

191 508 208 541 ι
237 487 303 542 Ex
330 485 742 557 Mesopotamia,
771 490 945 560 inquit
969 494 1036 558 "’9,
1070 493 1281 548 vocavit
1315 508 1398 547 me
1422 492 1620 546 Balach
1647 507 1740 545 rex
1770 495 1814 551 A
1846 491 2027 548 dinem
2074 495 2348 566 fingimus,
2378 505 2437 552 ut
2469 513 2692 555 sensum
2734 514 2800 556 ex
2835 501 3049 575 integro
3081 504 3417 577 colligamus.

191 580 348 645 Iloab,
385 595 453 635 ex
480 582 759 637 montibus
791 586 1039 639 orientis.
1084 604 1103 636 ι
1140 585 1581 655 IlleSOpotamiam
1611 586 1741 639 dicit

182 681 369 727 terram
430 687 551 739 qua:
610 674 751 727 inter
803 676 1023 731 flumina
1077 678 1389 747 Babyloniae
1437 676 1616 743 jacet,
1674 677 1739 729 de

180 763 365 833 quibus
395 766 657 830 scriptum
691 775 771 820 est
796 766 840 797 ⁸ο
874 785 887 821 :
925 788 942 819 ι
984 768 1159 838 Super
1206 767 1423 821 flumina
1454 767 1740 836 Babylonis

182 856 280 908 illic
313 856 572 921 sedimus,
592 866 645 910 et
669 856 937 925 llevimus,
959 860 1082 913 dum
1105 862 1523 915 recordaremur
1550 861 1731 915 Sion.»

181 948 231 1000 Si
261 946 377 1012 quis
409 961 537 1014 ergo
572 948 713 1001 inter
746 949 845 1002 ista
881 949 1101 1004 flumina
1144 951 1305 1005 fuerit
1333 951 1642 1021 Babylonis,
1693 951 1737 1005 si

176 1039 287 1107 quis
326 1039 696 1093 rhemnatibus
751 1040 993 1095 libidinis
1053 1043 1367 1109 inundatur,
1421 1055 1476 1101 et
1513 1045 1738 1099 luxuria:

177 1125 386 1181 zcstibus
415 1129 793 1183 circumluitur
825 1171 839 1194 ,
888 1131 989 1185 iste
1045 1150 1150 1187 non
1202 1135 1403 1189 dicitur
1440 1147 1609 1201 stare,
1644 1139 1735 1192 sed

178 1218 387 1283 sedere;
421 1228 473 1273 et
513 1220 631 1274 ideo
663 1223 754 1289 qui
785 1222 858 1276 ibi
888 1227 1263 1291 comprehensi
1295 1238 1419 1281 sunt
1446 1230 1734 1283 dicebant:

180 1330 197 1363 ι
232 1310 400 1379 Super
423 1310 639 1365 flumina
665 1314 953 1384 Babylonis
973 1317 1081 1370 illic
1104 1319 1367 1382 sedimus,
1392 1331 1445 1374 et
1467 1320 1733 1386 flevimus,

173 1401 288 1454 dum
344 1402 758 1458 recordaremur
802 1406 958 1460 Sion.
987 1426 1007 1459 ι
1050 1408 1155 1463 Sed
1212 1426 1311 1464 uec
1353 1411 1483 1466 ﬂere
1519 1414 1733 1481 quidem

172 1502 290 1545 ante
330 1503 581 1561 possunt,
606 1496 710 1548 nisi
742 1512 863 1549 cum
911 1499 1182 1553 recordati
1222 1500 1421 1556 fuerint
1451 1501 1601 1558 Sion.
1635 1504 1737 1560 Bo-

170 1599 356 1637 norum
398 1601 630 1654 namque
661 1588 966 1644 recordatio
1016 1593 1278 1647 malorum
1308 1609 1498 1649 causas
1529 1596 1736 1651 lamen-

168 1673 354 1728 tabiles
387 1675 532 1729 facit.
564 1677 677 1731 Nisi
721 1680 864 1734 enim
898 1683 1018 1749 quis
1056 1685 1370 1739 recordetur
1407 1686 1536 1741 Sion
1568 1727 1581 1752 ,
1635 1689 1735 1743 nisi

168 1767 334 1835 legem
366 1766 457 1821 Dei
490 1780 542 1822 et
576 1769 989 1840 Seripturarum
1046 1786 1258 1831 montes
1307 1779 1560 1848 aspiciat,
1596 1782 1733 1835 mala

1844 584 2029 640 Potest
2064 602 2194 657 ergo
2243 589 2351 644 dici
2391 604 2407 642 :
2448 608 2466 643 ι
2499 593 2657 655 Veni,
2706 594 2936 651 maledic
2983 598 3112 652 mihi
3143 598 3332 665 Jacob,
3364 614 3419 658 et

1843 676 2002 741 veni',
2053 678 2452 745 supermaledic
2484 682 2617 735 mihi
2665 683 2853 738 Israel.
2890 705 2908 736 ι
2944 683 3048 740 Per
3068 691 3209 756 quod
3233 698 3420 745 osten-

1845 765 1993 819 ditur
2018 766 2221 821 idcirco
2248 782 2430 823 sermo
2462 771 2745 840 repetitus,
2781 784 2837 829 ut
2856 778 3118 846 ampliore
3137 781 3187 831 vi
3214 790 3267 834 et
3296 796 3415 836 ma-

1836 856 1959 925 jore
2013 860 2315 916 intentione
2361 864 2800 922 maledictiouem
2838 869 2891 923 in
2942 870 3107 925 Israel
3155 888 3315 941 quam
3358 874 3412 929 in

1840 950 2010 1006 Jacob
2070 953 2272 1009 Balach
2328 957 2607 1013 videretur
2660 975 2977 1030 exposcere.
3040 963 3221 1021 Donec
3268 968 3412 1022 enim

1844 1044 1969 1114 quis
2020 1054 2228 1100 tantmn
2271 1046 2439 1104 Jacob
2477 1059 2583 1115 est,
2628 1052 2730 1107 hoc
2769 1064 2852 1109 est
2896 1055 2949 1109 in
2996 1058 3207 1113 actibus
3239 1061 3413 1116 solum

1841 1146 1896 1190 et
1950 1139 2205 1207 operibus
2264 1142 2511 1208 positus,
2554 1143 2907 1202 inferioribus
2943 1150 3414 1208 maletlictionibus

1842 1229 2207 1298 impugnatur.
2270 1230 2368 1285 Ubi
2419 1242 2601 1289 autem
2651 1236 2966 1305 profecerit,
3006 1250 3058 1295 et
3097 1242 3412 1300 interiorem

1841 1319 2117 1373 hominem
2151 1320 2217 1373 ad
2243 1321 2531 1378 videndum
2560 1326 2730 1381 Deum
2765 1330 3002 1385 revelato
3034 1335 3231 1389 mentis
3255 1338 3414 1392 oculo

1842 1424 2108 1465 exacuere
2143 1413 2255 1483 (59)
2288 1426 2341 1469 et
2374 1432 2674 1486 provocare
2716 1419 2828 1487 jam
2859 1424 3107 1491 cmperit,
3153 1435 3274 1482 tunc
3308 1445 3410 1483 non

1842 1502 2016 1555 solum
2048 1504 2350 1560 maledictis
2375 1509 2442 1562 ab
2467 1509 2710 1577 inimico,
2739 1514 2830 1567 sed
2848 1524 2903 1569 et
2922 1518 3412 1584 supermaledictis,

1842 1596 1944 1649 hoc
1984 1604 2067 1650 est
2115 1598 2615 1656 vehementioribus
2650 1604 3059 1661 maledictorum
3087 1609 3284 1677 jaculis
3315 1613 3416 1666 im-

1841 1684 2185 1754 pngnabitur.
2213 1688 2317 1742 Sed
2348 1699 2473 1745 tunc
2496 1692 2714 1759 quidem
2744 1709 2806 1749 os
2832 1695 3045 1751 Balaam
3077 1700 3415 1756 maledictio-

1842 1792 1907 1830 ne
1933 1789 1985 1831 et
2013 1780 2377 1834 amaritudine
2416 1781 2638 1851 plenum
2673 1797 2813 1852 erat,
2848 1796 2901 1840 et
2950 1790 3051 1844 sub
3083 1792 3261 1861 lingua
3296 1793 3414 1861 ejus

164 1872 254 1911 sua
282 1856 419 1911 ﬂere
450 1875 553 1912 non
583 1860 793 1929 incipit,
826 1863 903 1916 Ex
929 1864 1048 1920 istis
1078 1880 1209 1936 ergo
1237 1844 1550 1922 ﬂumjnjbus
1574 1886 1735 1924 voca-
1770 1844 1809 1897 Β
1838 1863 1990 1918 labor
2015 1875 2068 1918 et
2101 1866 2276 1932 dolor,
2308 1878 2362 1922 Cl
2394 1871 2625 1925 sedebat
2657 1872 2708 1926 iII
2740 1873 2950 1932 insidiis
2979 1894 3101 1934 cum
3131 1844 3413 1939 divitibits.

168 1960 249 2000 tur
278 1945 526 2013 Balaam,
558 1960 613 2004 et
638 1952 704 2004 ab
734 1953 854 2007 istis
892 1954 1121 2008 orientis
1154 1958 1427 2012 montibus
1457 1959 1733 2012 invitatur.

162 2038 369 2095 Montes
405 2040 493 2094 isti
522 2057 627 2095 non
655 2055 781 2097 sunt
814 2046 989 2099 sancti
1027 2060 1237 2101 montes
1287 2049 1384 2112 illi,
1430 2049 1496 2104 de
1539 2050 1734 2118 quibus

161 2134 421 2201 Scriptum
462 2144 548 2187 est
573 2136 662 2188 διε
713 2154 732 2187 ι
780 2137 1156 2194 Fundamenta
1209 2139 1326 2208 ejus
1364 2142 1415 2196 in
1462 2145 1736 2199 montibus

161 2226 388 2279 sanctis.
424 2247 443 2278 ο
478 2228 539 2280 Et
573 2229 767 2282 iterum
794 2228 840 2260 ⁸²
871 2247 884 2283 :
917 2250 934 2281 ι
964 2230 1260 2286 Jerusalem
1283 2249 1402 2302 qua:
1432 2235 1734 2290 mdiﬁcatur

158 2332 214 2374 ut
236 2320 456 2385 civitas,
494 2324 648 2391 cujus
679 2324 1027 2395 participatio
1056 2325 1178 2394 ejus
1206 2328 1259 2378 in
1298 2326 1555 2396 idipsum.
1584 2328 1734 2383 Mon-

159 2420 233 2465 tes
272 2412 322 2465 iu
368 2414 597 2469 circuitu
629 2414 768 2484 ejus,
798 2427 854 2472 et
880 2417 1138 2472 Dominus
1178 2418 1228 2471 in
1266 2419 1499 2473 circuitu
1548 2421 1728 2489 populi

155 2502 230 2555 sui
257 2503 324 2555 ⁸³.
376 2522 394 2554 ι
432 2502 546 2558 Non
576 2516 701 2559 sunt
724 2521 854 2573 ergo
891 2507 1025 2560 tales
1055 2507 1453 2574 Mesopotamia:
1484 2522 1694 2566 montes
1716 2552 1730 2577 ,

152 2595 242 2648 sed
271 2595 375 2659 illi,
414 2596 479 2650 de
509 2598 707 2666 quibus
740 2598 942 2653 dicitur
965 2600 1012 2629 ⁸⁵
1040 2619 1052 2654 :
1094 2619 1110 2650 ι
1144 2599 1353 2655 Montes
1392 2603 1685 2668 tenebrosi,
1708 2623 1726 2654 ι

150 2700 202 2744 et
234 2692 444 2745 iterum
488 2693 553 2746 de
599 2707 705 2761 quo
746 2693 947 2747 dicitur
982 2693 1026 2725 ⁸³
1065 2712 1077 2747 :
1139 2712 1157 2744 ι
1196 2694 1334 2748 Ecce
1387 2710 1487 2764 ego
1536 2697 1601 2749 ad
1645 2706 1730 2762 'te,

151 2798 303 2836 mons
329 2793 618 2852 corrupte.
657 2804 675 2836 ι
716 2785 811 2838 Isti
866 2794 995 2838 sunt
1041 2794 1252 2838 montes
1292 2784 1346 2838 in
1399 2787 1596 2854 quibus
1650 2796 1734 2842 est

147 2875 323 2928 omnis
389 2876 616 2930 altitudo
664 2876 931 2930 extollens
979 2891 1038 2931 se
1090 2877 1379 2931 adversum
1445 2878 1729 2932 scientiam

146 2965 236 3018 Dei
267 2966 336 3019 ⁸⁸.
397 2967 479 3020 Ab
510 2967 629 3021 istis
674 2984 805 3038 ergo
838 2970 1116 3023 montibus
1157 2970 1458 3023 accersitur
1512 2968 1727 3022 Balaam

145 3056 251 3110 hic.
284 3057 500 3124 Quales
524 3070 705 3113 autent
736 3061 824 3114 isti
853 3072 981 3115 sunt
1006 3071 1238 3123 montes,
1268 3060 1425 3113 talem
1456 3060 1655 3116 habent
1679 3072 1732 3116 et

1837 1956 2205 2025 Exspectabat
2228 1959 2373 2014 enim
2405 1964 2682 2019 mercedes
2712 1982 2741 2019 a
2769 1967 2934 2023 divite
2959 1986 3102 2040 rege,
3143 1984 3199 2028 ut
3235 1975 3286 2029 in
3317 1992 3411 2031 oc-

1835 2046 1997 2101 cultis
2054 2048 2388 2103 interﬁceret
2446 2050 2789 2108 innocentes.
2829 2056 2933 2112 Sed
2969 2060 3109 2114 Deus
3149 2063 3237 2130 qni
3284 2063 3413 2118 facit

1837 2152 2061 2211 semper,
2083 2141 2356 2196 mirabilia
2401 2146 2569 2213 solus,
2602 2162 2669 2202 ex
2707 2148 2948 2205 inimicis
2973 2162 3230 2221 operatur
3261 2155 3409 2209 salu-

1838 2240 1967 2286 tem.
2004 2234 2197 2302 lnjecit
2227 2237 2373 2291 enim
2407 2239 2630 2294 verbum
2661 2241 2713 2296 in
2746 2259 2808 2299 os
2833 2242 2968 2311 ejus,
2999 2248 3246 2314 quamvis
3278 2265 3413 2303 nort-

1836 2323 1963 2376 dum
2002 2340 2096 2379 cor
2135 2327 2249 2396 ejus
2287 2344 2484 2395 capere
2537 2344 2720 2400 posset
2767 2336 2992 2390 verbum
3056 2337 3167 2393 Dei.
3217 2340 3413 2394 Adhuc

1836 2416 1980 2469 enim
2010 2428 2131 2471 erat
2157 2421 2209 2472 in
2236 2423 2403 2475 corde
2424 2422 2544 2491 ejus
2575 2427 2842 2482 mercedis
2867 2430 3161 2497 cupiditas,
3192 2442 3412 2502 propter

1834 2510 1977 2578 quod
2012 2512 2177 2564 etiam
2210 2522 2333 2580 post
2388 2514 2613 2569 verbum
2658 2517 2779 2583 Dei,
2826 2522 2969 2587 quod
3001 2523 3193 2576 habuit
3231 2526 3281 2578 in
3316 2542 3412 2581 ore

1834 2615 1953 2665 suo,
1979 2602 2195 2658 dicebat
2228 2604 2293 2659 ad
2329 2606 2663 2662 Balach°3zt
2702 2608 2857 2675 Veni,
2884 2620 2940 2665 et
2982 2612 3124 2667 dabo
3160 2614 3255 2669 tibi
3289 2631 3411 2669 con—

1835 2691 2037 2758 silium,
2077 2712 2097 2745 ι
2148 2703 2203 2749 et
2240 2697 2469 2753 docebat
2508 2713 2631 2754 eum
2669 2702 2943 2770 quomodo
2972 2705 3215 2761 mitteret
3249 2720 3411 2761 Scan-

1834 2785 2013 2840 dalum
2062 2787 2115 2840 in
2167 2802 2461 2858 conspectu
2504 2790 2740 2847 filiorum
2790 2794 2979 2860 Israel,
3022 2805 3080 2850 ut
3115 2800 3413 2855 manduca-

1834 2887 1959 2931 rent
2005 2878 2162 2933 idolis
2200 2880 2475 2936 immolata
2506 2892 2560 2937 et
2601 2892 2657 2938 ut
2702 2885 3127 2944 fornicarentur.
3177 2890 3412 2962 Pr0pter

1832 2969 1977 3035 quod
2003 2978 2053 3022 et
2078 2970 2270 3024 cecidit
2296 2972 2544 3039 populus,
2569 2982 2620 3028 et
2652 2974 2805 3043 plaga
2841 2993 3035 3047 magna
3066 2979 3207 3037 facta
3237 2992 3320 3038 est
3352 2986 3407 3039 in

1834 3071 1920 3120 eo,
1958 3058 2130 3113 donec
2164 3059 2399 3115 Phinees
2432 3074 2713 3133 perempto
2743 3065 3010 3135 Israelita,
3043 3071 3134 3139 qui
3166 3071 3407 3129 fornica-

147 3151 443 3207 oricntem.
481 3151 655 3206 Ilabet
684 3152 835 3207 .enim
882 3162 936 3207 et
981 3162 1161 3207 ortum
1204 3153 1421 3206 luminis
1475 3154 1556 3206 sui
1604 3152 1727 3217 ille,
1758 3177 1799 3233 ο
1835 3149 1992 3204 batur
2037 3166 2158 3205 cum
2196 3151 2586 3219 Madianitide,
2625 3158 2834 3212 sedavit
2883 3159 3125 3218 furorem
3174 3165 3406 3222 Domini.

143 3242 237 3311 qui
269 3244 553 3296 convertit
586 3258 645 3297 se
671 3244 813 3297 sicut
840 3244 1087 3312 angelum
1116 3244 1251 3299 lucis
1277 3244 1343 3296 ⁸⁷.
1372 3244 1547 3298 Habet
1584 3244 1727 3298 illam

144 3334 319 3386 lucem
350 3372 365 3395 ,
423 3333 491 3386 de
535 3348 640 3403 qua
684 3335 945 3403 scriptum
983 3344 1066 3389 est
1091 3334 1177 3386 8":
1213 3351 1232 3385 ι
1268 3334 1380 3387 Lux
1430 3335 1721 3403 impiorum

140 3424 551 3494 exstinguetur.
592 3444 608 3474 ι
644 3423 710 3476 Ει
748 3428 891 3478 sicut
934 3424 1035 3478 ista
1081 3424 1167 3477 lux
1206 3424 1527 3493 impiorum,
1556 3434 1612 3479 et
1640 3426 1729 3479 illa

141 3532 261 3583 quae
282 3516 563 3569 convertit
611 3530 668 3569 se
702 3518 843 3571 sicut
882 3517 1131 3586 angelum
1161 3516 1319 3582 lucis,
1345 3518 1618 3571 contraria
1649 3527 1731 3573 est

138 3605 212 3659 illi
253 3606 402 3670 luci,
442 3621 565 3675 qua:
592 3607 806 3660 dicebat
830 3606 873 3637 ⁸⁸
902 3625 914 3659 :
942 3625 959 3657 ι
992 3607 1102 3677 Ego
1142 3622 1263 3660 sum
1296 3607 1382 3660 lux
1430 3609 1610 3662 mundi
1644 3625 1659 3673 ;
1704 3628 1723 3661 ι

136 3699 211 3752 ita
250 3709 307 3754 et
349 3700 459 3753 iste
490 3699 674 3753 oriens
704 3700 1019 3754 contrarius
1050 3711 1136 3754 est
1165 3700 1239 3753 illi
1278 3700 1498 3765 orienti,
1529 3703 1594 3755 de
1620 3716 1727 3769 quo

135 3789 420 3857 scriptum
475 3799 559 3843 est
598 3790 649 3843 in
703 3790 968 3845 Zacharia
1009 3791 1095 3845 °°:
1134 3810 1151 3842 ι
1189 3790 1326 3845 Ecce
1371 3791 1482 3855 vir,
1531 3792 1727 3848 Oriens

136 3896 344 3935 nomen
373 3882 499 3951 ejus
523 3891 659 3935 est.)
691 3882 765 3935 Ex
796 3882 940 3936 illius
967 3897 1117 3952 ergo,
1162 3898 1269 3936 non
1311 3881 1470 3948 hujus
1499 3884 1729 3938 orientis

131 3972 344 4027 finibus
379 3973 636 4027 veniebat
664 3972 912 4039 Balaam,
948 3974 1284 4028 illuminatus
1326 3976 1444 4028 sine
1473 3975 1636 4029 dubio
1660 3975 1729 4029 ab

130 4062 223 4118 illo
248 4064 547 4130 Lucifero,
579 4067 645 4120 de
675 4081 783 4134 quo
816 4066 1014 4119 dicitur
1036 4065 1079 4096 ⁹¹
1108 4082 1121 4118 :
1155 4082 1173 4115 ι
1207 4065 1491 4132 Quomodo
1531 4066 1730 4120 cecidit
1760 4078 1765 4083 '

128 4157 195 4213 de
222 4159 374 4212 cmlo
410 4157 650 4225 Lucifer,
681 4160 773 4228 qui
803 4173 962 4212 mane
989 4158 1314 4213 oriebatur?
1341 4178 1360 4211 ι

194 4250 255 4305 2.
290 4249 411 4304 Sed
441 4250 728 4304 videamus
753 4249 880 4317 quid
908 4249 1042 4301 dicit
1068 4248 1141 4302 illi
1171 4248 1368 4302 Balach
1411 4263 1505 4302 rex
1549 4247 1727 4311 Moab,

125 4340 218 4409 qui
257 4340 564 4395 accersivit
600 4354 723 4394 eum
765 4353 796 4393 e
827 4339 1003 4392 medio
1042 4336 1321 4392 ﬂuminum
1359 4341 1425 4392 de
1456 4338 1730 4392 montibus

122 4434 396 4488 orientis.
441 4449 461 4483 ι
496 4431 650 4494 Veni,
686 4432 862 4500 inquit
903 4431 972 4493 θ’,
1008 4440 1062 4485 et
1106 4430 1338 4484 maledic
1382 4429 1726 4499 mihiJacoh,

1832 3240 1900 3294 Et
1932 3251 2050 3310 post
2098 3244 2233 3310 haec,
2287 3244 2487 3313 inquit,
2529 3248 2785 3315 produxit
2820 3251 3052 3310 l’hinees
3103 3258 3404 3313 exercitum
3478 3260 3493 3275 ’

1833 3343 2025 3388 contra
2066 3333 2410 3402 Madianitas,
2454 3350 2509 3392 et
2551 3339 2941 3397 interfecerunt
2972 3346 3254 3402 duodecim
3287 3351 3409 3403 mil-

1834 3423 1904 3477 lia
1935 3424 2198 3490 virorum,
2245 3436 2301 3480 et
2345 3427 2563 3482 Balaam
2615 3431 2786 3485 filium
2827 3432 2967 3489 Beor
3011 3437 3063 3490 in
3113 3439 3294 3507 gladio
3339 3440 3405 3496 “.

1834 3514 1942 3568 Sed
1975 3524 2031 3570 et
2076 3516 2190 3571 haec
2225 3527 2354 3572 ante
2384 3528 2597 3588 tempus
2649 3537 2744 3591 per
2795 3538 3078 3579 excessum
3118 3530 3406 3596 quemdam

1835 3606 2264 3672 introduximus,
2309 3620 2369 3662 ιιι
2412 3609 2826 3667 ostenderemus
2875 3618 2996 3682 quia
3036 3616 3250 3670 Balaam
3302 3634 3406 3673 non

1836 3698 1887 3751 in
1922 3700 2107 3762 corde,
2167 3700 2260 3753 sed
2323 3701 2373 3755 in
2429 3717 2523 3756 ore
2558 3708 2930 3760 tantummodo
2965 3708 3153 3783 habuit
3185 3710 3406 3765 verbum

1837 3791 1950 3845 Dei.
1998 3790 2218 3845 Interim
2257 3808 2376 3861 quae
2412 3794 2652 3860 profert,
2688 3810 2809 3865 qua)
2853 3799 3114 3865 loquitur,
3151 3815 3215 3854 ex
3250 3801 3411 3856 verbo

1836 3884 1928 3938 Dei
1958 3884 2234 3952 loquitur,
2264 3893 2319 3937 et
2356 3884 2478 3939 ideo
2506 3900 2626 3953 qua:
2660 3886 2816 3952 dicit,
2851 3890 3076 3943 verbum
3112 3888 3205 3944 Dei
3234 3898 3336 3946 est.

1904 3973 1959 4027 5.
2010 3975 2104 4029 Ait
2158 3989 2290 4045 ergo
2324 3992 2337 4028 :
2372 3977 2419 4009 ”
2457 3996 2475 4027 ι
2515 3976 2678 4043 Quid‘
2708 3980 3023 4033 maledicam
3059 4021 3074 4045 ,
3110 3996 3268 4051 quem
3301 3997 3408 4038 non

1838 4066 2113 4121 maledicit
2169 4068 2471 4122 Dominus?
2537 4068 2645 4123 Aut
2693 4070 2821 4139 quid
2877 4073 3406 4141 supermaledicam.

1835 4170 1994 4225 quem
2029 4170 2132 4211 nou
2177 4156 2620 4227 supermaledicit
2669 4157 2967 4216 Dominus?
3002 4180 3020 4212 ι
3070 4162 3412 4231 Supermale-

1834 4249 2009 4312 dicit,
2065 4264 2164 4303 nos
2221 4250 2602 4317 praesumimus
2668 4254 2965 4307 secundum
3019 4252 3181 4323 327
3234 4252 3408 4308 Graeci

1834 4340 2099 4394 sermonis
2135 4342 2418 4406 rationem,
2451 4342 2729 4410 vimIverbi
2765 4343 3058 4399 ostendere
3088 4358 3153 4397 ex
3187 4357 3400 4412 priapo-

1835 4430 2050 4484 sitionis
2082 4440 2371 4499 augmento
2413 4433 2718 4501 cupientes.
2772 4433 2910 4499 Quid
2955 4450 3086 4504 ergo
3122 4435 3409 4489 dicemus?

121 4535 177 4580 et
213 4526 373 4590 veni,
429 4523 665 4579 maledic
694 4524 823 4578 mihi
857 4522 1043 4577 Israel.
1066 4541 1083 4573 ι
1127 4522 1182 4575 In
1217 4523 1427 4577 Latinis
1457 4526 1725 4577 sermoni-
1760 4513 1807 4572 D
1833 4519 1999 4576 Jacob
2025 4524 2242 4591 quidem
2292 4539 2396 4578 non
2447 4524 2726 4578 maledicit
2776 4525 3036 4580 Dominus
3078 4541 3178 4581 nec
3222 4525 3410 4593 lsrael,

120 4618 224 4673 bus
252 4633 411 4688 pene
460 4618 730 4685 superflua
767 4617 977 4671 videtur
1008 4630 1129 4669 esse
1160 4615 1434 4684 repetitio,
1466 4632 1583 4684 qua:
1608 4617 1683 4670 ait
1710 4634 1724 4671 :

123 4729 142 4762 ι
183 4710 444 4765 Maledic
496 4710 627 4763 mihi
671 4707 841 4763 Jacob
866 4748 881 4772 ,
916 4707 1147 4760 maledic
1192 4706 1322 4759 mihi
1356 4707 1542 4760 Israel.
1570 4726 1586 4758 ι
1622 4708 1726 4762 Sed

116 4812 201 4855 est
242 4803 301 4856 in
343 4801 565 4856 Graecis
598 4800 799 4854 litteris
825 4800 925 4853 sub
961 4797 1179 4852 nomine
1219 4794 1382 4851 Israel
1416 4797 1468 4849 in
1506 4797 1731 4851 maledi-

116 4894 287 4946 cendi
316 4892 500 4946 verbo
524 4890 636 4961 (58)
665 4888 1072 4959 praepositionis
1096 4886 1347 4955 adjectio,
1374 4902 1535 4956 quam
1560 4890 1729 4944 nostri

113 4984 202 5038 vel
240 4985 448 5038 minus
472 4983 728 5036 decenter
761 4981 867 5035 dici
899 4979 1213 5042 credentes,
1245 4978 1330 5033 vel
1374 4978 1575 5032 nullam
1617 4980 1725 5034 vim

115 5075 407 5130 dictionis
453 5075 573 5128 addi
628 5089 694 5128 ex
736 5073 838 5127 hoc
875 5086 1034 5141 posse
1081 5071 1493 5135 existimantes,
1524 5071 1725 5126 omise-

113 5179 271 5222 runt.
312 5167 437 5222 Nos
466 5176 645 5219 autem
682 5179 989 5220 sermonem
1017 5162 1143 5216 licet
1205 5172 1393 5217 contra
1432 5174 1726 5218 consuetu-

769 5279 816 5311 ⁸ο
844 5279 1221 5341 Psal.cxxxvt,
1254 5280 1300 5332 1.

184 5285 235 5315 ⁷⁵
260 5281 694 5344 Num.xxm,7.
769 5281 816 5311 ⁸ο
844 5281 1221 5341 Psal.cxxxvt,
1254 5281 1300 5332 1.
1377 5281 1410 5309 ⁸¹

184 5372 238 5403 ιι-
288 5354 391 5403 16.
472 5354 516 5384 ⁸⁸
555 5351 664 5403 Jer.
720 5366 792 5403 LI.
822 5350 910 5403 25.
989 5352 1033 5382 ⁸⁵
1061 5350 1102 5402 Il
1137 5350 1264 5403 Cor.
1293 5366 1348 5403 x.
1377 5348 1410 5402 5

111 5371 239 5418 xm,
288 5354 391 5406 I6.
472 5354 516 5384 ⁸⁸
555 5351 664 5406 Jer.
720 5350 910 5416 L1,25.

108 5417 232 5477 I2}
294 5423 345 5453 "
377 5422 487 5475 lsa.
519 5438 628 5483 xlv,
662 5423 746 5474 I2.
826 5422 870 5451 ⁹²
904 5419 1062 5474 Num.
1098 5434 1264 5484 ‘xxut,
1301 5417 1348 5469 7.

108 5510 193 5557 ιιι,
232 5494 328 5548 14.

182 5590 312 5659 (58)
370 5586 450 5640 In
498 5586 841 5641 maledicendi
892 5586 1067 5639 verba.
1116 5584 1301 5643 Codex
1351 5586 1717 5651 Corbeiensis,

110 5680 129 5711 ι
170 5662 227 5712 in
270 5659 648 5711 maledicta:

182 5729 504 5801 (59)]ι1ιιιιι
538 5728 726 5801 codex,
752 5747 783 5801 ν(
813 5742 1099 5781 exacuere.
1126 5746 1145 5801 ε
1187 5725 1343 5801 Alias
1365 5767 1378 5789 ,
1415 5745 1431 5776 ι
1460 5740 1735 5789 exercue-,

103 5798 203 5857 rit.
253 5822 274 5853 ι
317 5798 505 5854 Paulo
538 5799 677 5853 infra
713 5800 875 5864 idem,
914 5818 931 5849 ι
974 5798 1301 5851 interficeret
1333 5798 1671 5853 innocentes.
1699 5815 1717 5848 ι

1377 5280 1420 5309 ⁸¹
1447 5278 1589 5333 Psal.
1624 5297 1877 5343 Lxxxvu,
1914 5281 1965 5333 1.

1523 5350 1565 5380 ⁸⁷
1602 5349 1642 5404 ll
1677 5353 1803 5406 Cor.
1833 5367 1909 5405 ιιι.

1428 5420 1472 5450 ⁹³
1499 5420 1814 5486 Nutn.xxtv,
1851 5422 1934 5475 14.

422 5493 466 5524 θ’
496 5494 622 5546 ibid.
650 5492 738 5544 I7.
801 5492 846 5521 ⁸⁸
870 5491 1007 5545 Gen.
1033 5506 1104 5557 Iv,
1132 5490 1219 5543 1-1.
1280 5490 1325 5522 θ’
1345 5488 1656 5544 Deut.xxvu
1680 5530 1695 5556 ,
1731 5493 1819 5546 I5.

1833 4616 1925 4669 sed
1957 4615 2046 4669 alii
2089 4626 2247 4684 putas
2277 4616 2436 4671 alicui
2474 4617 2789 4671 maledicit?
2834 4617 3089 4687 Legimus
3122 4621 3407 4689 scriptum,

1832 4708 1958 4775 quia
1993 4707 2123 4761 dicit
2154 4706 2416 4763 Dominus
2466 4708 2534 4761 ad
2583 4709 2997 4777 serpentem)“:
3036 4727 3055 4760 ι
3093 4707 3412 4765 Maledicttts

1833 4808 1890 4851 tu
1924 4799 1975 4851 in
2008 4797 2258 4852 onmibus
2287 4798 2472 4852 bestiis
2495 4807 2675 4852 terras.
2706 4815 2725 4849 ι
2752 4798 3032 4852 Etiterum
3061 4799 3124 4852 ad
3145 4798 3407 4853 Adam":

1840 4907 1858 4940 ι
1899 4889 2180 4942 Maledicta
2234 4898 2376 4942 terra
2423 4889 2475 4942 in
2528 4890 2781 4958 operibus
2830 4890 2935 4944 tuis
2961 4888 3095 4960 (60).
3153 4908 3172 4941 ι
3208 4890 3314 4945 Sed
3357 4898 3413 4945 et

1833 4980 1965 5035 Cain
1994 4981 2040 5012 ⁸⁸
2068 4998 2080 5034 :
2116 4998 2135 5031 ι
2184 4979 2249 5033 Ει
2272 4995 2415 5034 nunc
2447 4979 2765 5035 malediclus
2792 4994 2846 5035 tu
2896 4997 2925 5034 a
2960 4970 3101 5035 terra
3132 4996 3250 5049 qua:
3277 4996 3409 5050 ape-

1836 5073 1945 5125 ruit
1972 5086 2032 5125 os
2063 5085 2219 5126 suum
2243 5110 2258 5135 ,
2289 5078 2346 5124 ut
2372 5071 2637 5139 reciperet
2669 5072 2987 5142 sanguinem
3018 5070 3207 5126 fratris
3236 5074 3311 5127 tui
3344 5072 3413 5125 de

1837 5163 2087 5218 manibus
2115 5163 2252 5228 tuis;
2292 5182 2310 5214 ι
2343 5172 2397 5217 et
2420 5162 2465 5195 9°
2496 5181 2510 5217 :
2548 5182 2565 5216 t
2603 5163 2922 5220 Maledictus
2955 5158 3132 5219 omnis
3157 5166 3249 5233 qui
3284 5163 3413 5218 facit

2043 5280 2088 5311 ⁸³
2109 5277 2251 5332 Psal.
2279 5294 2446 5343 cxxtt,
2468 5280 2517 5333 3.
2590 5280 2788 5334 “Psal.
2808 5296 2992 5344 cxxtv,
3011 5280 3065 5333 2.
3144 5279 3191 5311 ⁸⁵
3205 5277 3405 5332 Jerem.

1985 5351 2030 5382 ⁸⁸
2058 5349 2157 5403 Job
2192 5364 2343 5412 xvm,
2369 5350 2421 5401 5.
2498 5350 2542 5381 ⁸⁹
2572 5348 2726 5404 Joan.
2760 5366 2876 5415 vtu,
2911 5350 2997 5404 I2.
3075 5350 3121 5381 ⁸⁸
3140 5348 3303 5403 Zach.
3332 5362 3405 5412 vr,

2011 5422 2056 5454 "
2085 5420 2246 5475 Num.
2285 5435 2439 5484 xxxi,
2466 5419 2518 5474 8.
2597 5420 2642 5454 ⁸⁸
2681 5419 2839 5477 Νιιιιι.
2873 5436 3029 5487 xxut,
3061 5418 3114 5473 8.
3200 5418 3245 5449 ’⁸
3266 5416 3401 5473 Gen.

1828 5587 1999 5648 Alias,
2032 5607 2049 5639 ι
2083 5587 2375 5642 interficiat
2408 5587 2745 5641 innocentes.
2772 5604 2789 5636 ι

1906 5657 2045 5727 (60)
2096 5658 2279 5726 Idem,
2334 5676 2353 5711 ι
2399 5658 2653 5726 operibus
2698 5657 2821 5710 tuis.
2867 5673 2886 5707 ι
2930 5652 3078 5708 Alias
3106 5692 3121 5719 ,
3188 5670 3206 5703 ι
3247 5663 3411 5726 opere

1836 5740 1944 5784 tuo.
1983 5748 2001 5780 ι
2782 5758 2785 5763 ⁴
