3914 6512
467 394 568 450 687

1906 385 2226 443 ORIGENIS
3624 391 3707 446 63$

469 510 734 581 sculptile,
771 517 863 562 aut
892 505 1074 560 fusile.
1114 523 1133 556 ι
1176 504 1373 559 Verum
1405 519 1470 559 ne
1504 518 1662 574 putes
1696 506 1809 560 hate
1843 505 2045 559 veteri-
2071 509 2117 566 Α
2146 504 2478 564 conferatur.
2507 507 2614 562 Aut
2639 507 2684 564 si
2707 507 2772 564 ad
2804 507 3046 562 futurum
3079 507 3338 564 sarculum
3372 508 3477 564 ista
3506 523 3710 564 conver-

469 606 570 659 bus
601 599 970 658 tantumnodo
1015 597 1214 654 litteris
1243 597 1548 662 contineri,
1586 598 1750 651 etiam
1781 596 1834 650 in
1871 596 2044 650 Evan-

469 694 624 763 geliis
673 690 872 746 similia
918 687 1187 742 invenies.
1240 685 1514 755 Scriptum
1570 696 1654 742 est
1704 687 1848 741 enim
1900 688 2042 756 quod

467 785 714 839 dicturus
775 782 847 836 sit
898 780 1155 835 Dominus
1209 779 1276 834 iis
1317 781 1408 849 qui
1457 794 1486 833 τι
1531 778 1769 834 sinistris
1813 787 1937 833 sunt
1981 779 2040 831 ‘z

473 893 493 928 ι
533 873 805 928 Discedite
833 887 861 925 a
900 887 1002 933 me,
1049 871 1364 934 maledicti,
1409 870 1463 924 in
1493 869 1668 938 ignem
1695 878 1978 926 aeternum.
2020 889 2038 919 ι

469 967 575 1022 Sed
605 977 658 1021 et
690 981 812 1020 cum
843 966 1016 1020 dicit’
1044 982 1057 1018 :
1101 981 1120 1016 ι
1155 963 1246 1019 Vm
1270 965 1448 1030 vobis,
1479 965 1670 1019 scriba:
1699 975 1751 1019 et
1784 963 2040 1018 Pharisaei

467 1059 803 1132 hypocrita);
843 1078 860 1110 ι
899 1059 1036 1114 et‘:
1075 1077 1093 1110 ι
1130 1059 1222 1113 Vae
1268 1058 1423 1112 vobis
1455 1057 1733 1123 divitibus,
1789 1076 1807 1109 ι
1846 1065 1900 1110 et
1940 1057 2045 1111 sin-

467 1151 590 1219 gula
617 1150 947 1222 hujusmodi,
974 1150 1104 1219 quid
1137 1149 1283 1202 aliud
1314 1147 1416 1202 nisi
1448 1148 1752 1203 maledictis
1781 1161 1873 1202 eos
1896 1148 2042 1202 vide-

471 1257 556 1300 tur
587 1244 824 1313 urgere?
853 1243 958 1298 Sed
992 1242 1121 1313 quid
1152 1241 1400 1296 dicemus
1435 1242 1575 1310 quod
1609 1241 1920 1295 mamlatum
1950 1255 2044 1307 per

467 1335 784 1405 Apostolum
809 1334 993 1398 datur,
1025 1332 1115 1386 tibi
1141 1332 1272 1387 dicit
1293 1331 1314 1362 ⁸
1341 1348 1352 1383 :
1387 1347 1404 1379 ι
1433 1328 1763 1395 Benedicite,
1795 1341 1848 1385 et
1881 1331 2044 1385 nolite

467 1428 795 1482 maledicere
833 1427 858 1479 ?
890 1445 908 1478 ι
945 1424 1098 1492 Quod
1132 1439 1264 1493 ergo
1311 1423 1376 1477 ab
1423 1423 1733 1477 hominibus
1776 1438 1879 1476 non
1931 1423 2045 1476 vult

469 1519 609 1581 fieri,
649 1519 752 1573 hoc
781 1519 892 1586 ipse
921 1516 1084 1578 facit,
1112 1515 1202 1584 qui
1239 1515 1545 1584 exemplum
1579 1513 1700 1567 vita:
1731 1511 2044 1568 hominibus

469 1611 804 1680 ponit?Non
856 1611 932 1664 ita
985 1619 1089 1664 est.
1139 1608 1284 1662 Deus
1319 1609 1460 1663 enim
1495 1607 1694 1676 quibus
1746 1606 2038 1668 maledicit,

470 1705 719 1758 meritum
751 1704 1003 1773 designat
1030 1701 1147 1770 ejus
1177 1701 1262 1754 cui
1295 1700 1641 1754 maledicitur
1665 1740 1680 1764 ,
1725 1707 1780 1753 et
1823 1706 2044 1754 senten-

433 1799 598 1851 Itiam
628 1797 845 1866 promit,
880 1803 1063 1864 utpote
1098 1808 1258 1863 quem
1289 1808 1394 1847 non
1435 1791 1607 1856 fallat,
1637 1807 1808 1860 neque
1830 1791 2036 1860 peccati

467 1889 719 1958 qualitas,
749 1901 926 1956 neque
948 1887 1219 1956 peccantis
1242 1883 1489 1938 affectus.
1517 1881 1687 1936 IIomo
1711 1891 1888 1936 autem
1911 1883 2036 1950 quia

467 1981 583 2034 haec
609 1995 716 2034 non
744 1988 918 2048 potest
939 1978 1082 2032 scire
1107 1995 1120 2030 :
1150 1992 1324 2045 neque
1352 1975 1496 2030 enim
1525 1974 1857 2042 propositum
1885 1987 2038 2027 meu-

468 2081 686 2140 temque
713 2068 937 2124 alterius
970 2065 1150 2121 videre
1181 2065 1318 2119 alius
1349 2071 1443 2117 aut
1473 2077 1802 2130 cognoscere
1830 2071 2034 2130 potest:

468 2162 671 2217 idcirco
696 2160 908 2215 etiamsi
933 2160 1252 2228 iudicantis,
1280 2155 1364 2210 vel
1395 2153 1718 2210 sententiam
1738 2152 2040 2222 promentis

466 2254 662 2307 intuitu
698 2251 941 2322 proferat
982 2249 1365 2313 maledictum‘,
1401 2261 1507 2300 non
1543 2253 1724 2314 potest
1751 2257 1870 2298 esse
1894 2243 2038 2310 justa

465 2344 818 2402 maledicendi
845 2357 1033 2406 causa,
1057 2341 1146 2395 ubi
1173 2341 1456 2410 ignoratur
1474 2336 1750 2408 peccantis
1775 2334 2036 2401 atl‘cctus;

465 2438 700 2493 maxime
721 2451 844 2492 cum
879 2435 1172 2489 humanum
1207 2431 1394 2484 vitium
1432 2437 1560 2482 tunc
1589 2427 1727 2481 sciat
1754 2425 2038 2480 maledicm

465 2529 730 2600 proferre,
754 2542 882 2582 cum
908 2524 1044 2580 forte
1061 2523 1324 2578 conviciis
1341 2529 1435 2574 aut
1457 2519 1676 2590 injuriis
1691 2527 2035 2589 provocatur.

465 2622 622 2691 Quod
653 2621 839 2675 vitium
868 2632 1117 2672 resecare
1146 2613 1440 2684 Apostolus
1476 2612 1682 2677 volens,
1716 2627 1784 2666 ne
1815 2610 2042 2666 maledi-

465 2716 569 2769 ctis
622 2712 913 2767 maledicta
959 2720 1015 2764 et
1058 2705 1322 2763 conviciis
1373 2703 1616 2758 convicia
1663 2715 2039 2772 provocemus,

467 2805 776 2860 mandatum
811 2799 1173 2856 necessarium
1207 2797 1393 2867 ponit,
1423 2805 1481 2849 ut
1511 2795 1897 2849 benedicanms
1924 2836 1940 2859 ,
1988 2800 2042 2846 et

467 2913 574 2952 non
624 2895 1006 2950 maledicamus
1055 2905 1212 2959 :quo
1253 2887 1594 2943 conviciandi
1650 2885 1842 2941 vitium
1901 2897 2043 2938 rese-

465 3001 644 3055 cetur,
694 2995 747 3042 et
795 3001 899 3040 non
949 2998 1059 3054 quo
1105 2979 1383 3051 iudicandi
1418 2978 1620 3034 veritas
1647 2992 1766 3046 qua).
1796 2976 2043 3031 homines

467 3081 679 3144 latet,et
711 3076 1097 3149 pronuntiandi
1143 3075 1440 3130 auctoritas
1483 3073 1805 3142 perimatur.
1860 3069 1924 3123 Et
1963 3079 2044 3122 ta-

2146 595 2310 651 timus
2331 637 2346 663 ,
2383 597 2434 652 id
2464 608 2584 666 est,
2619 599 2685 653 ad
2714 599 3136 654 resurrectionis
3167 609 3377 669 tempus
3404 618 3422 654 :
3446 597 3616 655 Iacob
3639 603 3708 654 vi-

2145 691 2313 757 debo,
2344 701 2524 762 potest
2553 693 2621 749 de
2649 696 2970 764 corporibus
2996 696 3200 751 dictum
3247 694 3482 765 intelligi
3511 713 3525 748 :
3567 695 3709 750 Israel

2145 795 2325 838 autem
2354 784 2671 854 intelligam,
2707 788 2957 858 spiritum
3001 795 3056 841 et
3090 786 3332 841 animam
3366 786 3484 855 (6!)
3513 785 3708 856 signifi-

2143 890 2269 932 care
2290 877 2712 945 resurgentium.
2760 896 2780 928 ‹
2807 877 2965 944 Ecce,
3004 877 3180 947 inquit
3212 878 3255 941 ⁸,
3299 877 3541 946 populus
3584 878 3712 931 solus

2145 966 2445 1031 habitabit,
2478 975 2532 1021 et
2581 967 2633 1021 in
2679 969 2992 1022 nationibus
3023 984 3128 1021 non
3161 969 3528 1037 reputabitur.
3569 986 3590 1019 ι
3630 967 3714 1022 I‘o-

2147 1067 2252 1111 test
2277 1058 2496 1126 quidem
2520 1067 2573 1112 et
2601 1059 2895 1114 secundum
2929 1059 3165 1113 litteram
3193 1071 3362 1113 stare.
3395 1059 3564 1114 Solus
3587 1061 3712 1114 enin

2143 1149 2374 1220 populus
2394 1148 2564 1204 Jacob
2593 1165 2698 1204 non
2726 1159 2808 1204 est
2829 1151 3121 1219 permistus
3143 1152 3360 1204 caeteris
3385 1151 3712 1218 hominibus,

2145 1255 2244 1296 nec
2269 1241 2411 1294 inter
2432 1249 2658 1295 czcteras
2675 1251 2866 1311 gentes
2902 1250 3180 1310 reputatus
3211 1253 3316 1296 est.
3345 1239 3555 1295 Ilabuit
3587 1244 3714 1298 enini

2143 1342 2291 1388 certa
2335 1347 2561 1403 quaeque
2605 1334 2884 1404 privilegia
2918 1335 2970 1388 in
3017 1335 3535 1402 observationibus,
3569 1345 3626 1388 et
3669 1337 3712 1389 in

2145 1424 2396 1496 legitimis
2445 1427 2600 1490 suis,
2657 1440 2725 1481 ex
2771 1426 2969 1496 quibus
3009 1436 3390 1497 sequestratus
3435 1444 3465 1480 a
3516 1431 3718 1484 caeteris

2142 1518 2392 1586 gentibus
2418 1508 2734 1572 haberetur.
2771 1519 2923 1572 Sicut
2951 1519 3097 1574 enim
3135 1520 3311 1575 tribus
3337 1519 3470 1574 Levi
3507 1535 3620 1573 non
3645 1533 3718 1574 est

2145 1609 2402 1678 permista
2454 1609 2602 1664 inter
2651 1621 2878 1665 emteras
2909 1611 3126 1676 tribus,
3179 1627 3281 1667 ncc
3333 1613 3716 1666 adnumeratur

2144 1699 2286 1752 inter
2310 1713 2402 1753 eas
2432 1716 2445 1751 :
2479 1700 2579 1754 hoc
2612 1710 2770 1771 pacto
2805 1710 2858 1755 ct
2891 1703 3066 1756 omnis
3097 1701 3259 1757 Israel
3285 1742 3304 1769 ,
3332 1719 3436 1758 nec
3467 1702 3719 1758 miscetur

2143 1793 2352 1848 caeteris
2381 1794 2652 1863 gentibus,
2688 1809 2786 1848 nec
2819 1804 3104 1863 reputatur
3136 1796 3275 1850 inter
3307 1811 3427 1850 eas.
3461 1794 3596 1849 Ilaec
3617 1795 3719 1864 qui-

2143 1885 2263 1940 dem
2295 1885 2347 1938 in
2388 1884 2477 1938 illo
2506 1886 2699 1955 populo
2741 1885 2944 1940 fuerint
2975 1889 3270 1941 secundum
3310 1888 3554 1941 formam
3590 1887 3716 1939 futu-

2143 1985 2324 2024 rorum
2353 1970 2656 2034 bonorum,
2702 1985 2860 2026 verus
2916 1982 3095 2027 autem
3146 1973 3316 2028 Iacob
3365 1984 3421 2027 et
3469 1974 3718 2042 spiritalis

2141 2059 2306 2114 Israel
2349 2075 2476 2116 vere
2529 2062 2673 2116 solus
2723 2063 2989 2117 habitabit
3042 2064 3094 2117 in
3147 2065 3422 2134 gentibus.
3488 2063 3553 2119 Si
3591 2067 3717 2118 enim

2143 2153 2472 2208 accessimus
2514 2154 2580 2207 ad
2621 2153 2751 2208 Sion
2787 2166 3064 2219 montem,
3093 2165 3147 2210 et
3206 2157 3484 2210 civitatem
3525 2156 3622 2210 Dei
3655 2158 3718 2208 ri-

2144 2245 2318 2300 ventis
2346 2244 2645 2300 Jerusalem
2680 2245 2957 2299 cmlestem
2981 2245 3028 2310 ⁷,
3062 2255 3114 2300 et
3155 2247 3405 2300 venimus
3456 2246 3529 2298 ad
3572 2246 3717 2314 spiri-

2145 2336 2304 2391 talem
2335 2336 2601 2402 Iudaeam,
2638 2353 2759 2407 qua:
2788 2347 2870 2392 est
2905 2339 3082 2407 portio
3111 2337 3204 2392 Dei
3226 2377 3240 2400 ,
3277 2346 3331 2392 et
3362 2338 3417 2391 in
3447 2339 3618 2392 terris
3642 2352 3718 2405 po-

2142 2428 2232 2481 siti
2276 2427 2349 2482 ibi
2386 2429 2652 2483 habemus
2684 2429 3175 2495 conversationem,
3207 2445 3336 2484 vere
3364 2446 3476 2483 non
3511 2440 3723 2499 reputa-

2145 2535 2264 2573 mur
2287 2521 2428 2573 inter
2454 2529 2680 2574 caeteras
2708 2523 2918 2589 gentes,
2944 2534 3046 2575 nec
3075 2520 3413 2589 reliquarum
3445 2523 3720 2573 nationum

2145 2609 2278 2663 fines
2313 2625 2432 2663 cum
2466 2611 2666 2664 nostris
2703 2609 2896 2664 finibus
2929 2611 3336 2676 admiscentur,
3383 2612 3612 2664 etiamsi
3647 2627 3719 2665 re-

2144 2701 2398 2755 stituatur
2425 2701 2662 2756 Sodoma
2693 2701 2746 2756 in
2777 2702 3057 2772 antiquunm
3078 2743 3092 2766 ,
3126 2712 3180 2756 et
3205 2701 3478 2772 Egyptus
3516 2703 3580 2758 in
3623 2716 3720 2756 sta-

2145 2801 2257 2847 tum
2292 2809 2449 2847 suum
2487 2795 2692 2859 redeat,
2724 2803 2776 2849 el
2807 2796 2850 2849 si
2880 2795 3008 2863 quid
3052 2794 3195 2847 aliud
3229 2795 3336 2849 tale
3365 2798 3422 2849 in
3449 2794 3725 2864 prophetis

2143 2885 2404 2952 scriptum
2458 2897 2561 2941 est.
2610 2885 2991 2942 Verumtamen
3050 2887 3126 2940 illi
3171 2883 3339 2941 Iacob
3386 2896 3445 2942 et
3498 2887 3722 2954 spiritali

2145 2975 2329 3041 Israel,
2355 2993 2476 3032 eum
2507 2977 2572 3031 ad
2600 2979 2896 3034 Ecclesiam
2926 2979 3324 3049 primitivorum
3349 2980 3723 3042 ascenderint,

2143 3069 2322 3125 nullus
2373 3073 2778 3141 exaequabitur,
2825 3072 3006 3128 nullus
3039 3073 3474 3136 admiscebitur,
3515 3072 3722 3128 etiarnsi

466 3184 588 3222 men
618 3167 745 3237 quid
773 3180 952 3221 causa:
979 3165 1091 3226 sit,
1119 3163 1263 3231 quod
1299 3177 1405 3217 non
1448 3161 1738 3215 maledicat
1781 3159 2040 3213 Dominus
2067 3190 2110 3250 α
2147 3163 2262 3220 ista:
2303 3175 2490 3234 gentes
2521 3165 2818 3220 secumlum
2860 3167 3000 3220 dicta
3037 3167 3356 3236 prophetica
3395 3167 3610 3222 fuerint
3652 3181 3723 3222 re-

464 3257 654 3323 Iacob,
699 3271 877 3326 neque
925 3253 1122 3319 Israel,
1155 3255 1224 3308 ab
1270 3254 1385 3322 ipso
1412 3251 1760 3306 nihilominus
1795 3248 2038 3314 Balaam,

466 3351 574 3404 imo
600 3365 632 3404 a
665 3348 832 3404 verbo
858 3346 996 3417 quod
1028 3347 1204 3416 posuit
1233 3345 1374 3400 Deus
1422 3344 1473 3398 in
1506 3357 1602 3398 ore
1625 3342 1773 3411 ejus,
1809 3341 2041 3410 diligen—

465 3446 572 3495 tius
608 3441 893 3496 audiamus
921 3457 935 3493 :
983 3457 1002 3490 ‹
1036 3437 1302 3505 Quoniam
1350 3437 1416 3490 de
1442 3435 1765 3499 verticibus,
1797 3433 1975 3502 inquit
1994 3433 2038 3498 ⁸,

464 3533 728 3588 montium
778 3532 1025 3586 intuebor
1066 3543 1230 3594 eum,
1277 3535 1332 3582 et
1379 3542 1408 3580 a
1459 3526 1690 3581 collibus
1743 3524 2038 3594 intelligam

462 3639 607 3680 eum.
647 3644 666 3676 ι
713 3622 881 3689 Quia,
920 3621 1129 3690 inquit,
1160 3620 1213 3674 in
1245 3618 1477 3674 excelsis
1509 3617 1784 3672 montibus
1816 3624 1872 3669 et
1917 3614 2041 3667 altis

463 3715 690 3770 collibus
719 3714 930 3782 positus
959 3719 1042 3766 est
1068 3710 1264 3776 Israel,
1300 3709 1402 3763 hoc
1437 3718 1552 3772 est,
1583 3709 1638 3761 in
1673 3707 1816 3760 edita
1851 3705 1959 3758 vita
1985 3714 2041 3758 et

463 3808 632 3860 ardua
655 3846 669 3870 ,
706 3807 772 3859 ad
812 3819 974 3873 quam
1009 3801 1372 3856 eontuendatn
1401 3814 1455 3854 et
1489 3798 1898 3869 intelligendam
1931 3810 2038 3849 non

465 3899 623 3954 facile
645 3898 766 3967 quis
794 3897 1018 3950 idoneus
1039 3893 1150 3957 fiat,
1183 3891 1285 3946 nisi
1320 3891 1580 3946 ascendat
1609 3891 1676 3944 ad
1705 3891 2037 3945 eminentem

464 4003 518 4046 et
543 3991 812 4046 excelsam
847 3986 1175 4050 scientiam;
1211 3985 1441 4048 ideirco,
1477 3984 1670 4054 inquit,
1709 3999 1815 4038 non
1847 3983 1896 4037 ei
1927 3997 2041 4035 ma-

464 4082 646 4138 ledicit
687 4081 848 4134 Deus.
900 4079 995 4132 Est
1027 4077 1171 4131 enim
1207 4076 1318 4130 vita
1349 4076 1467 4144 ejus
1506 4075 1614 4129 alta
1658 4085 1713 4129 et
1755 4074 2037 4144 praecelsa,

465 4191 570 4230 non
600 4172 822 4228 humilis
849 4179 903 4226 et
931 4171 1162 4240 dejeeta.
1197 4168 1353 4233 Quod
1387 4178 1565 4222 tamen
1593 4183 1700 4221 non
1733 4166 1862 4221 Inibi
1893 4167 2041 4220 vide-

466 4279 554 4322 tur
587 4268 714 4334 quia
750 4265 818 4319 de
845 4263 937 4318 illo
967 4261 1155 4324 Israel,
1179 4261 1269 4330 qui
1301 4261 1602 4316 secundum
1633 4273 1850 4314 carnem
1873 4257 2039 4313 Israel

463 4371 568 4425 est,
599 4359 800 4414 dixerit
833 4375 845 4410 :
879 4357 972 4412 sed
1001 4358 1070 4411 de
1101 4357 1214 4420 illo,
1241 4358 1396 4426 cujus
1427 4369 1591 4422 super
1615 4365 1817 4408 terram
1851 4354 2040 4408 ambu-

464 4452 623 4506 lantis
655 4450 1002 4506 conversatio
1031 4449 1086 4503 in
1109 4451 1250 4504 cmlo
1273 4457 1378 4503 est.
1413 4448 1516 4501 Aut
1543 4447 1587 4501 si
1608 4446 1770 4500 etiam
1799 4445 1867 4500 ad
1888 4445 2039 4499 illum

464 4544 717 4614 populum
747 4543 890 4596 dicta
927 4543 1038 4596 haec
1069 4541 1355 4596 referenda
1395 4548 1541 4602 sttnt,
1588 4549 1735 4593 recte
1773 4553 1896 4593 cum
1927 4537 2040 4593 dis-

468 4636 724 4690 tinctione
768 4635 932 4700 dicit,
976 4652 996 4686 ς
1031 4635 1286 4688 intuebor
1308 4644 1364 4688 et
1394 4631 1730 4700 intelligam;
1767 4649 1784 4682 ι
1814 4641 1872 4684 ut
1897 4629 2045 4683 fotu-

466 4741 586 4780 rutn
611 4733 822 4796 tempus
845 4725 1136 4796 significet,
1169 4724 1301 4778 illud
1333 4725 1452 4778 sine
1477 4723 1641 4777 dubio
1672 4721 1889 4790 quando
1923 4737 2044 4776 om-

467 4820 551 4874 nis
583 4818 744 4873 Isracl
779 4819 846 4872 ad
901 4819 1060 4872 fidem
1090 4816 1292 4871 Christi
1321 4815 1542 4869 veniens
1579 4812 1880 4868 salvabitur
1929 4823 1984 4865 et
2013 4827 2042 4866 a

466 4911 740 4966 montibus
771 4919 823 4964 et
849 4925 878 4963 a
902 4909 1129 4964 collibus
1157 4909 1494 4962 intuebitur:
1526 4907 1682 4960 abiis
1709 4905 1826 4960 sine
1850 4905 2040 4971 dubio,

465 5005 556 5074 qui
585 5007 853 5059 excelsam
883 5012 936 5056 et
971 5003 1247 5057 ccelestem
1281 5004 1450 5055 vitam
1487 5010 1880 5070 consurgentes
1911 5013 2037 5052 cum

465 5096 684 5151 Christo
714 5095 1062 5150 exercuerint
1086 5108 1249 5164 super
1283 5102 1482 5148 terras.
1509 5091 1617 5146 Sed
1643 5100 1698 5145 et
1731 5089 1876 5160 quod
1906 5091 2043 5145 dixit

466 5185 532 5241 de
578 5186 748 5241 Iacob
793 5186 1014 5256 quidem
1040 5224 1056 5249 ,
1099 5203 1116 5237 ι
1157 5185 1348 5240 videbo
1386 5200 1402 5251 ;
1452 5202 1470 5236 ι
1523 5183 1589 5238 de
1628 5183 1796 5237 Israel
1837 5191 2041 5250 autem,

471 5276 868 5347 «intelligam,
919 5293 938 5327 ι
989 5274 1152 5327 etiam
1210 5275 1312 5328 hoc
1365 5273 1644 5342 aptissima
1691 5271 2042 5327 distinctione

464 5370 865 5440 suscipiendum
893 5375 1017 5422 est:
1050 5373 1110 5420 ut
1138 5365 1283 5420 aliud
1320 5367 1386 5419 ad
1422 5375 1576 5418 actus
1603 5363 1862 5431 visibiles,
1894 5364 2040 5419 aliud

465 5461 531 5514 ad
559 5457 886 5515 invisibilem
919 5458 1076 5512 fidem
1109 5466 1273 5524 atque
1319 5453 1709 5522 intelligibilem
1753 5455 2037 5509 scientiam

526 5555 543 5585 ¹
577 5554 766 5608 Matth.
798 5569 943 5617 xxv,
976 5553 1066 5606 4!.

466 5623 671 5692 'jHebr.
704 5641 802 5690 xu,
835 5624 927 5678 ‘22.
1029 5624 1050 5653 ⁸
1088 5622 1245 5676 Rom.
1280 5636 1368 5688 XI,
1403 5620 1490 5675 I7.

470 5708 590 5758 XLv,
621 5698 706 5750 1‘2.

541 5813 650 5884 (Gl)
680 5814 842 5877 Idem,
877 5833 896 5867 ι
932 5816 1151 5884 spiritus
1177 5825 1229 5871 et
1258 5819 1486 5872 animas.
1522 5837 1543 5871 ι

1142 5553 1162 5583 ⁸
1195 5551 1383 5605 Matth.
1416 5564 1578 5615 χχιιι,
1611 5549 1704 5608 29.
1773 5549 1794 5580 ³
1826 5549 1953 5603 Luc.
1985 5567 2080 5617 vr,
2126 5552 2215 5608 24.
2291 5554 2313 5584 ⁸
2348 5554 2504 5610 Rom.
2564 5571 2685 5621 xu,
2735 5557 2823 5612 14.

1142 5639 1245 5676 om.
1280 5636 1368 5688 χι,
1403 5620 1490 5675 I7.
1583 5621 1603 5651 ⁹
1629 5618 1787 5676 Nunt.
1818 5635 1983 5688 xxut,
2024 5625 2110 5680 IU.
2227 5624 2270 5658 ⁸⁰
2297 5623 2436 5680 Gen.
2475 5641 2578 5688 xv,
2607 5627 2663 5688 5,
2693 5626 2746 5682 6.

2148 3257 2373 3312 Stitutaa.
2410 3255 2524 3312 Nisi
2556 3257 2698 3311 enim
2733 3257 2969 3313 insertus
2999 3259 3163 3314 fuerit
3195 3275 3378 3314 ramus
3402 3260 3724 3323 oleaStri,et

2148 3349 2329 3404 socius
2364 3347 2539 3404 factus
2569 3347 2732 3404 fuerit
2761 3350 2931 3405 radici
2965 3351 3310 3422 pinguedinis
3335 3352 3500 3406 olivae
3525 3353 3572 3411 '.
3604 3368 3725 3421 quo-

2149 3443 2306 3498 modo
2331 3453 2508 3514 potest
2538 3443 2737 3498 sociari
2763 3452 2817 3498 et
2841 3444 3092 3513 conjungi
3125 3450 3191 3497 ad
3210 3443 3403 3507 Iacob,
3430 3444 3520 3498 vel
3545 3442 3723 3504 Israel,

2148 3549 2270 3590 cum
2307 3537 2424 3591 sine
2472 3535 2573 3589 ista
2619 3534 2802 3588 radice
2853 3549 2954 3590 nec
3001 3533 3168 3590 Iacob
3215 3536 3505 3606 quisquam
3568 3537 3726 3606 possit

2147 3626 2426 3695 appellari,
2452 3640 2550 3681 nec
2575 3625 2742 3681 Israel
2767 3627 2790 3679 ?
2814 3624 3000 3696 Neque
3023 3641 3153 3697 ergo
3175 3641 3241 3680 ex
3262 3626 3433 3681 Iacob
3449 3628 3541 3682 vel
3571 3627 3724 3681 Israel

2147 3719 2192 3772 si
2219 3721 2343 3787 quis
2368 3727 2595 3786 peccat,
2625 3716 2790 3772 Iacob
2818 3718 2924 3773 dici
2959 3718 3044 3772 vel
3078 3718 3242 3774 Israel
3288 3729 3469 3788 potest
3497 3762 3514 3784 ,
3563 3734 3725 3787 neque

2146 3824 2212 3864 ex
2241 3809 2492 3880 gentibus
2515 3808 2561 3864 si
2593 3810 2716 3878 quis
2752 3811 3029 3879 ingressus
3069 3809 3236 3864 fuerit
3279 3811 3588 3866 Ecclesiam
3633 3813 3728 3866 Do-

2148 3901 2322 3964 mini,
2353 3902 2495 3957 inter
2544 3912 2730 3972 gentes
2762 3903 2899 3957 ultra
2934 3903 3271 3973 reputabitur
3296 3905 3316 3936 ⁹
3347 3921 3360 3957 :
3401 3922 3422 3956 ι
3463 3904 3604 3971 Quis
3653 3906 3726 3960 in-

2128 3994 2436 4073 _vestigabit
2463 4009 2646 4048 semen
2663 3993 2877 4050 Iacob?
2904 4005 2955 4051 et
2976 3997 3096 4065 quis
3123 3995 3492 4051 dinumerabit
3520 3999 3723 4068 plebem

2147 4083 2312 4140 Israel
2351 4085 2374 4139 τ
2415 4102 2436 4136 ι
2473 4083 2661 4139 Simile
2692 4095 2774 4139 est
2807 4086 2908 4140 hoc
2938 4086 3009 4140 illi
3055 4089 3198 4156 quod
3245 4088 3512 4158 scriptum
3548 4103 3636 4144 est
3665 4092 3723 4156 ",

2148 4177 2276 4247 quia
2307 4193 2326 4226 α
2363 4177 2551 4230 eduxit
2598 4176 2740 4230 Deus
2768 4176 3041 4230 Abraham
3083 4176 3252 4243 foras,
3284 4189 3338 4231 et
3384 4179 3538 4234 aitei
3574 4197 3588 4233 :
3624 4180 3725 4233 Re-

2147 4266 2297 4336 Spice
2323 4266 2390 4320 ad
2418 4265 2637 4329 omium,
2666 4274 2721 4320 et
2751 4266 3032 4320 dinumera
3060 4267 3271 4332 stellas,
3301 4269 3345 4322 si
3377 4281 3536 4337 p0tes
3575 4271 3726 4323 dinu-

2149 4374 2365 4414 merare
2387 4374 2501 4424 eas,
2537 4366 2593 4413 et
2624 4357 2739 4410 ait:
2770 4358 2844 4412 Ita
2874 4360 2976 4413 erit
3015 4374 3201 4414 semen
3247 4370 3422 4414 tuum.
3454 4361 3524 4416 Et
3555 4364 3726 4417 credi-

2149 4452 2228 4504 dit
2255 4451 2528 4504 Abraham
2557 4449 2723 4521 328
2757 4451 2866 4506 Deo
2891 4493 2906 4517 ,
2939 4461 2994 4504 et.
3040 4461 3351 4521 reputatum
3401 4465 3485 4509 est
3536 4456 3615 4509 illi
3663 4457 3724 4508 ad

2071 4541 2422 4610 Djustitiam.
2467 4561 2486 4594 ι
2522 4543 2589 4597 Et
2621 4543 2894 4596 Abraham
2927 4542 3183 4611 quidem,
3215 4551 3271 4597 et
3321 4545 3463 4600 alius
3492 4548 3727 4614 quilibet

2148 4633 2447 4698 hominum,
2475 4640 2565 4686 aut
2591 4631 2753 4687 etiam
2782 4633 3092 4702 angelorum
3120 4652 3135 4689 :
3167 4646 3223 4690 et
3255 4635 3509 4692 fortassis
3545 4651 3722 4692 autem

2146 4734 2201 4780 et
2249 4725 2588 4794 superiorum
2643 4725 2904 4780 virtutum
2955 4742 3060 4781 non
3122 4737 3376 4796 poterant
3437 4742 3725 4782 numerare

2146 4817 2357 4882 stellas,
2390 4833 2490 4873 nec
2519 4832 2703 4873 semen
2735 4819 3032 4883 Abraham,
3070 4821 3136 4875 de
3163 4835 3271 4890 quo
3303 4821 3574 4892 scriptum
3608 4833 3721 4876 est:

2151 4928 2169 4961 ι
2217 4909 2307 4965 Sic
2336 4911 2440 4964 erit
2473 4926 2654 4966 semen
2690 4922 2861 4967 tuum.
2895 4933 2912 4964 ι
2951 4913 3090 4968 Deus
3124 4923 3328 4980 autem,
3361 4915 3430 4969 de
3456 4930 3564 4984 quo
3596 4916 3726 4969 scri-

2147 5011 2296 5070 ptum
2319 5009 2402 5054 est
2424 5001 2465 5032 ¹¹
2496 5018 2509 5055 :
2547 5019 2565 5053 ι
2596 5002 2694 5068 Qui
2716 5011 2964 5058 numerat
2992 5002 3390 5058 multitudinem
3417 5006 3720 5067 stellarum,

2143 5100 2200 5148 et
2240 5091 2492 5148 omnibus
2541 5093 2621 5150 eis
2671 5095 2890 5150 nomina
2933 5103 3131 5160 vocat,
3172 5114 3192 5148 ι
3241 5105 3296 5149 et
3347 5097 3438 5165 qui
3474 5098 3614 5151 dixit
3640 5098 3723 5150 υτ

2151 5201 2171 5234 ι
2203 5184 2314 5254 Ego
2341 5184 2514 5240 stellis
2538 5186 2796 5241 omnibus
2819 5186 3091 5253 mandavi,
3125 5206 3146 5240 ι
3178 5197 3356 5257 potest
3387 5189 3722 5260 investigare

2145 5289 2326 5331 semen
2371 5274 2579 5340 Iacob,
2628 5286 2684 5332 et
2727 5278 3074 5333 dinumerare
3123 5279 3336 5348 plebem
3384 5280 3572 5335 Israel.
3605 5281 3720 5349 Ipse

2141 5366 2286 5421 enim
2319 5367 2423 5421 scit
2448 5367 2597 5422 solus
2622 5369 2742 5438 quis
2770 5384 2898 5426 vere
2924 5371 2994 5425 sit
3022 5369 3210 5435 Iacob,
3245 5383 3298 5425 et
3334 5375 3454 5443 quis
3489 5387 3624 5426 vere
3654 5375 3723 5426 sit

2143 5458 2324 5513 Israel.
2357 5458 2474 5514 Non
2525 5461 2667 5514 enim
2705 5464 2772 5516 ad
2815 5478 2937 5516 eum
2979 5463 3070 5533 qui
3101 5465 3152 5516 in
3189 5465 3468 5518 manifesto
3490 5463 3718 5518 Iudzns

2901 5559 2921 5589 ⁸
2954 5558 3110 5611 Nunt.
3178 5573 3350 5621 xxttt,
3399 5559 3449 5612 9.
3524 5559 3549 5588 ⁶
3583 5559 3715 5611 ibid.

2227 5624 2270 5658 ⁸⁰
2297 5623 2436 5680 Gen.
2475 5641 2578 5694 xv,
2607 5627 2663 5693 5,
2693 5626 2746 5682 6.
2843 5629 2882 5659 ¹¹
2917 5626 3058 5684 Psal.
3111 5643 3289 5682 cxevtt
3312 5668 3328 5694 ,
3377 5630 3427 5682 4.
3534 5629 3583 5659 ⁸⁸
3614 5630 3713 5684 Isa.
