3914 6516
168 376 261 433 689

1310 369 1378 425 IN
1413 362 1748 423 NUMEROS
1784 356 2070 415 HOMILIA
2105 354 2245 412 XVI.

3291 344 3395 399 690

165 503 263 559 est,
292 495 750 565 respicit;neque
772 494 838 549 ad
861 509 1006 561 eam,
1032 507 1151 564 qua:
1172 490 1461 547 manifeste
1482 487 1536 542 in
1557 498 1725 543 carne
1754 486 1799 544 Α
1828 488 2007 535 tamen
2076 486 2132 534 et
2186 474 2382 565 pepqu
2440 472 2515 528 illi
2575 470 2874 565 secundum
2932 481 2996 523 ea
3051 478 3172 535 qua:
3234 478 3395 531 supra

164 599 243 647 est
271 589 646 654 circumcisio;
682 589 776 643 sed
804 589 952 642 videt
977 588 1147 651 illum,
1172 585 1267 655 qui
1301 582 1353 637 in
1384 580 1601 638 occulto
1628 577 1723 634 Ju-

165 682 307 736 daaus
338 687 426 731 est
454 688 508 732 et
536 677 628 747 qui
660 678 1015 733 circumcisus
1046 687 1130 731 est
1166 675 1359 738 corde,
1394 686 1500 727 non
1535 684 1720 727 carne.

163 770 276 841 Ipse
305 784 435 840 ergo
466 779 549 824 est
574 769 744 832 solus,
776 769 868 837 qui
899 769 1240 822 dinumerare
1276 772 1452 834 potest
1488 770 1543 819 et
1573 762 1724 817 inve-

1823 570 2077 626 diximus.
2131 564 2245 620 Non
2294 563 2435 619 enim
2488 572 2595 618 tam
2641 561 2783 629 ipsi,
2839 574 2998 629 quam
3060 571 3241 613 semen
3285 570 3396 610 eo-

1823 676 1943 715 rum
1983 658 2246 715 eﬂicietur
2296 655 2438 711 sicut
2476 666 2659 708 semen
2707 652 3005 718 justorum,
3058 664 3244 703 eorum
3293 648 3399 702 sci-

1824 752 1983 818 licet,
2040 750 2133 819 qui
2178 747 2460 802 credentes
2512 760 2575 799 ex
2627 745 2873 815 gentibus
2918 743 3031 812 (69.)
3080 742 3133 795 in
3175 740 3397 795 Christo

166 831 396 928 siigare:
425 869 479 915 et
503 861 619 929 ipse
665 831 961 914 secundum
991 831 1312 911 ineffabilem
1339 864 1393 912 et
1422 854 1725 922 incompre-
1820 840 2107 910 iustiﬁcati
2151 846 2301 893 sunt.
2334 835 2489 893 Unde
2538 833 2884 889 manifestum
2936 843 3058 898 est,
3088 833 3213 900 quia
3261 831 3399 885 sicut

165 951 483 1006 hensibilem
512 952 827 1019 sapientiam
857 962 1008 1004 suam
1038 948 1103 1002 ad
1135 947 1278 1002 illam
1307 946 1583 1001 caelestem
1616 943 1728 996 for-
1824 931 2115 1003 Apostolus
2146 929 2275 984 die“
2302 928 2376 993 ³³,
2415 944 2435 977 ί
2477 940 2651 995 neque
2675 924 3018 980 εἰτουῐηοὶείο
3050 922 3253 993 aliquid
3291 931 3397 986 est.

164 1056 303 1096 mam
328 1082 345 1105 ,
379 1057 540 1110 quam
574 1042 688 1110 ipse
736 1040 885 1095 solus
926 1040 1067 1095 scire
1116 1045 1330 1107 potest,
1359 1035 1538 1106 posuit
1564 1035 1725 1089 etiam

164 1133 295 1188 istos
322 1146 605 1197 numeros,
643 1146 777 1200 quos
822 1132 1083 1186 habemus
1114 1130 1166 1184 in
1203 1128 1449 1183 manibus
1478 1145 1491 1180 :
1523 1127 1575 1180 in
1602 1125 1726 1193 qui-

1828 1039 2003 1093 neque
2028 1020 2354 1091 praeputium
2383 1059 2397 1083 ,
2429 1020 2521 1072 scd
2571 1018 2702 1071 fides
2728 1056 2743 1082 ,
2786 1032 2905 1086 qua:
2953 1030 3048 1085 per
3079 1014 3398 1069 charitatem

1828 1123 2105 1185 operatur.
2147 1131 2166 1165 ι
2200 1112 2267 1166 Ει
2298 1112 2416 1165 ideo
2458 1123 2614 1163 nemo
2650 1117 2745 1162 aut
2777 1107 3210 1162 circumcisionis
3255 1106 3400 1159 anti-

164 1224 264 1279 bus
291 1221 554 1292 praecipit,
584 1198 962 1276 utsecundum
991 1219 1346 1288 cognationes
1376 1231 1524 1280 suas,
1569 1223 1626 1270 et
1648 1228 1731 1268 se-
1828 1209 2038 1279 quitate
2073 1222 2133 1261 se
2160 1204 2350 1272 jactet,
2380 1211 2475 1257 aut
2500 1204 2551 1256 in
2582 1201 2829 1272 praeputii
2851 1200 3090 1256 novitate
3118 1198 3398 1268 glorietur.

162 1315 397 1369 cundum
432 1315 618 1368 domos
646 1312 973 1366 familiarum
997 1312 1242 1376 Suarum,
1265 1324 1331 1365 ex
1368 1307 1592 1362 nomine
1621 1322 1731 1360 om-

162 1423 264 1465 nes
295 1406 513 1461 masculi
548 1421 643 1473 per
673 1405 849 1475 capita
888 1411 1243 1459 numerentur
1272 1417 1302 1455 a
1343 1401 1532 1471 viginti
1572 1398 1732 1454 annis

166 1506 220 1552 et
248 1512 436 1566 supra,
465 1496 643 1550 omnis
685 1495 774 1564 qui
810 1494 1105 1564 ingreditur
1135 1494 1189 1547 in
1217 1492 1415 1545 virtute
1441 1488 1603 1545 Israel
1631 1507 1645 1556 ;
1678 1496 1735 1543 et

161 1590 433 1661 colligitur
456 1602 641 1642 eorum
677 1587 897 1657 quidam
928 1596 1172 1640 sacratus
1205 1598 1461 1639 numerus
1508 1583 1574 1637 de
1626 1593 1734 1650 quo

154 1683 272 1750 jam
302 1681 569 1749 superius,
601 1687 761 1749 prout
790 1675 1013 1732 donavit
1040 1676 1318 1740 Dominus,
1343 1674 1599 1729 diximus.
1629 1672 1735 1727 Sed

158 1773 266 1825 iste
294 1786 550 1825 numerus
581 1781 705 1826 tunc
732 1770 948 1825 demum
984 1778 1232 1825 sacratus
1261 1777 1346 1822 est
1399 1776 1454 1821 et
1500 1765 1734 1836 placitus

1831 1296 1937 1353 Sed
1970 1295 2341 1365 utApostolus
2363 1294 2495 1348 dicit
2520 1294 2585 1361 η,
2619 1312 2637 1344 ι
2670 1292 3247 1363 probetunusquisque
3267 1304 3401 1358 opus

1833 1403 1989 1444 suum
2017 1427 2032 1452 ,
2065 1396 2120 1441 et
2152 1394 2280 1440 tunc
2313 1385 2367 1439 in
2414 1386 2703 1453 semetipso
2740 1390 2950 1436 tantum
2977 1380 3199 1449 gloriam
3238 1380 3403 1432 habe-

1832 1479 1929 1534 bit.
1973 1498 1991 1532 ι
2025 1477 2116 1533 Sic
2143 1479 2375 1548 denique
2407 1476 2669 1547 propheta
2695 1473 2827 1527 dicit
2848 1474 2894 1504 ¹⁰
2924 1491 2937 1526 :
2968 1471 3109 1526 Ecce
3141 1472 3319 1536 homo,
3349 1479 3404 1522 et

1834 1586 1968 1640 opus
2004 1569 2155 1639 ejus,
2189 1581 2244 1623 et
2281 1584 2489 1625 merces
2521 1569 2573 1621 in
2602 1573 2892 1637 conspectu
2923 1564 3132 1619 Domini
3167 1576 3285 1618 esse
3322 1561 3404 1616 di-

1835 1662 1996 1726 citur,
2028 1672 2086 1716 ut
2116 1662 2305 1717 reddat
2340 1662 2633 1732 unicuique
2668 1659 2963 1716 secundum
2994 1673 3155 1725 opera
3192 1670 3314 1721 sua,
3346 1654 3403 1708 in

1835 1750 2053 1807 Christo
2084 1752 2211 1808 Jesu
2247 1753 2471 1808 Domino
2504 1761 2689 1807 nostro
2715 1790 2730 1816 ,
2769 1751 2856 1806 cui
2888 1760 2971 1805 est
3002 1749 3170 1820 gloria
3200 1757 3253 1802 et
3298 1746 3403 1800 im-

158 1861 296 1927 Deo,
338 1878 458 1916 cum
501 1861 615 1931 ipso
663 1861 1009 1929 praecipiente
1059 1866 1394 1911 numeratur.
1446 1856 1504 1910 Si
1550 1864 1730 1909 autem
1765 1823 1806 1877 Β
1838 1846 2043 1915 perium
2076 1846 2127 1900 in
2153 1845 2349 1901 sa:cula
2376 1845 2722 1900 saeculorum.
2752 1844 2942 1898 Amen.

154 1964 351 2006 contra
376 1961 700 2022 praeceptum
723 1949 1175 2004 Dominivolucrit
1198 1948 1395 2016 aliquis
1417 1960 1731 2010 numerare,

158 2044 290 2099 licet
323 2045 412 2100 ille
448 2045 609 2098 David
657 2045 771 2108 sit,
808 2042 934 2095 licet
963 2056 1190 2111 magnus
1222 2038 1505 2110 propheta,
1540 2044 1730 2090 contra

156 2138 335 2206 legem
362 2138 512 2207 agit,
544 2146 598 2191 et
640 2137 886 2207 arguitur
929 2150 1023 2204 per
1063 2133 1378 2203 prophetam
1403 2174 1417 2199 ,
1442 2140 1498 2186 et
1528 2130 1734 2201 patitur

157 2232 252 2285 illa
287 2248 405 2300 quae
452 2232 505 2285 in
552 2231 799 2285 secundo
840 2229 978 2283 libro
1008 2226 1313 2295 Regnorum
1345 2224 1575 2291 legimus
1600 2223 1735 2278 scri-

157 2334 248 2394 pta
285 2324 348 2377 ²³.
380 2323 538 2378 Solus
581 2338 713 2392 ergo
741 2324 855 2391 ipse
895 2320 987 2388 qui
1034 2327 1284 2372 numerat
1330 2314 1731 2370 multitudinem

156 2414 470 2478 stellarum,
498 2424 552 2468 et
576 2414 666 2482 qui
698 2415 879 2468 omnia
907 2427 1155 2468 mensura
1183 2419 1238 2465 et
1268 2423 1493 2463 numero
1520 2415 1574 2462 et
1604 2421 1736 2475 pon-

154 2509 298 2564 dere
334 2510 609 2577 produxit,
651 2508 939 2577 investigat
992 2520 1175 2561 semen
1204 2502 1373 2559 Iacob
1399 2513 1454 2557 et
1490 2502 1736 2556 dinume—

153 2609 243 2653 rat
282 2598 491 2667 plebem
525 2597 711 2653 Israel.

224 2692 286 2745 ι.
327 2690 460 2745 Post
515 2692 629 2745 haec
674 2690 829 2760 quasi
877 2690 943 2745 de
982 2689 1278 2757 semetipso
1325 2686 1570 2756 quaedam
1606 2702 1736 2756 pro-

156 2780 394 2849 phetare
454 2781 684 2842 videtur,
751 2795 875 2834 cum
917 2779 1048 2832 dicit
1085 2779 1178 2832 “’z
1227 2797 1246 2830 ι
1312 2776 1574 2833 Moriatur
1623 2776 1740 2832 ani-

158 2886 249 2925 ma
276 2887 401 2926 mea
433 2873 574 2925 inter
599 2872 808 2926 animas
831 2871 1190 2939 justorum,et
1220 2871 1314 2925 fiat
1341 2883 1523 2925 semen
1556 2883 1737 2923 meum

154 2965 308 3018 sicut
375 2979 557 3019 semen
611 2966 902 3033 justorum.
950 2981 969 3014 ι
1032 2960 1140 3016 Sed
1194 2963 1298 3018 hoc
1351 2970 1611 3031 quantum
1672 2960 1739 3014 ad

154 3072 456 3125 personam
492 3066 703 3126 spectat
759 3058 906 3114 illius
945 3058 1162 3113 Balaam
1192 3096 1207 3122 ,
1245 3064 1302 3111 et
1357 3055 1498 3110 illius
1545 3055 1736 3119 Israel,

2401 1956 2679 2013 IIOMILIA
2716 1953 2856 2010 XVI.

2225 2059 2302 2113 De
2328 2058 2600 2128 praphetia
2627 2057 2733 2110 alia
2764 2055 3008 2109 Balaam.

1906 2154 1961 2209 1.
1988 2152 2173 2207 Priore
2201 2151 2462 2215 tractatu,
2492 2150 2812 2218 inquantum
2848 2145 3109 2217 possibile
3142 2144 3263 2209 fuit,
3295 2143 3409 2213 pri-

1837 2260 1953 2301 mas
1981 2253 2165 2314 partes
2189 2242 2487 2314 prophetia:
2517 2242 2735 2295 Balaam
2762 2239 3033 2309 explicare
3055 2237 3408 2292 tentavimus.

1837 2335 2142 2391 Secundum
2172 2349 2320 2390 nunc
2349 2334 2648 2404 prophetiae
2681 2332 2892 2386 initium
2920 2328 3249 2398 sumpsimus
3271 2325 3406 2397 (63),

1836 2434 1894 2479 ut
1929 2426 1973 2479 si
2003 2425 2261 2480 Dominus
2290 2425 2539 2494 aspirare
2578 2421 2826 2492 dignetur
2848 2460 2862 2483 ,
2890 2419 3050 2473 etiam
3084 2418 3151 2472 de
3184 2417 3283 2471 hac
3312 2429 3411 2486 pro

1838 2517 2064 2581 viribus,
2100 2532 2220 2585 quae
2248 2530 2541 2571 occurrere
2573 2513 2870 2582 potuerint,
2917 2512 2970 2565 in
3007 2508 3243 2563 medium
3280 2523 3412 2578 pro-

1839 2606 2093 2662 feramus.
2124 2606 2518 2662 Inconveniens
2545 2605 2689 2659 enim
2721 2602 2853 2656 mihi
2882 2602 3054 2655 visum
3081 2610 3185 2663 est,
3216 2612 3412 2667 quam--

1839 2698 1920 2753 vis
1949 2697 2065 2752 hzec
2097 2696 2331 2752 diﬂicilia
2352 2697 2660 2760 videantur,
2695 2693 3097 2758 interrumpere
3123 2697 3411 2743 tractatum

1839 2807 2043 2853 eorum,
2094 2791 2383 2860 quominus
2433 2789 2500 2841 de
2532 2785 2757 2856 singulis
2804 2799 2923 2853 qua:
2953 2782 3414 2853 comprehendere

1839 2897 2146 2951 possumus,
2181 2880 2537 2950 explicemus.
2570 2878 2740 2949 Igitur
2768 2876 2964 2931 Balach
2995 2888 3110 2941 rex,
3138 2873 3301 2927 veluti
3330 2879 3413 2927 at-

1843 2972 2043 3026 tonitus
2068 3011 2083 3036 ,
2131 2980 2187 3025 et
2226 2984 2515 3039 percussus
2540 2982 2603 3022 ex
2638 2967 2704 3021 iis
2742 2981 2861 3035 quae
2892 2974 3079 3020 contra
3129 2976 3277 3033 spem
3308 2961 3414 3017 diei

1840 3062 2061 3115 videbat
2095 3077 2125 3115 a
2154 3059 2397 3123 Balaam,
2426 3058 2831 3114 benedictiones
2852 3054 2965 3127 (64)
2996 3055 3138 3109 enim
3170 3068 3268 3123 pro
3295 3067 3413 3106 ma-

156 3164 264 3203 nec
306 3148 513 3204 factum
552 3161 664 3213 est,
707 3165 807 3205 nec
849 3149 961 3204 fieri
1002 3152 1221 3220 potuit:
1265 3164 1369 3204 non
1410 3150 1555 3204 enim
1596 3149 1739 3203 inter
1766 3169 1811 3227 ο
1846 3150 2217 3204 ledictionibus
2248 3148 2524 3211 audiebat,
2552 3147 2695 3200 ultra
2731 3161 2837 3200 non
2868 3144 3086 3207 ferens,
3124 3141 3416 3211 interrupit

153 3239 316 3308 ipsos
340 3280 357 3306 ,
400 3240 491 3294 sed
524 3240 591 3293 ab
628 3241 755 3308 ipsis
796 3253 1039 3295 mortuus
1076 3249 1179 3294 est.
1230 3239 1397 3309 Magis
1453 3240 1596 3293 enim
1623 3278 1638 3304 ,
1679 3248 1740 3292 ut

154 3332 430 3395 diximus,
470 3332 708 3400 ipsorum
748 3347 991 3401 personae
1028 3331 1349 3386 conveniet:
1384 3333 1472 3399 qui
1517 3330 1644 3385 licet
1686 3331 1738 3385 in

151 3424 426 3493 praesenti
463 3422 656 3478 steculo
683 3438 857 3477 vanus
894 3422 1121 3492 papulus
1149 3422 1434 3485 habeatur,
1465 3422 1590 3490 quia
1625 3422 1744 3477 sine

151 3517 347 3581 gratia
409 3523 494 3569 est
532 3513 769 3583 Spiritus
829 3515 1038 3577 sancti,
1082 3514 1135 3568 in
1182 3514 1285 3567 fine
1336 3521 1512 3566 tamen
1561 3511 1745 3568 saeculi

148 3622 290 3660 cum
336 3606 615 3674 plenitudo
653 3608 890 3677 gentium
952 3606 1255 3670 introierit,
1296 3615 1353 3658 et
1414 3605 1590 3659 omnis
1644 3607 1746 3659 ista

153 3699 457 3767 prophetia
499 3714 619 3769 quae
672 3700 738 3754 de
786 3700 953 3754 Israel
1006 3700 1238 3763 dicitur,
1282 3698 1335 3752 in
1388 3697 1619 3765 spiritali
1670 3698 1748 3754 Is-

152 3791 319 3845 raele
358 3790 521 3844 fuerit
550 3791 791 3859 impleta,
834 3800 961 3845 tunc
989 3793 1166 3844 anima
1194 3789 1312 3858 ejus
1338 3789 1599 3843 morietur
1623 3804 1745 3843 cum

154 3883 467 3937 animabus
502 3882 796 3952 justorum.
857 3882 1125 3951 Suscipict
1171 3882 1314 3935 enim
1372 3881 1423 3934 in
1470 3896 1529 3934 se
1590 3880 1749 3935 fidem

147 3974 413 4035 Christi,
468 3973 538 4026 ita
568 3980 625 4025 ut
657 3982 711 4025 et
760 3973 859 4040 ipsi
891 3972 1076 4026 dicant
1099 3972 1184 4025 ’δε
1234 3990 1253 4022 ι
1292 3970 1391 4036 Qui
1440 3970 1493 4023 in
1532 3969 1753 4024 Christo

148 4063 435 4132 baptizati
474 4076 659 4116 sumus
686 4102 700 4125 ,
755 4063 807 4115 in
839 4070 1014 4116 morte
1058 4061 1228 4130 ipsius
1259 4060 1517 4128 baptizati
1546 4074 1749 4114 sumus.

146 4154 487 4220 Consepulti
504 4154 645 4207 enim
668 4150 857 4209 sumus
882 4153 953 4207 illi
980 4168 1076 4222 per
1097 4140 1420 4220 baptismum
1446 4152 1498 4205 in
1525 4162 1748 4206 morte.»

148 4246 222 4299 Et
256 4247 471 4299 iterum
500 4244 544 4275 ¹⁶
570 4260 583 4298 :
619 4262 637 4294 ιι
674 4243 728 4297 Si
761 4244 903 4297 enim
931 4244 1340 4308 commorimur,
1370 4252 1423 4297 et
1452 4257 1753 4312 conregna—

148 4337 382 4391 bimus.
414 4354 435 4387 ι
460 4334 624 4389 Etsic
650 4350 776 4389 vere
794 4335 1155 4403 complebitur
1173 4335 1493 4406 intelligibili
1511 4336 1767 4401 Balaam,

145 4440 215 4483 ut
270 4428 555 4483 moriatur
600 4429 781 4481 anima
843 4426 958 4494 ejus
1008 4429 1154 4482 inter
1202 4428 1415 4483 animas
1458 4427 1752 4494 justorum.

1841 3244 2005 3296 verba
2038 3239 2173 3307 ejus,
2210 3248 2266 3294 et
2299 3240 2375 3294 ait
2403 3240 2445 3269 ²¹
2474 3256 2487 3293 :
2526 3256 2543 3290 ι
2574 3238 2715 3304 Quid
2746 3237 2921 3292 fecisti
2958 3235 3091 3289 mihi
3128 3235 3151 3288 ἲ
3183 3234 3263 3288 Ad
3296 3248 3414 3287 ma-

1842 3331 2154 3387 ledicendos
2198 3332 2447 3386 inimicos
2478 3345 2627 3383 meos
2665 3328 2851 3384 vocavi
2885 3337 2969 3394 te,
3007 3334 3061 3381 et
3088 3339 3216 3380 ecce
3252 3323 3418 3378 bene-

1846 3419 2029 3473 dixisti
2059 3417 2456 3472 benedictione.
2496 3434 2515 3467 ι
2552 3413 2669 3469 Non
2703 3413 2825 3467 tulit
2867 3428 2959 3466 rex
2998 3425 3214 3465 amarus
3257 3410 3420 3464 bene-

1846 3511 2143 3565 dictionum
2218 3507 2593 3570 dulcedinem,
2657 3506 2749 3561 sed
2831 3503 3119 3559 maledicta
3189 3501 3419 3569 quazrit,

1846 3600 2132 3655 maledicta
2187 3596 2461 3665 deposcit.
2503 3595 2595 3648 Est
2658 3592 2803 3647 enim
2860 3606 2928 3645 ex
2980 3586 3305 3657 cognatione
3357 3586 3422 3638 il-

1850 3690 1996 3755 lius,
2048 3688 2113 3742 ad
2173 3701 2333 3755 quem
2393 3684 2532 3739 dixit
2582 3681 2841 3738 Dominus
2876 3680 2919 3710 “
2967 3695 2982 3732 :
3045 3694 3064 3728 ι
3112 3675 3423 3729 Maledictus

1852 3790 1905 3834 tu
1951 3780 2019 3834 ab
2067 3778 2322 3833 omnibus
2375 3774 2566 3830 bestiis
2613 3782 2789 3828 terrae.
2829 3788 2846 3821 ι
2893 3767 2997 3823 Sed
3029 3766 3157 3836 quid
3188 3765 3253 3818 ad
3307 3765 3422 3817 haec

1850 3870 2014 3943 329
2046 3867 2320 3938 respondit
2353 3866 2400 3920 ei
2428 3864 2537 3928 ille,
2574 3862 2659 3917 cui
2695 3860 2915 3914 verbum
2948 3856 3085 3910 Deus
3117 3854 3168 3907 in
3202 3866 3295 3907 ore
3326 3866 3422 3920 po-

1852 3966 2070 4023 suerat?
2098 3983 2117 4016 (
2149 3963 2337 4017 Nonne
2367 3971 2728 4030 quaecunque,
2768 3953 2966 4021 inquit,
3002 3948 3250 4018 injecerit
3282 3947 3424 4001 Deus

1856 4058 1907 4109 iu
1937 4070 1997 4111 os
2025 4068 2225 4118 meum,
2256 4052 2372 4106 haec
2393 4048 2698 4105 observabo
2725 4043 2868 4113 loqui
2900 4042 2985 4094 "‘l
3012 4059 3031 4094 ι
3063 4040 3143 4093 Ad
3174 4039 3287 4093 haec
3321 4036 3425 4088 Ba-

1856 4147 1972 4201 lach
2006 4154 2199 4215 putans
2242 4142 2367 4212 quia
2416 4139 2738 4210 perterritus
2782 4142 2927 4189 esset
2980 4132 3199 4186 Balaam
3245 4125 3427 4197 populi

1856 4234 2136 4290 Israelitici
2165 4231 2532 4295 multitudine,
2565 4238 2621 4284 et
2658 4227 2859 4282 idcirco
2903 4239 3009 4279 non
3044 4221 3235 4276 fuisset
3262 4233 3430 4272 ausus

1858 4327 2101 4397 proferre
2156 4325 2462 4389 maledicta,
2515 4320 2868 4375 mutationem
2921 4316 3022 4371 sibi
3064 4313 3165 4368 loci
3199 4309 3432 4366 credidit

1859 4419 2222 4490 profuturam,
2275 4427 2327 4470 et
2372 4415 2450 4469 ait
2491 4413 2557 4465 ad
2594 4426 2716 4465 eum
2747 4426 2762 4464 :
2796 4425 2815 4459 ι
2847 4406 2983 4462 Veni
3018 4405 3193 4458 adhuc
3220 4415 3432 4456 mecum

144 4518 329 4586 Quod
380 4528 560 4572 autem
593 4519 724 4573 dicit
764 4521 805 4551 ¹⁷
834 4490 901 4586 ,'.
944 4528 1006 4573 ut
1041 4518 1135 4571 fiat
1167 4532 1349 4572 semen
1386 4490 1565 4571 meum
1614 4518 1754 4571 sicut
1788 4525 1829 4579 ι)
1862 4510 1914 4563 in
1956 4509 2131 4563 locum
2170 4508 2333 4561 alium
2362 4508 2427 4560 de
2459 4517 2566 4572 quo
2606 4509 2774 4555 totum
2804 4514 2911 4553 non
2948 4496 3131 4549 videas
3159 4507 3306 4557 eum,
3340 4490 3435 4544 sed

142 4624 367 4664 semen
392 4608 683 4680 justorum,
727 4629 746 4662 ι
786 4619 966 4679 posset
988 4608 1206 4678 quidem
1236 4618 1291 4661 et
1319 4608 1385 4662 de
1416 4607 1505 4661 illo
1535 4607 1754 4662 Balaam

144 4699 408 4769 intelligi
437 4740 454 4764 ,
483 4702 778 4754 secundum
810 4703 913 4756 hoc
941 4700 1083 4769 quod
1114 4698 1251 4767 magi
1284 4698 1359 4751 illi
1385 4739 1400 4760 ,
1428 4698 1520 4768 qui
1546 4697 1613 4752 de
1640 4698 1757 4753 ori-

142 4805 295 4848 cute
332 4795 616 4847 venientes
663 4795 819 4861 primi
874 4795 1103 4847 adorare
1139 4800 1401 4847 venerunt
1441 4790 1656 4854 Iesum,
1693 4791 1759 4845 de

144 4885 393 4941 semine
421 4884 537 4953 ejus
570 4898 687 4938 esse
719 4885 1004 4939 videantur
1027 4924 1041 4946 ,
1075 4884 1187 4937 sive
1230 4898 1326 4952 per
1355 4882 1754 4937 successionem

144 4976 425 5049 generis,
453 4975 568 5029 sive
596 4990 690 5046 per
721 4975 1017 5043 disciplina:
1060 4973 1429 5027 traditionem.
1465 4971 1762 5025 Evidentcr

146 5069 326 5123 enim
372 5077 586 5121 constat
616 5067 735 5122 illos
760 5067 1046 5135 agnovisse
1073 5064 1322 5131 stellam,
1359 5080 1520 5134 quam
1568 5063 1765 5132 pra’di-

143 5168 342 5212 xerat
377 5156 592 5210 Balaam
624 5156 885 5210 orituram
918 5157 969 5208 in
1008 5154 1196 5217 Israel,
1232 5162 1284 5207 et
1314 5154 1392 5208 sic
1426 5154 1638 5207 venisse
1668 5192 1682 5212 .
1713 5161 1765 5206 et

148 5251 453 5306 adorasse
487 5262 667 5317 regem
712 5246 804 5316 qui
838 5256 996 5301 natus
1029 5257 1113 5301 est
1145 5246 1197 5300 in
1242 5243 1433 5299 Israel.
1468 5243 1769 5299 Conveniet

232 5386 295 5421 ³⁸
322 5384 379 5440 ll
399 5384 526 5455 Reg.
555 5402 700 5439 xxrv.
778 5387 819 5417 ιδ
850 5386 1003 5438 Num.
1028 5401 1181 5451 χχιιι,
1205 5383 1293 5438 10.
1360 5384 1403 5415 ³⁵
1432 5384 1589 5455 Rom.
1622 5399 1694 5446 vt,
1729 5381 1783 5445 5,
1818 5382 1871 5455 4.

249 5458 323 5512 6.
416 5458 454 5487 ιθ
480 5452 602 5511 Cal.
638 5473 713 5520 VI,
740 5457 793 5510 4.
870 5457 914 5486 ²⁰
945 5456 1045 5510 lsa.
1080 5470 1208 5511 tht.
1242 5455 1324 5509 II.
1378 5456 1421 5485 ἰ
1458 5454 1614 5507 Νιιιιι.
1650 5469 1801 5517 χχιιι,
1838 5452 1922 5505 II.

143 5477 213 5525 v,
249 5477 323 5512 ο.
416 5477 453 5487 "
486 5477 602 5511 υιιι.
639 5477 713 5520 v1,
740 5477 793 5510 ιιι.

150 5530 260 5587 13.
362 5526 413 5556 ³⁸
449 5525 637 5580 Matth.
666 5542 720 5591 ν,
756 5527 844 5581 14.

234 5643 385 5711 (62)
414 5641 466 5694 ln
502 5652 655 5696 antea
683 5643 840 5696 editis
870 5643 1021 5696 deest
1053 5659 1071 5692 ι
1111 5656 1176 5696 ex
1222 5642 1473 5710 gentibus
1501 5681 1515 5706 ,
1556 5658 1574 5693 ι
1622 5640 1764 5709 quod

143 5734 165 5769 ε
180 5712 480 5781 oppletur
502 5727 532 5765 e
557 5715 742 5766 codice
763 5712 1095 5766 Cnrbeiensi.

236 5779 389 5852 (63)
425 5780 515 5837 llis.
548 5782 860 5839 Corbeiens.
915 5801 933 5832 ι
958 5796 1254 5845 sumemus,
1290 5800 1309 5834 ι
1346 5790 1397 5836 et
1432 5779 1589 5849 paulo
1621 5788 1762 5848 post,

1867 4609 2077 4669 partem
2110 4599 2345 4667 aliquam
2388 4595 2506 4664 ejus
2532 4593 2739 4656 videas,
2777 4602 2973 4644 omnes
2998 4597 3178 4640 autem
3206 4598 3311 4637 non
3356 4582 3439 4634 vi-

1866 4693 2014 4755 deas,
2048 4701 2104 4746 et
2157 4690 2384 4744 maledic
2426 4686 2553 4741 mihi
2594 4699 2717 4739 eum
2761 4684 2883 4738 inde
2912 4682 2978 4738 “.
3028 4700 3046 4733 ι
3082 4680 3311 4734 Demens
3343 4675 3436 4744 qui

1867 4783 2216 4839 Israeliticam
2249 4781 2478 4852 gratiam
2511 4778 2613 4831 loci
2649 4774 2952 4845 objectionc
2992 4774 3239 4828 crederet
3275 4782 3436 4838 posse

1870 4876 2058 4939 celari,
2095 4883 2148 4927 et
2178 4874 2271 4943 qui
2298 4871 2535 4927 nesciret
2563 4872 2686 4937 quia
2727 4885 2831 4922 non
2865 4873 3038 4936 potest
3071 4861 3325 4918 abscondi
3363 4861 3441 4913 ci-

1871 4970 2009 5022 vitas
2030 4983 2188 5035 super
2215 4974 2446 5020 montem
2470 4964 2641 5033 posita
2675 4962 2794 5023 ".u
2820 4958 2884 5013 Et
2905 4957 3214 5025 assumpsit,
3245 4951 3441 5021 inquit,

1872 5074 1993 5113 eum
2045 5058 2096 5109 iu
2143 5055 2412 5124 speculam
2443 5054 2557 5123 agri
2605 5054 2654 5108 in
2684 5053 2941 5107 verticem
2975 5047 3171 5103 montis
3200 5043 3356 5106 caesi,
3390 5050 3446 5095 et

1875 5148 2178 5204 construxit
2222 5146 2295 5200 ibi
2331 5155 2539 5215 septem
2580 5160 2725 5207 aras,
2757 5152 2810 5197 et
2854 5140 3107 5210 imposuit
3133 5135 3354 5189 vitulum
3392 5140 3447 5183 et

1875 5230 2100 5295 arietem
2136 5254 2299 5310 super
2343 5254 2512 5302 aram,
2554 5248 2611 5292 et
2658 5236 2794 5290 dixit
2841 5232 3056 5287 Balaam
3098 5228 3162 5283 ad
3194 5224 3440 5279 Balach:

1952 5381 1993 5413 ιθ
2018 5378 2053 5432 ll
2088 5379 2228 5436 Tim.
2262 5396 2334 5443 ιι,
2368 5378 2574 5443 11,12.
2658 5376 2700 5409 "
2720 5376 2877 5430 Num.
2902 5367 3174 5443 xxnt,‘l_0.
3222 5361 3446 5443 ΔξδιςῖεῇΙο

1996 5452 2039 5482 ²²
2068 5432 2334 5515 ϐθιιίιιι,
2374 5432 2471 5503 Ηί
2537 5448 2583 5482 ³³
2632 5446 2792 5502 Num.
2849 5457 3004 5503 χχιιι,
3048 5432 3144 5490 ⁷12.
3222 5434 3267 5465 ’⁸
3306 5432 3436 5486 ibul.

1880 5658 1898 5690 ι
1936 5654 2053 5706 qum
2091 5636 2459 5700 occurrerint,
2494 5653 2545 5689 tn
2578 5634 2808 5689 medium
2841 5626 3199 5706 proferamus.
3222 5640 3257 5706 lt
3342 5705 3347 5706 γ
3376 5686 3407 5706 η

1932 5690 2056 5791 ,Ῑθίδ
2092 5690 2349 5771 I'd'crﬁ‘.‘«
2386 5690 2809 5788 betigdictiones.
2843 5690 2861 5752 ἱ
2915 5696 3063 5751 Alias
3088 5735 3101 5759 ,
3156 5712 3172 5743 ι
3222 5690 3446 5745 benedio

1872 5790 2127 5836 ctionem.
2167 5797 2183 5830 ι
