3914 6512
497 347 598 408 691

1952 363 2273 423 ORIGENIS
3647 379 3730 433 69?.

498 469 712 564 Assiste
737 471 804 564 ad
825 472 1154 528 sacriﬁcium
1191 485 1363 544 tuum,
1404 495 1507 550 ego
1541 496 1670 537 vero
1696 497 1917 555 pergam
1952 498 2078 553 per-
2106 485 2153 543 Δ
2183 487 2387 542 habeas
2415 487 2576 544 talem
2601 489 2911 560 opinionem
2945 490 3010 545 de
3041 492 3170 559 Deo,
3202 503 3264 549 ut
3298 504 3457 564 putes
3478 511 3601 549 eum
3631 510 3732 550 esse

498 563 704 614 contarl
741 562 926 617 Deum.
972 564 1039 618 Et
1081 571 1317 624 occurrit
1342 571 1480 629 Deus
1502 574 1599 644 ipsi
1633 575 1874 640 Balaam,
1905 584 1959 630 et
1992 576 2074 629 in-

491 651 626 718 jecit
649 653 871 708 verbum
908 654 960 707 in
987 671 1048 710 os
1078 657 1214 725 ejus,
1248 671 1302 714 et
1327 661 1484 730 dixit,
1512 684 1531 716 ι
1562 666 1678 720 sine
1711 667 1872 722 dubio
1897 667 2068 723 Deus:

500 755 522 792 ι
571 740 900 799 Convertere
943 748 1007 799 ad
1050 747 1268 813 Balach.
1313 763 1367 807 et
1420 756 1531 809 haec
1573 756 1828 826 loqueris.
1879 759 1948 812 At
1981 757 2072 813 ille

499 831 624 902 (hoc
665 844 745 889 est
771 835 994 910 Balach)
1024 845 1200 897 stabat
1229 844 1386 914 juxta
1436 848 1896 906 holocaustomata
1948 867 2064 917 sua,

496 937 553 979 et
602 942 794 985 omnes
839 934 1112 1004 principes
1145 937 1302 994 Moab
1337 957 1458 994 cum
1484 943 1594 998 illo.
1630 945 1696 998 Et
1720 945 1852 999 dixit
1883 945 1931 1000 ei
1962 945 2068 999 Ba-

498 1015 655 1072 Iach:
688 1020 826 1087 Quid
862 1024 1072 1082 locutus
1117 1039 1203 1084 est
1235 1031 1494 1088 Dominus
1527 1035 1612 1089 "7
1644 1054 1664 1089 ι
1705 1035 1813 1091 Res
1851 1037 2067 1107 quidem

497 1112 739 1180 profanis
783 1118 1068 1174 sacrificiis
1113 1124 1423 1191 gerebatur,
1457 1136 1512 1182 et
1553 1127 1815 1183 divinatio
1859 1131 2066 1200 magica

495 1211 615 1257 arte
657 1207 1036 1276 requirebatur
1089 1213 1253 1284 (65):
1312 1218 1501 1273 volens
1555 1227 1734 1275 tamen
1797 1221 1938 1276 Deus
1993 1221 2066 1276 ibi

495 1293 771 1351 abundare
800 1301 1050 1368 gratiam,
1080 1305 1170 1359 ubi
1206 1308 1664 1377 superabundavit
1689 1323 1968 1380 peccatum
1997 1313 2062 1376 ’⁷.

493 1386 684 1443 adesse
716 1389 986 1457 dignatur,
1030 1408 1132 1450 nec
1186 1397 1387 1469 refugit
1431 1401 1500 1456 ab
1550 1403 1637 1465 iis,
1670 1417 1790 1472 qum
1843 1418 1946 1456 non
1981 1416 2065 1456 se-

494 1481 727 1534 cundum
777 1482 1126 1541 Israeliticam
1183 1489 1552 1560 disciplinam,
1619 1494 1715 1548 sed
1768 1495 2062 1548 secundum

492 1571 772 1638 gentilium
825 1576 1155 1644 gerebantur
1203 1596 1466 1636 errorem.
1511 1584 1678 1639 Adest
1726 1595 1904 1639 autem
1956 1600 2062 1640 nor.

491 1663 792 1733 sacriﬁciis,
824 1669 916 1722 sed
945 1669 998 1722 in
1034 1685 1318 1726 occursum
1358 1675 1611 1741 venienti,
1638 1685 1692 1730 et
1715 1676 1786 1730 ibi
1815 1677 1905 1730 dat
1940 1692 2062 1731 ver-

493 1749 617 1805 bum
654 1768 831 1819 suum,
883 1768 1045 1828 atque
1085 1761 1157 1816 ibi
1191 1765 1448 1832 mysteria
1491 1765 1668 1820 futura
1712 1771 2057 1836 praenuntiat,

489 1845 578 1900 ubi
608 1849 837 1904 maxime
865 1850 998 1907 ﬁdes
1027 1863 1081 1908 et
1109 1854 1399 1910 admiratio
1430 1859 1712 1926 gentilium
1745 1862 1964 1930 pendet,
2000 1874 2059 1918 ut

487 1938 581 2007 qui
609 1942 808 1996 nostris
844 1944 1032 1999 nolunt
1064 1946 1287 2002 credere
1315 1950 1619 2020 prophetis,
1653 1954 1879 2008 credant
1924 1955 2061 2010 divi-

488 2028 571 2083 nis
595 2040 650 2085 et
671 2033 878 2089 vatibus
907 2035 1039 2091 suis.

557 2121 612 2173 2.
653 2140 672 2173 ι
704 2123 769 2178 Ει
801 2140 1113 2198 assumens,
1152 2131 1346 2203 inquit,
1388 2135 1700 2203 parabolam
1755 2153 1909 2194 suam
1980 2140 2064 2195 di-

486 2212 582 2266 xit.
618 2233 638 2265 ι
680 2215 784 2270 Per
830 2221 1144 2287 parabolam
1184 2240 1315 2295 ergo
1357 2225 1490 2282 dicit
1530 2228 1788 2287 Balaam:
1829 2249 1844 2283 r
1883 2231 2058 2302 Surge

486 2303 703 2374 Balach,
750 2318 804 2364 et
831 2313 976 2378 audi,
1012 2317 1233 2372 auribus
1267 2321 1482 2390 percipe
1531 2323 1685 2378 testis
1717 2323 1789 2379 ﬁli
1825 2324 2050 2394 Sephor.

486 2395 600 2452 Non
644 2404 786 2457 sicut
824 2407 984 2462 homo
1012 2408 1152 2466 Deus
1193 2411 1506 2478 frustratur,
1545 2431 1718 2484 neque
1747 2417 1888 2473 sicut
1916 2419 2057 2475 ﬁlius

484 2490 719 2548 hominis
751 2505 1005 2553 terretur.
1043 2499 1161 2570 Ipse
1190 2520 1313 2558 cum
1341 2506 1556 2572 dixerit,
1585 2526 1690 2564 non
1727 2508 1921 2564 faciet?
1977 2510 2046 2565 lo-

483 2594 676 2649 quetur
710 2596 764 2640 et
815 2603 918 2643 nou
951 2596 1322 2660 permanebit?
1351 2595 1491 2652 Ecce
1526 2599 1591 2653 ad
1624 2601 2051 2658 benedicendum

483 2686 790 2745 assumptus
836 2696 978 2749 sum,
1015 2683 1353 2752 benedicam,
1393 2698 1448 2744 et
1499 2705 1603 2745 non
1633 2700 1878 2746 avertam
1905 2708 2048 2752 eam.

483 2767 598 2823 Non
628 2772 733 2826 erit
781 2773 938 2831 labor
963 2776 1017 2832 in
1068 2779 1250 2844 Jacob,
1286 2797 1458 2851 neque
1490 2785 1764 2841 videbitur
1807 2787 1961 2843 dolor
1996 2789 2051 2843 in

483 2862 666 2918 Israel.
725 2864 985 2924 Dominus
1035 2871 1174 2928 Deus
1223 2889 1356 2928 suus
1407 2890 1531 2930 cum
1600 2878 1737 2945 ipso,
1791 2880 2051 2950 praeclara

481 2955 786 3024 principum
813 2975 936 3014 cum
960 2963 1079 3030 ipso
1116 2972 1260 3018 sunt.
1298 2967 1440 3021 Deus
1465 2967 1556 3035 qui
1587 2969 1776 3024 eduxit
1809 2986 1934 3025 eum
1983 2987 2048 3026 ex

477 3045 732 3120 Egyptn,
783 3055 921 3110 sicut
947 3057 1115 3126 gloria
1151 3061 1425 3116 unieornis
1464 3061 1602 3128 ejus.
1632 3063 1748 3118 Non
1775 3066 1919 3120 enim
1946 3068 2051 3121 erit

2175 582 2319 634 sicut
2372 582 2671 648 hominem,
2716 585 2808 653 qui
2853 587 2903 639 in
2941 587 3007 643 iis
3032 603 3151 658 qua:
3199 589 3462 657 loquitur,
3508 589 3733 643 frustrari

2173 673 2366 742 possit.
2409 672 2668 731 Homines
2706 679 2850 733 enim
2891 680 3074 735 multis
3101 681 3490 735 occasionibus
3525 689 3583 734 et
3609 683 3734 735 vitiis

2173 767 2568 835 impediuntur,
2627 785 2696 825 ne
2754 787 2938 826 verum
2999 773 3071 827 sit
3123 772 3263 842 quod
3301 772 3626 842 loquuntur.
3649 774 3732 826 Aut

2173 859 2294 914 irati
2347 863 2496 916 enim
2521 863 2838 933 loquuntur,
2875 875 2930 920 et
2955 865 3035 919 ira
3068 876 3315 921 cessante
3346 867 3556 919 fruStra
3592 865 3731 920 locuti

2171 959 2338 1006 sunt:
2389 961 2483 1007 aut
2541 963 2740 1020 metus,
2795 965 2888 1010 aut
2936 956 3273 1022 cupiditatis,
3330 965 3424 1010 aut
3477 957 3733 1025 jactantiz

2171 1042 2373 1110 gratia,
2399 1043 2631 1114 aliisque
2666 1047 2856 1100 horum
2906 1046 3195 1112 similibus,
3227 1057 3282 1102 et
3311 1049 3507 1117 utique
3558 1046 3733 1101 frustra

2169 1133 2296 1199 erit,
2330 1143 2382 1187 et
2406 1149 2601 1188 vanum
2620 1149 2780 1190 omne
2803 1136 3062 1206 quidquid
3087 1137 3216 1190 vitio
3238 1136 3565 1191 dominante
3595 1137 3732 1192 loeti

2169 1234 2315 1280 sunt.
2334 1225 2471 1281 Deus
2489 1235 2689 1291 autem,
2708 1229 2758 1282 in
2777 1244 2884 1298 quo
2903 1229 3045 1283 nulla
3067 1241 3144 1284 est
3161 1232 3368 1301 passio,
3388 1233 3538 1285 nulla
3555 1231 3736 1301 fragili-

2173 1327 2274 1385 tas,
2293 1333 2454 1375 omne
2471 1321 2612 1388 quod
2628 1321 2848 1383 dixerit,
2869 1337 2967 1391 pro
2980 1337 3266 1377 causarum
3291 1324 3507 1379 meritis
3526 1324 3677 1378 dicit:
3692 1335 3732 1379 et

2170 1409 2291 1465 ideo
2310 1425 2581 1480 nunquam
2599 1411 2850 1466 frustrari
2877 1423 3075 1481 potest,
3095 1415 3220 1483 quia
3244 1415 3387 1482 quod
3411 1415 3628 1468 ratione
3640 1431 3735 1484 pro-

2168 1501 2360 1566 fertur,
2373 1515 2558 1556 carere
2574 1517 2676 1555 non
2699 1511 2873 1572 potest
2904 1505 3142 1559 ratione:
3167 1503 3313 1560 «Non
3343 1519 3480 1573 ergo
3500 1505 3642 1558 [item~
3656 1511 3737 1561 sic-

2166 1601 2227 1646 ut
2242 1592 2425 1657 homo,
2441 1593 2530 1661 qui
2550 1593 2752 1648 frustra
2768 1593 3042 1666 loquatur,
3065 1610 3240 1664 neque
3256 1597 3400 1652 sicut
3415 1598 3565 1650 ﬁlius
3582 1599 3735 1652 homi-

2166 1685 2249 1738 nis
2284 1692 2539 1750 terretur,
2567 1704 2584 1736 ι
2611 1685 2696 1738 vel
2729 1685 2811 1754 (ut
2842 1687 2893 1740 in
2919 1686 3040 1742 aliis
3063 1689 3470 1758 exemplaribus
3501 1691 3736 1758 legimus)

2172 1790 2191 1824 ι
2213 1789 2387 1845 neque
2411 1777 2552 1831 sicut
2583 1776 2720 1831 ﬁlius
2745 1778 2977 1833 hominis
3002 1788 3186 1834 terret.
3212 1800 3230 1832 ι
3251 1779 3311 1832 1η
3338 1781 3654 1834 hominibus
3675 1785 3735 1835 in-

2165 1868 2378 1922 terdum
2395 1883 2487 1922 seu
2499 1869 2716 1923 tentiam
2732 1879 2902 1925 mutat
2920 1880 3114 1937 terror,
3131 1873 3272 1927 Deus
3285 1883 3468 1928 autem
3483 1875 3584 1944 qui
3597 1891 3732 1941 supra

2162 1958 2341 2012 omnia
2371 1969 2474 2025 est,
2505 1975 2532 2013 a
2566 1976 2672 2030 quo
2703 1963 2894 2018 terreri
2929 1975 3128 2031 potest,
3164 1975 3222 2019 ut
3266 1968 3606 2022 sententiam
3636 1983 3734 2019 mu-

2164 2049 2270 2102 tet?
2330 2048 2388 2104 Si
2435 2064 2563 2104 vero
2609 2053 2902 2107 secundum
2937 2055 3042 2110 hoc
3083 2056 3442 2125 accipiamus,
3475 2057 3638 2125 :quod
3688 2057 3732 2110 in

2161 2144 2282 2200 aliis
2327 2145 2736 2214 exemplaribus
2782 2146 3019 2202 diximus
3052 2147 3273 2214 lectum,
3310 2149 3417 2203 hoc
3444 2157 3557 2210 est,
3601 2167 3620 2198 ι
3653 2164 3731 2200 ne-

2161 2247 2265 2303 que
2313 2234 2452 2289 sicut
2507 2235 2646 2289 ﬁlius
2688 2236 2925 2290 hominis
2971 2244 3176 2301 terret;
3214 2255 3232 2288 ι
3288 2236 3422 2289 illud
3475 2236 3733 2289 videbitur

2161 2327 2287 2390 dici,
2312 2326 2452 2395 quod
2485 2325 2728 2380 homines
2758 2326 2976 2395 quidem
3022 2326 3298 2380 interdum
3345 2341 3448 2395 pro
3475 2325 3731 2393 iactantia

2162 2429 2397 2474 terrores
2427 2419 2629 2473 faciunt
2665 2429 2720 2472 et
2769 2419 2966 2484 minas,
3001 2419 3166 2473 etiam
3205 2419 3272 2474 iis
3321 2434 3729 2486 nonnunquam,

2159 2511 2354 2581 quibus
2389 2525 2583 2566 nocere
2612 2525 2717 2564 non
2752 2519 3008 2579 possunt;
3053 2510 3193 2564 Deus
3219 2518 3400 2563 autem
3437 2524 3552 2562 non
3583 2516 3730 2561 terret

2158 2603 2522 2664 itahomines,
2555 2601 2710 2671 quasi
2751 2601 2842 2669 qui
2872 2601 3065 2670 punire
3095 2617 3202 2655 non
3237 2601 3432 2670 possit,
3475 2610 3537 2654 et
3573 2602 3616 2654 si
3640 2609 3730 2654 tero

2157 2703 2258 2759 ret,
2289 2696 2502 2748 ratione
2534 2703 2717 2749 terret.
2756 2693 2948 2747 Terret
2984 2693 3126 2746 enim
3159 2702 3219 2746 ut
3264 2693 3540 2762 corripiat
3571 2693 3727 2746 homi-

2156 2803 2277 2842 nem
2309 2789 2359 2841 in
2395 2786 2687 2841 auditionis
2730 2785 3101 2849 tribulatione,
3147 2797 3206 2840 ut
3237 2787 3401 2838 verbo
3438 2783 3730 2850 commina-

2155 2879 2318 2934 tionis
2341 2879 2632 2933 deterritus
2661 2878 2913 2932 emendet
2938 2892 2996 2932 se
3026 2877 3116 2946 qui
3159 2876 3298 2931 male
3323 2877 3462 2946 agit,
3492 2889 3603 2930 nec
3625 2890 3729 2944 pcr-

2152 2973 2334 3026 veniat
2366 2971 2431 3023 ad
2460 2985 2580 3024 eum
2614 2969 2728 3037 ipsa
2757 2968 2991 3022 vindicta
3015 2967 3150 3022 male
3171 2978 3453 3034 gestorum
3482 2981 3721 3020 suorum.

2153 3063 2270 3118 Non
2294 3078 2422 3132 ergo
2441 3063 2513 3115 ita
2534 3060 2679 3116 Deus
2697 3070 2866 3115 terret
2882 3068 2941 3113 ιιι
2962 3060 3144 3124 homo;
3161 3060 3323 3114 homo
3342 3060 3487 3113 enim
3509 3058 3730 3127 (utdixi-

481 3148 768 3215 auguratio
829 3151 879 3203 in
921 3150 1089 3208 Jacob
1135 3169 1308 3224 neque
1354 3159 1615 3212 divinatio
1656 3160 1708 3213 in
1759 3158 1940 3213 Israel.
1993 3160 2048 3213 In
2078 3154 2124 3216 C
2155 3152 2862 3224 mus)projaetantia,Deus
2882 3165 3120 3221 veropro
3139 3149 3530 3204 emendatione
3551 3157 3727 3203 terret.

483 3246 724 3306 tempore
744 3242 953 3299 dicetur
972 3245 1140 3302 Iacob
1164 3255 1218 3302 et
1236 3247 1419 3316 Israel,
1456 3253 1584 3322 quid
1617 3253 1861 3320 perﬁciet
1888 3252 2046 3308 Deus.

480 3329 618 3387 Ecce
653 3335 877 3402 populus
907 3338 1046 3392 sicut
1080 3341 1291 3395 catulus
1320 3342 1492 3398 leonis
1520 3355 1797 3415 exsurget,
1831 3355 1883 3400 et
1914 3346 2052 3398 sicut

481 3421 563 3476 lco
585 3424 892 3490 exsultabit,
925 3443 1027 3483 non
1055 3430 1288 3487 dormiet
1315 3433 1485 3488 donec
1513 3437 1763 3490 comedat
1793 3437 2046 3504 praedam,

477 3522 538 3570 et
585 3519 906 3588 sanguinem
972 3523 1383 3581 vulneratorum
1441 3527 1590 3582 bibat
1620 3528 1686 3581 ⁸⁸.
1727 3546 1746 3579 ι
1796 3527 1920 3583 Ηωα
1968 3539 2051 3584 est

477 3608 805 3665 continentia
858 3615 1111 3668 secunda:
1160 3619 1458 3688 prephetia:
1504 3621 1557 3672 in
1593 3619 1771 3674 verbis
1803 3619 2046 3675 Balaam.

481 3697 768 3758 Videamus
795 3718 925 3774 ergo
979 3706 1156 3775 primo
1204 3709 1307 3764 hoc
1340 3710 1512 3778 ipsum
1557 3703 1697 3779 quod
1727 3712 1803 3764 ait
1837 3729 1848 3764 :
1889 3729 1907 3762 ι
1945 3712 2052 3765 Ex-

475 3807 634 3862 surge
661 3794 882 3860 Balach,
913 3805 969 3851 et
998 3798 1120 3854 audi
1154 3799 1220 3854 ".
1261 3818 1279 3851 ι
1315 3799 1371 3855 Si
1407 3801 1552 3856 enim
1581 3801 1633 3857 in
1677 3802 2050 3873 superioribus

477 3899 580 3938 non
630 3885 854 3941 dixisset
888 3889 1011 3957 quia
1046 3899 1214 3945 staret
1247 3889 1400 3959 juxta
1453 3893 1827 3948 holocaustum
1864 3910 2046 3962 suum,

475 3990 581 4029 non
617 3976 899 4032 videretur
928 3995 1257 4051 magnOpere
1292 3985 1668 4053 requirendum
1697 4001 1794 4040 cur
1817 3987 2045 4042 dixerit:

479 4085 498 4116 ι
532 4068 772 4139 Exsurge
793 4069 1014 4126 Balach.
1054 4091 1073 4124 ι
1108 4073 1261 4130 Nunc
1289 4086 1470 4130 autem
1504 4093 1625 4132 cum
1670 4079 1913 4134 hortetur
1951 4094 2049 4134 ex-

474 4174 701 4230 surgere
727 4179 876 4229 eum,
903 4178 1063 4233 quem
1103 4181 1274 4235 nuper
1301 4168 1516 4222 dixerat
1553 4179 1717 4234 stare,
1743 4185 1847 4225 non
1874 4171 2049 4228 otiose

477 4255 884 4319 praetereundus
912 4269 1092 4312 sermo
1122 4259 1492 4328 propheticus.
1525 4260 1678 4328 Quod
1713 4274 1842 4332 ergo
1871 4263 1946 4317 ait
1993 4266 2046 4318 in

473 4345 862 4414 superioribus,
918 4351 1044 4419 quia
1101 4360 1274 4407 staret
1336 4353 1401 4407 ad
1450 4353 1820 4409 holocaustum
1867 4372 2044 4422 suum,

469 4435 719 4506 designat
742 4455 863 4494 eum
890 4457 995 4497 non
1030 4453 1180 4499 recte
1205 4455 1370 4500 stare.
1403 4443 1595 4499 Stabat
1616 4447 1758 4500 enim
1791 4448 1844 4501 in
1877 4450 2046 4506 idolo-

473 4528 629 4582 latria
666 4533 890 4599 positus,
929 4544 983 4588 et
1023 4538 1202 4591 stabat
1254 4537 1408 4606 quasi
1446 4537 1700 4594 inimicus
1746 4539 1864 4606 Dei,
1898 4543 2042 4610 quod

471 4621 640 4688 magis
677 4633 820 4678 esset
849 4641 954 4680 non
992 4634 1160 4693 stare,
1194 4629 1290 4684 sed
1321 4629 1536 4683 cadere.
1577 4629 1738 4696 Quasi
1778 4649 1909 4705 ergo
1947 4635 2041 4703 qui

469 4711 534 4764 de
559 4711 650 4766 illo
679 4722 824 4768 statu
853 4717 1047 4773 cadere
1079 4719 1351 4784 debuerit,
1381 4721 1490 4774 imo
1542 4731 1596 4775 et
1623 4726 1713 4790 qui
1753 4727 2037 4795 ceciderit,

469 4801 542 4855 ita
568 4819 710 4860 nunc
738 4805 1010 4862 intellectu
1039 4815 1355 4881 prophetico
1382 4830 1677 4890 exsurgere
1702 4835 1824 4873 eum
1843 4818 1996 4886 jubet
2019 4834 2034 4872 :

465 4894 664 4964 quippe
693 4896 783 4965 qui
820 4913 914 4967 per
944 4901 1066 4970 hoc,
1103 4907 1243 4972 quod
1271 4918 1416 4962 stare
1457 4909 1508 4962 in
1559 4910 1863 4965 idololatria
1890 4911 2036 4966 visus

467 4982 661 5050 fuerat,
693 4991 1001 5047 cecidisset.
1045 4992 1315 5066 Exsurgat
1357 5013 1487 5066 ergo
1525 4999 1614 5067 qui
1645 5000 1772 5055 talis
1801 5011 1904 5065 est,
1937 5015 2036 5054 ex-

463 5089 652 5149 surgat
675 5080 799 5146 ﬁde,
829 5091 882 5137 et
905 5083 1170 5140 eﬂicialur
1197 5090 1386 5144 testis:
1421 5091 1464 5145 si
1495 5091 1710 5160 quidem
1745 5104 2035 5146 converte-

463 5183 573 5241 tur,
609 5177 758 5232 testis
807 5178 959 5246 ﬁdei;
1004 5181 1048 5234 si
1083 5196 1212 5236 vero
1251 5196 1531 5253 permanet
1576 5185 1828 5250 inﬁdelis,
1858 5194 1917 5239 ut
1963 5186 2036 5240 sit

464 5267 618 5322 testis
651 5269 1117 5326 condemnationis
1142 5287 1272 5328 suae.

528 5357 583 5412 5.
645 5357 754 5413 Sed
786 5360 912 5428 quid
956 5370 1038 5415 est
1075 5364 1217 5430 quod
1255 5365 1303 5419 ei
1350 5367 1658 5430 annuntiat,
1699 5367 1980 5424 videamus
2018 5391 2028 5423 :

463 5462 484 5497 ι
531 5446 647 5501 Non
680 5450 821 5504 sicut
852 5451 1035 5517 homo,
1075 5453 1268 5522 inquit,
1306 5454 1450 5510 Deus
1480 5456 1804 5525 frustratur,
1855 5475 2032 5530 neque

459 5540 599 5595 sicut
630 5543 770 5598 ﬁlius
799 5544 1037 5601 hominis
1068 5556 1306 5603 terretur
1347 5551 1465 5618 ipse
1511 5552 1574 5605 ³ο.
1607 5571 1626 5604 ι
1663 5551 1798 5618 Νοη,
1833 5554 2028 5624 inquit,

528 5633 573 5664 "
604 5633 764 5690 Num.
799 5654 957 5699 xxm,
991 5639 1168 5694 14-17.
1277 5642 1319 5673 ’⁷
1349 5629 1508 5696 Rom.
1553 5658 1602 5697 ν.
1637 5643 1728 5700 20.

459 5701 504 5735 ⁸⁸
539 5702 660 5757 Ion.
689 5722 770 5760 ιιι.
847 5709 890 5739 ³³
915 5709 956 5762 Il
996 5709 1130 5780 Reg.
1166 5726 1312 5766 xxiv.
1383 5767 1400 5783 ,

1836 5645 2082 5714 ’⁸,Νιιιιι.
2132 5661 2286 5709 xxtn,
2335 5644 2521 5700 18-24.

2223 3246 2277 3300 4.
2315 3245 2444 3301 Post
2466 3247 2582 3300 haec
2622 3243 2736 3297 ait:
2776 3259 2797 3293 ι
2840 3241 2958 3310 Ipse
2988 3255 3110 3294 cum
3137 3240 3358 3304 dixerit,
3393 3254 3502 3292 non
3543 3239 3728 3292 faciet?

2154 3341 2425 3410 loquetur,
2459 3347 2638 3394 etnon
2674 3334 3017 3405 permanebit
3053 3333 3132 3387 ⁸¹2
3172 3353 3190 3385 ι
3237 3332 3329 3387 Sic
3356 3332 3628 3402 legendus
3653 3340 3724 3385 est

2154 3433 2323 3496 Iocus,
2358 3430 2510 3500 quasi
2547 3427 2937 3498 interrogantis
2973 3425 3168 3479 affectu
3201 3424 3350 3478 dicat
3383 3441 3399 3476 :
3435 3423 3587 3490 Ipse,
3636 3423 3727 3476 hoc

2152 3536 2254 3589 est,
2287 3524 2446 3588 Deus,
2473 3522 2614 3591 quod
2645 3520 2795 3586 dicit,
2834 3532 3014 3574 nonne
3033 3527 3086 3572 et
3133 3515 3334 3571 faciet?
3358 3524 3417 3568 et
3444 3531 3574 3584 qua:
3595 3514 3728 3568 low-

2155 3627 2239 3673 tus
2288 3615 2474 3681 fuerit,
2526 3627 2703 3670 nonne
2734 3611 3075 3682 permanebit
3106 3610 3158 3664 in
3203 3608 3324 3663 eis?
3364 3607 3505 3662 Cum
3558 3607 3729 3675 utique

2152 3711 2401 3765 homines
2440 3722 2546 3761 non
2589 3705 2794 3761 faciant
2832 3718 2952 3772 qua)
2980 3703 3189 3766 dicunt,
3221 3711 3276 3756 et
3307 3702 3445 3756 vitio
3481 3701 3728 3754 humana:

2152 3801 2464 3874 fragilitatis
2506 3801 2558 3854 in
2590 3799 2656 3854 iis
2687 3813 2792 3853 non
2829 3806 3180 3868 permaneant
3217 3811 3339 3864 quae
3381 3794 3684 3863 loquuntur
3714 3811 3726 3842 :

2151 3893 2428 3950 mutabilis
2459 3892 2620 3964 330
2642 3890 2782 3945 enim
2819 3900 2903 3943 est
2933 3888 3120 3952 homo,
3152 3887 3295 3940 Deus
3326 3899 3458 3940 vero
3480 3887 3730 3938 immuta.

2149 3990 2294 4045 bilis.
2326 3988 2432 4043 Sed
2481 3995 2659 4056 potest
2681 3983 2876 4052 aliquis
2902 3997 3210 4047 occurrere,
3242 3991 3298 4035 et
3323 3980 3515 4035 dicere
3551 3995 3568 4032 :
3598 3977 3730 4044 Quo-

2149 4085 2311 4139 modo
2333 4098 2463 4153 ergo
2491 4081 2932 4150 nonpermansit
2973 4079 3114 4132 Deus
3146 4077 3199 4130 in
3237 4075 3329 4140 iis,
3362 4088 3486 4143 qua:
3523 4073 3728 4128 locutus

2148 4183 2232 4229 est
2275 4173 2340 4227 de
2394 4172 2586 4226 Ninive
2635 4181 2693 4225 ut
2744 4181 2867 4240 post
2918 4170 3153 4224 triduum
3203 4160 3729 4222 subverteretur"?

2149 4263 2333 4334 Neque
2373 4263 2428 4318 in
2470 4263 2538 4318 iis
2575 4278 2696 4331 quae
2726 4263 2936 4317 locutus
2965 4270 3048 4314 est
3078 4260 3143 4315 de
3190 4260 3381 4324 David,
3418 4260 3510 4313 ubi
3567 4258 3729 4312 tribus

2149 4357 2338 4412 diebus
2367 4357 2633 4425 promissa
2663 4355 2840 4412 fuerat
2871 4371 3037 4419 mors,
3073 4365 3132 4408 ut
3176 4363 3420 4408 vastaret
3448 4351 3724 4423 populum,

2149 4457 2203 4504 et
2231 4448 2370 4501 intra
2412 4464 2577 4501 unum
2631 4447 2796 4511 diem,
2845 4456 2898 4501 et
2947 4461 3117 4515 usque
3171 4445 3234 4499 ad
3275 4447 3468 4500 horam
3517 4442 3726 4513 prandii

2149 4540 2385 4597 cessavit
2433 4539 2513 4592 3’?
2545 4539 2613 4593 Et
2640 4538 2911 4593 videbitur
2965 4537 3232 4603 fortassis,
3279 4537 3407 4604 quia
3451 4536 3574 4589 haec
3614 4550 3726 4603 qua

2147 4647 2245 4703 per
2279 4631 2754 4700 interrogationem
2787 4631 3060 4693 dicuntur,
3096 4643 3200 4682 non
3225 4629 3442 4698 penitus
3470 4642 3573 4696 pro
3603 4627 3728 4679 deti-

2147 4726 2261 4780 nito
2286 4723 2600 4792 accipienda
2628 4725 2769 4789 sint;
2801 4723 2893 4778 sed
2945 4723 3065 4776 talis
3089 4723 3336 4791 quaedam
3376 4721 3552 4790 ﬁgura
3581 4718 3722 4772 verbi

2145 4817 2236 4880 sit,
2285 4831 2407 4884 qua:
2454 4816 2686 4870 medium
2720 4815 2924 4885 aliquid
2967 4815 3217 4868 videatur
3251 4814 3574 4876 ostendere,
3622 4826 3721 4864 non

2148 4918 2331 4984 tamen
2379 4907 2614 4963 deﬁnitae
2655 4916 2707 4961 et
2741 4904 3114 4963 irrevocabilis
3145 4905 3435 4960 sententiae
3478 4903 3720 4956 declaret

2142 5002 2392 5057 aﬂ'ectum
2420 5017 2433 5053 :
2467 5017 2576 5071 quo
2598 5001 2988 5070 temperantius
3016 5001 3217 5071 aliquid
3245 5000 3449 5052 dictum
3473 4999 3725 5052 videatur

2149 5096 2204 5149 in
2240 5109 2305 5148 eo
2327 5095 2470 5164 quod
2504 5093 2766 5163 scriptum
2798 5103 2902 5158 est,
2933 5112 2951 5144 ι
2980 5093 3096 5161 Ipse
3132 5109 3256 5147 cum
3286 5094 3508 5156 dixerit,
3541 5103 3722 5146 nonne

2143 5185 2341 5240 faciet?
2382 5201 2402 5236 ι
2435 5199 2595 5252 quam
2627 5184 2671 5238 si
2705 5183 2960 5253 scriptum
2989 5192 3155 5249 esset,
3190 5184 3304 5253 Ipse
3334 5199 3457 5238 cum
3487 5183 3718 5245 dixerit,

2139 5277 2651 5343 omnimodelfaciet.
2676 5277 2781 5331 Sed
2799 5289 3183 5339 recenseamus
3206 5286 3258 5330 et
3283 5277 3396 5346 ipsa
3420 5275 3719 5344 Scriptum

2143 5373 2283 5437 loca,
2331 5386 2453 5441 quae
2487 5369 2572 5424 vel
2601 5370 2651 5422 in
2687 5367 2822 5423 Jona
2855 5367 2938 5422 vel
2967 5367 3019 5422 in
3051 5367 3358 5437 Regnorum
3383 5365 3538 5420 libris
3567 5366 3719 5434 posi-

2141 5473 2195 5518 ta
2229 5474 2372 5529 sunt,
2399 5476 2466 5516 ne
2499 5462 2635 5516 forte
2665 5469 2718 5515 et
2753 5459 2850 5526 ibi,
2884 5469 2943 5512 ut
2969 5461 3136 5514 moris
3168 5469 3271 5526 est,
3314 5459 3614 5526 Scriptura:
3639 5456 3714 5508 «ﬁ-

2139 5556 2278 5609 vinre
2310 5554 2504 5609 secreti
2545 5552 2748 5622 aliquid
2779 5552 3038 5608 habeant.
3071 5552 3344 5620 Scriptum
3385 5559 3464 5606 est
3491 5564 3635 5616 ergo
3661 5547 3714 5600 in

2629 5645 2674 5676 "
2701 5643 2831 5699 ibid.
2877 5643 2962 5699 I8.
3067 5643 3112 5676 ³⁸
3152 5643 3282 5699 ibid.
3311 5642 3394 5697 £9.
3483 5641 3533 5674 ³⁸
3579 5640 3712 5696 ibid.

531 5797 642 5867 (65)
686 5799 852 5868 Idem,
910 5822 927 5853 ι
969 5805 1195 5874 geritur,
1244 5816 1298 5863 et
1345 5808 1604 5866 divinatio
1658 5813 1863 5882 magica
1917 5819 2032 5868 arte
2058 5811 2408 5883 perquiritur.
2451 5829 2469 5862 ι
