3914 6516
200 361 291 413 695
1323 357 1391 412 ΙΝ
1428 358 1757 430 ΝΗΜΕΒΟΒ
1798 357 2079 414 HOMILIA
2114 360 2248 415 λγι.
3313 352 3413 407 695

197 482 315 537 Jona
346 473 387 506 “
415 490 428 526 :
459 490 478 524 ι
514 470 578 526 Ει
602 472 806 527 factum
833 480 917 529 est
944 476 1166 530 verbum
1212 474 1425 532 Domini
1453 479 1520 533 ad
1548 476 1740 533 Jonam
1772 484 1816 539 Α
1846 476 2055 547 Moyses
2090 477 2309 546 propria
2337 475 2664 531 auctoritate
2694 472 2971 527 mandavit
2999 489 3012 526 :
3041 470 3193 541 quod
3230 468 3411 522 Domi-

200 572 347 628 lilinm
372 564 585 619 Amathi
621 565 848 621 dicens:
907 566 1100 637 Surge,
1138 576 1195 623 et
1226 569 1361 623 vade
1406 571 1458 622 in
1509 569 1735 625 Niniven

196 660 443 716 civitatem
480 670 749 725 magnam,
781 666 837 712 et
866 659 1094 727 praadica
1128 659 1181 712 in
1220 673 1305 726 ea,
1335 661 1459 728 quia
1490 662 1739 717 ascendit

195 754 381 808 clamor
410 748 628 803 malitiae
660 748 776 816 eius
812 749 881 804 ad
918 764 1021 805 me.
1080 768 1098 802 ι
1131 750 1198 805 Et
1227 762 1577 823 posteaquam
1601 768 1738 822 pra:-

193 852 384 914 ceptum
409 851 492 895 est
520 850 657 906 ceto,
682 850 733 897 et
768 841 927 908 ejecit
953 841 1145 897 Jonam
1177 843 1230 898 in
1269 853 1493 909 terram,
1543 846 1735 901 iterum

194 935 431 1003 scriptum
456 941 539 987 est
568 933 611 964 ³⁸
642 949 655 986 :
687 950 707 983 ι
747 933 813 987 Et
834 932 1036 988 factum
1065 944 1150 989 est
1181 937 1402 991 verbum
1434 938 1639 991 Domini
1672 940 1737 991 ad

190 1024 364 1082 Jonam
405 1024 919 1089 secundo,.dicens:
954 1023 1150 1094 Surge,
1189 1038 1242 1081 et
1270 1027 1404 1081 vade
1434 1028 1485 1081 in
1511 1027 1737 1082 Niniven

189 1115 447 1172 civitatem
484 1128 759 1184 magnam,
784 1122 837 1168 et
866 1116 1096 1183 praedica
1129 1118 1179 1170 in
1204 1132 1264 1172 ea
1290 1119 1582 1172 secundum
1611 1133 1741 1187 prte-

189 1204 494 1261 dicationem
524 1219 684 1272 quam
715 1220 814 1274 ego
840 1206 1047 1260 locutus
1074 1221 1191 1261 sum
1221 1209 1287 1261 ad
1324 1216 1395 1262 te.
1429 1225 1447 1259 ι
1481 1207 1544 1262 Et
1575 1207 1739 1263 Jonas

186 1296 385 1366 quidem
418 1312 436 1345 ι
484 1296 813 1364 praedicavit,
858 1307 911 1353 et
960 1297 1096 1352 dixit
1142 1299 1375 1355 :Adhuc
1406 1310 1512 1355 tres
1542 1302 1676 1364 dies,
1716 1320 1733 1353 ι

190 1387 261 1441 vel
292 1386 365 1457 (ut
406 1384 613 1440 Hebraei
647 1388 849 1444 habere
877 1405 938 1445 se
974 1392 1233 1462 scriptum
1272 1392 1481 1461 dicunt)
1515 1410 1533 1443 ι
1565 1393 1741 1448 adlmc

184 1477 521 1545 quadraginta
558 1478 691 1539 dies,
727 1489 783 1533 et
825 1479 1018 1536 Ninive
1051 1484 1384 1540 destruetur.
1414 1481 1528 1538 Viri
1560 1493 1738 1537 autem

185 1566 418 1621 Ninivitae
454 1570 801 1625 crediderunt
844 1571 899 1626 in
935 1572 1074 1641 Deo,
1115 1582 1171 1630 et
1199 1575 1630 1645 praedicaverunt
1656 1575 1740 1644 je-

174 1659 392 1727 junium,
425 1670 476 1713 et
512 1661 802 1717 induerunt
834 1679 891 1718 se
925 1664 1139 1731 ciliciis,
1173 1681 1204 1720 a
1235 1666 1445 1720 minore
1475 1678 1646 1734 usque
1674 1664 1739 1717 ad

182 1752 425 1822 majorem
450 1753 710 1822 ipsorum.
743 1774 761 1807 ι
792 1757 854 1810 Et
882 1766 1190 1826 postpauca
1222 1775 1237 1813 :
1274 1777 1292 1810 ι
1323 1758 1389 1812 Et
1404 1758 1538 1814 vidit
1574 1757 1739 1819 Deus,

1849 583 1951 622 nus
1981 568 2033 621 in
2067 566 2378 637 Evangeliis
2409 564 2814 621 evidentissima
2850 563 3197 619 distinctione
3226 575 3410 615 secer-

1847 660 1946 725 nit,
1966 674 2087 715 cum
2119 658 2249 713 dicit
2270 657 2334 713 de
2352 658 2574 728 repudio
2598 657 2839 712 mulieris
2869 657 3253 724 interrogatus,
3286 651 3417 722 quia

1853 768 1871 801 ι
1913 750 1979 803 ad
2032 749 2287 803 duritiam
2341 748 2522 803 cordis
2570 746 2735 803 vestri
2769 767 2787 799 ι
2820 749 3039 816 scripsit
3082 748 3240 802 vobis
3302 744 3415 798 haec

1847 841 2078 910 Moyses,
2109 859 2128 892 ι
2167 842 2236 896 ab
2264 839 2419 895 initio
2448 847 2627 894 autem
2661 856 2765 894 non
2797 840 2895 893 luit
2931 841 3007 894 sic
3034 840 3099 894 ³⁸.
3128 839 3227 906 Qui
3264 839 3410 894 enim

1848 934 1974 987 fecit
2005 933 2301 997 hominem,
2350 931 2646 987 masculum
2689 940 2744 984 et
2781 930 3033 986 feminam
3077 930 3207 986 fecit
3234 947 3348 994 eos,
3386 948 3403 981 ι

1846 1034 1899 1080 et
1932 1024 2209 1079 benedixit
2242 1040 2356 1092 eos,
2390 1042 2407 1075 ‹
2445 1035 2499 1079 et
2526 1024 2701 1078 dixit:
2751 1021 2976 1093 Propter
3010 1031 3110 1079 hoc
3142 1025 3411 1093 relinquet

1848 1118 2008 1171 homo
2035 1127 2243 1187 patrem
2279 1132 2456 1181 suum,
2487 1126 2541 1170 et
2568 1123 2795 1169 matrem
2822 1132 2999 1185 suam,
3032 1128 3085 1172 et
3114 1119 3413 1174 adhaerebit

1848 1210 2001 1264 uxori
2041 1225 2171 1275 suat,
2200 1218 2255 1265 et
2287 1209 2445 1265 ambo
2465 1217 2625 1266 erunt
2646 1208 2697 1261 in
2736 1223 2900 1266 carne
2922 1226 3026 1267 una
3058 1212 3124 1265 ⁸ο.
3166 1230 3184 1263 ι
3226 1212 3293 1265 Ει
3318 1211 3415 1263 ad-

1848 1302 1956 1355 dit:
1991 1320 2008 1351 ‹
2055 1302 2205 1367 Quod
2240 1316 2370 1369 ergo
2417 1300 2557 1357 Deus
2587 1306 2884 1377 conjunxit,
2925 1305 3085 1359 homo
3120 1318 3223 1358 non
3258 1316 3415 1369 sepa-

1850 1400 1931 1444 ret
1962 1391 2027 1443 δι.
2084 1408 2103 1441 ι
2142 1387 2303 1443 Vides
2325 1404 2453 1461 ergo
2482 1401 2536 1446 ct
2566 1394 2653 1448 hic
2686 1395 2848 1448 Deum
2880 1394 3097 1463 quidem
3133 1406 3236 1445 non
3274 1403 3413 1459 pra:-

1848 1480 2077 1549 cepisse,
2111 1493 2209 1533 nec
2247 1478 2362 1533 ﬁeri
2405 1481 2640 1537 voluisse
2665 1482 2988 1547 divortium;
3037 1481 3252 1550 Moysen
3286 1491 3412 1531 vero

1848 1583 2066 1643 propter
2113 1572 2363 1627 duritiam
2398 1576 2577 1631 cordis
2609 1575 2914 1631 Judteorum
2960 1575 3243 1644 scripsisse
3283 1573 3413 1628 dan-

1848 1664 1972 1718 dum
2002 1678 2125 1718 esse
2163 1665 2471 1734 repudium.
2512 1666 2759 1722 Ostendit
2790 1668 2904 1723 hanc
2925 1677 2979 1723 et
3003 1666 3200 1721 Paulus
3234 1666 3288 1719 in
3325 1664 3414 1717 lit-

1850 1756 1983 1809 teris
2007 1755 2119 1810 suis
2147 1770 2268 1809 cum
2299 1757 2431 1811 dicit
2457 1758 2523 1812 de
2543 1758 2864 1827 quibusdam
2895 1776 2908 1812 :
2942 1777 2961 1811 ι
2996 1757 3418 1821 Dominusdicit,

179 1845 342 1914 inquit
390 1844 461 1908 ³⁸⁸,
503 1861 669 1914 opera
704 1862 915 1915 eorum,
960 1850 1087 1919 quia
1132 1854 1376 1909 conversi
1408 1860 1537 1907 sunt
1564 1866 1594 1905 a
1635 1850 1739 1904 viis
1775 1833 1816 1892 Β
1845 1857 1899 1901 et
1923 1862 2025 1902 non
2055 1862 2156 1918 ego
2179 1847 2245 1901 δ’.
2286 1866 2303 1899 ι
2343 1848 2409 1902 Et
2441 1848 2507 1903 de
2531 1848 2655 1904 aliis
2683 1867 2695 1905 :
2728 1869 2747 1903 α
2780 1850 2904 1905 llzec
2926 1858 3106 1906 autem
3146 1864 3244 1919 ego
3270 1848 3410 1912 dico,

176 1936 282 1991 suis
311 1936 492 2002 malis,
536 1948 592 1992 et
642 1939 919 2007 ptenituit,
957 1959 977 1992 ι
1020 1942 1106 1997 vel
1162 1944 1244 2015 (ut
1298 1945 1353 1999 in
1398 1944 1520 1999 aliis
1555 1958 1740 1999 exem-

175 2029 409 2099 plaribus
452 2029 700 2104 legimus)
745 2049 765 2084 ί
802 2035 1129 2104 deprecatus
1154 2045 1238 2092 est
1259 2037 1403 2091 Deus
1427 2050 1591 2105 super
1625 2050 1739 2088 ma-

176 2122 334 2176 litiam
367 2138 535 2190 quam
569 2124 777 2181 locutus
804 2135 887 2184 est
919 2128 1098 2185 facere
1134 2130 1237 2192 eis,
1267 2141 1322 2185 et
1372 2145 1480 2186 non
1534 2130 1683 2185 fecit.
1717 2149 1734 2177 -

173 2211 402 2268 Observa
435 2214 603 2285 igitur
632 2220 682 2271 in
713 2219 781 2273 iis
811 2235 933 2287 quae
966 2223 1358 2291 assumpsimus
1388 2222 1454 2277 de
1478 2223 1740 2292 propheta

172 2304 305 2372 quod
338 2318 448 2358 non
504 2306 775 2362 invenitur
803 2311 856 2365 in
894 2312 1241 2366 sermonibus
1292 2312 1383 2367 Dei
1425 2313 1621 2382 quibus
1673 2313 1742 2367 ad

172 2392 488 2463 prophetam
520 2394 730 2450 locutus
761 2406 866 2465 est,
918 2398 1144 2464 dictum,
1194 2398 1319 2469 quia
1364 2417 1382 2449 ε
1421 2400 1599 2454 adhuc
1633 2407 1742 2454 tres

169 2484 299 2545 dies,
334 2490 389 2537 et
422 2481 615 2539 Ninive
643 2488 982 2554 destruetur;
1025 2508 1044 2542 ι
1085 2491 1177 2545 sed
1213 2489 1380 2546 Jonas
1406 2505 1528 2545 cum
1563 2492 1742 2562 ingre~

170 2574 407 2640 deretur,
461 2575 635 2645 inquit
663 2578 731 2643 ³⁷,
768 2596 787 2630 ι
843 2580 1120 2636 civitatem
1161 2582 1317 2653 quasi
1377 2583 1482 2638 iter
1532 2584 1740 2638 dierum

170 2665 347 2733 trium,
375 2665 501 2735 ipse
540 2668 698 2737 dixit,
723 2671 849 2740 quia
886 2672 1068 2728 adhuc
1117 2681 1229 2729 tres
1259 2675 1394 2743 dies,
1445 2684 1499 2730 et
1550 2674 1742 2730 Ninive

168 2756 539 2825 subvertetur;
573 2780 592 2813 ι
638 2770 695 2814 ut
737 2777 918 2817 sermo
956 2764 1079 2829 iste,
1113 2766 1204 2837 qui
1244 2767 1481 2835 scriptus
1516 2775 1621 2830 est,
1685 2776 1742 2823 et

170 2863 271 2901 non
290 2860 373 2905 est
404 2850 612 2916 factus,
643 2868 672 2906 a
699 2851 832 2907 Jona
870 2856 1068 2924 potius,
1100 2872 1262 2926 quam
1295 2874 1324 2912 a
1354 2859 1464 2913 Deo
1498 2858 1743 2928 prolatus

166 2955 283 2994 esse
321 2942 594 2997 videatur.
650 2944 754 2999 Sed
803 2957 857 3001 et
885 2948 951 3001 de
981 2950 1217 3003 secundo
1246 2950 1385 3005 libro
1424 2950 1736 3020 Regnorum

164 3032 512 3099 proferamus
550 3050 669 3104 qme
704 3038 905 3106 scripta
947 3047 1094 3103 sunt,
1128 3040 1217 3094 ubi
1257 3056 1380 3095 cum
1434 3043 1601 3098 David
1647 3059 1743 3113 po.

164 3124 343 3190 pulum
376 3138 748 3193 numerasset,
782 3148 799 3181 ι
847 3129 1049 3185 factum
1090 3140 1192 3197 est,
1224 3132 1400 3203 inquit
1426 3134 1488 3198 ³⁸,
1516 3136 1738 3190 verbum

163 3213 373 3271 Domini
408 3221 482 3274 ad
520 3220 634 3276 Gad
663 3225 982 3293 prophetam
1010 3226 1280 3281 videntem
1309 3227 1497 3283 dicens
1532 3246 1545 3283 :
1571 3227 1743 3293 Vade,

160 3315 214 3359 et
241 3306 475 3377 loquere
522 3313 588 3366 ad
621 3313 811 3369 David.
845 3316 967 3371 llaec
997 3317 1130 3372 dicit
1156 3318 1449 3374 Dominus:
1484 3318 1608 3373 Tria
1645 3335 1744 3389 ego

158 3392 349 3450 levabo
382 3413 553 3468 super
582 3411 653 3463 te,
680 3401 815 3473 elige
841 3404 933 3460 tibi
964 3420 1029 3459 ex
1058 3406 1125 3459 iis
1155 3421 1345 3470 unum,
1370 3408 1513 3476 quod
1550 3407 1741 3461 faciam

162 3486 280 3541 tibi.
317 3488 387 3542 Et
452 3490 691 3546 introivit
717 3493 830 3548 Gad
862 3496 929 3549 ad
960 3494 1153 3560 David,
1200 3507 1253 3552 et
1301 3496 1643 3551 denuntiavit
1695 3498 1744 3552 ei

154 3577 381 3633 dicens:
422 3581 536 3635 Aut
571 3585 753 3639 veniet
794 3585 890 3639 tibi
940 3587 1111 3641 tribus
1160 3589 1317 3643 annis
1366 3588 1537 3643 fames
1586 3604 1747 3659 super

157 3677 363 3724 terram
418 3681 609 3741 tuam;
652 3684 745 3729 aut
794 3677 964 3732 tribus
998 3679 1272 3734 mensibus
1307 3688 1365 3733 ut
1398 3680 1572 3749 fugias
1622 3691 1747 3734 ante

152 3762 412 3819 inimicos
448 3774 592 3834 tuos,
625 3769 713 3837 qni
741 3778 792 3823 te
816 3780 1239 3839 persequentur;
1271 3783 1365 3826 aut
1396 3773 1577 3827 triduo
1604 3787 1746 3829 mors

153 3852 245 3907 flat
278 3856 333 3909 in
373 3864 528 3912 terra
559 3868 669 3915 tua.
693 3860 847 3915 Nunc
869 3876 1000 3931 ergo
1024 3863 1181 3928 scito,
1218 3864 1341 3919 vide
1366 3865 1494 3933 quid
1520 3880 1744 3934 respon-

152 3948 312 4002 deam
344 3951 426 4015 ei,
462 3951 555 4020 qui
587 3967 672 4008 me
710 3954 876 4010 misit.
910 3955 973 4008 Et
996 3955 1133 4009 dixit
1158 3956 1323 4010 David
1360 3958 1425 4010 ad
1450 3956 1563 4012 Gad
1602 3976 1613 4012 :
1644 3959 1747 4011 An-

149 4041 347 4108 gustias
395 4042 539 4096 mihi
592 4054 719 4098 sunt
754 4046 994 4115 undique
1024 4047 1199 4101 valde.
1245 4048 1352 4101 Sed
1404 4049 1637 4103 incidam
1692 4050 1745 4104 in

150 4146 351 4187 manus
397 4135 617 4189 Domini
653 4139 845 4208 magis,
871 4139 995 4208 quia
1024 4139 1206 4194 multa:
1234 4141 1612 4196 miserationes
1630 4139 1746 4209 ejus

148 4232 303 4287 sunt,
334 4232 394 4278 et
434 4224 491 4278 in
520 4241 712 4282 manus
741 4229 1018 4283 hominum
1069 4246 1173 4285 non
1223 4231 1484 4287 incidam.
1508 4232 1573 4285 Et
1598 4232 1747 4288 dedit

147 4311 425 4370 Dominus
462 4316 512 4370 in
554 4316 721 4374 Israel
749 4329 976 4375 mortem
1006 4337 1035 4375 a
1065 4336 1223 4375 mane
1254 4338 1425 4391 usque
1456 4324 1521 4377 ad
1556 4325 1743 4379 horam

144 4408 391 4473 prandii,
427 4418 486 4462 et
517 4411 717 4465 mortui
744 4422 872 4467 sunt
905 4413 971 4468 de
1010 4414 1204 4482 populo
1236 4430 1263 4467 a
1283 4414 1394 4467 Dan
1423 4430 1588 4484 usque
1612 4416 1745 4469 Ber-

1848 1951 1953 1991 non
1994 1937 2251 1993 Dominus
2274 1937 2342 1992 ¹⁵³.
2385 1956 2404 1990 ι
2438 1938 2503 1993 Et
2527 1939 2719 1993 iterum
2748 1940 2800 1994 in
2832 1940 2953 1995 aliis
2982 1958 2996 1995 :
3029 1958 3049 1989 ι
3083 1939 3413 2007 Praeceptum

1848 2029 2060 2084 Domini
2096 2044 2205 2085 non
2234 2030 2425 2097 habeo,
2454 2032 2739 2087 consilium
2764 2042 2943 2088 autem
2978 2032 3047 2087 do
3070 2032 3135 2083 “.
3176 2050 3194 2083 ο
3228 2030 3292 2084 Et
3324 2031 3418 2083 ite-

1850 2133 1999 2174 rum:
2031 2136 2050 2170 t
2079 2117 2209 2186 Quae
2236 2119 2445 2190 loquor,
2465 2136 2568 2177 non
2586 2122 2778 2193 loquor
2806 2122 3101 2179 secundum
3123 2122 3289 2177 Deum
3312 2119 3409 2175 ⁸⁵.»

1852 2210 2002 2265 Unde
2035 2210 2285 2266 similiter
2339 2213 2503 2267 etiam
2550 2214 2602 2267 in
2650 2213 2863 2268 caeteris
2910 2212 3188 2283 prophetis
3234 2210 3413 2278 aliqua

1848 2301 2063 2370 quidem
2124 2300 2388 2358 Dominus
2448 2302 2657 2358 locutus
2706 2312 2810 2367 est,
2867 2312 2921 2356 et
2966 2316 3069 2357 non
3120 2300 3415 2371 prophetm,

1848 2389 1954 2443 alia
1982 2404 2115 2445 vero
2145 2391 2443 2461 prophette,
2481 2400 2539 2446 et
2566 2406 2670 2446 non
2706 2392 2986 2456 Dominus,
3036 2400 3091 2446 et
3138 2391 3217 2445 sic
3263 2390 3417 2445 vide-

1848 2478 1995 2533 bitur
2029 2479 2260 2547 obiectio
2300 2482 2560 2536 intentata
2591 2481 2829 2548 dissolvi,
2860 2496 2982 2535 cum
3024 2496 3129 2535 non
3155 2488 3262 2533 tam
3295 2494 3414 2544 sua,

1849 2568 2010 2640 qu'am
2041 2572 2316 2641 praphetze
2354 2576 2516 2627 verba
2569 2573 2828 2628 Dominus
2871 2582 3113 2638 revocat,
3139 2585 3202 2627 ac
3244 2578 3419 2625 mutat

1850 2662 1903 2715 in
1930 2663 2140 2718 melius.
2169 2664 2273 2719 Sed
2299 2666 2471 2735 magis
2496 2666 2732 2721 arbitror
2750 2665 3142 2721 absolutionem
3174 2664 3415 2734 priorem

1852 2755 2014 2810 totius
2045 2756 2343 2826 Scriptura:
2377 2758 2629 2813 sensibus
2659 2758 2970 2823 convenire,
3003 2769 3055 2813 et
3082 2757 3188 2811 illis
3221 2755 3415 2826 praeci-

1850 2862 1952 2916 pue
1982 2847 2163 2912 dictis,
2207 2848 2404 2916 quibus
2433 2848 2643 2918 patiens
2686 2857 2742 2903 et
2787 2848 2966 2903 multae
3006 2846 3416 2909 misericordiae,

1850 2947 1906 2992 et
1949 2939 2218 3007 ptrnitens
2245 2954 2406 3009 super
2455 2940 2689 2995 malitias
2738 2940 2940 2996 dicitur
2994 2940 3135 2995 Deus
3171 2956 3183 2992 :
3216 2938 3303 2995 vel
3352 2938 3419 2992 iis

1851 3031 2105 3097 maxime,
2134 3046 2251 3099 quae
2272 3032 2598 3102 generaliter
2624 3032 2692 3087 ab
2720 3032 2951 3089 Jeremia
2972 3033 3416 3103 pronuntiantur,

1851 3123 1905 3175 in
1933 3123 2130 3190 quibus
2161 3123 2445 3177 evidenter
2474 3125 2779 3179 ostenditur
2815 3140 2912 3195 pro
2961 3124 3147 3180 multis
3187 3123 3414 3178 misera-

1851 3212 2109 3279 tionibus,
2136 3222 2187 3267 et
2206 3214 2740 3284 incomprehensibili
2768 3216 3010 3272 bonitate
3036 3229 3133 3271 sua
3164 3213 3309 3269 Deus
3333 3212 3419 3268 di-

1846 3320 1995 3366 cere.
2034 3314 2089 3359 et
2132 3321 2238 3360 non
2276 3305 2476 3370 facere,
2507 3304 2679 3374 loqui,
2721 3314 2775 3361 et
2816 3322 2922 3360 non
2955 3318 3295 3375 permanere.
3327 3303 3418 3357 Ait

1847 3410 1975 3465 ergo
2000 3410 2094 3465 per
2112 3394 2403 3451 Jeremiam
2429 3398 2571 3451 Deus
2590 3398 2634 3429 ⁸⁸
2668 3417 2680 3451 :
2726 3416 2744 3449 ι
2769 3397 2824 3452 in
2848 3397 3004 3451 finem
3026 3397 3236 3465 loquar,
3268 3414 3286 3447 ι
3315 3396 3417 3448 hoc

1848 3495 1950 3547 est,
1976 3501 2039 3539 ex
2077 3487 2295 3541 deﬁnito
2322 3488 2514 3558 loquar
2544 3506 2563 3539 ‹
2601 3502 2762 3557 super
2782 3496 3020 3558 gentem,
3048 3497 3103 3541 et
3140 3500 3301 3555 super
3328 3500 3417 3538 re-

1848 3594 2034 3647 gnum,
2066 3588 2124 3632 ut
2152 3578 2395 3633 auferam
2423 3593 2541 3643 eos,
2580 3587 2635 3632 et
2671 3579 3001 3643 disperdam.
3041 3578 3105 3631 Et
3128 3578 3172 3631 si
3195 3590 3420 3631 conver-

1852 3679 1995 3723 tatur
2023 3683 2154 3741 gens
2187 3669 2274 3723 illa
2332 3684 2360 3723 a
2413 3669 2636 3724 malitiis
2682 3671 2817 3736 suis,
2851 3669 3126 3737 puenitebo
3152 3666 3310 3737 331
3347 3665 3417 3720 de

1848 3763 2099 3817 Omnibus
2134 3762 2289 3818 malis
2322 3777 2441 3831 quae
2471 3763 2703 3833 cogitavi
2736 3762 2916 3817 facere
2947 3762 3048 3826 eis,
3082 3769 3137 3815 et
3163 3761 3215 3815 in
3251 3760 3415 3813 finem

1849 3852 2039 3921 loquar
2066 3867 2230 3923 super
2258 3864 2474 3924 gentem
2492 3864 2547 3908 et
2580 3869 2828 3923 regnum,
2858 3863 2917 3908 ut
2948 3852 3271 3908 reaidiﬁcem
3303 3865 3418 3917 eos,

1848 3956 1901 3999 et
1932 3946 2230 4013 replantem
2259 3964 2272 4001 :
2304 3955 2357 4000 et
2386 3946 2432 4001 si
2464 3944 2849 4001 fecerintmala
2881 3946 2933 3999 in
2954 3953 3242 4014 conspectu
3276 3958 3417 4010 meo,

1850 4044 1906 4088 ut
1940 4050 2044 4089 non
2069 4035 2290 4089 audiant
2317 4049 2503 4091 vocem
2538 4051 2742 4100 meam,
2775 4035 3062 4104 pmnitebit
3090 4049 3177 4089 me
3214 4038 3279 4089 de
3300 4050 3421 4090 om-

1849 4127 2009 4180 nibus
2042 4124 2199 4181 bonis
2242 4140 2362 4195 quae
2394 4125 2607 4181 locutus
2639 4126 2848 4181 fueram
2884 4134 2943 4179 ut
2988 4123 3223 4181 facerem
3254 4125 3356 4182 eis.
3395 4143 3414 4176 ι

1850 4216 2129 4284 Quomodo
2160 4232 2289 4287 ergo
2326 4232 2614 4286 possumus
2646 4218 2732 4284 iis,
2766 4232 2885 4286 quae
2915 4217 3160 4271 absolute
3184 4232 3279 4285 per
3330 4216 3419 4273 Je-

1851 4310 2075 4365 remiam
2100 4310 2244 4364 dicta
2275 4320 2423 4376 sunt,
2457 4310 2714 4381 praeferre
2751 4310 2839 4364 illa
2873 4325 2991 4379 qua:
3032 4323 3291 4380 suspense
3324 4324 3419 4379 per

1847 4401 2066 4455 Balaam
2121 4401 2374 4457 dicuntur
2411 4420 2424 4457 :
2462 4402 2568 4457 nisi
2617 4402 2740 4471 quia
2776 4402 3168 4471 negligentibus
3208 4409 3262 4455 et
3295 4415 3420 4455 con-

142 4496 314 4551 sabee
363 4503 719 4571 septuaginta
756 4503 921 4557 millia
960 4504 1220 4558 virorum.
1260 4503 1328 4559 Et
1368 4507 1611 4561 extendit
1650 4522 1741 4560 an«

1850 4493 2205 4563 temptoribus
2231 4494 2319 4549 illa
2345 4492 2737 4557 confirmanda,
2768 4495 2884 4548 haec
2912 4508 3041 4548 vero
3087 4508 3117 4546 a
3140 4491 3419 4563 perfectio-

139 4589 300 4657 gelus
324 4589 432 4645 Dei
465 4607 684 4646 manum
716 4609 866 4649 suam
903 4595 955 4648 in
990 4594 1317 4661 Jerusalem,
1347 4605 1407 4650 ut
1433 4610 1749 4666 corrumpe-

141 4689 228 4733 ret
260 4696 421 4744 eam,
448 4694 504 4737 et
523 4684 846 4753 deprecatus
867 4696 949 4741 est
980 4687 1238 4741 Dominus
1272 4702 1434 4755 super
1461 4688 1740 4752 malitiam,

1853 4590 2002 4645 ribus
2026 4589 2293 4643 secretius
2319 4589 2647 4643 advertenda
2664 4586 2829 4640 sunt?

1918 4684 1972 4738 5.
2018 4684 2125 4738 Sed
2169 4691 2293 4752 post
2330 4683 2443 4736 haac
2491 4681 2707 4736 Balaam
2746 4698 2759 4733 :
2801 4696 2819 4731 t
2868 4679 3005 4734 Ecce
3051 4678 3313 4749 inquit",
3348 4679 3421 4733 ad

134 4779 189 4821 et
214 4772 296 4823 ait
325 4774 402 4826 ad
447 4773 704 4843 angelum
739 4775 830 4843 qui
869 4776 1266 4831 exterminabat
1290 4776 1576 4846 populum:
1604 4775 1746 4832 Satis
1846 4772 2275 4828 benedicendum
2310 4779 2620 4839 assumptus
2646 4782 2793 4831 sum,
2826 4767 3163 4834 benedicam,
3209 4774 3263 4821 et
3310 4782 3419 4821 non

134 4874 244 4925 est,
286 4865 523 4918 remitte
549 4880 767 4920 manum
803 4875 970 4921 tuam.
1003 4886 1021 4919 ι
1066 4868 1305 4924 Observa
1329 4884 1455 4937 ergo
1476 4870 1743 4939 quomodo

132 4968 240 5007 nec
296 4955 361 5008 in
418 4956 487 5009 iis
522 4957 696 5012 tribus
743 4959 1256 5015 comminationibus
1289 4961 1429 5015 Deus
1470 4961 1743 5015 invenitur

131 5045 200 5097 de
236 5059 439 5101 morte
470 5048 675 5104 dixisse
708 5052 871 5104 trium
914 5052 1147 5109 dierum.
1174 5051 1228 5106 ln
1251 5053 1433 5108 verbis
1458 5053 1602 5106 enim
1624 5052 1739 5109 Gad

127 5140 390 5203 positum
428 5148 529 5203 est,
564 5156 669 5196 non
703 5142 754 5196 in
792 5144 1055 5197 mandatis
1090 5144 1300 5198 Domini
1331 5160 1345 5196 :
1378 5152 1431 5198 et
1469 5160 1573 5199 non
1599 5159 1742 5199 sem-

127 5244 229 5295 per
260 5246 330 5285 ea
371 5246 503 5300 qua:
532 5248 631 5303 per
673 5236 992 5305 prophetam
1024 5237 1298 5302 dicuntur,
1346 5236 1499 5307 quasi
1546 5252 1575 5290 a
1632 5237 1741 5291 Deo

123 5321 282 5375 dicta
341 5325 735 5393 suscipiuntur
793 5326 932 5397 (66).
977 5327 1218 5397 Denique
1264 5337 1320 5382 et
1375 5343 1470 5398 per
1520 5327 1737 5398 Moysen

124 5414 377 5480 quidem
421 5417 591 5472 multa
622 5417 837 5474 locutus
864 5429 948 5474 est
980 5421 1143 5484 Deus,
1175 5420 1447 5491 aliquanta
1480 5429 1659 5475 tamen
1687 5430 1742 5475 et

201 5527 253 5561 "
296 5528 449 5584 Jon.
485 5546 559 5597 xt,
588 5530 641 5585 2.
720 5532 765 5564 ³⁸
788 5531 910 5587 Jon.
944 5549 1028 5596 ιιι,
1062 5533 1114 5594 1.
1143 5533 1197 5597 2,
1224 5532 1278 5593 ll.
1298 5534 1349 5587 5.
1428 5534 1473 5565 ³⁸
1506 5534 1635 5588 ibid.
1671 5534 1753 5588 10.

121 5597 179 5650 8.
261 5598 316 5629 ⁸ο
355 5601 500 5652 ibid.
534 5604 588 5668 4,
620 5602 672 5656 5.
752 5603 948 5657 “ibid.
983 5604 1038 5657 6.
1115 5604 1159 5636 ⁸¹
1198 5604 1215 5657 I
1250 5602 1377 5657 Cor.
1414 5620 1510 5663 vn.
1548 5603 1634 5658 10.
1710 5608 1741 5646 δέ

1850 5604 1929 5660 id.
1978 5604 2064 5657 12.

122 5684 295 5733 xvnr,
335 5670 512 5724 7—10.
590 5672 631 5703 "
674 5672 830 5726 Num.
863 5688 1021 5738 χχιιι,
1054 5673 1142 5728 20.
1225 5674 1269 5705 ⁸8
1301 5674 1432 5730 ibid.
1468 5674 1558 5729 21.

1850 4874 2091 4919 avertam
2127 4880 2269 4920 eam.
2304 4883 2322 4917 ›
2355 4862 2435 4915 Ad
2488 4860 2913 4917 benedicendum
2949 4858 3165 4914 Balaam
3214 4872 3419 4912 assum-

1850 4968 1973 5028 ptus
1999 4966 2104 5020 est,
2141 4971 2245 5010 non
2271 4970 2299 5009 a
2335 4954 2557 5016 Balach,
2587 4951 2680 5007 sed
2716 4968 2745 5006 a
2788 4952 2917 5015 Deo,
2948 4952 3038 5021 qui
3078 4950 3268 5021 injecit
3298 4965 3420 5004 ver-

1848 5052 1973 5105 bum
2002 5051 2052 5104 in
2095 5065 2157 5105 os
2180 5049 2317 5118 ejus,
2349 5061 2454 5116 quo
2488 5044 2740 5114 populum
2774 5043 3142 5108 benediceret,
3193 5050 3247 5098 et
3277 5042 3420 5096 hanc

1852 5140 2284 5195 benedictionem
2306 5153 2412 5192 non
2435 5136 2651 5190 avertit.
2687 5132 2797 5189 Nec
2818 5134 2960 5189 enim
2985 5140 3178 5203 potest,
3206 5130 3418 5186 etiamsi

1851 5231 2001 5297 velit,
2034 5232 2256 5285 verbum
2286 5229 2380 5283 Dei
2410 5229 2645 5283 humana
2682 5227 2871 5296 lingua
2917 5232 3254 5280 convertere.
3287 5221 3416 5275 Post

1854 5324 1965 5377 haec
2010 5339 2022 5373 :
2064 5340 2083 5374 ι
2119 5320 2234 5375 Non
2263 5321 2385 5385 erit,
2424 5318 2595 5388 inquit
2637 5318 2703 5381 ⁸⁸,
2749 5317 2903 5372 labor
2933 5318 2987 5371 in
3019 5314 3206 5380 Jacob,
3241 5326 3419 5381 neque

1852 5416 2123 5472 videbitur
2153 5415 2309 5470 dolor
2336 5416 2387 5468 in
2422 5412 2607 5469 Israel.
2647 5432 2665 5464 ι
2694 5411 2894 5481 Aperte
2919 5410 2969 5464 in
2997 5408 3117 5463 istis
3149 5404 3418 5460 sermoni-

1833 5534 1874 5565 ³⁷
1910 5532 2043 5590 ibid.
2073 5531 2127 5586 4.
2205 5530 2249 5562 ³⁸
2277 5530 2317 5585 ll
2345 5528 2476 5597 Reg.
2515 5545 2662 5594 xxrv,
2707 5525 2889 5584 H-lG.
2967 5522 3010 5555 ³⁹
3040 5520 3250 5597 _h_ialth.
3304 5532 3416 5597 xix,

2142 5604 2186 5635 ιι
2230 5588 2495 5658 ibid.
2575 5602 2620 5632 δ’
2650 5588 2689 5655 ll
2738 5600 2862 5653 Cor.
2920 5610 2993 5656 ιι,
3032 5591 3097 5644 l7
3196 5590 3239 5620 ι’
3302 5588 3415 5642 ter.

197 5780 331 5845 (66)
371 5780 549 5846 Alias,
599 5801 616 5835 ι
658 5783 765 5841 dici
804 5786 1195 5854 suscipiantur.
1238 5805 1257 5839 ι
1301 5786 1407 5842 Sed
1457 5802 1557 5844 ms.
1584 5796 1640 5844 ut
1674 5788 1725 5844 in
1759 5798 1945 5845 nostro
1979 5796 2149 5843 textu.
