3914 6530
478 342 582 396 695

1912 335 2229 396 ORIGENIS

3618 331 3703 374 bu

484 465 585 516 bus
620 460 812 514 futura:
845 457 970 512 vitae
997 455 1282 512 denuntiat
1322 464 1546 511 statum.
1585 455 1719 522 Quis
1753 455 1896 511 enim
1943 464 2048 518 est,
2081 457 2128 514 A
2155 462 2241 508 est
2266 453 2433 524 gloria
2476 452 2778 508 nuicornis.
2816 452 2908 507 Sic
2945 452 3090 506 enim
3115 461 3168 508 et
3204 452 3322 519 ipse
3354 453 3408 506 in
3437 451 3704 523 Evangelia

483 554 580 621 qui
614 554 754 606 hanc
785 549 950 602 vitam
981 549 1100 603 sine
1144 547 1332 602 labore
1377 556 1432 602 et
1461 547 1648 604 dolore
1675 548 2053 602 transcurrat?

485 645 595 700 Nec
628 646 672 699 si
701 641 896 695 Petrus
925 639 1140 707 aliquis,
1173 647 1266 693 aut
1317 639 1362 694 si
1412 639 1610 694 Paulus
1640 640 1732 696 sit.
1771 640 2053 706 Quomodo

487 750 592 789 non
630 734 681 788 in
715 733 898 786 labore
931 740 985 785 et
1014 731 1202 786 dolore
1225 740 1309 785 est
1342 747 1464 786 cum
1489 741 1575 786 ter
1605 732 1774 802 virgis
1791 731 2049 798 caeditur,

483 825 650 882 semel
675 825 963 894 lapidatnr,
991 833 1073 878 ter
1097 822 1444 892 naufragium
1492 823 1647 890 facit,
1700 825 1750 878 in
1786 823 2052 893 profundo

487 918 656 971 maris
687 917 773 970 die
799 925 1035 972 acnocte
1054 922 1159 980 est,
1183 914 1396 984 aliaque
1419 915 1702 969 innumera
1732 917 2051 985 perpetitur,

485 1025 604 1079 quae
631 1008 696 1063 dc
730 1008 1005 1064 laboribus
1046 1008 1160 1064 suis
1198 1023 1262 1062 ac
1295 1007 1574 1062 doloribus
1619 1008 1810 1064 scribit
1836 1009 1917 1062 "9?
1948 1009 2052 1063 Sed

487 1101 558 1154 ibi
606 1100 748 1154 istud
777 1099 1155 1169 complebitur,
1189 1099 1282 1153 ubi
1330 1099 1532 1154 dictum
1574 1109 1657 1154 est
1693 1117 1706 1152 :
1746 1119 1765 1150 ι
1805 1101 2055 1170 Aufugiet

485 1192 658 1257 dolor,
693 1201 747 1246 et
780 1192 1024 1256 tristitia,
1054 1201 1107 1246 et
1134 1191 1368 1260 gemitus
1394 1191 1462 1245 '°.
1505 1210 1524 1244 ι
1568 1191 1718 1258 Quod
1746 1201 1922 1246 tamen
1947 1206 2050 1246 non

485 1291 550 1334 ad
578 1297 790 1347 omnes,
815 1282 912 1337 sed
943 1282 1009 1335 ad
1045 1296 1139 1337 eos
1174 1288 1409 1346 tantum,
1435 1283 1523 1350 qui
1570 1284 1778 1337 meritis
1801 1282 1968 1337 Jacob
2001 1291 2055 1336 et

487 1372 656 1426 Israel
683 1372 905 1440 fuerint,
931 1372 1163 1428 refertur
1187 1390 1201 1426 ε
1236 1382 1295 1426 ιιι
1324 1373 1424 1427 fuit
1447 1373 1536 1428 ille
1570 1388 1771 1442 pauper
1793 1374 2050 1436 Lazarus,

490 1463 582 1532 qui
617 1475 940 1533 praesentem
975 1465 1195 1533 quidem
1229 1465 1396 1518 vitam
1435 1467 1485 1518 in
1523 1464 1708 1519 labore
1756 1481 1819 1519 ac
1869 1465 2053 1521 dolore

489 1556 773 1624 transegit,
813 1555 884 1610 ibi
915 1565 1093 1610 autem
1115 1555 1315 1610 dicitur
1347 1556 1410 1611 ad
1436 1557 1688 1610 divitem:
1716 1575 1734 1608 ι
1757 1555 2050 1623 Memento,

486 1643 582 1708 fili,
615 1644 741 1714 quia
777 1653 828 1698 tu
864 1645 1120 1714 recepisti
1161 1646 1301 1699 bona
1334 1645 1388 1698 in
1431 1646 1542 1700 vita
1579 1655 1693 1712 tua,
1733 1656 1787 1700 et
1816 1646 2053 1701 Lazarus

485 1736 740 1790 similiter
763 1735 922 1788 mala.
955 1735 1108 1790 Nunc
1137 1745 1316 1790 autem
1368 1737 1454 1790 hic
1483 1737 1799 1804 requiescit,
1833 1747 1886 1792 tu
1923 1754 2053 1794 vero

485 1825 748 1879 cruciaris
782 1825 850 1879 ".
890 1844 908 1876 ι
946 1824 1040 1879 Ille
1089 1841 1220 1896 ergo
1274 1835 1358 1881 est
1411 1826 1595 1891 Israel,
1655 1837 1710 1881 et
1743 1827 1931 1894 Jacob,
1997 1830 2049 1884 in

486 1931 645 1985 quem
691 1932 798 1972 non
846 1918 991 1973 venit
1025 1917 1194 1980 labor,
1244 1927 1299 1972 et
1330 1918 1503 1973 dolor.
1546 1919 1707 1975 Dives
1752 1930 1929 1974 autem
1965 1921 2051 1976 ille

488 2018 606 2063 erat
632 2009 848 2078 quidem
880 2021 933 2064 et
963 2010 1076 2078 ipse
1116 2011 1414 2064 secundum
1442 2025 1658 2066 carnem
1686 2013 1871 2078 Israel,
1914 2013 2050 2068 dicio

488 2108 580 2152 tur
609 2099 751 2153 enim
782 2099 854 2167 ei,
894 2100 1020 2168 quia
1069 2099 1272 2155 fratres
1310 2101 1394 2156 sui
1439 2101 1640 2157 habent
1668 2102 1814 2172 leges
1844 2110 1899 2158 et
1927 2117 2052 2174 pro-

486 2190 700 2258 phetas,
721 2191 948 2246 audiant
968 2190 1086 2246 illos
1099 2192 1180 2258 δη
1212 2193 1305 2247 sed
1332 2193 1457 2262 quia
1493 2209 1598 2248 non
1616 2202 1733 2250 erat
1753 2194 2048 2248 secundum

483 2282 734 2352 spiritum
753 2282 944 2348 Israel,
969 2285 1092 2339 ideo
1115 2285 1265 2340 venit
1282 2299 1445 2354 super
1462 2286 1612 2340 illum
1631 2287 1784 2342 labor
1805 2295 1858 2341 et
1875 2287 2047 2342 dolor.

551 2372 607 2429 ὃ.
627 2392 646 2427 ι
674 2374 932 2431 Dominus
965 2375 1110 2433 Deus
1141 2392 1274 2433 suus
1306 2393 1428 2434 cum
1455 2379 1592 2449 ipso,
1620 2379 1876 2450 praeclara
1904 2380 2051 2449 prin-

482 2465 665 2534 cipum
728 2481 851 2521 cum
887 2467 1006 2538 ipso
1054 2480 1185 2525 sunt
1211 2469 1278 2524 ³³.
1314 2487 1334 2522 ι
1384 2469 1672 2540 Nunquam
1700 2470 1846 2526 enim
1887 2469 2051 2526 Israel

483 2572 642 2612 suum
671 2560 878 2614 deserit
908 2560 1070 2616 Deus.
1101 2561 1342 2628 Quorum
1379 2572 1556 2617 autem
1583 2563 1884 2633 principum
1909 2578 2049 2632 prae.-

486 2647 635 2702 clara
676 2664 800 2704 cum
858 2650 976 2721 ipso
1023 2649 1190 2706 Israel
1245 2651 1386 2717 sint,
1436 2652 1734 2707 videamus.
1785 2651 2050 2706 Praeclara

484 2739 813 2809 principum,
853 2751 1096 2811 potestas
1149 2751 1255 2807 est,
1313 2743 1646 2813 principatus
1694 2754 1748 2799 et
1802 2759 2047 2815 regnum.

485 2829 686 2886 Verum
716 2834 973 2902 quoniam
1005 2843 1129 2888 sunt
1166 2846 1223 2888 et
1269 2835 1434 2905 aliqui
1491 2835 1794 2904 principes,
1841 2835 1933 2904 qui
1985 2836 2052 2890 de

482 2925 791 2995 principatu
840 2941 958 2989 suo,
991 2927 1072 2980 vel
1105 2928 1374 2996 pellendi,
1408 2930 1489 2982 vel
1513 2928 1623 2996 jam
1656 2929 1801 2984 forte
1839 2929 2050 3000 depulsi

485 3025 632 3083 sunt,
678 3027 733 3072 et
773 3018 828 3072 in
871 3017 1048 3072 locutu
1086 3033 1150 3073 ac
1189 3019 1551 3090 principatum
1583 3033 1770 3074 eorum
1801 3019 2048 3075 introdu—

2158 546 2416 601 Dominus
2451 545 2582 601 dicit
2619 563 2632 599 :
2669 565 2688 598 ι
2727 546 2910 610 Pater,
2945 548 3010 600 da
3045 545 3172 610 illis,
3201 547 3429 602 utsicut
3453 560 3558 614 ego
3584 560 3636 601 et
3661 559 3707 604 ιι

2155 655 2320 694 unum
2361 653 2583 703 sumus,
2616 639 2690 693 ita
2721 647 2779 694 et
2821 639 2905 692 isti
2957 639 3010 692 in
3064 638 3222 692 nobis
3253 653 3425 692 unum
3458 638 3573 692 sint
3596 639 3660 693 ⁵⁸.
3689 660 3703 692 ι

2153 731 2221 785 Ει
2251 732 2373 786 ideo
2404 731 2598 786 similis
2629 731 2802 800 gloria
2838 731 3062 784 dabitur
3088 730 3293 793 Israeli,
3324 731 3468 784 sicut
3498 738 3588 784 est
3612 731 3708 799 glo-

2156 823 2231 876 ria
2264 822 2568 889 unicornis,
2611 823 2848 876 maxime
2903 837 3028 876 cum
3080 819 3500 875 transformabit
3531 835 3712 888 corpus

2156 913 2480 969 humilitatis
2506 923 2705 969 nostrae
2737 912 3020 969 conforme
3044 914 3263 983 corpori
3295 912 3485 980 gloriae
3516 926 3628 964 suae
3657 914 3710 964 “.

2225 1007 2276 1059 7.
2310 1023 2330 1058 ι
2371 1005 2488 1060 Νοη
2514 1006 2616 1060 erit
2645 1005 2926 1075 auguratio
2956 1005 3009 1059 in
3043 1003 3230 1069 Jacob,
3255 1019 3435 1073 neque
3471 1004 3714 1059 divinatio

2156 1099 2208 1154 in
2243 1098 2432 1153 Israel.
2476 1098 2535 1153 In
2563 1108 2839 1167 ,tetnpore
2875 1098 3090 1153 dicetur
3121 1099 3187 1152 ad
3234 1096 3407 1152 Jacob
3459 1105 3518 1151 et
3569 1097 3714 1153 Israel

2154 1189 2282 1257 quid
2335 1188 2586 1258 perﬁciet
2627 1189 2772 1243 Deus
2805 1189 2876 1243 ⁸⁸.
2912 1205 2932 1240 ι
2960 1187 3126 1257 Igitur
3153 1188 3412 1255 quoniam
3445 1189 3626 1241 visum
3648 1197 3716 1239 est

2148 1280 2260 1347 jam
2301 1280 2459 1336 nobis
2495 1279 2808 1350 diligentius
2833 1280 2898 1334 de
2935 1278 3172 1347 singulis
3200 1279 3518 1346 quibusque
3547 1277 3714 1332 disco-

2156 1383 2292 1438 tere,
2323 1387 2428 1426 non
2453 1371 2727 1426 videbitur
2761 1371 3078 1436 absurdum,
3105 1373 3150 1426 si
3171 1373 3336 1425 etiam
3362 1370 3498 1440 quid
3534 1370 3610 1424 sit
3634 1385 3716 1424 au-

2155 1464 2404 1532 guratio,
2468 1463 2553 1517 vel
2609 1462 2895 1529 divinatio,
2949 1463 3207 1533 quoniam
3256 1462 3480 1530 quidem
3537 1461 3718 1530 placuit

2154 1556 2454 1626 Scriptura:
2481 1569 2909 1612 commemorare
2933 1555 3001 1610 de
3040 1555 3128 1619 iis,
3161 1568 3228 1609 ne
3255 1555 3380 1624 quis
3405 1555 3551 1607 forte
3587 1553 3719 1622 igno-

2153 1659 2344 1703 ranter
2379 1650 2430 1703 in
2464 1652 2580 1704 haec
2630 1649 2854 1715 incidat,
2915 1647 3277 1716 requiramus.
3339 1643 3582 1698 Videtur
3609 1659 3719 1713 ergo

2156 1742 2286 1794 mihi
2317 1742 2626 1795 futurorum
2662 1740 3006 1808 praescientia
3031 1747 3291 1808 quantum
3324 1738 3393 1790 ad
3421 1737 3602 1805 ipsam
3623 1750 3718 1790 rel

2155 1845 2385 1903 spectat,
2419 1835 2658 1888 medium
2689 1833 2950 1902 quiddam
2994 1846 3136 1896 esse,
3183 1831 3234 1884 id
3275 1840 3360 1884 est
3395 1843 3583 1898 neque
3617 1844 3720 1895 pro-

2155 1927 2268 1996 prie
2295 1926 2520 1991 bonum,
2558 1939 2730 1993 neque
2761 1925 2976 1993 proprie
3005 1924 3204 1975 malum
3235 1939 3251 1975 :
3286 1921 3718 1991 quandoquidem

2143 2027 2334 2090 potest
2369 2019 2642 2074 interdum
2669 2017 2834 2073 etiam
2873 2032 2902 2069 a
2929 2025 3086 2085 parte
3111 2013 3312 2068 diaboli
3345 2013 3415 2066 ad
3451 2012 3718 2066 hominum

2156 2113 2406 2168 notitiam
2447 2112 2754 2165 Iuturorum
2784 2109 2974 2164 venire
3006 2107 3374 2178 praescientia.
3406 2105 3548 2160 Sine
3577 2106 3718 2160 dubio

2153 2215 2333 2258 autem
2363 2218 2489 2256 cum
2526 2211 2737 2270 tempus
2781 2211 2838 2254 et
2865 2200 3248 2270 opportunitas
3279 2199 3484 2268 poscit,
3541 2207 3598 2251 et
3641 2212 3718 2252 vo-

2154 2295 2334 2350 luntas
2368 2295 2460 2350 Dei
2490 2294 2674 2359 fuerit,
2713 2294 2875 2347 datur
2896 2292 3058 2348 etiam
3090 2306 3120 2344 a
3169 2292 3279 2346 Deo
3309 2307 3410 2360 per
3440 2291 3720 2361 propheta

2153 2387 2468 2443 hominibus
2493 2385 2860 2456 prmscientia;
2885 2393 2942 2438 et
2965 2385 3084 2439 ideo
3101 2384 3360 2448 diximus,
3397 2384 3531 2452 quia
3569 2397 3721 2452 neque

2155 2479 2374 2548 proprie
2407 2480 2607 2554 bonum
2652 2478 2758 2532 dici
2792 2485 2993 2546 potest,
3024 2477 3166 2546 quod
3197 2474 3496 2542 aliquando
3531 2488 3563 2528 a
3602 2474 3721 2527 utan

2153 2569 2333 2634 venit;
2367 2583 2540 2638 neque
2572 2565 2786 2638 proprie
2806 2566 3029 2629 malum,
3064 2567 3209 2634 quod
3242 2565 3544 2635 aliquando
3573 2580 3600 2618 a
3632 2564 3720 2618 Deo

2157 2659 2459 2714 descendit.
2492 2658 2560 2713 Et
2582 2658 2832 2727 quamvis
2855 2659 2919 2711 de
2944 2657 3045 2710 hoc
3076 2656 3423 2712 abundanter
3470 2658 3643 2710 etiam
3668 2671 3720 2710 ex

2156 2747 2457 2818 Scripturis
2507 2747 2707 2802 divinis
2758 2747 3001 2816 exempla
3061 2747 3434 2817 suppeditent,
3493 2746 3722 2801 sufﬁcere

2157 2850 2340 2895 tamen
2372 2840 2651 2895 credimus
2697 2839 2742 2894 si
2773 2847 2988 2892 utamur
3017 2851 3100 2901 eo,
3149 2837 3294 2906 quod
3334 2837 3388 2889 in
3425 2836 3721 2904 Reginorum

2155 2933 2297 2987 libro
2329 2933 2593 3001 scriptum
2628 2931 2858 3000 legimus
2885 2947 2897 2983 :
2933 2929 3021 2983 ubi
3057 2945 3185 2983 arca
3211 2928 3305 2982 Dei
3332 2926 3404 2981 ab
3433 2927 3723 2997 Allopbylis

2155 3034 2311 3095 capta
2339 3034 2442 3090 est,
2480 3033 2535 3078 et
2567 3007 2799 3079 deducta
2834 3021 2887 3076 in
2915 3024 3170 3082 Azotum.
3199 3030 3256 3075 et
3306 3022 3380 3074 ibi
3420 3038 3441 3069 c
3477 3019 3716 3073 introdu-

484 3108 639 3162 cendi
672 3107 730 3174 ii,
765 3109 856 3177 qui
892 3123 1022 3163 vere
1059 3109 1315 3164 Israelita:
1344 3119 1490 3177 sunt,
1527 3108 1786 3179 praeclara
1816 3110 1907 3164 illa
1931 3126 2047 3165 om-
2074 3126 2117 3184 ο
2152 3120 2388 3180 xerunt,‘
2413 3115 2588 3186 inquit
2633 3116 2706 3181 θ’,
2740 3130 2861 3168 eam
2893 3114 2946 3167 in
2987 3113 3204 3168 domum
3226 3111 3440 3182 Dagon,
3463 3120 3526 3166 et
3552 3113 3720 3164 inven-

483 3200 596 3266 nia,
629 3216 748 3271 qua:
775 3201 1083 3257 habuerunt
1115 3203 1165 3254 in
1189 3201 1344 3256 caelis
1369 3201 1444 3256 illi
1477 3202 1772 3274 principes,
1807 3203 1898 3271 qui
1943 3217 2049 3258 non

483 3303 840 3348 servaverunt
865 3293 1224 3362 principatum
1259 3309 1452 3358 suum,
1501 3293 1599 3348 sed
1649 3293 2054 3362 dereliquerunt

485 3391 689 3438 aeterna
713 3383 1007 3449 domicilia,
1038 3384 1203 3440 Israel
1230 3385 1333 3440 iste
1376 3394 1431 3439 et
1451 3383 1639 3450 Jacoh,
1671 3385 1761 3454 qui
1791 3384 2046 3441 collucta-

483 3483 570 3529 tus
607 3483 692 3530 est
719 3485 772 3530 et
793 3476 943 3541 vicit,
974 3476 1228 3546 accipiet,
1249 3489 1302 3532 et
1335 3478 1416 3532 sic
1437 3493 1558 3533 cum
1589 3478 1709 3548 ipso
1727 3489 1888 3534 erunt
1913 3495 2052 3547 prte-

479 3566 626 3620 clara
659 3568 987 3638 principum.
1015 3587 1033 3621 ι
1062 3569 1204 3624 Deus
1229 3568 1320 3638 qui
1343 3569 1531 3626 eduxit
1557 3585 1680 3625 eum
1709 3585 1775 3624 ex
1813 3569 2053 3643 :Egypto

479 3655 620 3709 sicut
651 3656 822 3724 gloria
855 3659 1138 3714 unicornis
1161 3659 1210 3712 ei
1234 3658 1302 3712 “.
1357 3678 1376 3710 ι
1421 3659 1661 3714 Eductus
1690 3670 1772 3715 est
1807 3661 1896 3716 ille
1925 3663 2051 3732 qui-

479 3750 601 3804 dem
641 3749 808 3806 Israel
836 3750 906 3806 de
938 3751 1175 3822 Egypto
1208 3751 1306 3805 ista
1342 3761 1577 3816 terrena,
1612 3752 1700 3806 hic
1730 3762 1912 3808 autem
1939 3755 2051 3822 spi-

479 3842 654 3897 ritalis
685 3842 850 3898 Israel
881 3844 946 3899 de
965 3843 1202 3914 JEgypto
1229 3843 1434 3910 saeculi,
1477 3854 1530 3898 ct
1558 3845 1624 3899 de
1652 3855 1922 3916 potestate
1969 3855 2052 3900 te-

480 3935 798 4000 nebrarum,
846 3946 901 3990 et
947 3945 1032 3989 est
1072 3935 1242 4004 gloria
1282 3935 1400 4004 ejus
1446 3947 1703 4006 tanquam
1749 3937 2051 3991 unicornis.

483 4026 779 4082 Uoicornis
808 4029 1022 4097 quidem
1062 4027 1233 4083 fertur
1260 4043 1381 4084 esse
1407 4031 1612 4084 animal
1635 4045 1700 4084 eo
1725 4030 1910 4084 habitu
1943 4030 2054 4084 for-

481 4129 710 4185 matum,
737 4136 843 4189 quo
872 4120 1112 4175 nominis
1139 4121 1308 4189 ipsius
1324 4121 1569 4191 designat
1598 4121 1872 4175 indicium.
1897 4118 2050 4188 Quod

480 4212 686 4266 animal
715 4211 1031 4282 frequenter
1059 4214 1112 4268 in
1140 4211 1442 4282 Scripturis
1469 4211 1666 4267 divinis
1698 4213 1932 4280 positum
1970 4213 2050 4266 Ie-

481 4304 678 4373 gimus,
711 4306 806 4360 sed
842 4306 1112 4376 prazcipue
1143 4307 1281 4375 apud
1318 4305 1418 4359 Job
1448 4306 1492 4336 ⁸⁸
1522 4305 1614 4359 Dei
1639 4305 1808 4372 ipsius
1833 4306 2054 4361 vocibus

479 4398 722 4466 potentia
757 4399 875 4469 ejus
909 4407 966 4453 et
995 4399 1165 4452 virtus
1189 4398 1511 4467 exponitur,
1553 4399 1604 4450 in
1645 4397 1860 4466 quibus,
1912 4405 1968 4450 ut
1999 4397 2052 4451 in

2159 3219 2244 3264 tus
2273 3217 2356 3264 est
2392 3207 2576 3276 Dagon
2611 3206 2867 3261 recidisse
2884 3220 3084 3275 pronus
3111 3205 3164 3259 in
3184 3213 3389 3259 terram
3410 3213 3544 3257 ante
3561 3217 3720 3256 aream

2155 3301 2466 3356 testamenti
2499 3298 2733 3354 Domini.
2768 3297 2830 3351 Et
2877 3308 3106 3366 gravata
3148 3303 3234 3350 est
3289 3311 3490 3348 manus
3527 3293 3718 3348 Domini

2155 3406 2323 3458 super
2346 3391 2576 3453 Azotos,
2617 3399 2672 3444 et
2703 3388 2982 3458 dissipavit
3011 3403 3128 3451 eos,
3170 3395 3225 3440 et
3255 3388 3536 3455 percussit
3560 3401 3656 3440 eos
3676 3385 3720 3437 ia

2157 3483 2396 3538 natibus.
2429 3501 2447 3532 ι
2478 3481 2611 3536 Post
2655 3481 2794 3545 hmo,
2845 3479 3042 3548 inquit,
3092 3477 3336 3547 ingressa
3384 3489 3468 3532 est
3510 3491 3638 3530 arca
3677 3476 3720 3528 in

2155 3575 2426 3642 Accaron,
2456 3582 2514 3629 et
2550 3573 2817 3627 miserunt
2844 3570 3302 3633 Accaronienses,
3349 3577 3408 3623 et
3435 3581 3719 3638 congrega-

2157 3675 2349 3721 verunt
2377 3679 2566 3719 omnes
2593 3664 2850 3733 Satrapas
2887 3661 3323 3732 Allophylorum,
3359 3678 3380 3710 v
3421 3667 3482 3712 et
3509 3670 3722 3725 congre-

2155 3763 2422 3828 gaverunt
2451 3755 2761 3809 sacerdotes
2788 3763 2842 3808 et
2869 3753 3086 3807 divinos
3113 3766 3240 3806 suos
3269 3751 3525 3805 dicentes
3557 3766 3570 3801 :
3600 3749 3721 3816 Quid

2153 3847 2422 3901 faciemus
2443 3844 2606 3916 332
2642 3859 2785 3900 arcae
2817 3843 3068 3900 Domini?
3101 3842 3342 3896 lndicate
3396 3842 3561 3896 nobis
3604 3856 3722 3909 quo-

2156 3939 2316 3993 modo
2354 3939 2695 3993 remittamus
2730 3952 2848 3992 eam
2891 3937 2944 3991 in
2981 3935 3155 3991 locum
3187 3949 3365 3989 suum.
3419 3933 3723 4002 Responde-

2158 4040 2285 4085 runt
2316 4029 2629 4086 sacerdotes
2661 4037 2716 4083 ct
2748 4027 2920 4082 divini
2950 4044 2964 4083 :
3010 4025 3066 4081 Si
3098 4025 3377 4082 remittitis
3408 4042 3602 4080 arcam
3635 4026 3725 4078 Do-

2156 4121 2285 4174 tnini
2324 4120 2416 4174 Dei
2451 4118 2635 4183 Israel,
2670 4118 2835 4172 nolite
2875 4132 2997 4170 eam
3045 4117 3320 4172 dimittere
3351 4117 3598 4182 inanem,
3641 4115 3721 4168 sed

2156 4215 2347 4266 dantes
2380 4211 2579 4266 dabitis
2605 4210 2653 4264 ei
2691 4224 2788 4279 pro
2831 4208 3050 4272 delicto,
3100 4218 3155 4263 et
3197 4217 3330 4262 tunc
3376 4207 3705 4263 sanabimini

2157 4314 2211 4359 et
2243 4305 2548 4358 innotescet
2572 4301 2748 4356 vobis.
2772 4299 2866 4354 Sin
2899 4309 3102 4365 autem,
3128 4313 3234 4352 non
3262 4298 3510 4353 discedet
3543 4309 3722 4350 manus

2159 4399 2275 4467 ejus
2321 4412 2349 4450 a
2393 4396 2554 4450 vobis
2584 4395 2651 4450 ”.
2689 4414 2708 4447 ι
2744 4395 2810 4450 Ει
2850 4401 2971 4463 post
3008 4405 3176 4461 pauca
3222 4407 3238 4444 :
3284 4409 3304 4443 ι
3352 4391 3423 4444 Et
3448 4405 3616 4452 nunc,
3653 4389 3724 4440 in-

479 4489 919 4558 quamplurimis,
951 4490 1204 4546 Christus
1226 4489 1538 4558 intelligitur
1566 4488 1863 4557 designari.
1902 4489 1969 4542 Et
1997 4489 2048 4542 in
2083 4491 2129 4550 ι)
2160 4489 2277 4557 quit
2304 4487 2369 4552 “,
2405 4486 2568 4540 facite
2614 4500 2837 4540 carrum
2884 4497 3107 4548 novum,
3137 4481 3276 4535 duas
3328 4495 3526 4534 vaccas
3573 4478 3724 4530 fcetas

482 4579 785 4649 Scripturis
811 4582 1016 4638 divinis
1069 4598 1236 4636 cornu
1275 4597 1373 4651 pro
1416 4596 1582 4649 regno
1633 4581 1865 4650 positum
1915 4595 2057 4650 saepe

489 4674 813 4742 reperimus,
851 4675 991 4730 sicut
1029 4687 1082 4730 et
1116 4676 1374 4746 propheta
1407 4676 1540 4730 dicit
1577 4691 1590 4727 :
1631 4694 1648 4725 ι
1681 4674 1919 4740 Quatuor
1953 4688 2054 4726 au-

489 4773 598 4818 tem
630 4777 859 4831 cornua,
890 4776 1121 4836 quatuor
1170 4782 1333 4837 regna
1367 4776 1494 4821 sunt
1525 4767 1592 4818 ⁸⁶.
1635 4784 1654 4818 ι
1687 4765 1802 4820 Sub
1835 4763 2058 4819 nomine

483 4855 671 4926 itaque
699 4861 1001 4925 nuicornis,
1043 4861 1094 4914 in
1127 4860 1348 4915 Christo
1403 4861 1505 4914 hoc
1555 4859 1766 4914 videtur
1815 4857 2052 4922 ostendi,

479 4944 607 5013 quia
649 4957 810 5000 omne
833 4947 975 5014 quod
1007 4955 1111 5012 est,
1151 4963 1314 5001 unum
1341 4948 1458 5016 ejus
1489 4961 1658 5002 cornu
1686 4955 1790 5012 est,
1821 4946 1923 5002 hoc
1968 4955 2055 5002 est

479 5050 648 5090 unum
702 5051 925 5107 regnum
978 5038 1114 5108 ejus.
1173 5039 1362 5094 Omnia
1419 5039 1564 5094 enim
1620 5041 1777 5094 Pater
1823 5038 2054 5108 subjecit

478 5127 582 5184 sub
608 5128 835 5198 pedibus
861 5130 908 5161 "
934 5129 1051 5200 ejus
1095 5145 1376 5200 usquequo
1409 5141 1463 5184 et
1505 5130 1834 5186 novissimus
1867 5129 2050 5185 inimi-

478 5234 576 5275 cus
614 5219 936 5275 destruatur
972 5236 1138 5286 mors,
1181 5231 1235 5275 et
1277 5233 1532 5290 tanquam
1578 5223 1857 5277 nuicornis
1883 5239 2048 5277 unum

475 5313 720 5367 omnium
765 5327 992 5382 regnum
1037 5321 1217 5366 teneat
1261 5311 1536 5378 Christus,
1567 5314 1694 5382 quia
1729 5315 1869 5367 sicut
1913 5313 2050 5368 scri-

475 5413 625 5472 ptum
660 5413 742 5459 est
769 5419 783 5456 :
817 5421 835 5455 ι
873 5402 1040 5472 Regni
1069 5404 1312 5473 ejusnon
1341 5406 1446 5458 erit
1471 5406 1591 5460 linis
1611 5405 1732 5470 “.9
1762 5404 2046 5474 Eritergo,

479 5497 678 5565 inquit,
706 5497 780 5560 ei,
808 5495 911 5550 hoc
942 5506 1027 5552 est
1066 5495 1255 5552 lsraeli
1279 5495 1354 5551 illi
1387 5497 1640 5566 Spiritali,
1676 5497 1868 5567 gloria,
1908 5498 2052 5552 sicut

546 5659 591 5690 δ’
614 5661 814 5715 Ιιοϐοι.
850 5679 922 5716 ιιι.
1018 5667 1063 5696 ⁵ο
1090 5665 1206 5718 lsai.
1236 5681 1403 5730 μιν,
1436 5666 1515 5719 10.
1594 5668 1636 5698 ⁵¹
1673 5667 1800 5721 Luc.
1827 5685 1936 5732 xvi,
1966 5668 2055 5721 ‘25.

486 5741 668 5802 [χιι-ιχ,
713 5733 766 5785 9.
844 5735 889 5764 ⁵⁸
927 5734 1128 5790 Daniel.
1153 5752 1269 5796 vm,
1310 5737 1400 5794 Ἡ.
1499 5739 1543 5772 ⁸⁷
1577 5738 1742 5792 lCor.
1775 5755 1861 5802 xv,
1895 5740 1984 5790 ‘20.

481 5799 522 5828 “
551 5799 706 5853 Nunt.
741 5819 898 5868 χχιιι,
922 5805 1014 5859 ‘25.
1122 5808 1162 5838 δ’
1194 5807 1207 5859 Ι
1243 5807 1375 5875 Reg.
1415 5825 1465 5874 v,
1492 5809 1546 5873 2,
1571 5810 1623 5875 5,
1667 5810 1751 5862 I0.

2082 5737 2126 5768 ⁵³
2157 5738 2284 5791 an.
2317 5754 2353 5797 ι,
2382 5737 2470 5792 ⁸55.

1886 5810 1966 5862 “’I
2000 5808 2131 5878 Reg.
2172 5824 2245 5871 γι,
2277 5808 2327 5872 9.,
2363 5806 2416 5869 ὖ,
2451 5817 2502 5860 et
2533 5821 2688 5875 seqq.

2132 4577 2439 4641 assumite,
2470 4576 2667 4645 quibus
2687 4575 2878 4645 iugum
2913 4590 3020 4628 non
3045 4581 3129 4626 est
3155 4572 3494 4640 impositum,
3521 4580 3580 4624 et
3607 4570 3724 4638 jun-

2155 4673 2267 4741 gite.
2307 4683 2501 4724 vaccas
2531 4668 2598 4722 ad
2625 4681 2863 4732 carrum,
2892 4676 2946 4721 et
2973 4665 3136 4721 fmtns
3160 4680 3347 4718 earum
3379 4676 3526 4718 retro
3561 4664 3720 4716 abdu-

2155 4764 2267 4818 cite
2287 4761 2355 4815 ad
2381 4762 2598 4815 domum
2631 4773 2644 4808 :
2683 4766 2736 4811 et
2762 4758 3024 4812 assumite
3052 4771 3234 4810 arcam
3270 4755 3506 4816 Domini,
3540 4763 3597 4806 et
3626 4753 3720 4805 im-

2158 4854 2344 4924 ponite
2378 4867 2496 4907 eam
2526 4865 2691 4919 super
2714 4864 2952 4917 carrum,
2979 4859 3034 4936 et
3073 4863 3202 4902 vasa
3224 4864 3390 4902 aurea
3414 4862 3534 4916 qua:
3567 4845 3722 4900 obtu-

2158 4947 2378 5002 listis'ei
2406 4959 2502 5014 pro
2537 4943 2758 5008 delicto,
2785 4942 2945 4997 simul
2990 4941 3170 5012 ponite
3198 4956 3361 5010 super
3407 4955 3648 5002 carrum,
3675 4945 3720 4990 et

2155 5040 2337 5094 omnia
2383 5047 2570 5092 sancta
2633 5037 2789 5099 eius:
2824 5043 2881 5088 et
2931 5033 3188 5088 dimittite
3230 5047 3374 5095 eam,
3419 5041 3472 5084 et
3521 5029 3718 5082 vadat:

2155 5141 2209 5186 et
2228 5131 2427 5194 videte,
2457 5129 2725 5198 siquidem
2758 5125 2910 5179 vadit
2937 5139 3033 5195 per
3061 5125 3204 5189 viam
3232 5137 3393 5178 suam
3419 5133 3472 5176 et
3495 5121 3563 5174 ad
3591 5119 3720 5173 ﬁnes

2159 5239 2290 5280 suos
2342 5222 2587 5277 ascendit
2627 5221 2679 5274 in
2714 5217 3042 5281 Bethsamis,
3076 5216 3189 5284 ipsa
3245 5213 3401 5266 nobis
3428 5211 3552 5265 fecit
3586 5207 3718 5263 mala

2159 5318 2274 5372 hac
2294 5328 2508 5384 magna.
2535 5313 2595 5368 Si
2627 5323 2805 5366 autem
2837 5327 2942 5366 non
2973 5308 3122 5363 vadit
3143 5307 3298 5371 illuc,
3332 5305 3565 5358 sciemus
3594 5299 3716 5371 quia

2158 5421 2352 5461 manus
2380 5406 2496 5473 ejus
2525 5419 2630 5458 non
2658 5402 2884 5472 contigit
2919 5415 3040 5466 nos,
3064 5398 3158 5454 sed
3181 5396 3406 5452 fortuitu
3437 5396 3542 5449 haec
3569 5391 3720 5445 nobis

2159 5497 2496 5554 acciderunt.
2535 5515 2556 5548 ι
2583 5494 2822 5550 Observa
2855 5506 2986 5562 ergo
3033 5491 3089 5545 in
3117 5490 3207 5555 iis,
3246 5485 3506 5558 quomodo
3533 5495 3714 5538 sacer-

2134 5668 2178 5698 "
2209 5667 2339 5720 ibid.
2380 5665 2472 5720 29.
2551 5665 2596 5737 F3
2629 5662 2820 5737 _Num.
2871 5677 3038 5737 unt,
3075 5658 3192 5737 2f;
3240 5655 3463 5737 _'_‘_i_bid.
3550 5645 3717 5737 "2331’

2551 5736 2592 5769 ιθ
2619 5733 2776 5788 Joan.
2818 5749 2952 5792 χνιι,
2981 5717 3068 5784 εἰ.
3150 5729 3193 5759 ιο
3240 5727 3464 5796 Philipp.
3500 5737 3587 5785 Ill,
3620 5717 3713 5772 si.

2551 5821 2688 5867 icqq.
2771 5804 2814 5834 “
2848 5804 2975 5857 ibid.
3011 5800 3041 5852 ‘7
3068 5809 3123 5854 et
3146 5813 3300 5867 seqq.
