3914 6512
146 359 239 417 697

1299 360 1367 415 ΙΝ
1408 359 1743 416 NUMEROS
1778 358 2065 415 IiOMlLlA
2103 359 2241 415 XVI.

3281 359 3387 417 698

145 481 291 533 dotes
330 488 385 533 et
418 478 585 534 divini
626 493 854 536 causam
901 480 1187 544 malorum,
1221 494 1343 547 qua:
1400 479 1716 533 acciderant
1746 483 1790 539 Α
1821 494 1950 534 suos
1984 479 2036 532 in
2069 479 2191 549 igne
2227 478 2279 531 in
2321 477 2660 544 Gehennom,
2700 484 2753 533 et
2796 477 3151 545 sortiebatur,
3178 488 3231 534 et
3266 496 3386 535 ma-

144 571 460 643 Allophylis,
487 583 669 626 utrum
699 587 764 626 ex
797 588 959 627 manu
998 574 1109 638 Dei,
1140 582 1195 626 et
1224 588 1318 639 pro
1347 587 1486 626 arcte
1512 573 1709 641 injuria

145 664 371 730 venerit,
404 678 472 715 au
515 662 740 716 fortuitu
788 663 1071 729 acciderit,
1118 662 1408 731 propositis
1462 673 1709 716 contem-

145 755 357 822 plantur
388 754 623 811 indiciis.
660 755 946 809 dicentes:
983 773 1004 805 ι
1042 755 1100 809 Si
1140 771 1233 823 per
1260 756 1401 808 viam
1453 769 1602 808 suam
1643 755 1711 807 ad

144 844 275 898 lines
313 859 442 899 suos
478 846 726 899 ascendit
766 846 819 899 iu
858 845 1164 901 Bethsamis
1192 888 1206 912 ,
1250 849 1362 917 ipsa
1393 847 1548 902 nobis
1587 846 1715 901 fecit

143 938 257 992 haec
306 936 531 990 mala“.
580 956 598 989 ι
635 936 875 1005 Denique
920 939 974 991 in
1023 942 1373 1007 sequentibus
1428 940 1708 994 refertur:

146 1046 165 1079 ‹
202 1027 268 1081 Et
312 1043 433 1081 cum
488 1030 898 1093 imposuissent,
940 1030 1113 1099 inquit
1157 1032 1221 1099 ⁸⁸,
1262 1048 1446 1087 arcam
1501 1030 1712 1086 Domini

143 1135 306 1187 super
334 1134 573 1185 carrum,
600 1120 923 1174 direxerant
952 1122 1116 1176 boves
1143 1123 1192 1176 in
1219 1124 1325 1187 via,
1358 1133 1547 1177 contra
1572 1124 1712 1176 viam

143 1224 260 1278 qua:
296 1210 443 1262 ducit
471 1208 799 1272 Bethsamis,
825 1218 880 1262 et
919 1226 1025 1264 non
1058 1212 1471 1268 declinaverunt
1493 1213 1558 1267 ad
1584 1213 1717 1267 dex-

140 1312 305 1367 tram,
335 1314 427 1358 aut
454 1304 520 1358 ad
551 1307 852 1359 sinistram.
893 1321 911 1354 »
948 1304 1080 1370 Quis
1114 1320 1247 1376 ergo
1282 1308 1334 1359 in
1371 1307 1475 1369 his,
1510 1308 1553 1361 si
1590 1307 1715 1361 dili-

142 1407 330 1465 genter
381 1398 636 1467 inspiciat
684 1400 820 1471 (67),
870 1399 1266 1467 ντιιξεείθιιιὶθηι
1302 1398 1442 1451 hanc
1474 1414 1596 1466 qum
1649 1400 1716 1455 de

144 1489 304 1542 boum
343 1490 645 1545 directione
685 1494 949 1567 przedicta
981 1500 1085 1559 est,
1116 1492 1199 1545 vel
1234 1491 1507 1545 fortuitam
1548 1492 1711 1555 dicat,

140 1580 224 1633 vel
284 1580 459 1650 aliqua
522 1595 641 1639 arte
694 1586 1078 1654 compositam,
1133 1593 1189 1638 et
1239 1600 1343 1639 non
1399 1586 1717 1653 operatione

140 1672 376 1739 quadam
421 1673 729 1729 daemonum
771 1676 1159 1741 ministratam,
1212 1675 1304 1744 qui
1340 1676 1717 1743 pertimuerint

141 1777 285 1816 arca:
312 1763 519 1819 Domini
546 1766 830 1820 virtutem:
851 1780 957 1834 qua
986 1781 1093 1819 non
1122 1766 1293 1820 solum
1318 1765 1713 1836 amigcbantnr,

1814 572 1991 626 leﬁcia
2045 571 2300 633 faciebat,
2332 578 2387 624 et
2415 570 2820 639 augurabatur,
2859 578 2912 624 et
2948 570 3080 625 fecit
3117 573 3384 628 vcutrilo-

1815 679 1974 733 quos,
2011 662 2402 724 iucantatores,
2439 671 2493 715 et
2534 662 2914 730 utultiplicavit
2944 672 3002 716 ut
3039 664 3241 719 faceret
3273 682 3387 721 nta-

1816 755 2019 823 lignum
2056 754 2108 808 in
2141 761 2431 822 conspectu
2471 753 2708 817 Domini,
2732 763 2791 805 ut
2822 755 3173 810 exacerbarct
3195 772 3337 813 cum.
3362 777 3380 812 ι

1816 843 1942 899 Haec
1965 859 2097 915 ergo
2130 843 2337 907 omnia,
2385 842 2435 895 id
2464 854 2569 905 est,
2602 841 2714 895 sive
2738 845 3049 912 auguratio,
3089 846 3202 901 sive
3245 846 3388 900 exti-

1816 937 2070 1006 spicium,
2099 937 2213 990 sive
2241 933 2494 1005 quaelibet
2527 936 2849 1000 immolatio,
2883 935 2997 990 sive
3028 937 3191 990 etiam
3223 937 3387 991 sorti-

1817 1029 1913 1093 tio,
1950 1036 2041 1081 aut
2065 1028 2376 1097 quicunque
2405 1035 2582 1079 motus
2614 1026 2818 1090 avium,
2861 1026 2947 1081 vel
2986 1029 3275 1096 pecudum.
3304 1028 3384 1083 vel

1817 1119 2083 1187 inspectio
2115 1133 2449 1187 quaecunque
2482 1119 2765 1184 ﬁbrarum,
2791 1127 2851 1171 ut
2872 1118 3071 1186 aliquid
3100 1118 3167 1173 de
3193 1119 3387 1174 futuris

1818 1212 2107 1264 videantur
2135 1212 2446 1275 ostendere,
2481 1210 2535 1263 in
2587 1208 2907 1278 operatione
2934 1209 3235 1263 daemonum
3268 1209 3382 1265 ﬁeri

1818 1318 1922 1357 non
1965 1302 2173 1366 dubito,
2221 1302 2571 1372 dirigentium
2606 1301 2687 1355 vel
2720 1301 2922 1367 avium,
2976 1300 3059 1354 vel
3101 1301 3389 1369 pecudum,

1815 1394 1898 1449 vel
1929 1395 2192 1449 ﬁbrarum
2224 1402 2422 1456 motus,
2478 1401 2569 1446 aut
2599 1393 2850 1456 sortium,
2882 1393 3177 1447 secundum
3227 1406 3289 1446 ea
3320 1392 3392 1445 si-

1816 1500 1917 1556 gna
1946 1500 2068 1553 quae
2091 1488 2399 1539 docuerunt
2428 1483 2591 1537 iidem
2617 1483 2889 1537 daemones
2914 1481 3190 1537 observari
3208 1481 3276 1533 ab
3303 1480 3388 1545 iis,

1817 1577 2015 1646 quibus
2042 1578 2180 1632 artis
2209 1577 2369 1647 hujus
2401 1576 2688 1631 scientiam
2720 1576 3084 1629 tradiderunt.
3121 1574 3164 1627 A
3193 1573 3392 1641 quibus

1817 1670 2094 1734 omnibus,
2147 1670 2193 1724 is
2236 1671 2326 1739 qui
2370 1668 2537 1724 homo
2575 1667 2671 1721 Dei
2705 1677 2811 1731 est,
2839 1677 2892 1721 et
2927 1668 2979 1720 iu
3021 1666 3265 1735 portione
3299 1662 3391 1717 Dei
3432 1702 3437 1707 -

1820 1771 2157 1829 muneratur,
2199 1762 2413 1830 penitus
2445 1776 2563 1817 esse
2590 1760 2750 1815 debet
2781 1758 3013 1821 alienus,
3065 1773 3165 1812 nec
3192 1755 3392 1823 aliquid

137 1867 189 1909 et
225 1855 590 1923 puniebantur
611 1856 903 1928 Allophyli.
942 1872 1129 1911 verum
1170 1866 1223 1911 et
1263 1858 1439 1912 cultus
1465 1858 1578 1926 ipse
1605 1859 1714 1911 dre-
1748 1842 1790 1896 Β
1827 1854 1877 1907 in
1911 1854 1977 1907 iis
2016 1854 2219 1909 habere
2251 1868 2560 1919 commune,
2589 1867 2712 1920 qua:
2736 1850 2967 1906 occultis
2989 1849 3099 1921 (68)
3129 1846 3394 1902 machinis

139 1962 360 2001 mouum
415 1948 842 2013 destruebatur,
900 1957 1091 2019 utpote
1143 1948 1446 2003 simulacris
1493 1963 1716 2011 eorum,

140 2038 489 2106 templisque,
524 2040 590 2095 ad
631 2042 941 2111 ingressum
992 2053 1135 2092 arca:
1166 2038 1377 2092 Domini
1411 2039 1720 2092 corruenti-

140 2129 287 2185 hus?
316 2129 411 2183 Est
435 2145 564 2200 ergo
590 2133 713 2186 talis
736 2133 979 2201 quaedam
1010 2130 1065 2186 in
1093 2130 1399 2184 ministerio
1426 2129 1718 2197 praescieri-

138 2220 227 2272 tiae
262 2223 506 2288 operatio
539 2225 866 2285 daemonum,
916 2236 1036 2289 quae
1065 2220 1275 2274 artibus
1302 2218 1619 2289 quibusdam
1650 2220 1718 2274 ab

135 2312 224 2377 iis,
258 2315 352 2383 qui
383 2330 442 2369 se
469 2315 801 2369 dazmonibus
854 2315 1304 2383 mancipaverint,
1336 2313 1628 2383 colligitur,
1664 2322 1720 2368 et

133 2420 289 2458 nunc
330 2419 427 2472 per
476 2420 571 2459 eas
613 2421 750 2474 quas
781 2416 956 2461 sortes
992 2408 1297 2472 nominant,
1341 2420 1486 2459 nunc
1525 2420 1621 2474 per
1654 2420 1717 2458 ea

130 2511 259 2564 qu:P
279 2497 505 2565 auguria
519 2498 817 2567 appellant,
835 2512 978 2552 nunc
993 2498 1158 2553 etiam
1174 2511 1238 2551 ex
1258 2496 1717 2566 contemplatione

135 2586 429 2649 ﬁbrarum,
483 2602 603 2654 qua:
649 2588 930 2656 extispicia
981 2598 1200 2653 vocant,
1259 2588 1487 2656 aliisque
1522 2587 1715 2641 horum

130 2675 405 2730 similibus
436 2677 725 2747 praestigiis
755 2677 1151 2746 comprehendi
1201 2678 1437 2739 videtur.
1480 2684 1533 2731 et
1560 2677 1719 2731 intel-

134 2766 263 2835 ligi.
302 2765 433 2833 Quae
481 2777 628 2822 artes
678 2769 731 2822 in
792 2778 1000 2823 tantum
1035 2768 1100 2823 ad
1129 2768 1509 2837 decipiendum
1548 2784 1717 2839 genus

132 2856 422 2912 hominum
459 2860 831 2929 profecerunt,
871 2870 929 2914 ut
960 2860 1124 2915 etiam
1149 2861 1437 2930 iustissimi
1472 2861 1718 2917 Ezechiae.

133 2949 289 3005 filius
322 2952 569 3009 Manasse
605 2956 706 3009 hoc
734 2969 920 3009 errore
956 2956 1233 3025 deceptus,
1264 2954 1610 3011 aediﬁcaverit
1636 2957 1719 3027 (nt

130 3043 426 3110 Scriptura
485 3047 645 3109 dicit)
679 3066 697 3099 ι
734 3046 907 3101 altare
964 3048 1111 3101 omni
1163 3050 1424 3104 exercitui
1478 3050 1599 3106 caeli
1661 3050 1717 3106 in

128 3146 379 3206 utraque
419 3139 581 3193 domo
631 3138 843 3194 Domini
866 3140 933 3193 °".
973 3159 991 3193 ι
1030 3140 1184 3195 Hunc
1221 3153 1399 3196 autem
1425 3157 1546 3197 esse
1573 3143 1720 3197 arbi-

126 3238 248 3280 tror
295 3231 597 3283 exercitum
635 3231 779 3295 caeli,
808 3246 964 3300 quem
996 3230 1193 3288 Paulus
1219 3235 1491 3302 spiritales
1529 3235 1716 3303 nequi-

127 3322 237 3374 tias
275 3323 325 3375 iu
357 3322 675 3377 coelestibus
703 3326 911 3391 positas
932 3326 1152 3394 scripsit
1192 3326 1259 3379 ⁸⁸.
1290 3325 1397 3380 Nisi
1425 3343 1555 3397 ergo
1581 3326 1717 3380 mul-

126 3424 243 3465 tum
293 3414 346 3467 in
391 3414 457 3468 iis
496 3417 706 3471 artibus
746 3424 801 3471 et
838 3417 1177 3485 deceptionis
1213 3429 1357 3472 esset
1391 3427 1446 3473 et
1489 3418 1714 3479 erroris,

124 3519 234 3557 non
271 3513 408 3571 puto
434 3506 566 3559 tanti
596 3506 694 3560 viri
720 3507 889 3562 ﬁlium
924 3511 976 3563 in
1008 3510 1126 3580 lege
1151 3510 1363 3563 Domini
1404 3510 1716 3573 edtmatum,

120 3597 176 3648 in
212 3595 343 3651 illas
372 3597 674 3666 impietates
707 3602 949 3668 potuisse
979 3617 1260 3668 corruere,
1293 3618 1412 3671 qua:
1438 3603 1488 3655 in
1521 3612 1718 3671 quarto

126 3687 456 3755 Regnorum
487 3689 623 3745 libro
655 3691 721 3746 de
750 3708 817 3747 co
841 3695 1058 3762 scripta:
1077 3693 1510 3748 referuntur.Ait
1538 3694 1713 3747 enim:

125 3795 147 3829 ι
191 3780 267 3833 Et
300 3781 664 3848 sortiebatur,
698 3794 751 3838 et
776 3787 1166 3855 augurabatur,
1193 3796 1247 3839 et
1279 3786 1407 3840 fecit
1429 3786 1714 3856 τεμένη,ει

126 3874 532 3929 trausducebat
561 3875 700 3930 ﬁlios
734 3891 861 3931 suos
894 3878 948 3931 in
978 3879 1133 3947 igne,
1163 3888 1218 3931 et
1250 3878 1510 3946 praescios
1539 3878 1715 3933 abun-

117 3965 265 4020 dare
303 3965 461 4031 fecit,
501 3975 559 4021 ut
604 3968 810 4024 faceret.
846 3969 1137 4042 malignum
1188 3972 1241 4025 in
1275 3980 1568 4040 conspectu
1605 3972 1715 4025 Do-

114 4057 282 4121 mini,
318 4068 377 4111 et
400 4061 755 4115 exacerbaret
784 4076 905 4116 cum
937 4063 1001 4115 δι’.
1033 4082 1050 4113 ι
1074 4062 1223 4117 Talia
1261 4079 1390 4134 ergo
1420 4072 1577 4117 erant
1599 4078 1715 4131 quze

113 4149 426 4217 peccabat,
461 4150 740 4221 dequibus
771 4152 873 4207 dici
912 4156 1104 4223 possit,
1137 4156 1263 4225 quia
1301 4156 1352 4209 in
1375 4155 1588 4209 omui'o
1613 4156 1718 4208 vir-

114 4246 265 4300 tute,
313 4238 493 4308 signis
523 4248 575 4294 et
610 4242 871 4311 prodigiis
908 4244 1262 4299 mendacibus
1294 4243 1717 4301 ﬁerent/“itaut

113 4330 526 4399 deciperentur
565 4335 729 4388 etiam
756 4334 955 4401 electi.
1002 4338 1271 4404 Deceptus
1309 4347 1391 4391 est
1440 4337 1583 4392 enim
1618 4353 1717 4407 per

111 4440 248 4476 eum
281 4433 339 4476 et
371 4425 619 4493 populus,
658 4437 715 4479 ut
742 4427 949 4481 faceret
997 4429 1292 4499 malignum
1335 4429 1386 4482 in
1419 4441 1712 4499 conspectu

1820 1946 2091 2001 daemones
2119 1957 2447 2015 operantur:
2468 1962 2536 2001 ne
2565 1948 2702 2000 terte
2724 1961 2912 2001 rursus
2933 1960 3030 2014 per
3060 1944 3173 1999 haec
3195 1942 3396 1997 daemo-

1820 2037 1981 2091 nibus
2024 2042 2286 2103 societur,
2342 2049 2505 2109 atque
2532 2053 2721 2093 eorum
2753 2039 2949 2109 spiritu
2988 2048 3044 2094 et
3074 2039 3276 2093 virtute
3309 2052 3397 2091 re-

1818 2128 2049 2197 plcatur,
2082 2140 2137 2185 et
2169 2132 2235 2186 ad
2274 2131 2545 2186 idolormn
2597 2132 2804 2187 cultum
2854 2132 3032 2185 denuo
3081 2139 3391 2198 reparetur.

1820 2220 1944 2276 llzcc
1973 2223 2115 2277 enim
2145 2224 2326 2277 omnia
2368 2225 2561 2292 religio
2610 2234 2794 2279 nostra
2844 2225 3023 2278 divina
3073 2232 3128 2277 et
3156 2222 3395 2278 cmlestis

1820 2313 2056 2381 abjnrat,
2092 2316 2145 2369 in
2184 2313 2426 2370 Levitico
2459 2316 2678 2385 quidem
2710 2323 2897 2384 aperta
2932 2315 3050 2381 lege
3080 2314 3395 2384 designans,

1819 2416 1874 2459 et
1892 2406 2109 2463 dicens:
2136 2424 2153 2457 ι
2182 2405 2297 2461 Non
2317 2407 2652 2469 divinabitis,
2679 2420 2851 2475 neque
2876 2404 3392 2475 augurabimiui".i

1822 2498 1887 2551 Et
1937 2509 2065 2568 post
2095 2514 2268 2568 pauca
2296 2515 2310 2553 :
2343 2516 2361 2549 ι
2390 2496 2507 2551 Non
2558 2498 3088 2568 sequemini,inquit,
3134 2499 3399 2553 vcutrilo-

1818 2606 1978 2658 quos,
2008 2607 2103 2646 nec
2135 2591 2504 2661 adjuugcmini
2538 2593 2604 2645 ad
2625 2592 3011 2654 iucantatores,
3046 2600 3103 2645 ut
3129 2591 3399 2645 contami~

1819 2684 2023 2738 nemini
2060 2687 2113 2737 in
2140 2684 2240 2750 eis,
2272 2698 2372 2751 ego
2399 2682 2659 2737 Dominus
2690 2682 2833 2737 Deus
2856 2691 3035 2737 vester
3059 2680 3125 2737 ⁷⁸.
3160 2702 3178 2734 ι
3213 2682 3275 2736 Et
3300 2683 3399 2736 ite-

1819 2790 1939 2829 rum
1976 2777 2029 2830 iu
2058 2776 2519 2831 Deuteronomio:
2559 2791 2578 2826 ι
2613 2774 2667 2830 Si
2701 2786 2878 2829 autem
2905 2786 2983 2841 tu,
3023 2774 3290 2845 inquit",
3317 2775 3399 2829 iu-

1822 2870 2037 2925 troieris
2059 2869 2113 2923 in
2161 2879 2364 2923 terram
2431 2882 2593 2936 quam
2626 2865 2889 2922 Dominus
2916 2867 3060 2921 Deus
3097 2880 3220 2921 tuus
3248 2867 3399 2923 dabit

1820 2960 1946 3026 tibi,
1978 2977 2083 3016 non
2138 2962 2316 3016 discas
2378 2961 2560 3016 facere
2606 2961 2905 3015 secundum
2953 2961 3394 3015 abominationes

1821 3056 2064 3125 gentium
2096 3054 2336 3116 illarum,
2392 3068 2499 3107 non
2551 3053 2862 3107 inveniatur
2902 3053 2954 3106 in
2992 3062 3042 3106 te
3070 3053 3158 3120 qui
3206 3052 3398 3106 lustret

1833 3149 1999 3203 tilium
2032 3162 2206 3209 suum,
2238 3155 2329 3198 aut
2363 3146 2527 3197 ﬁliam
2562 3159 2713 3198 suam
2768 3144 2898 3215 igni,
2936 3159 3112 3213 neque
3149 3144 3398 3198 divinans

1821 3241 2178 3300 divinatione,
2196 3238 2616 3307 nequesortiens
2636 3237 2894 3301 sortibus,
2913 3251 3086 3306 neque
3098 3235 3394 3301 maleﬁcus,

1820 3346 1995 3401 neque
2014 3333 2342 3393 incantatur,
2364 3343 2541 3397 neque
2562 3328 2957 3398 vcutriloquus,
2984 3341 3158 3395 neque
3175 3334 3395 3395 porten-

1822 3433 1996 3478 torum
2016 3422 2479 3491 inspector,neque
2500 3422 2843 3489 interrogans
2863 3428 3124 3472 mortuos.
3140 3418 3235 3471 Est
3251 3416 3396 3470 enim

1819 3513 2149 3565 abontinatio
2162 3511 2410 3576 Domino,
2428 3510 2603 3563 omnis
2617 3512 2705 3577 qui
2726 3509 2856 3564 facit
2874 3512 3004 3563 haec.
3023 3509 3251 3577 Propter
3268 3509 3399 3561 istas

1819 3598 1962 3653 enim
1982 3599 2409 3651 abominationes
2425 3596 2686 3653 Dominus
2706 3598 2844 3653 Deus
2866 3607 2988 3651 tuus
3005 3598 3197 3652 evertit
3211 3604 3399 3665 gentes

1819 3691 2434 3757 istasacouspectutuo.
2469 3710 2487 3742 ι
2523 3689 2578 3743 In
2628 3691 2825 3758 quibus
2877 3691 3130 3743 omnibus
3184 3689 3399 3742 videtur

1818 3781 2129 3842 ostendere,
2154 3778 2313 3849 333
2332 3782 2456 3849 quia
2482 3784 2660 3834 omnis
2684 3780 2773 3849 qui
2800 3782 2849 3833 in
2872 3779 2939 3834 iis
2964 3789 3234 3840 versatur,
3260 3776 3398 3830 nihil

1817 3874 1961 3928 aliud
1992 3873 2159 3928 faciat
2203 3875 2303 3927 nisi
2349 3882 2592 3929 mortuos
2645 3875 2963 3942 interroget.
3016 3870 3211 3925 Mortui
3272 3878 3397 3924 sunt

1816 3968 1986 4032 enim,
2014 3968 2137 4034 quia
2176 3980 2281 4019 non
2335 3973 2459 4018 sunt
2489 3967 2611 4019 vita;
2664 3965 2974 4033 participes.
3032 3963 3173 4017 Deus
3216 3971 3392 4015 autem

1816 4058 2157 4127 noster(69),
2177 4057 2417 4110 vivorum
2450 4056 2588 4110 Deus
2619 4066 2721 4123 est,
2754 4064 2809 4111 et
2836 4072 2939 4109 non
2965 4066 3299 4109 mortuorum
3321 4054 3389 4106 ⁷⁸.

1818 4150 1913 4205 His
1946 4159 2125 4205 autem
2162 4149 2416 4205 omnibus
2445 4147 2656 4218 legibus
2689 4149 2907 4203 additur
2941 4149 3103 4202 etiam
3161 4146 3315 4212 illud,
3338 4156 3397 4199 ut

1816 4244 2039 4313 quivult
2074 4258 2195 4296 esse
2228 4242 2524 4311 perfectus,
2567 4258 2596 4295 a
2631 4238 2777 4294 nullo
2829 4240 2936 4295 alio
2969 4241 3164 4304 discat,
3200 4239 3300 4293 nisi
3330 4239 3397 4292 ab

1816 4347 1880 4386 eo
1905 4331 1995 4399 qui
2030 4346 2123 4401 per
2156 4332 2245 4385 Dei
2285 4332 2539 4385 virtutem
2566 4328 2729 4383 fuerit
2762 4330 2969 4385 electus
3022 4329 3309 4399 propheta,
3337 4337 3396 4381 ut

1818 4424 2092 4478 ministret
2134 4423 2353 4493 populo.
2384 4424 2472 4477 Ait
2500 4439 2631 4493 ergo
2658 4423 2703 4455 ⁷⁷
2741 4440 2757 4478 :
2807 4440 2826 4473 ι
2869 4420 3146 4476 Perfectus
3189 4428 3304 4473 esto
3345 4419 3396 4472 in

110 4514 352 4567 Domini
408 4529 572 4582 super
625 4524 812 4585 gentes
872 4519 1010 4583 illas,
1066 4533 1205 4587 quas
1255 4521 1716 4574 exterminaverat
1745 4523 1793 4582 D
1821 4527 2112 4585 conspectu
2149 4516 2477 4571 DomiuiDei
2513 4517 2591 4570 tui
2628 4533 2642 4571 :
2682 4525 2869 4585 gentes
2897 4514 3041 4567 enim
3087 4513 3223 4576 istm,
3266 4527 3399 4581 qua-

107 4606 269 4658 Deus
305 4622 337 4658 a
386 4605 524 4660 facie
559 4607 793 4662 ﬁliorum
861 4608 1048 4662 Israel.
1106 4608 1212 4665 Sed
1261 4619 1314 4665 et
1375 4610 1427 4663 in
1474 4612 1714 4665 secundo

108 4696 261 4750 libro
315 4695 767 4766 Paralipomenon
824 4698 1026 4752 similia
1081 4698 1435 4754 nihilominus
1478 4700 1545 4769 de
1596 4699 1709 4753 Ma-

104 4804 290 4842 nasse
344 4789 658 4843 scribuntur
703 4809 715 4841 :
758 4809 776 4840 ι
830 4789 894 4843 Et
925 4790 1074 4853 fecit,
1119 4789 1299 4858 inquit
1334 4791 1404 4855 τ’,
1450 4789 1617 4856 lucos,
1655 4800 1710 4845 et

101 4881 385 4933 adoravit
414 4896 629 4935 omnem
667 4882 915 4937 militiam
963 4883 1110 4947 creti,
1147 4891 1201 4935 et
1252 4884 1475 4937 servivit
1509 4884 1612 4949 eis,
1652 4893 1709 4939 et

99 4973 441 5025 construxit
469 4972 660 5027 altaria
691 4974 741 5028 iu
774 4975 933 5029 domo
969 4975 1061 5029 Dei
1096 4976 1186 5029 ubi
1228 4975 1367 5029 dixit
1398 4975 1658 5030 Dominus
1691 4992 1706 5029 :

101 5064 160 5115 lu
189 5062 515 5117 Jerusalem
557 5065 662 5120 erit
711 5080 904 5120 nomen
938 5083 1115 5123 meum
1154 5066 1207 5121 iu
1236 5075 1518 5133 aeternum,
1554 5075 1609 5121 et
1636 5066 1707 5121 ibi

100 5156 397 5211 instruxit
419 5156 609 5211 altaria
636 5159 1231 5228 omnbmaguiﬁcentim
1257 5158 1403 5222 cceli,
1434 5159 1485 5213 in
1519 5161 1709 5214 amba-

98 5244 213 5298 bus
273 5243 536 5327 domibus
568 5243 805 5304 Domini.
837 5246 901 5299 Et
947 5249 1062 5304 inse
1117 5249 1511 5304 trausducebat
1564 5250 1703 5305 ﬁlios

176 5389 271 5443 "l
303 5386 443 5454 Reg.
470 5402 541 5449 vI,
570 5390 627 5443 9.

96 5476 272 5513 xxtv.
364 5459 408 5487 τ’
445 5456 482 5510 ΙΙ
509 5457 684 5512 Paral.
714 5476 909 5523 χχχιιι,
942 5461 973 5512 3
1005 5458 1060 5515 6.

91 5532 198 5585 52.
298 5528 351 5559 ’⁷⁷
398 5529 558 5582 Deut.
601 5544 752 5591 xvul,
804 5530 986 5583 15-16.

176 5644 320 5711 (67)
360 5641 635 5706 Inspiciat.
668 5644 757 5698 Sic
791 5654 935 5699 recte
965 5647 1310 5700 hahetcodex
1331 5648 1697 5704 Corheieusis.

87 5716 293 5773 Alias.
338 5714 712 5782 t_inspi0iens.
760 5734 778 5765 ›

174 5785 320 5850 (68)
359 5780 499 5837 Ideni
527 5787 716 5851 codex,
755 5804 773 5836 ι
819 5786 1066 5840 occultis.
1116 5806 1130 5836 ι
1163 5788 1308 5841 Alias
1341 5806 1359 5839 ς
1406 5790 1637 5845 occulte.
1679 5810 1699 5842 ι

1158 5461 1204 5493 ⁷³
1236 5462 1364 5517 ch.
1417 5479 1531 5529 χιχ,
1587 5465 1677 5518 26.

1819 4625 1936 4664 rum
1968 4620 2022 4663 tu
2059 4610 2432 4666 haereditatem
2469 4610 2683 4678 cepisti,
2712 4609 2827 4662 ista:
2891 4607 3119 4660 audiunt
3173 4603 3396 4659 sortile-

1816 4715 1913 4771 gos
1940 4710 1994 4755 et
2021 4702 2252 4766 divinos,
2288 4702 2380 4756 tibi
2435 4709 2613 4755 autem
2654 4714 2763 4754 non
2820 4699 2893 4751 ita
2943 4696 3089 4751 dedit
3139 4696 3403 4748 Dominus

1816 4794 1959 4847 Deus
1994 4803 2141 4847 tuus.
2167 4792 2492 4863 Prophetam
2528 4793 2673 4848 enim
2723 4791 2787 4844 de
2816 4791 2991 4843 medio
3053 4789 3125 4843 tui
3164 4802 3232 4841 ex
3286 4786 3397 4839 fra-

1817 4883 1988 4937 tribus
2013 4885 2122 4938 tuis
2145 4886 2433 4940 suscitabit
2459 4886 2552 4939 tibi
2588 4885 2850 4940 Dominus
2869 4884 3009 4937 Deus
3040 4891 3181 4945 tuus,
3216 4881 3391 4947 ipsum

1820 4976 2054 5031 audietis
2096 4991 2193 5046 per
2232 4979 2413 5031 omnia
2450 4993 2789 5047 qumcunque
2835 4975 3041 5047 petiisti
3078 4989 3105 5027 a
3164 4973 3396 5027 Domino

1819 5070 1928 5125 Deo
1956 5079 2047 5123 tuo
2085 5070 2137 5125 in
2162 5070 2305 5126 Oreb
2329 5070 2382 5124 in
2404 5071 2490 5125 die
2520 5070 2795 5133 Ecclesia),
2825 5084 2948 5124 cum
2985 5067 3200 5121 dixistis
3230 5084 3243 5119 :
3278 5064 3395 5117 Non

1816 5176 2144 5232 appouemus
2169 5163 2359 5217 audire
2383 5178 2569 5218 vocem
2597 5163 2808 5218 Domini
2831 5162 2920 5215 Dei
2950 5160 3140 5225 nostri,
3160 5169 3212 5212 et
3232 5158 3394 5211 istum

1815 5252 1991 5322 ignem
2047 5270 2299 5324 maguum
2360 5271 2464 5310 non
2513 5256 2819 5311 videbimus
2887 5255 3024 5309 ultra
3075 5266 3143 5305 ne
3191 5247 3397 5303 moria-

706 5388 749 5419 ⁸⁸
768 5389 897 5444 ibid.
919 5389 1006 5442 12.
1076 5386 1157 5443 ⁸⁷1
1180 5388 1310 5459 ch.
1337 5408 1449 5454 χχι,
1475 5393 1528 5446 5.
1575 5394 1619 5425 ⁸⁸
1649 5394 1713 5465 Ep

714 5476 909 5522 χχχιιι,
942 5461 973 5512 5
1005 5458 1060 5515 6.
1158 5461 1204 5493 ⁷³
1236 5462 1364 5517 ch.
1417 5479 1531 5522 χιχ,
1587 5465 1677 5518 26.

1818 5412 1886 5457 vt,
1920 5395 2004 5449 £2.
2069 5398 2111 5430 ⁶⁹
2142 5396 2207 5451 IV
2240 5396 2370 5459 Reg.
2402 5398 2575 5458 “uti.
2639 5397 2685 5429 "°
2714 5396 2755 5450 ll
2785 5395 2981 5449 Thess.
3007 5408 3061 5445 ῐι.
3127 5392 3171 5423 ⁷¹
3203 5388 3397 5441 Matth.

1818 5468 1829 5497 ⁵
1860 5468 1991 5522 ibid.
2040 5468 2130 5522 51.
2228 5469 2280 5500 ⁷⁵
2316 5469 2469 5522 Deut.
2496 5484 2651 5522 xvm.
2676 5468 2731 5522 9.
2762 5466 2849 5520 12.
2927 5464 2973 5495 ⁷⁸
3002 5461 3191 5517 Matth.
3249 5475 3397 5521 χχιι.

1781 5468 1829 5497 '”’
1860 5468 1991 5522 ibid.
2040 5468 2130 5522 51.

2228 5469 2280 5500 ⁷⁸
2316 5469 2469 5525 Deut.
2496 5484 2651 5536 xvut,
2676 5468 2731 5535 9,
2762 5466 2849 5520 12.
2927 5464 2973 5495 "
3002 5461 3191 5517 Matth.
3249 5475 3399 5521 χχιι,

1813 5724 1823 5734 '
1883 5653 2000 5723 (69)
2041 5653 2259 5711 Noster.
2322 5655 2482 5712 Deest
2530 5655 2583 5710 in
2635 5663 2793 5709 antea
2828 5651 3007 5718 editis,
3038 5647 3129 5703 sed
3164 5644 3399 5701 habetur

1813 5741 1863 5777 III
1902 5740 2033 5779 ωδε.
