3914 6510
521 367 628 426 69:1

1959 353 2280 412 ORIGENIS

3651 353 3744 406 780

525 495 668 534 mur.
708 497 728 533 ι
756 476 870 532 Non
899 475 1011 532 vult
1033 475 1175 532 Deus
1195 473 1472 530 auditores
1513 488 1616 529 nos
1665 473 1784 528 fieri
1823 482 1875 527 et
1917 473 2085 528 disci-
2113 479 2159 534 Α
2189 471 2548 540 quodcunque
2598 469 2794 525 horum
2832 468 3094 539 recipere,
3139 485 3208 527 ne
3257 471 3365 528 iste
3397 471 3615 541 quidem
3641 471 3743 540 ipse

523 569 678 639 pulos
705 571 1038 632 daemonum,
1092 581 1268 636 neque
1313 566 1461 631 vult,
1504 575 1560 620 ut
1601 567 1644 620 si
1679 565 1808 634 quid
1840 565 2084 621 volumus

525 661 754 724 discere,
800 659 1068 713 discamus
1110 673 1140 712 a
1186 658 1534 713 daemonibus.
1577 657 1764 712 Melius
1811 667 1893 712 est
1937 659 2082 712 enim

523 749 791 816 ignorare,
849 763 1011 818 quam
1055 764 1084 803 a
1117 749 1450 804 daemonibus
1495 747 1755 803 discere:
1795 760 1848 804 et
1892 750 2084 804 melius

519 851 604 895 est
629 858 657 894 a
688 842 946 911 propheta
993 843 1223 906 discere,
1276 857 1436 912 quam
1467 858 1495 896 a
1531 842 1730 898 divinis
1781 844 2076 913 inquirere.

521 932 790 989 Divinatio
811 936 952 989 enim
980 951 1107 1001 non,
1133 943 1192 989 ut
1216 935 1434 1004 quidam
1459 945 1669 1005 putant,
1705 936 1968 991 divinitus
1988 939 2082 991 da-

521 1034 626 1090 tur,
650 1026 741 1080 sed
767 1026 960 1094 magis,
985 1034 1043 1079 ut
1063 1024 1194 1079 mihi
1223 1025 1452 1092 videtur,
1480 1040 1577 1094 per
1611 1027 1995 1093 antiphrasim,
2029 1027 2080 1082 id

516 1121 619 1178 est,
653 1127 716 1166 ex
752 1114 1027 1169 contrario
1079 1127 1272 1168 nomen
1326 1115 1555 1184 accepit,
1599 1116 1753 1184 quasi
1816 1131 1938 1185 quae
1986 1129 2082 1184 per

518 1203 762 1258 homines
813 1204 1146 1260 daemonibus
1203 1207 1436 1276 repletos
1483 1206 1598 1261 ﬁat.
1652 1207 1757 1262 Sed
1803 1207 2078 1278 gentilium

519 1293 653 1348 ritus
681 1294 919 1349 divinum
944 1297 1112 1351 credit
1132 1310 1314 1364 omne,
1347 1299 1490 1367 quod
1521 1312 1618 1367 per
1645 1298 2079 1367 qualemcunque

516 1383 764 1450 spiritum
794 1385 1084 1456 profertur.
1121 1386 1228 1440 Nos
1267 1399 1442 1442 tamen
1495 1388 1627 1441 nihil
1668 1388 1734 1442 ab
1781 1387 1848 1442 iis
1873 1389 2080 1443 discere

518 1473 658 1526 Deus
706 1471 880 1540 jubet,
930 1491 996 1529 ne
1044 1474 1342 1530 eiliciamur
1387 1488 1666 1530 consortes
1709 1477 1972 1546 ipsorum,
2019 1486 2074 1530 et

517 1562 857 1620 incurramus
895 1567 948 1622 in
974 1581 1062 1632 ea,
1092 1566 1394 1635 quaalsaias
1420 1568 1611 1623 dicit"
1644 1584 1658 1621 :
1685 1585 1703 1618 ι
1734 1567 1799 1622 Ει
1823 1567 2076 1622 humilia-

515 1652 719 1708 buntur
747 1655 798 1708 in
837 1664 978 1710 terra
1015 1656 1174 1712 verba
1211 1667 1322 1722 tua,
1347 1665 1400 1712 et
1429 1671 1712 1712 sermones
1751 1658 1822 1711 tui
1853 1658 1904 1711 in
1933 1668 2075 1714 terra

515 1744 918 1816 demergentur,
969 1757 1025 1802 et
1068 1748 1172 1802 erit
1207 1763 1307 1802 vos
1350 1757 1438 1802 tua
1496 1748 1636 1803 sicut
1683 1748 1955 1817 loquentis
2011 1750 2076 1804 de

516 1844 684 1900 terra,
717 1847 771 1892 et
791 1839 856 1892 ad
891 1838 1085 1894 solium
1117 1854 1216 1894 vox
1245 1851 1332 1893 tua
1367 1839 1753 1895 inﬁrmabitur.
1785 1859 1803 1892 ι
1841 1840 2073 1911 Propter

514 1926 615 1981 hoc
643 1936 696 1982 et
725 1927 980 1986 Dominus
1017 1939 1202 1985 noster
1227 1929 1381 1986 Jesus
1410 1946 1513 1986 non
1543 1931 1795 2002 dignatur
1819 1947 1849 1986 a
1875 1933 2076 1988 daemo-

513 2018 668 2072 nibus
695 2021 940 2090 accipere
971 2023 1359 2088 testimonium,
1391 2023 1488 2079 sed
1511 2025 1587 2078 ait
1619 2043 1632 2080 :
1669 2042 1688 2074 ¢
1725 2023 2075 2092 Obmutesce,

510 2119 564 2163 et
590 2111 673 2164 exi
707 2113 774 2166 ab
812 2126 878 2167 eo
900 2113 966 2167 ".
1006 2133 1024 2166 ι
1062 2114 1230 2181 Quem
1261 2115 1422 2170 etiam
1463 2115 1738 2184 apostolus
1773 2131 1901 2171 suus
1935 2116 2076 2170 Pau-

509 2199 593 2254 lus
629 2202 886 2268 imitatus,
941 2205 1128 2262 dolens
1184 2208 1452 2261 convertit
1505 2222 1584 2272 se,
1641 2215 1695 2262 et
1739 2207 1813 2262 ait
1862 2207 2073 2275 spiritui

509 2290 766 2361 Pythonis
798 2311 812 2348 :
844 2311 864 2346 ‹
896 2293 1158 2368 Praecipio
1190 2299 1282 2352 tibi
1316 2299 1368 2352 in
1422 2299 1640 2354 nomine
1687 2296 1814 2352 Iesu
1845 2297 2072 2363 Christi,

506 2379 722 2437 discede
753 2383 825 2438 ab
857 2400 920 2440 ea
962 2386 1029 2439 ⁸⁸.
1064 2405 1083 2439 ι
1117 2385 1172 2441 In
1211 2403 1322 2458 quo
1362 2389 1609 2457 requiras
1654 2387 1908 2454 fortasse,
1945 2388 2074 2457 quid

507 2471 694 2527 dolens
745 2473 962 2542 Paulus,
1003 2478 1247 2546 increpat
1297 2478 1546 2548 spiritum
1599 2479 1883 2550 Pythonis.
1928 2479 2074 2534 Nun-

505 2561 632 2629 quid
687 2565 885 2634 aliquid
930 2569 1303 2638 blasphemum
1350 2571 1602 2625 dixerat?
1658 2570 1850 2625 Mulier
1896 2573 2063 2635 enim,

510 2653 703 2721 inquit,
731 2657 935 2712 habens
973 2661 1218 2727 spiritum
1261 2661 1516 2731 Pythonis
1556 2665 1886 2732 sequebatur
1933 2662 2074 2718 Pau-

507 2743 642 2811 lum,
671 2755 725 2801 et
756 2763 849 2803 eos
873 2751 962 2818 qui
995 2765 1118 2804 cum
1163 2768 1228 2807 eo
1265 2763 1441 2817 erant,
1471 2763 1523 2809 et
1550 2755 1820 2809 clamabat
1843 2755 2066 2811 dicens:

512 2855 532 2886 α
560 2836 646 2892 Isti
674 2838 915 2894 homines
939 2843 1079 2896 servi
1107 2853 1233 2897 sunt
1264 2845 1458 2900 summi
1485 2847 1599 2912 Dei,
1623 2847 1716 2916 qui
1748 2847 2074 2902 annuntiant

509 2928 649 2982 viam
691 2931 902 2997 salutis,
934 2941 988 2988 et
1014 2935 1116 2988 hoc
1153 2933 1386 2991 faciebat
1416 2951 1513 3006 per
1541 2937 1656 2992 dies
1689 2937 1886 2993 multos
1921 2938 1991 2994 δι.
2039 2956 2057 2990 ι

507 3018 659 3074 Unde
685 3024 990 3079 ostenditur
1015 3042 1118 3080 non
1158 3043 1255 3098 pro
1285 3029 1616 3098 blasphemia
1645 3029 1887 3085 doluisse
1931 3029 2072 3084 Pau-

505 3111 635 3176 lum,
663 3113 756 3166 sed
785 3129 881 3182 pro
920 3131 986 3171 eo
1021 3121 1162 3187 quod
1204 3121 1478 3191 indignum
1517 3121 1791 3190 judicaret
1829 3121 2066 3176 sermoni
2098 3147 2138 3203 ε

504 3217 602 3255 suo
633 3204 703 3258 ab
726 3205 915 3275 spiritu
953 3207 1211 3280 Pythonis
1252 3213 1619 3267 testimonium
1671 3214 1811 3267 dari.
1840 3212 1995 3279 Quod
2024 3212 2068 3266 si

503 3295 704 3352 Paulus
725 3300 1089 3355 testimonium
1125 3303 1225 3358 sibi
1265 3318 1386 3358 eum
1417 3303 1550 3359 dare
1580 3319 1685 3358 non
1718 3305 1945 3374 patitur,
1977 3303 2070 3357 sed

503 3387 648 3442 dolet
669 3404 832 3458 super
861 3390 961 3445 hoc
989 3409 1004 3446 :
1030 3402 1233 3462 quanto
1270 3395 1444 3464 magis
1482 3395 1666 3450 dolere
1715 3395 1994 3457 debemus,
2023 3393 2067 3448 si

501 3481 719 3547 quando
745 3481 920 3550 decipi
946 3482 1192 3540 videmus
1217 3486 1430 3541 animas
1455 3485 1523 3539 ab
1561 3486 1646 3552 iis,
1677 3487 1767 3555 qui
1804 3486 1952 3541 velut
1987 3487 2070 3542 di-

501 3569 627 3623 vino
654 3570 815 3624 alicui
845 3573 1060 3642 spiritui
1097 3574 1376 3646 Pythonis,
1426 3585 1520 3629 aut
1568 3575 1930 3644 ventriloquo,
1977 3587 2072 3633 aut

499 3659 703 3726 d;vino,
733 3666 1058 3730 autauguri,
1103 3665 1187 3718 vel
1219 3665 1340 3719 aliis
1381 3665 1720 3734 quibuslibet
1762 3665 2067 3735 hujusmodi

500 3750 838 3807 dminonibus
866 3755 1377 3825 credunt’Propter
1407 3757 1509 3811 hoc
1535 3771 1667 3826 ergo
1694 3771 1706 3806 :
1745 3775 1763 3808 ‹
1801 3756 1916 3811 Νοη
1942 3759 2065 3820 erit.

502 3839 674 3908 inquit
717 3842 784 3908 ",
829 3847 1112 3914 auguratio
1148 3847 1200 3900 in
1255 3845 1448 3912 Jacob,
1482 3862 1660 3916 neque
1716 3849 1982 3904 divinatio
2011 3851 2064 3904 in

500 3925 678 3984 Israel.
727 3950 745 3984 ι
777 3933 879 3987 Sed
910 3936 1037 4004 quid
1083 3936 1149 3990 iis
1189 3937 1448 3991 additur?
1488 3955 1507 3988 ι
1553 3937 1611 3992 ln
1674 3948 1938 4008 tempore,
1984 3940 2068 3994 in-

501 4023 638 4089 quit,
684 4025 898 4079 dicetur
971 4027 1158 4094 .lacob,
1231 4039 1284 4083 et
1344 4030 1552 4098 lsraeli,
1607 4034 1750 4101 quod
1829 4033 2070 4101 perﬁciet

503 4113 664 4167 Deus.
697 4134 716 4166 ι
759 4116 896 4182 Quid
926 4129 1028 4183 est,
1085 4138 1102 4170 ι
1156 4117 1212 4172 1η
1264 4130 1506 4190 tempore
1558 4122 1802 4178 dicetur?
1857 4141 1876 4174 ι
1935 4123 2070 4178 Cum

500 4217 733 4274 oportet,
763 4220 960 4264 etcum
997 4213 1235 4280 expedit,
1269 4213 1370 4268 hoc
1416 4223 1520 4277 est,
1567 4233 1585 4267 ι
1632 4217 1688 4270 in
1738 4225 2001 4284 tempore.
2044 4234 2062 4268 ι

503 4301 559 4354 Si
595 4316 723 4370 ergo
749 4305 964 4372 expedit
993 4319 1329 4374 praenoscere
1372 4320 1472 4360 nos
1507 4305 1708 4370 futura,
1753 4308 2005 4363 dicentur
2029 4325 2058 4362 a

502 4393 612 4447 Deo
637 4410 732 4462 per
767 4395 1089 4464 prophetam
1116 4396 1228 4460 Dei,
1261 4413 1355 4466 per
1390 4397 1656 4466 Spiritum
1702 4409 1970 4454 sanctum.
2008 4400 2065 4454 Si

2185 563 2398 617 Balaam
2437 562 2772 633 recipiendus
2809 571 2892 618 est
2926 577 2956 617 a
2995 564 3170 620 nobis.
3209 564 3361 620 Unus
3412 567 3557 620 enim
3597 579 3658 618 ex
3685 565 3746 620 iis

2183 663 2284 720 est,
2315 669 2451 724 quos
2480 655 2642 723 recipi
2671 654 2926 724 prohibet
2964 655 3147 710 divina
3188 657 3485 711 sententia.
3518 655 3624 710 Sed
3657 660 3742 710 ad-

2182 757 2331 803 verte
2361 747 2688 817 diligentius,
2721 758 2776 802 et
2807 759 3080 804 memento
3123 751 3250 819 quid
3282 750 3339 804 in
3387 751 3744 820 superioribus

2183 839 2430 912 legimus,
2481 843 2572 898 ubi
2624 842 2818 897 dicitur
2861 841 2927 897 de
2971 855 3036 896 eo
3077 843 3202 912 quia
3257 843 3445 912 injecit
3503 842 3742 897 Dominus

2181 934 2405 988 verbum
2433 949 2588 988 suum
2622 935 2674 988 in
2713 949 2775 989 os
2808 937 2945 1001 ejus.
2994 933 3108 988 Non
3170 949 3299 1005 ergo
3357 936 3477 989 haec
3541 950 3682 989 nunc
3716 951 3740 988 a

2182 1021 2417 1088 Balaam,
2449 1025 2540 1078 sed
2571 1041 2598 1078 a
2627 1025 2792 1078 verbo
2819 1025 2935 1088 Dei,
2973 1026 3113 1094 quod
3153 1026 3206 1079 in
3239 1041 3337 1081 ore
3374 1025 3500 1094 ejus
3540 1037 3625 1081 est
3659 1042 3740 1096 po-

2181 1114 2363 1180 situm,
2393 1114 2671 1168 discimus.
2697 1114 2808 1169 Nisi
2843 1115 2986 1170 enim
3030 1115 3196 1170 verba
3251 1117 3342 1171 Dei
3397 1130 3610 1182 essent,
3649 1133 3738 1172 nol

2179 1220 2240 1260 ea
2265 1206 2445 1274 utique
2477 1206 2765 1261 revelasset
2798 1205 2994 1261 famulo
3041 1222 3140 1261 suo
3174 1207 3363 1278 Moysi,
3406 1223 3531 1278 qua
3571 1210 3739 1276 procul

2179 1297 2382 1365 positus
2411 1313 2531 1352 cum
2565 1299 2632 1351 ab
2663 1314 2729 1352 eo
2764 1299 2875 1367 regi
2921 1298 3121 1353 Balaclt
3158 1301 3498 1364 dicerentur,
3552 1312 3739 1356 certum

2178 1399 2262 1445 est
2289 1392 2428 1458 quod
2469 1390 2569 1444 nisi
2609 1405 2638 1442 a
2673 1389 2784 1444 Deo
2805 1388 2906 1444 sibi
2943 1389 3178 1444 revelata
3211 1389 3426 1461 Moyses
3456 1392 3607 1446 scire
3650 1407 3740 1446 nou

2179 1484 2370 1550 potuit.
2407 1481 2600 1535 Adhuc
2634 1489 2812 1534 autem
2847 1480 2913 1532 ad
2945 1478 3326 1535 destruendam
3369 1483 3596 1552 penitus
3623 1484 3742 1536 divi-

2180 1573 2480 1634 nationem,
2507 1571 2588 1625 vel
2620 1571 3046 1641 augurationem,
3090 1581 3254 1643 atque
3287 1575 3392 1629 alia
3427 1576 3740 1645 hujusmodi,

2177 1663 2340 1716 etiam
2384 1661 2487 1715 hoc
2521 1669 2892 1729 competenter
2925 1661 3202 1725 addemus,
3254 1664 3400 1730 quod
3441 1679 3632 1717 omnes
3667 1665 3742 1719 isti

2181 1753 2380 1819 avium,
2425 1752 2506 1807 vel
2556 1752 2868 1806 animalium
2915 1752 3217 1807 ministerio
3248 1763 3500 1819 utuntur,
3547 1755 3642 1809 sed
3675 1766 3744 1807 ta-

2179 1844 2309 1896 lium
2347 1859 2468 1914 quze
2495 1854 2548 1899 et
2573 1843 2846 1898 immunda
2878 1844 3197 1898 scribuntur
3227 1844 3280 1898 in
3311 1845 3452 1914 lege,
3479 1856 3539 1898 et
3567 1845 3740 1898 humo

2178 1948 2248 1988 no
2292 1935 2474 2004 generi
2532 1934 3011 2004 deprehenduntur
3060 1949 3276 2004 semper
3325 1935 3740 1996 insidiantia,ex

2177 2035 2283 2091 quo
2322 2025 2508 2092 utique
2536 2033 2861 2093 opportuna,
2913 2031 2967 2078 et
2999 2023 3158 2093 digna
3217 2023 3534 2078 ministerio
3563 2029 3742 2080 dtu»

2177 2130 2302 2169 num
2359 2115 2597 2186 judicata
2648 2125 2793 2170 sunt.
2863 2113 2996 2170 Nam
3060 2115 3392 2186 pythonibus
3452 2117 3743 2187 dracones,

2176 2207 2376 2276 aliique
2401 2216 2677 2277 serpentes
2702 2207 3012 2261 ministrare
3040 2207 3419 2274 perhibentur.
3448 2211 3745 2280 Auguribus

2175 2308 2230 2353 et
2259 2299 2322 2352 iis
2351 2300 2441 2368 qui
2475 2314 2542 2354 ex
2577 2300 2933 2355 incidentibus
2976 2303 3249 2356 divinandi
3296 2311 3526 2372 captare
3564 2315 3742 2372 putau-

2179 2401 2267 2447 tur
2298 2391 2559 2460 auspicia,
2599 2401 2692 2446 aut
2728 2391 2835 2462 lupi
2868 2393 3051 2447 lerunt
3074 2393 3277 2458 omina,
3303 2405 3399 2448 aut
3421 2393 3634 2463 vulpes,
3665 2404 3748 2450 aut

2175 2483 2486 2554 accipitres,
2543 2492 2638 2537 aut
2686 2486 2856 2551 corvi,
2907 2492 3000 2539 aut
3036 2486 3249 2555 aquilas,
3283 2495 3377 2540 aut
3407 2487 3518 2540 alia
3573 2488 3742 2555 hujus-

2176 2575 2340 2638 modi,
2366 2589 2484 2644 quae
2521 2576 2576 2629 in
2611 2574 2729 2645 lege
2755 2575 2966 2648 Moyses
2993 2579 3073 2651 (ut
3103 2578 3361 2646 diximus)
3396 2580 3466 2634 iis
3495 2581 3662 2634 credo
3689 2582 3746 2634 de

2175 2668 2358 2724 causis
2383 2669 2597 2722 notavit
2629 2668 2926 2724 immunda.

2242 2758 2295 2813 8.
2329 2758 2456 2813 Post
2482 2758 2631 2813 hac:
2661 2775 2680 2810 ι
2710 2758 2880 2828 Ecce,
2909 2760 3116 2830 inquit,
3157 2760 3386 2831 populus
3425 2761 3574 2815 sicut
3603 2767 3744 2814 cat--

2175 2849 2257 2904 lus
2294 2849 2468 2904 leonis
2503 2859 2759 2921 exsurget
2787 2890 2803 2915 ,
2833 2859 2888 2906 et
2916 2853 3060 2907 sicut
3087 2851 3172 2907 leo
3203 2851 3505 2908 exsultabit
3525 2852 3594 2907 ⁸³.
3642 2871 3662 2904 ι
3691 2851 3740 2906 le

2173 2941 2240 2995 iis
2269 2941 2399 2996 mihi
2431 2942 2641 2997 videtur
2669 2941 3049 2998 conﬁdentiam
3073 2943 3251 3011 populi
3283 2942 3604 2996 describere
3635 2957 3746 2995 cre-

2173 3027 2349 3082 dentis
2386 3027 2439 3081 in
2474 3028 2710 3095 Christo,
2740 3039 2796 3084 et
2817 3030 3114 3084 libertatem
3138 3045 3298 3100 quant
3328 3031 3497 3085 habet
3543 3031 3597 3085 in
3633 3033 3744 3094 ﬁde,

2175 3127 2228 3172 et
2261 3119 2678 3174 exsultationem
2721 3135 2884 3190 quam
2939 3125 3081 3192 gerit
3121 3121 3172 3174 in
3228 3135 3346 3190 spe.
3393 3121 3744 3191 Comparate:

2173 3209 2314 3264 enim
2358 3210 2535 3265 catulo
2585 3211 2782 3278 leonis,
2839 3227 2960 3268 cum
3017 3213 3187 3267 tendit
3234 3215 3302 3269 ad
3359 3216 3741 3283 perfectionem

2175 3298 2348 3363 laetus,
2377 3308 2430 3354 et
2456 3299 2609 3354 velox
2638 3319 2650 3356 :
2677 3300 2814 3356 leoni
2850 3315 2980 3357 vero
3016 3303 3315 3367 confertur,
3345 3318 3473 3357 cum
3512 3303 3626 3370 jam
3652 3305 3744 3356 ob-

2173 3387 2308 3440 tinet
2340 3402 2460 3457 qua:
2489 3389 2727 3457 perfecta
2759 3401 2906 3448 sunt.
2959 3392 3111 3448 Sicut
3138 3396 3280 3448 enim
3319 3393 3408 3449 leo
3438 3402 3500 3447 ct
3543 3394 3748 3447 catulus

2172 3476 2344 3532 leonis
2375 3479 2576 3533 nullum
2630 3481 2851 3548 animal,
2895 3483 3096 3536 nullam
3137 3484 3364 3538 bestiam
3410 3483 3627 3548 timent,
3659 3485 3748 3536 sed

2172 3578 2294 3622 sunt
2339 3569 2417 3623 eis
2459 3579 2652 3625 cuncta
2707 3571 2954 3640 subjecta
3006 3594 3018 3628 :
3078 3575 3151 3627 ita
3195 3584 3251 3628 et
3298 3574 3547 3644 perfecto
3590 3573 3750 3646 33‘

2171 3659 2518 3724 Christiano,
2556 3661 2651 3730 qui
2677 3662 2816 3716 tollit
2841 3678 3059 3735 crucem
3091 3679 3241 3718 suam
3262 3666 3581 3734 etsequitur
3599 3667 3750 3720 Curi.

2172 3761 2337 3814 stum,
2369 3752 2457 3820 qui
2483 3762 2659 3822 potest
2681 3755 2883 3820 dicere,
2925 3773 2944 3806 r
2979 3755 3107 3810 Mihi
3135 3757 3281 3811 enim
3312 3759 3551 3812 mundus
3576 3759 3750 3812 cruci-

2172 3843 2310 3897 tixus
2331 3855 2437 3909 est,
2457 3855 2512 3898 et
2531 3861 2634 3915 ego
2659 3847 2858 3899 mundo
2878 3847 2945 3912 “,
2969 3867 2988 3900 ι
3007 3860 3198 3902 cuncta
3227 3849 3540 3915 calcantur,
3560 3861 3748 3904 cuncta

2170 3933 2414 4003 subjecta
2427 3946 2570 3990 sunt.
2594 3938 2826 4007 Despicit
2844 3941 2987 3994 enim
3005 3942 3376 3994 etcontemnit
3395 3943 3602 4004 omnia,
3633 3957 3750 4010 qua:

2173 4027 2225 4080 in
2258 4026 2361 4082 hoc
2389 4029 2586 4083 mundo
2604 4039 2751 4094 sunt,
2781 4041 2838 4084 et
2866 4032 3107 4084 imitatur
3125 4046 3248 4085 eum
3283 4033 3375 4101 qui
3407 4034 3495 4087 leo
3517 4035 3580 4086 de
3611 4032 3749 4085 tribu

2169 4117 2304 4174 Juda
2332 4118 2549 4186 dicitur,
2572 4129 2627 4175 et
2654 4121 2866 4176 catulus
2897 4121 3066 4176 leonis
3089 4123 3310 4187 dicitur,
3329 4124 3458 4191 quia
3488 4123 3635 4176 sicut
3661 4122 3748 4175 lux

2169 4219 2251 4264 est
2293 4211 2498 4277 mundi,
2520 4221 2575 4266 et
2605 4212 2881 4280 discipulis
2913 4215 3026 4267 suis
3049 4213 3198 4267 dedit
3225 4224 3284 4267 ut
3321 4223 3377 4267 et
3415 4214 3522 4283 ipsi
3566 4222 3751 4268 essent

2171 4301 2260 4354 lux
2290 4302 2450 4372 hujus
2483 4304 2686 4371 mundi,
2718 4305 2788 4358 ita
2818 4315 2872 4358 et
2905 4320 3028 4360 cum
3054 4306 3168 4374 ipse
3193 4306 3266 4359 sit
3297 4306 3408 4369 leo,
3432 4319 3490 4361 et
3530 4306 3745 4361 catulus

2172 4391 2365 4458 leonis,
2405 4393 2754 4448 credentibus
2794 4395 2845 4447 in
2878 4410 2938 4448 se
2978 4409 3171 4448 nomen
3227 4393 3421 4460 leonis,
3466 4405 3526 4448 et
3581 4396 3743 4450 catuli

503 4497 628 4536 vero
657 4497 760 4536 non
793 4485 1072 4549 dicuntur,
1112 4499 1290 4554 neque
1331 4485 1746 4552 denuntiantur,
1777 4487 1913 4541 scito
1944 4489 2066 4555 quia
2102 4477 2146 4532 ι)
2175 4484 2345 4537 leonis
2371 4484 2636 4552 ascripsit.
2675 4484 2806 4539 Vide
2833 4496 3011 4540 autem
3034 4501 3196 4553 quam
3223 4486 3507 4540 evidenter
3527 4501 3635 4540 non
3678 4487 3740 4539 de

502 4587 606 4625 non
654 4573 810 4629 nobis
865 4575 1084 4644 expedit
1143 4583 1368 4628 ventura
1415 4589 1774 4644 praenoscere.
1819 4574 1971 4640 Quod
2021 4574 2068 4628 si

501 4663 708 4719 idcirco
742 4682 846 4721 non
876 4668 1128 4722 dicuntur
1156 4667 1332 4734 nobis,
1362 4667 1485 4737 quia
1510 4668 1668 4722 nobis
1694 4682 1757 4723 ea
1789 4668 1930 4722 scire
1961 4683 2066 4722 non

501 4760 737 4826 expedit,
768 4761 856 4830 qui
891 4761 1119 4817 diversis
1157 4764 1384 4824 artibus,
1421 4763 1802 4818 ctdaamonum
1845 4763 2068 4817 invoca-

503 4848 740 4903 tionibus
767 4854 1004 4920 gestiunt
1031 4854 1209 4908 futura
1245 4870 1611 4924 praenoscere,
1645 4854 1779 4908 nihil
1817 4854 1960 4909 aliud
1987 4856 2068 4908 fa-

502 4939 672 5003 ciunt,
705 4941 806 4997 nisi
837 4958 898 4996 ea
939 4945 1155 5014 cupiant
1210 4947 1444 5013 discere,
1482 4961 1602 5015 quae
1646 4947 1746 5000 sibi
1793 4946 1934 5001 scire
1962 4961 2067 5002 non

500 5035 738 5101 expedit.
783 5033 951 5089 Jacob
998 5045 1176 5090 autem
1226 5038 1277 5091 in
1327 5038 1392 5092 iis
1428 5039 1529 5092 dici
1564 5035 1944 5106 intelligendus
1986 5045 2070 5092 est

499 5127 680 5180 omnis
735 5128 819 5181 cui
879 5127 1150 5184 luctamen
1207 5138 1290 5184 est
1333 5131 1594 5184 adversus
1644 5129 1981 5198 principatus
2015 5140 2071 5182 et

501 5226 825 5282 potestates,
875 5228 930 5272 et
970 5221 1230 5275 adversus
1276 5219 1432 5287 hujus
1470 5219 1654 5273 mundi
1710 5227 1969 5273 rectores.
2008 5218 2074 5272 Et

503 5305 754 5361 lsraelem
775 5308 1014 5377 intellige
1033 5323 1268 5373 omnem,
1288 5310 1377 5378 qui
1402 5324 1497 5378 per
1523 5307 1646 5363 ﬁdei
1671 5308 1984 5377 puritatem,
2019 5316 2075 5360 et

503 5399 822 5453 nmuditiam
869 5401 1068 5456 mentis
1096 5403 1239 5456 videt
1267 5401 1454 5454 Deum.
1504 5399 1608 5455 Sed
1659 5409 1832 5470 potest
1883 5400 2077 5468 aliquis

501 5495 703 5561 dicere,
729 5495 783 5551 Si
818 5515 847 5550 a
879 5497 994 5552 solo
1030 5496 1138 5551 Deo
1183 5497 1440 5551 debemus
1501 5495 1708 5550 discere
1748 5496 1812 5549 de
1859 5493 2071 5555 futuris,

502 5594 559 5636 et
596 5600 770 5654 neque
813 5587 1081 5649 divinum,
1137 5598 1310 5654 neque
1364 5598 1642 5654 augurem,
1705 5598 1880 5653 neque
1931 5583 2074 5636 aliud

564 5703 611 5734 ’⁷⁸
642 5703 744 5758 Isa.
777 5722 926 5768 xxix,
951 5707 1004 5759 4.
1117 5705 1160 5736 τ’
1196 5704 1358 5758 Marc.
1388 5721 1426 5766 I,
1461 5703 1549 5758 25.

509 5770 555 5805 “
588 5773 705 5826 Cal.
736 5789 807 5837 Vt,
843 5777 926 5830 Η.

1657 5705 1703 5736 ⁸ο
1738 5705 1851 5759 Act.
1892 5720 2000 5766 xvt,
2036 5703 2122 5758 18.

1043 5777 1086 5808 ⁸⁸
1120 5775 1277 5829 Nutu.
1315 5791 1466 5839 um,
1495 5775 1587 5828 ³26.
1665 5775 1709 5806 ⁸⁸
1735 5775 1872 5830 Psal.
1912 5774 2152 5841 “11,52.
2228 5772 2270 5803 "
2311 5773 2327 5826 ι
2361 5771 2501 5826 Petr.
2540 5789 2596 5834 tt,
2629 5772 2682 5824 9..

2178 4576 2267 4628 illo
2292 4576 2382 4645 qui
2414 4586 2538 4630 tunc
2583 4585 2720 4640 erat,
2757 4577 2972 4646 populo,
3012 4578 3106 4632 sed
3150 4580 3217 4632 de
3257 4579 3358 4632 hoc
3403 4579 3497 4646 qui
3535 4579 3746 4631 futurus

2174 4676 2312 4732 erat,
2337 4665 2438 4720 ista
2467 4666 2738 4720 dicuntur.
2769 4668 2860 4720 Ait
2894 4668 3037 4720 enim
3074 4681 3092 4721 :
3124 4686 3141 4718 ι
3173 4667 3311 4722 Ecce
3340 4669 3571 4737 populus
3610 4669 3746 4721 sicut

2175 4757 2388 4812 catulus
2423 4757 2594 4812 leonis
2621 4766 2894 4828 exsurget,
2918 4766 2972 4812 et
3011 4758 3154 4813 sicut
3190 4759 3276 4813 leo
3300 4761 3595 4815 exsultabit
3621 4761 3690 4812 ⁸³.
3722 4777 3741 4808 ι

2177 4847 2627 4904 Exsurrecturum
2664 4849 2797 4902 dicit
2841 4849 3096 4918 populum
3151 4851 3337 4920 utique
3387 4851 3479 4919 qui
3538 4850 3746 4904 tutum

2175 4951 2319 4996 erat.
2359 4939 2494 4993 Nam
2526 4938 2570 4993 si
2601 4941 2667 4994 de
2696 4953 2760 4995 eo
2781 4939 2986 4994 diceret
3017 4955 3176 5010 quem
3230 4940 3475 5005 videbat,
3530 4943 3748 4995 dixisset

2176 5032 2292 5085 sine
2321 5031 2506 5098 dubio,
2520 5031 2654 5085 Ecce
2681 5029 2906 5118 populus
2936 5031 3076 5085 sicut
3103 5031 3314 5085 catulus
3347 5032 3526 5086 leonis
3553 5047 3746 5086 exsur-

2181 5122 2339 5176 rexit.
2367 5121 2474 5177 Sed
2498 5117 2973 5190 ccrtum'est’quia
3008 5120 3076 5175 de
3109 5120 3202 5174 illo
3240 5122 3434 5190 populo
3482 5123 3650 5185 dicat,
3681 5121 3745 5174 de

2180 5228 2288 5282 quo
2313 5213 2365 5267 in
2385 5213 2610 5270 Psalmis
2640 5213 2899 5282 scriptum
2928 5221 3045 5266 est:
3073 5232 3090 5263 ι
3111 5212 3178 5266 Et
3203 5214 3596 5268 annuntiabunt
3615 5212 3740 5267 cali

2178 5308 2445 5376 justitiam
2472 5309 2589 5379 ejus
2623 5308 2817 5378 populo
2853 5309 2947 5378 qui
2987 5318 3262 5375 nascetur,
3301 5325 3459 5378 quem
3488 5309 3606 5364 fecit
3641 5311 3742 5362 Do—

2183 5402 2362 5454 minus
2384 5401 2451 5453 “.
2490 5418 2510 5452 ι
2547 5400 2640 5454 Est
2667 5415 2795 5469 ergo
2813 5400 3042 5470 populus
3061 5401 3147 5455 hlc
3175 5401 3384 5456 catulus
3411 5401 3590 5465 leonis,
3609 5400 3741 5452 dum

2179 5492 2354 5546 adhuc
2382 5499 2634 5558 tanquam
2665 5505 2833 5558 nuper
2855 5492 3020 5561 geniti
3058 5490 3316 5555 infantes,
3347 5491 3660 5545 rationabile
3684 5497 3734 5541 et

2181 5583 2299 5636 sine
2345 5581 2465 5634 dolo
2516 5581 2600 5636 lac
2651 5582 2874 5651 cupiunt
2926 5582 2991 5636 ⁸⁷.
3045 5582 3154 5636 Leo
3211 5594 3388 5639 autem
3439 5581 3737 5640 exsultans.

2242 5703 2283 5733 ⁸¹
2313 5702 2442 5756 ibid.
2472 5702 2556 5767 l7,
2595 5702 2680 5756 18.
2781 5702 2824 5734 ⁸²
2864 5702 3020 5757 Nutu.
3046 5718 3201 5768 xxltl,
3231 5703 3320 5758 23.
3418 5701 3608 5756 "ibid.
3641 5699 3737 5752 25-
