3914 6508
150 370 229 427 Ὶῦί
1206 371 1272 424 ΙΝ
1302 369 1389 425 NU
1402 367 1634 425 MEROS
1674 369 1677 385 "

1784 366 1963 421 lIILIA
2003 366 2164 423 XVII.

3262 375 3361 433 702

147 500 255 545 cum
308 482 735 553 vir'pertectus,
788 500 907 555 quae
949 488 1156 555 parvuli
1206 498 1362 540 erant
1411 488 1674 556 deposuit.
1709 489 1756 544 Α
1786 483 1873 536 hic
1894 497 2024 551 ergo
2054 483 2271 552 sanguis
2303 484 2391 551 qui
2440 486 2748 543 nominatur
2794 503 2931 552 uvze,
2961 489 3104 544 illius
3140 506 3254 547 uvae
3279 509 3361 552 est

206 576 250 633 9.
296 590 315 624 ι
369 571 484 629 Νοη
550 575 783 629 dormiet
834 576 1005 630 donec
1053 579 1303 631 comedat
1341 579 1595 646 przedam,
1634 586 1688 632 et

149 667 435 736 sanguinem
480 669 877 731 vulneratorum
932 672 1077 723 bibat
1114 671 1182 725 ⁸³.
1223 691 1240 724 ι
1278 671 1334 725 In
1378 671 1459 725 his
1511 672 1688 727 verbis

148 760 253 830 quis
286 758 352 811 ita
385 759 489 812 erit
525 760 799 814 historicas
842 764 1168 818 narrationis
1199 766 1567 819 contentiosus
1601 780 1688 817 as-

144 860 319 917 sertor,
352 849 461 905 imo
488 854 609 919 quis
643 854 712 906 ita
741 854 930 909 brutus
971 853 1083 923 (70)
1130 856 1437 938 invenitutva
1454 857 1542 925 qui
1583 872 1687 909 non

145 948 446 1000 horrescens
473 960 661 1001 sonum
688 947 903 1014 litterae,
938 951 1002 1003 ad
1034 950 1301 1020 allegoriae
1345 938 1685 1019 dulcedinem

142 1040 238 1107 ipsa
268 1038 589 1092 necessitate
623 1036 937 1109 conlugiat?
965 1041 1243 1107 Quomodo
1287 1041 1432 1095 enim
1467 1042 1566 1096 iste
1595 1056 1689 1108 po-

139 1132 276 1199 pulus
311 1144 415 1185 tam
448 1132 749 1195 laudabilis,
783 1144 890 1188 tam
917 1135 1249 1204 magnificus,
1290 1134 1357 1188 de
1400 1148 1507 1203 quo
1539 1142 1683 1186 tanta

136 1218 387 1284 przecouia
418 1233 600 1273 sermo
632 1220 724 1272 Dei
766 1230 1066 1287 enumerat,
1128 1224 1181 1276 in
1237 1222 1337 1276 hoc
1393 1221 1591 1284 veniet,
1632 1230 1689 1273 ut

134 1313 430 1383 sanguinem
463 1314 863 1369 vulneratorum
918 1314 1111 1369 bibat?
1164 1315 1299 1370 Cum
1355 1324 1461 1369 tam
1495 1315 1689 1370 validis

137 1406 401 1475 pra-ceptis
454 1406 611 1461 cibus
668 1407 945 1474 sanguinis
1001 1407 1356 1461 interdicatur
1402 1422 1430 1459 a
1470 1406 1599 1466 Deo.
1631 1414 1687 1460 ut

139 1498 285 1551 etiam
314 1512 411 1551 nos
445 1498 535 1567 qui
568 1513 629 1552 ex
667 1501 919 1567 gentibus
949 1501 1121 1554 vocati
1158 1515 1344 1555 sumus
1386 1500 1451 1564 θ’,
1493 1513 1684 1553 neces-

136 1588 573 1656 sariojubeamur
602 1591 897 1654 abstinere,
931 1592 1069 1646 sicut
1124 1594 1188 1647 iis
1235 1607 1352 1661 qua:
1403 1592 1559 1645 idolis
1587 1593 1685 1645 im-

133 1686 403 1743 molantur,
456 1681 529 1734 ita
578 1692 631 1736 et
685 1698 712 1734 a
766 1683 1048 1751 sanguine.
1086 1682 1276 1738 Dicant
1321 1697 1450 1752 ergo
1505 1681 1681 1747 nobis,

130 1772 235 1840 quis
260 1773 469 1827 estiste
499 1772 746 1841 pepulus,
786 1775 879 1843 qui
923 1776 976 1828 in
1012 1790 1109 1828 usu
1164 1776 1323 1830 habet
1365 1777 1679 1844 sanguinem

128 1862 329 1914 bibere;
357 1860 477 1915 "rec
507 1870 663 1916 erant
689 1877 807 1929 quae
837 1872 891 1916 et
928 1863 978 1915 in
1012 1861 1305 1931 Evangelio
1336 1863 1612 1916 audientes.
1644 1862 1676 1915 ii

129 1951 207 2018 qui
236 1964 295 2003 ex
345 1948 541 2005 Judmis
571 1949 853 2004 Dominum
900 1952 1280 2019 sequebantur,
1333 1951 1679 2005 seandalizati

127 2052 259 2106 sunt,
293 2052 349 2096 et
372 2042 621 2097 dixerunt
652 2043 820 2109 :Quis
851 2052 1027 2111 potest
1071 2043 1395 2097 manducare
1435 2057 1678 2107 carnem,

126 2144 172 2187 ct
198 2134 511 2202 sanguinem
542 2133 759 2187 bibere?
794 2132 899 2188 Sed
928 2132 1156 2203 pepulus
1184 2133 1551 2198 Christianus,
1578 2148 1646 2202 po
1665 2161 1679 2172 -

120 2226 260 2293 pultis
295 2226 469 2279 ﬁdelis
501 2225 805 2288 audithaae,
840 2232 894 2279 et
941 2224 1302 2293 amplectitur,
1346 2235 1400 2279 et
1438 2225 1693 2294 sequitur

119 2333 229 2371 cum
252 2319 347 2386 qui
374 2318 501 2371 dicit
527 2335 539 2370 :
574 2337 593 2370 ι
624 2316 735 2370 Nisi
763 2316 1216 2369 inanducaveritis
1240 2330 1460 2369 carnem
1480 2330 1675 2380 meam,

117 2417 163 2458 et
198 2406 448 2459 biberitis
476 2405 793 2474 sanguinem
821 2419 1022 2470 meum,
1053 2420 1156 2459 non
1192 2405 1458 2459 habebitis
1511 2404 1676 2457 vitam

116 2498 162 2548 in
184 2498 331 2551 vobis
371 2497 543 2566 ipsis;
606 2497 730 2566 quia
771 2511 898 2551 caro
951 2512 1067 2551 mea
1106 2512 1234 2551 vere
1287 2497 1442 2551 cibus
1492 2504 1595 2561 est,
1626 2506 1680 2550 et

112 2591 318 2660 sanguis
362 2606 511 2644 meus
535 2605 661 2644 vere
710 2599 790 2644 est
838 2602 999 2658 potus
1031 2590 1099 2643 ’°.
1163 2610 1181 2641 ι
1233 2589 1299 2642 Et
1354 2589 1537 2657 utique
1584 2589 1674 2659 qui

113 2686 213 2735 hrec
240 2682 461 2736 diccbat
496 2681 809 2737 vulneratus
840 2691 921 2736 est
954 2697 1054 2751 pro
1078 2681 1385 2735 hominibus
1413 2682 1677 2751 (7i),ipse

108 2776 238 2827 enim
277 2793 296 2824 ‹
339 2775 654 2830 vulneratus
713 2784 795 2829 est
844 2790 939 2845 pro
995 2776 1234 2842 peccatis
1295 2775 1494 2829 nostris
1544 2776 1610 2837 “,
1652 2793 1670 2825 ι

107 2868 237 2921 sicut
267 2868 440 2922 Isaias
466 2868 616 2920 dicit.
653 2867 842 2921 Bibere
869 2875 1046 2921 autem
1088 2866 1321 2920 dicimur
1357 2868 1675 2933 sanguinem

114 2959 328 3021 Christi,
362 2975 472 3013 nor:
502 2958 671 3013 solum
695 2966 1160 3012 sacramentorum
1200 2956 1333 3021 ritu,
1356 2956 1447 3010 sed
1474 2966 1527 3009 et
1553 2971 1673 3009 cum

107 3064 378 3104 sermones
400 3052 517 3117 ejus
544 3049 855 3117 recipimus,
898 3048 950 3100 in
1003 3047 1197 3117 quibus
1247 3048 1352 3100 vita
1403 3046 1672 3111 consistit,

106 3137 236 3190 sicut
266 3146 319 3191 ct
346 3137 465 3207 ipse
499 3137 628 3191 dicit
664 3153 676 3189 :
711 3153 729 3187 ι
764 3134 938 3190 Verba
977 3150 1102 3204 quae
1147 3134 1357 3189 locutus
1385 3149 1530 3201 sum,
1565 3134 1674 3203 spi-

106 3229 232 3284 ritus
255 3238 310 3283 ct
342 3230 459 3283 vita
492 3238 573 3283 est
599 3228 665 3281 θ’.
702 3247 721 3280 ι
751 3227 846 3282 Est
874 3242 1000 3295 ergo
1022 3225 1135 3295 ipse
1162 3226 1492 3291 vulneratus,
1519 3228 1675 3296 cujus

104 3338 195 3377 nos
220 3323 545 3393 sanguinem
579 3323 834 3388 bibimus,
863 3322 915 3376 id
948 3329 1051 3385 est,
1084 3320 1343 3374 doctrina:
1370 3321 1483 3384 ejus
1505 3324 1671 3376 verba

98 3415 447 3483 suscipimus.
483 3412 589 3467 Sed
628 3423 683 3467 et
722 3412 795 3465 illi
830 3411 1177 3466 nihilominus
1221 3409 1488 3465 vulnerati
1547 3421 1677 3465 sunt

100 3505 182 3571 qui
217 3504 377 3558 uobis
402 3503 626 3556 verbum
656 3502 772 3569 ejus
800 3500 1189 3570 praedicarunt.
1229 3500 1471 3569 Ipsorum
1501 3501 1672 3564 enim,

98 3598 144 3648 id
176 3603 280 3656 est,
309 3592 682 3662 apostolorum
717 3592 836 3662 ejus
869 3593 1033 3645 verba
1057 3606 1178 3645 cum
1208 3591 1463 3661 legimus,
1500 3599 1555 3647 et
1598 3593 1676 3646 vi-

98 3699 295 3742 tamex
336 3687 425 3741 eis
462 3670 867 3754 consequimur,
904 3683 1304 3737 vulneratorum
1357 3683 1671 3753 sanguinem

95 3780 350 3834 labimus.
400 3797 423 3831 ι
470 3774 585 3833 Non
618 3791 782 3846 ergo,
838 3776 1012 3847 inquit
1061 3775 1130 3839 “,
1190 3774 1459 3839 dormiet,
1504 3775 1675 3830 donec

94 3873 343 3926 comedat
376 3870 638 3940 prcedam.
676 3888 694 3921 ι
743 3867 848 3923 Iste
899 3869 1043 3923 enim
1097 3867 1322 3937 populus
1373 3867 1462 3933 qui
1496 3868 1674 3922 catulo

89 3963 284 4027 leonis,
328 3962 422 4017 vel
473 3962 613 4016 leoai
675 3968 1041 4029 comparatur,
1101 3973 1204 4011 nou
1243 3957 1510 4025 quiescet,
1576 3973 1675 4012 nec

89 4055 325 4109 dormiet
367 4056 543 4109 donec
576 4052 749 4121 rapiat
801 4050 1056 4121 prazdam,
1084 4048 1134 4102 id
1168 4056 1268 4113 est,
1300 4050 1472 4102 donec
1504 4049 1676 4117 rapiat

88 4158 314 4213 regnum
345 4142 652 4206 cmlorum;
679 4141 807 4211 quia
850 4158 869 4193 ι
916 4155 942 4192 a
982 4139 1173 4193 diebus
1203 4136 1427 4194 Joannis
1450 4152 1675 4207 regnum

84 4236 356 4289 cmlorum
390 4236 498 4286 vim
531 4234 749 4303 patitur,
781 4242 833 4287 et
871 4230 979 4285 vim
1021 4230 1281 4285 facientes
1329 4229 1589 4299 diripiunt
1617 4229 1677 4284 il-

84 4324 170 4378 Iud
206 4326 276 4378 “.
331 4345 352 4378 ι
401 4323 475 4378 Ut
520 4332 699 4378 autem
764 4322 1067 4377 evidentius
1130 4335 1424 4391 cognoscas
1474 4321 1587 4377 haec
1612 4322 1676 4376 de

82 4430 275 4473 imstro
301 4418 532 4487 populo,
567 4417 657 4487 qui
690 4417 739 4469 in
779 4414 1138 4471 sacramentis
1167 4413 1369 4468 Christi
1399 4413 1674 4469 confoede-

1793 591 1911 645 qure
1942 578 2207 632 'nascitur
2245 593 2306 631 ex
2352 579 2437 633 illa
2482 582 2610 647 vite,
2656 584 2722 637 de
2755 598 2858 653 qua
2894 583 3140 639 Salvator
3185 587 3313 642 dicit
3346 608 3360 643 :

1798 690 1814 722 ι
1857 671 1968 738 Ego
2004 685 2121 724 sum
2152 669 2276 726 vitis
2305 686 2453 737 vera,
2504 690 2523 724 ι
2563 674 2809 744 discipuli
2849 690 2974 731 vero
3026 698 3042 728 ι
3096 678 3359 747 palmites.

1791 760 1952 814 Pater
1980 770 2156 814 autem
2190 762 2422 831 agricola
2459 771 2542 817 est
2571 766 2638 830 ",
2696 784 2714 816 ι
2766 766 2857 842 qui
2901 778 3091 835 purgat
3149 784 3263 834 eos,
3301 778 3360 823 ut

1791 846 2022 899 fructum
2055 847 2341 914 plurimum
2380 846 2623 906 aﬂ‘erant.
2649 851 2725 904 T.u
2757 866 2888 923 ergo
2915 870 2972 909 es
2997 870 3156 910 verus
3188 871 3359 926 popu-

1790 937 2073 1002 luslsrael,
2097 939 2185 1007 qui
2208 941 2314 994 scis
2330 943 2647 1009 sanguinem
2672 942 2875 1008 bibere,
2901 954 2955 999 et
2980 948 3115 1001 nosti
3142 963 3359 1002 carnem

1792 1026 1957 1081 Verbi
1983 1028 2073 1082 Dei
2097 1032 2461 1096 comedere,et
2480 1033 2796 1101 sanguinein
2818 1036 3021 1101 bibere,
3040 1047 3094 1091 et
3112 1053 3225 1091 uvae
3244 1053 3379 1095 san-.

1790 1116 2004 1185 guinem
2032 1117 2172 1172 illius
2202 1133 2320 1187 qua:
2341 1129 2423 1175 est
2446 1136 2511 1174 ex
2540 1137 2665 1176 vera
2697 1123 2801 1177 vite
2828 1134 2881 1178 et
2914 1124 3017 1179 illis
3050 1126 3360 1194 palmitibus

1791 1212 2088 1277 quosPater
2099 1220 2309 1281 purgat,
2325 1212 2560 1267 haurire.
2574 1215 2812 1281 Quorum
2831 1216 3109 1285 palmitum
3130 1220 3356 1284 fructus,

1736 1304 1757 1350 :
1788 1299 2187 1355 vulneratorum
2205 1302 2423 1371 sanguis
2451 1304 2643 1358 merito
2674 1306 2889 1370 dicitur,
2915 1323 3071 1377 quem
3094 1323 3157 1362 ex
3182 1312 3358 1366 verbis

1787 1404 1973 1445 eorum
1996 1404 2049 1449 et
2074 1394 2314 1449 doctrina
2352 1395 2612 1461 bibimus,
2641 1398 2684 1453 si
2712 1408 2889 1454 tamen
2926 1402 3094 1456 simus
3115 1410 3171 1454 ut
3196 1403 3358 1458 catuli

1789 1479 1958 1536 leonis
1974 1494 2349 1554 exsurgentes,
2366 1494 2419 1539 et
2441 1498 2498 1539 ut
2522 1486 2603 1542 leo
2621 1489 2974 1545 exsultantes.
2997 1489 3119 1547 Ha'c
3142 1493 3355 1546 interim

1787 1575 1854 1629 de
1884 1580 2120 1629 secumta
2162 1577 2369 1633 visione
2398 1578 2614 1633 Balaam
2639 1580 2781 1635 dicta
2812 1581 3095 1637 sullieiant.
3131 1586 3359 1639 Oremus

1788 1674 1968 1718 autem
1996 1666 2278 1721 Dominum
2322 1678 2381 1723 ut
2410 1669 2564 1724 nobis
2594 1671 2754 1724 etiam
2786 1672 2851 1725 ad
2883 1681 3099 1736 cmtera,
3142 1688 3261 1741 quae
3290 1675 3359 1727 ab

1787 1775 1851 1815 eo
1882 1760 2196 1830 prophetata
2225 1772 2372 1829 sunt,
2405 1763 2756 1835 intelligenda
2803 1766 3091 1819 lucidiores
3117 1782 3359 1837 quosque

1785 1861 1838 1904 et
1873 1852 2085 1905 veritati
2114 1854 2390 1921 proximos
2418 1870 2612 1911 sensus
2654 1856 2867 1926 aperire
2896 1858 3165 1927 dignetur,
3210 1869 3269 1911 ut
3302 1859 3356 1912 in

1786 1940 1989 2011 Spiritu
2020 1952 2208 1998 sancto
2241 1943 2353 2015 (72)
2383 1946 2790 2001 considerantes
2829 1964 2947 2017 qme
2979 1964 3074 2017 per
3099 1948 3356 2018 spiritum

1783 2033 1984 2101 scripta
2011 2043 2159 2097 sunt,
2187 2043 2242 2089 et
2272 2036 2605 2103 spiritalibus
2645 2039 2908 2108 apiritalia
2950 2054 3355 2108 comparantes,

1783 2124 1939 2194 digne
1975 2125 2079 2177 Deo
2117 2133 2171 2178 et
2222 2135 2411 2181 sancto
2460 2127 2705 2197 Spiritu,
2744 2131 2833 2198 qui
2881 2135 2994 2184 hrec
3052 2130 3356 2198 inspiravit,

1782 2227 1899 2282 qua:
1921 2216 2122 2282 scripta
2157 2225 2281 2269 sunt
2309 2217 2662 2287 explicemus,
2690 2221 2744 2275 in
2780 2223 3000 2277 Christo
3022 2222 3144 2277 Jesu
3170 2223 3356 2277 Domi-

1781 2324 1850 2362 no
1883 2318 2084 2371 nostro,
2117 2309 2200 2363 cui
2228 2319 2314 2365 est
2342 2311 2517 2381 gloria
2549 2321 2603 2368 et
2633 2314 2917 2384 imperium
2943 2316 2993 2369 in
3031 2316 3226 2371 sarcula
3253 2330 3356 2371 sa:-

1780 2400 2043 2454 eulorum.
2070 2400 2261 2456 Amen.

2331 2490 2612 2549 HOMILIA
2651 2495 2811 2551 XVII.

2134 2584 2212 2638 De
2246 2585 2483 2654 ejusdem
2509 2590 2662 2640 tertia
2698 2588 2998 2657 prophetia.

1851 2680 1903 2734 l.
1935 2678 2173 2732 Tertiam
2224 2693 2366 2732 nunc
2408 2681 2749 2749 prophetiam
2793 2696 2859 2735 ex
2903 2682 2969 2735 iis
2998 2695 3119 2751 quae
3176 2696 3358 2737 sermo

1782 2770 1870 2823 Dei
1909 2785 2004 2839 per
2033 2770 2250 2823 Balaam
2296 2771 2537 2841 protulit,
2578 2772 2840 2826 habemus
2887 2770 2939 2824 in
2996 2772 3249 2826 manibus
3301 2781 3357 2825 ut

1777 2862 1940 2916 etiam
1994 2862 2060 2917 de
2111 2863 2225 2932 ipsa
2286 2863 2481 2933 (prout
2541 2864 2803 2919 Dominus
2867 2862 3113 2934 dederit)
3175 2864 3355 2932 aliqua

1779 2954 2128 3008 disseramus.
2183 2952 2394 3008 Etenim
2450 2954 2636 3009 infelix
2718 2956 2820 3009 iste
2886 2954 3087 3009 Balach
3164 2963 3359 3023 putans

1777 3042 1917 3112 quod
1974 3043 2192 3097 Balaam
2254 3044 2437 3099 divino
2496 3046 2561 3099 ad
2614 3045 3041 3101 maledicendum
3094 3046 3199 3101 loci
3261 3061 3359 3117 op-

1779 3134 2078 3203 portunitas
2141 3132 2310 3203 magis
2367 3134 2596 3190 defuerit
2658 3151 2821 3204 quam
2892 3138 3176 3202 voluntas,
3248 3140 3357 3192 uti—

1780 3228 1881 3281 lius
1909 3241 2027 3282 esse
2054 3236 2201 3281 ratus
2228 3228 2272 3281 si
2304 3236 2536 3282 mutaret
2562 3228 2735 3283 locum
2769 3247 2782 3283 :
2813 3249 2829 3280 ι
2874 3227 3032 3293 Veni,
3074 3231 3248 3299 inquit
3288 3231 3355 3295 "',

1780 3324 1832 3369 et
1870 3316 2093 3371 educam
2136 3326 2185 3371 te
2226 3316 2279 3370 in
2304 3317 2474 3372 locmn
2503 3318 2749 3386 alium,si
2770 3320 2941 3388 placet
2968 3320 3093 3382 Deo,
3120 3320 3359 3375 etmalc-

1778 3406 1927 3461 dices
1957 3421 2079 3461 eum
2113 3407 2259 3472 inde,
2291 3417 2344 3462 et
2387 3412 2681 3479 assumpsit
2709 3411 2905 3467 Balach
2934 3413 3106 3481 ipsum
3131 3406 3356 3466 Balaam

1776 3497 1937 3569 335
1984 3500 2037 3553 in
2071 3499 2335 3555 verticem
2377 3502 2576 3556 montis
2618 3502 2813 3571 Fogor,
2849 3504 2939 3572 qui
2970 3505 3141 3557 tendit
3181 3504 3232 3556 iu
3260 3505 3357 3558 de-

1775 3600 2003 3645 sertum.
2034 3608 2052 3642 ι
2098 3591 2204 3646 Eos
2229 3592 2448 3660 quidem
2480 3609 2615 3663 quos
2663 3596 2804 3648 Deus
2835 3602 3008 3657 vocat,
3043 3594 3267 3664 imponit
3302 3596 3355 3648 in

1776 3682 2039 3738 verticem
2078 3684 2277 3739 montis
2326 3684 2454 3739 Sina
2490 3700 2505 3739 :
2535 3685 2621 3739 hic
2660 3695 2841 3741 autem
2873 3685 3098 3751 Balach,
3128 3686 3218 3755 qui
3246 3686 3357 3741 Deo

1772 3779 2077 3830 contrarius
2106 3785 2189 3829 est
2208 3815 2222 3839 ,
2252 3776 2481 3844 imponit
2512 3773 2724 3828 Balaam
2767 3775 2821 3828 in
2866 3774 3125 3829 verticem
3152 3775 3354 3829 montis

1777 3866 1971 3937 Fogor.
2022 3864 2196 3936 Fogor
2245 3874 2427 3919 autem
2468 3865 2856 3934 interpretatur
2902 3865 3177 3919 delectatio
3217 3866 3352 3936 (75).

1774 3959 1833 4013 In
1871 3958 2128 4013 verticem
2180 3974 2308 4028 ergo
2357 3958 2734 4013 delectationis
2768 3968 2823 4011 et
2862 3958 3099 4013 libidinis
3126 3959 3356 4028 imponit

1775 4051 2026 4106 homines
2074 4052 2175 4105 iste
2218 4050 2432 4106 Balach.
2481 4051 2706 4105 Amator
2751 4052 2895 4105 enim
2942 4061 3023 4106 est
3065 4050 3355 4122 voluptatis

1774 4144 1945 4214 magis
1981 4159 2142 4213 quam
2186 4143 2318 4209 Dei,
2361 4152 2416 4198 et
2464 4144 2665 4198 idcirco
2694 4143 2922 4213 imponit
2966 4159 3059 4199 eos
3100 4144 3155 4197 in
3203 4159 3355 4198 sum-

1776 4235 2019 4289 mitatem
2056 4244 2111 4289 et
2154 4237 2410 4291 verticem
2452 4237 2764 4307 voluptatis,
2798 4246 2858 4291 ut
2899 4237 3147 4292 excludat
3191 4252 3285 4292 eos
3324 4254 3354 4292 a

1776 4327 1907 4382 Deo.
1971 4326 2264 4381 Excludens
2321 4328 2464 4383 enim
2527 4338 2582 4383 et
2646 4330 2914 4383 devoratio
2969 4329 3357 4396 interpretatur

1776 4416 1975 4472 Balach
2004 4416 2138 4489 (74).
2178 4418 2300 4472 Ideo
2333 4418 2569 4488 denique
2602 4427 2655 4473 et
2682 4419 2735 4474 in
2772 4434 3013 4474 eremum
3050 4417 3221 4472 tendit
3252 4416 3357 4472 Fo-

82 4522 235 4566 ratus
267 4521 384 4575 est,
420 4510 605 4574 scribi,
639 4508 759 4564 audi
794 4509 1062 4577 quomodo
1108 4514 1161 4560 et
1202 4507 1254 4561 in
1301 4505 1420 4561 aliis
1459 4506 1673 4577 Moyses
1704 4524 1747 4580 ι)
1777 4522 1893 4577 gor,
1928 4509 1981 4563 id
2031 4518 2131 4575 est,
2166 4510 2231 4563 ad
2273 4525 2333 4564 ea
2390 4525 2510 4578 quae
2549 4511 2601 4564 in
2656 4526 2837 4565 eremo
2870 4518 3017 4572 sunt,
3057 4517 3111 4563 et
3145 4508 3356 4563 deserta

76 4605 279 4658 similia
328 4604 650 4667 pronuntiat
704 4602 887 4655 dicens
934 4616 947 4654 :
1003 4616 1021 4650 ι
1069 4597 1329 4669 Butyrum
1368 4599 1528 4654 boum
1557 4641 1572 4665 ,
1620 4610 1675 4654 et

77 4698 159 4751 lac
194 4700 423 4762 ovium,
454 4713 575 4751 cum
617 4696 772 4765 adipe
824 4709 1108 4763 agnorum,
1151 4703 1206 4747 et
1238 4693 1490 4758 arietum,
1541 4692 1676 4748 ﬁlio-

75 4806 195 4841 rum
236 4800 538 4843 taurorum
586 4799 639 4842 et
693 4788 990 4861 hircorum,
1049 4800 1172 4839 cum
1234 4784 1390 4853 adipe
1443 4783 1673 4848 renium,

72 4880 371 4945 frumenti,
412 4888 468 4934 et
489 4878 801 4948 sanguinem
849 4891 966 4930 uva:
998 4875 1187 4930 bibent
1230 4876 1412 4927 vinum
1442 4874 1508 4927 ’⁸.
1552 4891 1571 4926 ι
1612 4873 1678 4927 Et

141 5060 186 5089 ⁸⁵³
212 5056 399 5112 Num.
441 5073 595 5119 XXIII,
624 5055 715 5108 24.
815 5054 858 5086 ⁸³
890 5053 1009 5110 Act.
1040 5067 1130 5119 av.
1207 5050 1252 5082 ’°
1283 5048 1433 5104 Joan.
1467 5066 1540 5111 vi.
1574 5049 1663 5103 54.

67 5132 109 5161 ’³
142 5110 356 5183 Matth.
386 5110 475 5193 an,
522 5110 605 5179 ιε’.
682 5124 726 5156 ⁸⁸
755 5124 911 5178 Deut.
942 5110 1113 5189 xxiii,
1147 5121 1233 5176 14.

138 5294 261 5366 (70)
311 5291 417 5347 Ita
458 5292 662 5366 brutus.
720 5290 811 5366 Sic
855 5289 1061 5366 habent
1115 5302 1243 5366 mss.
1305 5286 1476 5350 Alias,
1523 5302 1544 5337 ‹
1587 5287 1667 5341 sic

68 5357 387 5431 abruptus.
426 5379 443 5410 ι
479 5360 617 5413 Intra
648 5362 820 5413 codex
849 5357 1210 5423 Corbeiensis,
1251 5374 1268 5407 ‹
1308 5366 1451 5411 tanta
1473 5370 1666 5425 praeco-

66 5439 156 5487 nia
189 5449 400 5487 sermo
430 5432 755 5484 dinumerat.
795 5447 813 5477 ι

137 5503 264 5575 (71)
309 5502 479 5565 MSS,
526 5518 543 5549 ε
592 5500 917 5554 hominibus.
962 5516 979 5547 ι
1022 5494 1177 5549 Libb.
1237 5498 1387 5559 editi,
1441 5516 1459 5547 ι
1500 5497 1676 5550 omni-

63 5576 263 5712 Ιωῗῆέ)
298 5643 366 5696 1η
411 5656 542 5696 mss.
597 5636 908 5695 Corbciensi
960 5644 1014 5690 et
1052 5635 1363 5691 Belvacensi
1410 5637 1678 5690 omittitur

118 5734 357 5767 ⁸31.ίίοο

118 5736 176 5765 *2³
248 5734 259 5745 “
339 5752 357 5767 ,
410 5730 431 5761 ι

63 5736 82 5768 ⁸
139 5726 512 5853 (Ἱιὲίοιῖόθοι
537 5789 708 5834 autem
756 5779 1128 5845 interpretatur
1146 5775 1675 5831 paworanmllnde

1744 5053 1799 5103 .9‘
1830 5051 1933 5108 lsa.
1962 5070 2073 5117 LIII,
2126 5057 2179 5110 5.

1327 5121 1372 5151 "
1402 5119 1559 5174 Joan.
1594 5136 1687 5187 xv,
1711 5122 1765 5188 1,
1798 5122 1905 5177 5et
1937 5124 1991 5179 8.

1784 4601 1889 4655 Deo
1929 4603 2168 4671 negotia.
2216 4621 2234 4654 ι
2267 4602 2332 4656 Ει
2376 4603 2512 4655 dixit
2551 4601 2771 4655 Balaam
2816 4603 2881 4655 ad
2933 4600 3127 4654 Balach
3164 4617 3177 4653 :
3218 4600 3358 4655 Con-

1783 4701 1932 4746 strue
1964 4693 2095 4747 mihi
2122 4692 2211 4748 hic
2240 4704 2447 4762 septem
2476 4708 2623 4758 aras,
2666 4702 2718 4747 et
2756 4692 2840 4745 fac
2872 4692 2999 4747 mihi
3036 4694 3121 4746 hic
3151 4700 3356 4760 septem

1786 4786 2005 4851 vitulos,
2055 4796 2113 4840 et
2163 4798 2366 4857 septem
2408 4787 2609 4842 arietes
2648 4805 2660 4840 :
2697 4796 2746 4840 et
2799 4788 2925 4841 fecit
2974 4785 3169 4839 Balach
3218 4785 3358 4837 sicut

1787 4877 1925 4931 dixit
1953 4880 1999 4933 ei
2028 4879 2267 4946 Balaam,
2301 4890 2355 4935 et
2404 4879 2600 4935 obtulit
2627 4879 2875 4945 vitulum,
2932 4888 2985 4934 et
3018 4879 3241 4934 arietem
3269 4892 3360 4931 su-

2266 5058 2312 5089 ⁹³
2338 5055 2492 5110 Joan.
2528 5074 2601 5123 vt,
2630 5056 2718 5111 δι.
2796 5058 2840 5091 ⁹³
2866 5057 3021 5111 Num.
3065 5074 3222 5124 xxiii,
3263 5056 3355 5111 2i.

2069 5126 2113 5157 ’⁷
2142 5125 2297 5181 Num.
2328 5144 2482 5193 mu,
2508 5128 2705 5193 27,28.

1776 5288 1955 5358 Fogor
1979 5293 2377 5361 ﬁnterpretetur
2410 5294 2731 5359 delectatio,
2774 5294 2947 5349 fateor
3004 5308 3089 5347 me
3122 5296 3353 5349 nescire.

1782 5371 1944 5426 Tum
1972 5366 2118 5417 enim
2143 5365 2380 5419 radicem
2407 5366 2607 5419 habere
2650 5364 2863 5419 videtur
2899 5374 3017 5429 Ἶνξ)
3050 5382 3069 5415 ι
3121 5367 3356 5429 aperuit,

1785 5431 2064 5553 dgitendit,
2112 5452 2131 5484 ι
2168 5436 2310 5503 quod
2363 5435 2563 5488 nullam
2607 5436 2773 5489 habet
2818 5451 2939 5489 eum
3000 5434 3358 5488 delectatione

1787 5515 1816 5552 a
1881 5512 2129 5556 nitatem.

1855 5594 1967 5663 (74)
2024 5595 2340 5648 Excwpeas
2376 5594 2516 5647 enim
2561 5604 2607 5647 et
2648 5605 2955 5646 pavonum
2988 5592 3361 5659 interpretatur

1784 5678 2005 5733 Balach.
2059 5676 2149 5731 Vel
2186 5692 2212 5729 a
2264 5664 2394 5741 ὡς,
2435 5696 2451 5727 ι
2498 5677 2799 5731 exiuauivit
2846 5694 2863 5728 ι
2896 5675 2975 5729 vel
3012 5691 3040 5729 a
3071 5665 3179 5739 V5:
3219 5695 3235 5727 ι
3266 5680 3359 5731 ab-

1786 5762 2007 5831 sorpsit,
2043 5762 2348 5827 devoravit,
2381 5779 2399 5811 ι
2437 5768 2541 5815 etc.
