3914 6520
509 334 612 391 703

1989 328 2310 388 ORIGENIS

3682 331 3779 385 7M

507 471 604 524 per
651 471 800 509 aram
824 455 892 510 ".
920 473 939 506 ι
1000 454 1201 522 Aperta
1255 453 1475 521 quidem
1528 452 1773 523 Apostoli
1825 451 2096 507 sententia
2127 453 2174 509 Α
2203 447 2541 502 contrariam
2576 455 2900 518 potestatem
2942 446 3183 506 victimis
3231 447 3348 505 suis
3396 446 3664 505 assistere
3697 464 3781 504 aa-

507 556 592 600 est
617 547 849 601 dicentis
873 549 918 582 9’
955 563 970 599 :
1011 565 1028 598 t
1055 544 1182 612 Quae
1214 546 1360 600 enim
1392 544 1713 601 sacriﬁcant
1739 553 1952 613 gentes,
1978 543 2090 598 dte-

511 637 736 696 tnoniis.
788 647 840 691 et
871 653 977 691 non
1013 636 1122 690 Deo
1170 635 1506 692 sacriﬁcant.
1535 655 1554 688 ι
1597 633 1706 690 Sed
1743 645 1798 690 et
1829 633 2091 704 propheta

507 729 756 784 similiter
786 731 914 784 dicit
942 731 959 761 ¹
992 747 1004 783 :
1037 749 1056 781 ι
1087 730 1548 786 Sacriﬁcaverunt
1571 730 1871 794 daemoniis,
1897 737 1952 784 et
1981 744 2088 782 non

509 822 636 875 Deo.
667 840 685 871 ι
744 821 950 876 Tamen
1003 824 1262 892 quoniam
1301 833 1356 879 et
1400 824 1486 879 lex
1536 824 1628 878 Dei
1686 825 1752 878 de
1806 822 2090 901 sacriﬁciis

506 915 773 984 praecipit,
821 927 876 970 et
923 917 1086 970 ritum
1135 918 1479 972 sacriﬁcandi
1527 918 1694 973 tradit
1726 918 1850 972 ﬁliis
1900 917 2086 983 Israel,

507 1006 815 1070 requiratur
843 1007 1118 1073 fortassis,
1165 1025 1264 1063 cur
1295 1010 1407 1064 lucc
1438 1027 1561 1066 cum
1603 1012 1882 1065 dtetnouiis
1912 1011 2088 1064 dicata

508 1099 816 1165 videantur,
854 1101 1017 1154 etiam
1052 1100 1474 1170 Deojubeantur
1505 1103 1713 1160 oﬂerri.
1754 1104 1820 1160 Et
1845 1106 1951 1158 erit
1978 1103 2091 1173 qui-

506 1191 628 1244 dem
685 1193 914 1262 simplex
955 1205 1010 1249 et
1046 1206 1154 1250 ctta
1202 1198 1504 1266 responsio,
1539 1209 1596 1252 ut
1634 1200 2087 1269 quemadmodum

508 1283 562 1336 in
595 1283 718 1338 aliis
757 1287 1118 1353 ostendimus,
1147 1289 1288 1356 quod
1317 1288 1557 1344 libellum
1594 1290 1800 1358 repudii
1831 1292 1947 1343 dari
1981 1292 2130 1342 non:

506 1374 600 1430 Dei
642 1377 941 1433 voluntatis
990 1379 1105 1442 fuit,
1170 1381 1260 1452 qui
1313 1384 1455 1452 quod
1510 1383 1869 1454 coniunxerat
1916 1383 2090 1437 nolttit

508 1471 776 1537 separari,
811 1472 908 1532 sed
938 1472 1148 1545 Moyses
1178 1475 1292 1528 haec
1323 1477 1541 1547 proprie
1575 1479 1640 1530 ad
1673 1477 1930 1531 duritiam
1968 1491 2090 1531 cor-

506 1563 592 1617 dis
623 1561 934 1619 Judat-orum
966 1569 1191 1635 scripsit
1228 1587 1241 1622 :
1287 1570 1357 1622 ita
1396 1571 1559 1624 etiam
1591 1579 1646 1624 et
1679 1571 1744 1622 de
1785 1571 1888 1624 hoc
1918 1571 2086 1626 videri

506 1656 701 1724 P053“.
754 1658 880 1726 Quia
918 1658 1080 1724 Deus,
1132 1660 1274 1715 sicut
1309 1676 1405 1730 per
1446 1661 1608 1715 alium
1641 1659 1970 1730 Prophetam
2004 1665 2087 1716 di-

508 1747 585 1801 cit
608 1750 652 1812 ',
691 1763 795 1801 non
834 1752 1126 1804 tnandncat
1175 1767 1374 1806 carnes
1407 1762 1705 1818 taurorum,
1737 1769 1836 1809 nec
1871 1755 2088 1825 sangui-

2196 533 2435 599 dentem,
2494 533 2746 590 exclusos
2795 549 2919 592 esse
2973 551 3164 593 omnes
3213 536 3435 593 malitia
3486 537 3780 602 ministros,

2195 627 2394 694 quibus
2425 628 2507 681 uti
2541 629 2607 684 ad
2641 627 3075 684 maledicendum
3117 629 3357 710 solebat,
3406 631 3590 699 potuit
3612 643 3680 684 ex
3711 631 3782 684 bis

2194 719 2559 785 intellexisse,
2588 720 2716 791 quia
2755 723 2954 776 bonum
2983 732 3127 776 esset
3153 723 3208 776 in
3240 732 3546 790 conspectu
3583 720 3780 775 Domini

2193 811 2522 868 benedicere
2559 811 2746 868 Israel.
2789 812 2903 884 Ego
2937 823 3120 868 tamen
3155 815 3328 884 magis
3362 814 3497 866 illud
3529 813 3780 883 intelligo,

2192 905 2336 974 quod
2390 903 2626 974 phpulus
2662 907 2774 972 ille,
2817 907 2910 977 qui
2946 923 3091 961 nunc
3128 922 3301 962 vanus
3347 917 3455 971 est,
3493 917 3554 960 et
3594 907 3669 959 illi
3699 909 3782 960 ω

2194 995 2392 1059 ctor'es,
2424 997 2519 1063 qui
2552 996 2769 1050 Christo
2802 1012 2908 1052 non
2945 999 3231 1052 credentes
3259 999 3312 1051 in
3347 998 3604 1052 vanitate
3631 1013 3781 1067 popl-

2192 1087 2301 1141 lum
2332 1087 2603 1152 detinent,
2654 1089 2948 1158 aliquando
2983 1090 3151 1144 visuri
3183 1099 3328 1156 sunt,
3371 1091 3426 1144 id
3455 1100 3571 1154 est,
3608 1092 3663 1144 in
3697 1105 3782 1144 lto-

2193 1178 2432 1234 vissimis
2487 1179 2698 1247 diebus,
2751 1197 2874 1235 cum
2910 1181 3191 1252 plenitudo
3218 1183 3461 1252 gentium
3496 1182 3779 1245 introierit,

2192 1279 2245 1324 et
2282 1269 2460 1325 omnis
2513 1268 2676 1325 Israel
2727 1271 2920 1327 venire
2950 1273 3185 1341 cteperit
3231 1272 3299 1325 ad
3349 1272 3520 1327 ﬁdem
3566 1271 3782 1334 Christi,

2193 1361 2290 1424 illi,
2331 1361 2578 1430 inquam,
2620 1363 2712 1430 qui
2744 1379 2890 1418 nunc
2930 1363 3118 1419 oculos
3145 1364 3414 1419 habentes
3445 1379 3559 1417 non
3589 1363 3782 1424 vident,

2195 1461 2324 1506 tunc
2355 1452 2640 1507 videbunt.
2665 1452 2968 1509 Elevahunt
2991 1455 3136 1510 enim
3162 1455 3349 1511 oculos
3379 1471 3517 1510 suos
3542 1457 3613 1508 ad
3644 1455 3785 1508 altio-

2193 1557 2282 1598 res
2314 1552 2370 1597 et
2417 1545 2690 1613 spiritales
2720 1560 2941 1609 sensus,
2975 1555 3029 1600 et
3067 1546 3352 1612 videbunt,
3383 1557 3440 1602 et
3495 1545 3786 1614 intelligent

2190 1635 2318 1705 quia
2367 1636 2564 1690 bonum
2615 1647 2700 1692 est
2746 1638 2799 1692 in
2845 1649 3145 1707 conspectu
3191 1639 3406 1693 Domini
3462 1637 3784 1692 benedicere

2191 1727 2490 1796 spiritalem
2524 1729 2714 1784 Israel.
2766 1729 3038 1784 Videbunt
3085 1731 3228 1785 enim
3287 1745 3414 1784 eum
3460 1731 3786 1798 dispositu:

509 1851 633 1891 nent
681 1837 954 1894 hircorum
1011 1851 1178 1910 potat.
1246 1843 1310 1896 Et
1365 1844 1493 1898 item
1543 1854 1600 1898 ut
1646 1846 1773 1899 alibi
1827 1818 2088 1916 scriptum
2123 1818 2163 1872 Β
2198 1833 2293 1888 per
2327 1821 2521 1916 "ibus:
2561 1831 2614 1875 θί
2647 1837 2745 1891 per
2774 1822 2991 1916 df’most
3020 1829 3074 1876 ει
3102 1836 3200 1892 per
3221 1821 3482 1916 tamin”)
3514 1832 3572 1916 e}
3600 1838 3792 1916 ⁰¹¹¹¹¹Ϊ¹⁶

508 1939 594 1984 est
617 1931 658 1994 ³,
715 1932 839 2000 quia
901 1949 1049 1988 «non
1102 1937 1352 1990 mandavi
1406 1939 1499 1992 tibi
1531 1939 1596 1994 de
1643 1941 1955 2005 sacriﬁciis,
2008 1941 2090 1996 vel

508 2023 766 2088 victimis,
805 2025 858 2079 in
887 2028 974 2082 die
1018 2043 1122 2097 qua
1176 2029 1336 2084 eduxi
1395 2039 1447 2085 te
1493 2032 1560 2086 de
1605 2041 1748 2088 terra
1797 2034 2037 2107 Aigypti.
2067 2055 2086 2089 ι

510 2111 618 2168 Sed
648 2113 860 2186 Moyses
887 2117 1000 2172 haec
1028 2119 1095 2173 ad
1121 2119 1378 2175 duritiam
1407 2123 1588 2178 cordis
1609 2138 1796 2178 eorum
1833 2143 1928 2194 pro
1965 2143 2095 2181 cou-

510 2207 804 2261 suetudine
838 2209 1070 2276 pessima
1121 2225 1229 2279 qua
1267 2211 1456 2266 imbuti
1504 2211 1723 2268 fuerant
1752 2217 1801 2269 in
1834 2215 2090 2288 Egypto,

507 2298 894 2355 mandaviteis
949 2319 962 2355 :
996 2312 1057 2357 ut
1086 2289 1176 2372 qui
1212 2304 1490 2360 abstinere
1539 2321 1597 2360 se
1636 2323 1742 2362 non
1775 2322 1996 2378 possent
2025 2315 2093 2368 ab

507 2389 863 2458 immolando,
899 2393 1009 2449 Deo
1039 2396 1252 2461 saltem,
1285 2407 1339 2452 et
1385 2413 1491 2453 non
1525 2400 1806 2456 dtemoniis
1847 2403 2092 2460 immola-

508 2492 652 2536 rent.
699 2483 1000 2538 Videndum
1037 2496 1218 2540 tamen
1262 2497 1365 2551 est,
1421 2506 1488 2544 ne
1527 2489 1666 2547 forte
1699 2494 1774 2548 sit
1825 2504 1879 2549 et
1909 2496 2089 2564 aliqua

505 2573 852 2629 sacriﬁcandi
903 2577 1016 2630 Deo
1062 2578 1348 2644 occultior,
1395 2596 1460 2635 ac
1509 2584 1771 2638 secretior
1798 2589 1954 2640 ratio.
2015 2586 2094 2644 Ne

508 2666 670 2731 forte,
721 2670 964 2738 inquam,
1017 2673 1287 2727 sacriﬁcia
1347 2688 1467 2742 qua:
1518 2677 1628 2731 Deo
1665 2676 1988 2745 oll'eruntur,
2023 2681 2088 2735 ad

507 2758 938 2816 destructionem
993 2764 1124 2819 ﬁant
1151 2779 1340 2820 eorum
1377 2767 1801 2834 sacriﬁciorum,
1837 2786 1958 2839 quae
1984 2771 2092 2826 da:-

509 2853 763 2907 mouibus
815 2854 1168 2911 immolantur
1212 2876 1224 2912 :
1267 2867 1322 2913 ut
1374 2861 1503 2929 quia
1540 2876 1638 2930 per
1672 2861 1760 2916 illa
1790 2857 2092 2918 vulneran-

509 2951 598 2996 tur
625 2943 842 3010 auitnte,
895 2963 992 3016 per
1043 2949 1148 3003 ista
1192 2959 1493 3017 sanentur;
1549 2953 1690 3007 sicut
1735 2964 1790 3009 et
1817 2954 1855 3009 ii
1889 2956 2092 3012 conﬁr-

508 3046 684 3097 tnanl,
722 3038 814 3106 qtti
867 3040 1151 3095 medicina:
1201 3043 1453 3112 peritiam
1498 3053 1716 3112 gerunt.
1761 3045 2086 3115 Serpentum

510 3142 745 3196 namque
792 3145 996 3187 venena
1031 3134 1226 3204 depelli
1280 3137 1691 3194 medicamentis
1721 3140 2090 3198 'niltilominus

509 3221 778 3278 confectis
809 3238 872 3278 ex
907 3229 1272 3297 serpentibus,
1300 3230 1612 3299 perhibent.
1667 3232 1744 3288 lla
1773 3249 1900 3304 ergo
1927 3247 1983 3291 et
2009 3252 2095 3292 sa-

508 3312 841 3369 criﬁciorum
875 3316 1307 3375 dzemonicorum
1342 3324 1496 3379 virus
1552 3339 1648 3393 per
1685 3327 1956 3383 sacriﬁcia
1989 3329 2098 3384 Deo

505 3406 686 3462 oblata
724 3410 1024 3478 depellitur,
1078 3415 1218 3468 sicut
1248 3423 1302 3468 et
1351 3431 1496 3472 mors
1539 3415 1669 3472 Jesu
1699 3430 1928 3476 mortem
1977 3437 2100 3492 pec-

507 3498 614 3551 cati
651 3501 997 3555 credentibus
1030 3519 1136 3557 non
1169 3505 1295 3560 sinit
1326 3506 1616 3564 dominari.
1654 3509 1719 3565 Et
1752 3513 1970 3581 quidem
2003 3515 2100 3570 do-

509 3604 611 3643 nec
644 3600 855 3661 tempus
885 3595 1216 3662 patiebatur,
1249 3597 1522 3651 sacriﬁcia
1547 3599 1835 3658 sacrificiis
1861 3618 2102 3674 oppone-

507 3681 751 3737 bantur:
805 3685 893 3738 ubi
949 3701 1080 3740 vero
1113 3687 1265 3740 venit
1301 3687 1548 3758 perfecta
1598 3690 1803 3757 hostia,
1837 3706 1892 3750 et
1923 3711 2099 3764 agnus

510 3769 908 3838 immaculatus,
966 3775 1058 3843 qui
1116 3777 1281 3831 totius
1325 3779 1510 3832 mundi
1549 3780 1763 3837 tolleret
1793 3795 2095 3854 peccatum,

509 3863 791 3918 sacriﬁcia
817 3865 906 3919 illa
937 3880 1057 3934 qua:
1079 3867 1395 3938 singillatim
1425 3869 1800 3929 oﬁ‘erebantur
1827 3878 1955 3941 Deo,
1982 3877 2096 3947 jam

509 3952 783 4022 superflua
819 3957 933 4009 Visa
987 3966 1132 4020 sunt,
1169 3974 1290 4013 cum
1328 3975 1434 4014 una
1468 3962 1646 4019 hostia
1677 3967 1858 4022 omnis
1899 3969 2100 4026 drcmo-

511 4060 640 4098 num
670 4046 882 4101 cultura
916 4048 1140 4116 depulsa
1189 4051 1283 4104 sit.
1341 4050 1541 4108 Verum
1578 4053 1797 4110 Balaam
1833 4059 1957 4125 iste,
1985 4061 2100 4117 sive

510 4137 808 4190 secundum
839 4141 1022 4195 cordis
1051 4142 1131 4195 sui
1173 4145 1509 4214 propositum
1539 4150 1681 4216 quod
1709 4166 1812 4204 non
1843 4155 2100 4207 emenda-

513 4238 688 4294 vcrat,
748 4231 863 4285 sive
912 4236 1212 4288 secundum
1246 4236 1397 4291 illam
1446 4237 1694 4309 ﬁguram,
1731 4259 1837 4312 qua
1862 4245 2099 4304 diximus

509 4338 635 4375 eum
693 4331 882 4378 tenere
919 4340 1208 4394 personam
1255 4327 1562 4394 doctorum,
1609 4347 1670 4386 ac
1696 4331 2096 4392 Pharisaeorum

512 4415 691 4485 plebis
748 4417 1063 4482 incredulae,
1114 4421 1382 4474 instaurat
1411 4421 1586 4478 adhuc
1619 4424 1850 4494 hostias,
1878 4443 1932 4484 et
1959 4447 2098 4500 prte-

2195 1924 2471 1978 quemque
2499 1911 2552 1964 in
2585 1926 2683 1964 suo
2710 1911 2907 1966 ordine
2938 1913 3366 1968 resurrectionis
3407 1912 3651 1982 gloria
3678 1915 3791 1964 ade-

2196 2011 2442 2069 pturum,
2479 2011 2536 2057 et
2573 2012 2851 2072 assumpta
2886 2003 3149 2073 parabola
3202 2019 3300 2058 sua
3335 2005 3654 2073 intelligent
3684 2019 3790 2071 qua

2198 2093 2252 2146 in
2287 2094 2564 2163 parabolis
2611 2095 2815 2163 scripta
2848 2104 2977 2149 sunt
3010 2112 3024 2148 :
3055 2111 3179 2164 quae
3210 2111 3356 2150 nunc
3387 2107 3620 2166 propter
3649 2096 3792 2150 vela-

2197 2201 2317 2240 men
2343 2187 2489 2256 quod
2516 2188 2755 2257 positum
2785 2193 2872 2240 est
2901 2200 3066 2257 super
3093 2203 3191 2242 cor
3223 2203 3442 2252 eorum,
3499 2202 3690 2256 neque
3717 2188 3789 2240 vi-

2195 2279 2344 2345 dent,
2385 2293 2561 2349 neque
2607 2279 2937 2351 intelligunt.
2988 2281 3257 2350 Denique,
3292 2298 3312 2330 ι
3357 2294 3470 2334 non
3503 2279 3650 2334 abiit
3675 2321 3692 2340 .
3719 2281 3791 2332 in-

2193 2372 2351 2440 quit,
2391 2387 2460 2427 ex
2496 2386 2648 2427 more
2678 2372 2731 2426 in
2769 2387 3056 2428 occursum
3088 2372 3375 2442 auSpiciis.
3420 2391 3440 2424 ι
3487 2371 3609 2426 Non
3653 2374 3788 2425 eatis:

2195 2479 2348 2519 more
2375 2463 2479 2518 sibi
2510 2463 2692 2529 solito,
2731 2464 2912 2520 stultis
2939 2472 2993 2518 ct
3021 2463 3281 2518 inanimis
3328 2464 3590 2519 sensibus
3625 2465 3789 2533 rapie-

2194 2565 2300 2620 tur,
2335 2555 2662 2610 animalibus
2687 2556 2850 2611 mutis
2881 2564 2936 2612 et
2967 2556 3272 2625 pecudibus
3301 2555 3397 2610 Dei
3435 2558 3789 2609 considerans

2195 2647 2558 2713 voluntatem,
2608 2649 2751 2704 sicut
2795 2649 2856 2714 ii,
2890 2649 2986 2719 qui
3031 2664 3100 2704 ex
3136 2648 3256 2703 istis
3297 2649 3513 2703 talibus
3550 2649 3786 2716 auspicia

2193 2739 2460 2810 colligunt
2495 2757 2509 2793 :
2546 2743 2642 2796 sed
2677 2750 2938 2811 agnoscet
2981 2741 3148 2796 etiam
3184 2740 3322 2809 ipse,
3352 2741 3485 2808 quia
3519 2756 3704 2810 neque
3733 2741 3789 2792 de

2193 2831 2368 2887 bobus
2424 2846 2555 2886 cura
2610 2843 2694 2888 est
2730 2834 2867 2898 Deo,
2922 2833 3175 2888 similiter
3222 2847 3407 2903 neque
3456 2835 3530 2888 de
3579 2833 3788 2895 ονιιιιι

2195 2937 2372 2994 neque
2422 2924 2489 2978 de
2517 2923 2732 2990 avibus,
2784 2924 3018 2994 aliisque
3062 2924 3422 2987 animalibus.
3454 2924 3555 2979 sed
3585 2924 3636 2978 si
3686 2940 3781 2992 qua

2206 3016 2275 3070 de
2328 3016 2414 3070 bis
2479 3017 2684 3087 scripta
2733 3025 2884 3084 sunt,
2941 3029 3165 3088 propter
3219 3017 3478 3073 homines
3532 3016 3788 3086 intelliget

2202 3109 2433 3178 scripta.

2273 3223 2326 3278 3.
2361 3223 2468 3278 Sed
2496 3223 2776 3277 videamus
2799 3221 2910 3290 jam
2939 3238 3062 3293 qua:
3090 3223 3198 3280 sint
3229 3238 3352 3294 quae
3384 3224 3438 3279 in
3472 3225 3640 3278 tertia
3669 3236 3785 3292 pro-

2200 3317 2386 3386 phetia
2439 3319 2797 3385 proloquatur
2849 3316 3088 3370 Balaam.
3151 3336 3169 3369 t
3202 3317 3373 3380 Dixit,
3407 3319 3590 3387 inquit
3611 3320 3662 3381 ³,
3693 3318 3784 3370 Ba-

2203 3409 2343 3463 laam
2377 3408 2519 3463 ﬁlius
2550 3407 2708 3474 Beor,
2740 3408 2904 3462 homo
2941 3423 3070 3463 vere
3115 3409 3324 3470 videns.
3352 3409 3514 3473 dixit,
3563 3410 3788 3462 audiens

2200 3499 2370 3554 verba
2407 3497 2586 3564 fortis,
2639 3498 2733 3567 qui
2768 3498 2944 3552 visum
2984 3497 3078 3552 Dei
3113 3498 3245 3553 vidit
3281 3500 3333 3554 in
3369 3502 3603 3563 somnis,
3640 3514 3788 3554 reve-

2203 3591 2295 3644 lati
2328 3590 2471 3645 oculi
2503 3589 2644 3658 ejus.
2673 3608 2692 3642 ι
2740 3587 2933 3642 Mirum
2967 3588 3214 3658 profecto
3249 3600 3335 3644 est
3363 3590 3533 3662 336
3562 3606 3790 3658 quono-

2201 3683 2271 3736 do
2305 3691 2472 3735 tanta:
2506 3680 2678 3736 laudis
2721 3681 2919 3750 dignus
2966 3681 3240 3736 habeatur
3274 3681 3526 3750 Balaam,
3557 3684 3658 3752 qui
3703 3698 3787 3735 ac-

2202 3785 2358 3845 cepta
2398 3775 2652 3846 parabola
2690 3791 2811 3841 sua,
2844 3776 2960 3831 haec
2987 3777 3053 3831 de
3106 3779 3400 3846 semetipso
3445 3779 3788 3846 pronuntiat.

2201 3866 2485 3932 Quomodo
2530 3867 2674 3921 enim
2729 3867 2894 3921 homo
2943 3883 3071 3922 vere
3099 3870 3288 3922 videns
3315 3869 3541 3922 Balaam
3573 3871 3673 3933 sit,
3702 3869 3788 3937 qui

2203 3957 2806 4028 divinationi,auguriis
2837 3971 3060 4027 Operam
3089 3961 3322 4024 dederit,
3354 3959 3443 4028 qui
3473 3960 3644 4012 etiam
3687 3977 3790 4011 rua-

2204 4052 2339 4122 gictc
2363 4052 2655 4118 studuerit,
2715 4053 2856 4107 sicut
2885 4065 3049 4118 supra
3100 4051 3466 4115 ostendimus,
3506 4051 3672 4106 valde
3699 4052 3792 4104 tl;-

2203 4160 2320 4197 rutn
2359 4152 2464 4208 est,
2509 4144 2611 4198 nisi
2644 4142 2784 4197 forte
2818 4157 2918 4212 pro
2949 4156 3037 4206 eo,
3080 4143 3221 4211 quod
3253 4158 3419 4212 supra
3448 4144 3660 4197 dictu
3692 4153 3792 4204 est,

2204 4233 2330 4297 quia
2361 4233 2585 4302 spiritus
2619 4233 2711 4286 Dei
2743 4231 2920 4288 factus
2949 4233 3112 4287 fuerit
3142 4233 3196 4288 in
3233 4233 3371 4304 ipso,
3404 4245 3462 4288 et
3503 4236 3631 4302 quia
3675 4248 3792 4286 ver-

2203 4325 2330 4378 bum
2363 4325 2456 4379 Dei
2486 4326 2722 4395 positum
2759 4325 2826 4380 sit
2861 4325 2911 4378 itt
2940 4339 3036 4379 ore
3063 4323 3198 4393 ejus,
3246 4325 3363 4388 lucc
3397 4328 3465 4380 de
3500 4342 3565 4380 eo
3598 4337 3792 4394 putet:-

2206 4421 2295 4465 tur
2345 4422 2451 4466 tam
2531 4429 2723 4484 magna
2778 4414 3086 4483 conscripta
3143 4428 3266 4468 esse
3315 4418 3618 4484 praeconia.
3693 4417 3795 4470 Nec

513 4509 696 4576 parari
728 4510 1002 4564 sacriﬁcia
1047 4512 1222 4577 jubet.
1284 4514 1337 4568 1η
1387 4517 1470 4572 his
1521 4519 1665 4573 enim
1704 4535 1916 4576 omnem
1949 4539 2098 4593 spem
2132 4505 2416 4583 DMoyses
2470 4507 2639 4571 enim,
2699 4523 2798 4562 nec
2854 4507 2994 4562 alius
3043 4507 3164 4576 quis
3198 4509 3592 4576 prophetarum
3639 4509 3796 4561 facile

513 4613 708 4666 gvruut
741 4603 797 4666 ii,
833 4620 1071 4672 quorutn
1105 4621 1202 4660 cor
1234 4622 1338 4662 non
1377 4610 1566 4679 recipit
1611 4613 1767 4666 ﬁdem
1798 4613 2024 4672 Christi.

586 4693 641 4746 2.
679 4693 785 4748 Sed
821 4695 948 4764 quid
989 4699 1274 4766 sequitur?
1319 4719 1339 4751 ι
1377 4701 1439 4756 Et
1461 4704 1670 4767 videns,
1701 4707 1876 4776 inquit
1911 4709 1952 4775 ⁸,
1995 4709 2100 4764 Ba-

516 4785 682 4850 laant,
738 4789 862 4857 quia
900 4791 1099 4845 bonum
1130 4803 1212 4846 cst
1244 4795 1296 4846 in
1331 4806 1628 4865 conspectu
1672 4797 1883 4854 Domini
1930 4803 2101 4856 bene-

515 4875 703 4932 dicere
738 4877 922 4947 lsrael,
957 4896 1062 4936 non
1084 4883 1299 4937 abiitex
1336 4900 1485 4940 more
1514 4886 1564 4940 itt
1598 4903 1886 4942 occursum
1917 4893 2102 4960 auspi-

517 4970 643 5031 ciis,
681 4971 774 5024 sed
823 4974 1095 5028 convertit
1146 4974 1337 5028 faciem
1379 4992 1532 5030 suam
1585 4978 1636 5030 in
1687 4979 1960 5035 desertum
1996 5001 2009 5036 :
2047 4993 2102 5038 ct

519 5062 739 5118 elevans
791 5062 1006 5118 Balaam
1054 5067 1240 5121 oculos
1271 5083 1396 5122 suos
1449 5069 1689 5123 intuetur
1733 5072 1897 5127 lsracl
1925 5085 2102 5130 castra

519 5155 873 5210 constituisse
924 5172 1020 5226 per
1077 5158 1275 5224 tribus,
1327 5170 1382 5214 et
1431 5159 1608 5216 factus
1651 5173 1733 5217 cst
1783 5179 1946 5234 super
1979 5183 2102 5222 eum

520 5249 749 5316 spiritus
803 5248 920 5312 Dei,
968 5258 1024 5304 et
1061 5261 1336 5319 assumpta
1378 5255 1631 5322 parabola
1666 5271 1788 5323 sua,
1817 5258 1911 5312 ait.
1937 5277 1954 5309 ι
2003 5257 2104 5314 Re-

522 5337 770 5405 quiratur
817 5336 1052 5394 fortasse
1095 5341 1243 5396 unde
1273 5343 1404 5397 vidit
1439 5344 1677 5410 Balaam,
1730 5348 1858 5417 quia
1905 5350 2103 5404 bonum

521 5439 606 5483 est
635 5429 690 5482 iu
721 5440 1014 5499 conspectu
1052 5431 1262 5485 Domini
1293 5436 1613 5495 benedicere
1646 5439 1830 5505 Israel,
1870 5449 1923 5494 et
1953 5450 2111 5509 puta-

525 5522 671 5575 bitnr
707 5539 772 5576 ex
828 5523 1116 5579 sacriﬁciis
1169 5527 1506 5585 intellexisse
1557 5547 1680 5600 qua:
1709 5532 2106 5588 immolaverat.

528 5614 629 5671 Ubi
683 5617 827 5670 enini
863 5617 995 5671 vidit
1047 5618 1248 5672 nullum
1279 5621 1474 5677 adesse
1505 5624 1854 5690 dmmouium,
1903 5625 2106 5680 nullam

599 5732 644 5761 9"
667 5726 822 5801 Num.
856 5745 1010 5801 χχιιι.
1033 5731 1124 5797 99,
1152 5733 1240 5785 50.
1318 5737 1363 5768 ’θ
1389 5737 1405 5790 l
1430 5737 1557 5796 Cor.
1587 5755 1642 5801 x,
1665 5739 1754 5793 20.

533 5816 682 5866 xstv,
709 5802 756 5866 I,
781 5799 836 5865 2,
860 5800 913 5855 3.
989 5804 1009 5833 "
1039 5803 1166 5856 tbitl.
1195 5803 1247 5870 '5,
1274 5804 1321 5860 4.
1405 5811 1426 5840 ⁸
1449 5809 1560 5864 Dan
1608 5799 1638 5864 ll
1667 5821 1717 5864 ct
1747 5827 1838 5864 \‘ll.

1839 5741 1852 5768 ¹
1899 5739 2054 5795 Deut.
2099 5753 2272 5800 χχιιι,
2316 5735 2401 5789 17.

2213 4598 2524 4654 invenietur
2579 4601 2743 4655 tantis
2796 4601 3042 4656 laudibus
3091 4600 3360 4655 elevatus.
3425 4599 3584 4656 Unde
3619 4605 3794 4670 magis

2209 4690 2342 4744 mihi
2377 4693 2590 4746 videtur
2620 4694 2734 4747 haec
2766 4693 2839 4747 illi
2877 4694 3076 4763 populo
3108 4696 3400 4750 convenire
3428 4709 3499 4748 eo
3529 4704 3793 4762 tempore.

2206 4796 2314 4850 quo
2339 4785 2450 4850 jam
2483 4799 2781 4839 conversus
2810 4787 2875 4840 ad
2907 4785 3218 4851 Dominum,
3248 4787 3503 4854 deposuit
3528 4786 3792 4844 velamen,

2210 4877 2352 4944 quod
2384 4886 2504 4931 crat
2551 4891 2715 4946 super
2749 4892 2843 4931 cor
2889 4894 3071 4932 suum.
3132 4877 3393 4932 Dominus
3428 4879 3659 4947 spiritus
3693 4887 3794 4931 est.

2212 4969 2424 5024 Idcirco
2455 4970 2689 5037 denique
2720 4969 2876 5032 dicit,
2933 4989 2951 5020 t
2982 4971 3200 5024 revelati
3235 4971 3377 5025 oculi
3417 4972 3558 5040 ejus,
3579 4988 3599 5020 ι
3643 4970 3794 5039 quasi

2210 5063 2300 5133 qui
2356 5079 2498 5117 nunc
2546 5077 2714 5132 usque
2757 5063 2926 5117 clausi
2961 5064 3185 5128 fuerint,
3222 5072 3276 5117 cl.
3329 5081 3473 5117 nunc
3510 5079 3603 5131 per
3639 5067 3798 5131 spiri-

2214 5165 2322 5208 tum
2355 5155 2467 5220 Dci,
2497 5157 2586 5224 qui
2619 5170 2782 5223 super
2812 5169 2933 5207 eum
2969 5155 3145 5208 factus
3175 5165 3279 5218 est,
3311 5155 3494 5207 ablato
3527 5155 3800 5205 velamine

2216 5249 2553 5304 revelcntur.
2598 5246 2753 5301 Nunc
2804 5262 2935 5315 ergo
2988 5257 3072 5300 est
3114 5247 3330 5314 quando
3363 5261 3486 5299 vere
3532 5247 3710 5304 videt.
3747 5259 3800 5297 et

2214 5357 2343 5397 vere
2380 5341 2531 5394 audit
2559 5340 2724 5394 verba
2763 5337 2937 5400 fortis,
2970 5347 3023 5390 et
3051 5338 3224 5391 visum
3262 5339 3355 5392 Dei
3386 5339 3522 5390 videt
3553 5339 3611 5390 in
3649 5352 3799 5390 son-

2211 5437 2296 5491 nis
2350 5454 2364 5490 :
2421 5435 2471 5488 id
2521 5444 2622 5498 est,
2673 5449 2735 5486 ca
2783 5448 2902 5502 qua:
2950 5434 3003 5486 in
3033 5433 3238 5487 somnis
3277 5433 3477 5486 Dauieli
3509 5432 3799 5499 prophetia

2215 5540 2457 5598 tempora
2516 5526 2797 5595 designata
2851 5537 2976 5580 sunt
3000 5526 3042 5590 ⁸,
3095 5525 3300 5580 videbit
3330 5524 3535 5591 impleta
3576 5540 3595 5576 :
3633 5535 3694 5576 et
3722 5524 3796 5575 vi-

2213 5622 2395 5676 siones
2451 5620 2592 5684 illas,
2644 5635 2764 5686 qua:
2819 5618 2874 5673 in
2905 5617 3115 5672 somnis
3145 5617 3208 5670 ad
3241 5616 3391 5671 illum
3420 5614 3611 5668 delata
3641 5626 3795 5678 sunt,

2479 5736 2498 5766 ¹
2525 5732 2666 5788 Psal.
2697 5747 2844 5800 xttx,
2873 5731 2956 5787 15.
3036 5731 3056 5762 ³
3078 5729 3281 5786 Jeretu.
3309 5745 3398 5795 vit,
3419 5728 3471 5784 ει
3570 5731 3598 5757 ⁵
3624 5727 3789 5782 Nam.
