3914 6508
117 353 203 411 705

1159 342 1223 396 IN
1264 335 1602 396 NUMEBOS
1642 335 1929 391 HOMILIA
1974 333 2139 391 XVII.

3223 343 3333 399 706

117 468 294 526 videbit
326 484 339 519 :
370 467 471 521 hoc
518 473 602 519 est
647 464 933 532 intelliget,
966 474 1024 519 et
1058 472 1315 533 agnoscet
1342 460 1520 516 oculis
1567 473 1653 512 re-
1684 459 1729 517 Α
1757 456 1895 511 laam
1925 471 2023 525 pro
2070 471 2135 510 eo
2168 455 2311 525 quod
2346 456 2570 510 revelati
2627 456 2844 511 fuerant
2898 456 3040 512 oculi
3078 458 3216 528 ejus,
3251 458 3338 513 di-

117 560 304 618 velatis.
362 555 634 611 Eﬂicietur
674 555 819 609 enim
859 555 1051 608 similis
1086 556 1175 617 iis,
1225 553 1315 622 qui
1355 551 1649 606 dicebant:

120 676 139 710 ι
163 656 257 710 Nos
286 658 463 704 autem
491 663 685 703 omnes
733 648 962 702 revelata
1013 647 1148 700 faeie
1177 646 1405 715 gloriam
1440 640 1652 697 Domini

116 742 434 815 speculamur
464 741 655 793 eadem
690 738 924 806 imagine
949 736 1060 806 (75)
1089 733 1455 789 transformati
1486 748 1516 785 a
1543 730 1655 800 glo-

74 880 81 887 .
118 839 183 892 ria
210 836 256 888 in
287 832 537 901 gloriam,
573 840 828 898 tanquam
864 844 891 879 a
925 827 1138 882 Domini
1187 825 1379 895 spiritu
1406 824 1448 876 ⁷.
1481 841 1500 875 ι
1548 820 1653 875 Ve-

75 908 84 917 “
116 932 193 983 lim
238 938 406 979 tamen
445 923 741 992 requirere,
795 920 885 989 qui
916 930 1044 975 sunt
1072 921 1158 974 isti
1207 919 1351 974 oculi
1388 917 1526 986 ejus,
1565 915 1652 984 qui

115 1018 310 1075 revelati
345 1018 602 1071 dicuntur
654 1032 668 1069 :
722 1028 789 1068 ne
823 1014 960 1068 forte
996 1012 1097 1080 ipsi
1151 1012 1280 1073 sint,
1332 1009 1422 1077 qui
1454 1009 1505 1060 ’ru
1537 1006 1656 1060 aliis

114 1113 385 1179 Scriptura:
417 1108 566 1169 locis,
622 1117 680 1160 ut
725 1107 776 1158 iu
804 1106 1120 1175 quibusdam
1150 1101 1548 1171 exemplaribus
1577 1099 1652 1152 Ie-

113 1206 285 1275 gimus,
321 1200 461 1255 oculi
502 1208 657 1254 terrae
691 1196 1050 1267 appellantur,
1094 1207 1147 1249 et
1186 1194 1295 1259 ille,
1325 1207 1484 1261 quem
1518 1190 1657 1244 Pau-

112 1297 182 1348 lus
232 1306 446 1346 sensum
495 1291 676 1344 carnis
730 1289 881 1351 dicit,
934 1302 1057 1341 cum
1114 1287 1196 1339 ait
1240 1285 1305 1338 de
1354 1278 1654 1351 quodam“,

115 1386 359 1439 «Frustra
411 1382 626 1436 inflatus
661 1396 690 1433 a
745 1394 906 1434 sensu
953 1380 1131 1433 carnis
1179 1393 1357 1432 suae.»
1418 1378 1491 1427 De
1541 1373 1657 1425 istis

109 1477 257 1530 credo
286 1474 482 1538 oculis,
516 1473 678 1526 etiam
710 1487 934 1541 serpens
971 1470 1170 1525 dixerit
1204 1468 1269 1522 ad
1308 1468 1496 1527 Evam,
1531 1462 1655 1530 quia

112 1569 301 1624 sciebat
334 1566 594 1619 Dominus
647 1581 666 1615 ι
690 1565 831 1633 quod
861 1566 913 1618 in
961 1575 1282 1631 quacunque
1315 1559 1401 1612 die
1430 1555 1658 1610 mandu-

108 1658 344 1714 caveritis
371 1672 437 1710 ex
467 1672 554 1720 eo,
592 1657 901 1724 aperientur
932 1654 1075 1709 oculi
1108 1652 1271 1708 vestri
1295 1651 1338 1707 ’.
1368 1669 1386 1701 ι
1431 1649 1497 1703 Ει
1529 1662 1659 1717 pau-

107 1753 282 1817 lopost
318 1748 363 1779 “
401 1765 415 1801 :
449 1765 468 1797 ι
498 1748 563 1801 Et
600 1747 1102 1805 manducaverunt.
1143 1743 1352 1812 inquit,
1386 1750 1444 1795 et
1482 1739 1655 1808 aperti

1762 563 1888 603 cere
1917 549 1984 601 de
2018 548 2311 615 semetipso
2338 548 2406 610 ’³,
2465 566 2483 598 ι
2506 548 2665 601 homo
2699 563 2824 602 vere
2854 548 3076 612 videns;
3104 568 3123 601 ι
3174 560 3228 605 et
3256 553 3337 603 di-

1762 654 1910 703 cere,
1960 639 2141 692 cdixit
2190 638 2414 691 audiens
2466 640 2629 692 verba
2666 639 2845 694 fortis.
2877 659 2897 692 ›
2963 641 3162 695 Eodem
3191 643 3335 697 enim

1760 730 1952 784 ordine
1980 745 2087 797 quo
2119 729 2210 782 alii
2241 728 2382 783 oculi
2410 728 2757 796 clauduntur,
2794 731 2955 783 etalii
2991 733 3336 799 aperiuntur,

1761 822 1925 876 etiam
1955 837 2114 876 aures
2152 822 2269 875 alia:
2298 821 2636 883 claudeudze,
2683 833 2738 875 et
2768 823 2886 876 aliae
2918 824 3223 891 aperiendae
3252 823 3337 876 iu-

1766 913 2106 981 telliguntur.
2175 913 2370 966 Verum
2420 912 2463 965 si
2516 913 2637 981 quis
2685 914 2800 967 haec
2826 916 2988 968 etiam
3040 916 3334 969 secundum

1763 1004 2043 1059 historiam
2078 1003 2208 1057 velit
2247 1003 2389 1056 dicta
2420 1002 2718 1071 suscipere,
2766 1014 2943 1073 potest
2973 1005 3175 1067 dicere,
3209 1004 3334 1073 quia

1764 1095 1816 1148 in
1864 1110 1931 1147 eo
1978 1096 2121 1162 quod
2167 1094 2298 1148 vidit
2332 1095 2546 1147 Balaam
2594 1094 2735 1162 quod
2778 1096 2976 1150 bonum
3008 1106 3089 1151 est
3125 1097 3176 1151 in
3205 1114 3339 1151 con-

1763 1194 1949 1255 spectu
1990 1184 2198 1238 Domini
2236 1185 2559 1240 benedicere
2582 1186 2767 1251 Israel,
2797 1188 3154 1239 ostenduntur
3186 1203 3339 1241 reve-

1764 1277 1856 1330 lati
1884 1277 2023 1330 oculi
2080 1277 2216 1345 ejus,
2270 1286 2321 1329 et
2378 1277 2556 1331 fuCllIS
2608 1293 2730 1333 esse
2777 1278 2937 1330 homo
2969 1293 3095 1331 vere
3126 1278 3335 1333 videns.

1764 1369 1904 1423 Vere
1928 1368 2072 1422 enim
2104 1368 2235 1421 vidit
2275 1383 2393 1437 quae
2428 1368 2606 1424 futura
2636 1380 2793 1424 erant
2822 1370 2887 1424 de
2921 1369 3103 1433 Israel,
3133 1371 3213 1424 vel
3243 1371 3336 1425 Ja-

1764 1461 1886 1514 cob.
1928 1460 2159 1514 Audisse
2211 1475 2431 1527 quoque
2458 1476 2579 1513 eum
2628 1462 2793 1515 verba
2828 1460 2981 1516 fortis
3007 1462 3139 1515 dicit
3171 1463 3220 1513 in
3250 1475 3336 1526 eo,

1764 1563 1885 1601 cum
1939 1548 2094 1600 venit
2148 1549 2213 1600 ad
2264 1562 2385 1601 eum
2440 1547 2603 1612 Deus,
2660 1557 2714 1601 et
2748 1548 2883 1601 dixit
2916 1548 2968 1600 in
3019 1548 3222 1600 somnis
3247 1547 3333 1599 ¹⁶ε
3392 1604 3401 1611 ,

1770 1657 1788 1690 ι
1814 1637 2049 1693 Verbum
2096 1640 2240 1706 quod
2271 1640 2473 1691 dedero
2508 1641 2562 1692 in
2610 1655 2707 1693 ore
2740 1648 2852 1702 tuo,
2887 1640 2987 1692 hoc
3020 1641 3244 1692 observa
3280 1648 3338 1691 ut

1766 1728 2034 1798 loquaris;
2064 1748 2082 1780 ι
2136 1738 2190 1782 et
2243 1730 2345 1782 hoc
2395 1738 2513 1783 erat
2558 1732 2731 1783 visum
2762 1730 2877 1795 Dei,
2930 1730 3069 1798 quod
3106 1729 3238 1782 vidit
3284 1729 3334 1782 in

105 1851 218 1895 sunt
262 1839 405 1894 oculi
446 1853 656 1894 eorum.
681 1856 702 1890 ι
762 1837 877 1891 Nisi
927 1837 1070 1891 enim
1115 1842 1297 1890 essent
1343 1831 1658 1888 dilIerentize
1688 1814 1730 1867 Β
1761 1822 1983 1886 somnis.
2016 1831 2071 1876 ει
2105 1835 2199 1889 PCI‘
2240 1820 2352 1873 11ωο
2385 1822 2652 1875 revelatus
2678 1836 2798 1875 esse
2828 1821 3016 1875 oculos
3043 1820 3157 1888 ejus
3187 1833 3334 1874 asse-

105 1931 396 1995 oculornm,
452 1937 507 1981 et
553 1928 642 1980 alii
676 1936 859 1981 essent
903 1926 996 1995 qui
1026 1941 1124 1995 per
1153 1924 1656 1995 praevaricationem

103 2021 426 2090 aperientur,
476 2026 529 2072 et
574 2018 664 2071 alii
694 2018 890 2087 quibus
922 2017 1182 2072 videbant
1211 2015 1380 2070 Adam
1436 2023 1491 2070 et
1525 2015 1658 2077 Eva,

106 2122 385 2181 antequam
439 2112 524 2165 isti
562 2111 925 2179 aperirentur,
982 2124 1258 2178 nunquam
1290 2108 1473 2177 utique
1508 2104 1659 2161 Scri-

103 2214 242 2273 ptura
300 2203 548 2256 nondum
599 2201 802 2271 apertis
841 2200 1011 2257 oculis
1060 2215 1267 2265 eorum,
1316 2200 1421 2255 illis
1455 2200 1546 2268 qui
1591 2214 1657 2252 ex

100 2295 531 2364 praevaricatione
558 2295 807 2365 patefacti
838 2304 984 2358 sunt,
1017 2294 1222 2349 diceret
1246 2294 1288 2324 ιι
1326 2309 1340 2346 :
1384 2311 1402 2344 ι
1432 2292 1497 2346 Ει
1524 2291 1663 2346 vidit

100 2387 285 2441 mulier
317 2387 448 2455 quia
486 2387 685 2441 bonum
719 2396 803 2442 est
853 2386 1059 2457 lignum
1105 2388 1172 2439 ad
1204 2384 1659 2447 manducandum,

99 2489 149 2531 et
177 2486 394 2547 gratum
422 2477 594 2532 oculis
624 2479 692 2532 ad
719 2477 1031 2540 videndum,
1063 2483 1118 2530 et
1145 2479 1451 2544 Speciosam
1481 2482 1564 2529 est
1592 2474 1659 2527 ad

98 2568 576 2635 considerandum,
627 2578 685 2623 et
719 2567 999 2637 accipiens
1028 2569 1092 2621 de
1124 2566 1266 2637 ligno
1294 2564 1661 2625 manducavit.

94 2671 142 2714 et
180 2660 326 2713 dedit
385 2660 503 2714 viro
553 2674 652 2714 suo
705 2674 912 2723 secum,
961 2667 1017 2714 et
1064 2659 1543 2717 manducaverunt,
1608 2663 1663 2709 et

96 2749 259 2817 aperti
316 2758 451 2804 sunt
497 2749 637 2802 oculi
692 2750 1050 2803 amborum.»
1114 2746 1393 2813 Quomodo
1426 2746 1571 2799 enim
1617 2744 1660 2797 si

91 2844 318 2896 nondum
355 2841 529 2910 aperti
560 2841 771 2895 fuerant
803 2840 944 2895 oculi
970 2841 1276 2902 amborum,
1309 2838 1440 2893 vidit
1469 2837 1666 2891 mulier

94 2936 208 3001 quia
256 2934 469 2987 bonum
522 2942 668 2987 esset
723 2932 930 3003 lignum
973 2932 1039 2985 ad
1099 2931 1555 2996 manducandum,
1611 2938 1666 2985 et

91 3034 299 3093 gratum
330 3023 512 3078 oculis
538 3025 604 3077 ad
639 3022 972 3078 videndum?
1010 3022 1312 3091 quibusque
1337 3021 1506 3075 etiam
1533 3034 1666 3074 ocu-

93 3117 155 3170 lis
183 3116 496 3185 speciosum
528 3115 727 3169 dicitur
749 3114 915 3169 fuisse
943 3114 1006 3168 ad
1038 3111 1526 3168 considerandum?
1558 3110 1662 3165 Sed
1692 3145 1735 3203 ο

88 3224 183 3278 ego
215 3210 453 3263 audiens
496 3223 686 3263 vocem
740 3206 951 3261 Domini
1012 3206 1115 3260 mei
1161 3204 1286 3259 Jesu
1340 3202 1563 3265 Christi,
1613 3214 1669 3257 et

89 3302 343 3355 virtutem
375 3299 643 3355 bonitatis
674 3297 788 3366 ejus
822 3296 1151 3365 intelligens,
1183 3295 1255 3350 ita
1286 3296 1510 3349 adverto
1539 3294 1668 3348 illud

83 3394 224 3459 quod
252 3392 392 3446 dicit
419 3392 464 3423 “
497 3409 511 3446 :
548 3410 566 3441 ι
588 3391 643 3444 In
668 3388 930 3459 judicium
968 3402 1070 3457 ego
1100 3388 1219 3442 veni
1256 3387 1309 3440 in
1343 3386 1483 3440 hunc
1512 3401 1668 3440 mun—

86 3486 232 3549 dum,
289 3493 350 3538 ut
407 3498 515 3537 non
565 3483 810 3537 videntes
858 3482 1098 3545 videant,
1147 3488 1202 3533 et
1252 3478 1496 3532 videntes
1542 3476 1668 3531 caeci

83 3575 245 3643 fiant;
276 3595 296 3629 ι
333 3575 487 3645 quod
532 3575 584 3627 in
614 3572 989 3643 peccatoribus
1021 3587 1125 3626 non
1169 3570 1353 3625 vident
1395 3567 1472 3621 illi
1502 3566 1665 3633 oculi,

83 3665 173 3733 qui
206 3664 478 3720 meliores
506 3672 670 3726 sunt;
705 3663 799 3721 sed
828 3660 890 3726 ii,
922 3660 1013 3729 qui
1047 3672 1238 3714 sensus
1270 3654 1453 3710 carnis
1483 3650 1668 3720 appel-

82 3755 282 3821 lantur,
324 3768 383 3812 et
413 3757 509 3827 qui
539 3756 773 3811 consilio
819 3752 1092 3823 serpentis
1134 3748 1308 3819 aperti
1337 3755 1484 3802 sunt.
1524 3744 1667 3815 Opus

81 3864 213 3918 ergo
268 3850 631 3918 magnifiqu
662 3846 961 3902 Salvatoris
996 3844 1165 3898 nostri
1211 3840 1422 3896 Domini
1459 3849 1561 3904 est,
1610 3848 1668 3893 ut

80 3940 136 4007 ii,
171 3941 264 4010 qui
301 3956 420 3994 non
450 3940 634 3994 vident
669 3938 980 3992 melioribus
1009 3934 1181 3990 oculis
1208 3945 1329 4000 qua:
1352 3930 1492 3985 bona
1523 3938 1668 3991 sunt,

79 4033 171 4085 sed
206 4032 321 4087 illis
380 4031 476 4099 qui
528 4030 755 4085 consilio
807 4012 1077 4099 serpentis
1129 4022 1381 4095 patefacti
1420 4031 1567 4086 sunt,
1616 4029 1670 4074 et

79 4137 196 4190 qua:
227 4123 381 4176 mala
442 4130 572 4176 sunt
602 4122 903 4184 intuentur,
936 4119 1067 4174 caeci
1122 4116 1252 4169 fiant
1287 4131 1301 4169 :
1331 4122 1385 4169 et
1414 4112 1506 4183 qui
1541 4111 1669 4167 ρειξεί

77 4213 289 4267 fuerint
322 4214 441 4268 illis
488 4213 685 4277 oculis,
744 4226 878 4281 quos
912 4210 1191 4279 persuasio
1231 4205 1497 4276 serpentis
1538 4218 1668 4272 ape-

80 4305 209 4367 ruit,
247 4305 490 4359 videant
536 4304 673 4357 bona
721 4301 933 4356 Domini
982 4300 1067 4354 his
1111 4298 1302 4360 oculis,
1353 4308 1489 4364 quos
1515 4292 1671 4349 Jesus

75 4394 337 4448 Salvator
375 4403 567 4446 uoster
596 4393 743 4446 venit
776 4391 1011 4460 aperire.
1051 4388 1164 4443 Nisi
1197 4387 1342 4442 enim
1372 4385 1520 4455 prius
1556 4399 1670 4439 ma-

1767 1911 1856 1978 rit,
1886 1913 2014 1981 quia
2050 1914 2226 1980 potuit
2283 1913 2468 1967 videre
2519 1928 2639 1977 qua:
2668 1914 2821 1967 vidit.
2864 1912 2987 1967 llaec
3021 1914 3236 1982 quidem
3268 1914 3334 1967 de

1764 2005 1827 2060 iis
1857 2020 1977 2074 quae
2031 2008 2082 2060 in
2132 2007 2445 2077 praefatione
2492 2021 2593 2062 sua
2626 2004 2847 2060 Balaam
2895 2007 2949 2060 in
2986 2006 3335 2074 semetipsum

1764 2097 1912 2152 visus
1937 2106 2021 2152 est
2055 2100 2410 2168 prophetare.

1830 2190 1886 2243 4.
1926 2187 2079 2243 Nunc
2127 2190 2238 2256 jam
2284 2192 2562 2245 videamus
2594 2203 2712 2258 quae
2763 2196 2910 2252 sunt,
2962 2203 3080 2257 quae
3108 2188 3158 2241 in
3204 2204 3336 2242 con-

1763 2281 2119 2348 sequentibus
2147 2282 2322 2336 dicit:
2366 2299 2384 2333 ι
2428 2279 2603 2347 Quam
2641 2282 2830 2344 home,
2886 2279 3058 2348 inquit
3112 2279 3186 2342 ³⁷,
3236 2279 3336 2333 do-

1763 2388 1883 2430 mus
1917 2371 2241 2439 tute,Jacob,
2272 2371 2613 2427 tabernacula
2643 2381 2753 2437 tua,
2791 2370 2989 2426 Israel!
3018 2370 3086 2425 Ut
3118 2385 3337 2425 nemora

1764 2466 2092 2531 umbrantia,
2152 2472 2213 2518 ut
2238 2462 2472 2532 paradisi
2508 2477 2673 2531 super
2704 2462 2948 2527 flumina,
2982 2472 3039 2516 et
3084 2463 3225 2516 sicut
3254 2471 3338 2514 ιιι-

1763 2552 2055 2609 bernacula
2097 2568 2217 2622 quae
2282 2552 2401 2605 ﬁxit
2463 2550 2746 2616 Dominus,
2800 2551 2941 2605 sicut
2991 2551 3138 2605 cedri
3184 2550 3280 2619 jux
3309 2568 3337 2604 a

1763 2661 1956 2715 aquas.
1982 2664 2001 2697 ι
2039 2644 2215 2699 Bonas
2255 2657 2392 2711 quas
2439 2642 2573 2697 dicit
2608 2643 2800 2697 domus
2829 2641 3018 2708 Jacob,
3073 2659 3177 2697 non
3212 2655 3340 2711 puto

1765 2738 1908 2807 quod
1963 2736 2233 2792 domicilia
2281 2750 2469 2789 eorum
2526 2735 2799 2792 collaudet
2849 2747 3089 2803 terrena,
3162 2750 3341 2805 neque

1764 2832 1907 2885 enim
1945 2829 2050 2883 tale
2103 2828 2306 2897 aliquid
2348 2828 2515 2883 fuisse
2567 2828 2711 2897 apud
2750 2843 2843 2883 eos
2900 2838 3099 2898 praeter
3151 2838 3340 2898 gentes

1771 2930 1996 2977 caeteras
2038 2929 2391 2975 memoratur.
2433 2919 2539 2973 Sed
2578 2920 2858 2974 videamus
2897 2935 2966 2974 ne
2997 2920 3159 2984 forte,
3199 2934 3337 2988 quo-

1768 3016 1913 3069 niam
1953 3014 2181 3084 pupulus
2220 3028 2317 3081 per
2357 3014 2527 3067 tribus
2561 3021 2680 3066 erat
2722 3013 2947 3075 divisus,
2987 3022 3039 3068 et
3078 3027 3337 3079 unaquae-

1768 3121 1875 3176 que
1908 3108 2077 3160 tribus
2108 3121 2206 3176 per
2238 3106 2448 3175 plebes,
2487 3112 2543 3159 et
2584 3105 2775 3157 iterum
2809 3102 2990 3171 plebes
3023 3117 3118 3171 per
3145 3117 3344 3172 cogna-

1774 3198 1971 3261 tiones,
2015 3205 2069 3251 et
2110 3198 2464 3265 cognationes
2500 3210 2597 3264 per
2648 3196 2835 3249 domos
2886 3194 3240 3258 familiarum,
3287 3202 3344 3248 et

1772 3302 1989 3341 rursum
2050 3286 2245 3340 domus
2304 3283 2633 3337 familiarum
2685 3298 2781 3353 per
2837 3299 3122 3338 numerum
3164 3284 3343 3338 norni-

1770 3394 1920 3438 num,
1963 3386 2017 3431 et
2068 3392 2168 3447 per
2206 3380 2385 3447 capita
2427 3379 2854 3434 numerabantur
2893 3390 2911 3430 :
2952 3378 3052 3430 hoc
3101 3385 3187 3429 est
3224 3390 3342 3428 om-

1772 3471 1855 3523 nis
1892 3469 1983 3538 qui
2024 3479 2142 3525 erat
2181 3485 2210 3523 a
2245 3471 2434 3541 viginti
2466 3471 2621 3525 anuis
2648 3480 2702 3525 et
2734 3485 2916 3539 supra,
2957 3467 3227 3521 masculus
3252 3466 3344 3535 qui

1769 3561 2063 3629 procedere
2104 3561 2304 3629 poterit
2342 3561 2409 3615 ad
2449 3559 2645 3616 bellum
2702 3577 2714 3611 :
2758 3560 2856 3613 has
2894 3558 3087 3611 domus
3127 3554 3341 3608 Balaam

1771 3653 1824 3707 in
1882 3654 2080 3722 spiritu
2135 3664 2403 3708 contuens
2453 3650 2758 3721 rnaguiﬁcet
2809 3659 2861 3702 et
2915 3648 3155 3703 extollat.
3237 3645 3343 3699 Sed

1771 3761 1880 3799 non
1929 3746 1983 3798 in
2022 3745 2108 3799 his
2145 3745 2314 3801 solius
2338 3738 2888 3799 'littermcontuenda
2932 3737 3196 3793 sententia
3237 3745 3342 3798 est,

1772 3839 2028 3906 quoniam
2068 3837 2286 3906 quidem
2338 3851 2458 3906 quae
2504 3836 2741 3904 loquitur
2779 3832 3021 3894 Balaam,
3065 3837 3342 3894 assumpta

1769 3930 1931 4000 337
1958 3929 2213 3999 parabola
2268 3943 2363 3985 sua
2395 3928 2654 3996 loquitur.
2708 3923 2764 3979 In
2798 3919 3073 3991 parabolis
3115 3932 3244 3986 ergo
3289 3927 3348 3971 et

1773 4040 1872 4077 nos
1899 4025 2043 4092 quod
2075 4022 2272 4077 dicitur
2299 4022 2605 4075 audiamus.
2638 4015 2694 4071 Si
2738 4016 2881 4071 enim
2915 4011 3229 4069 consideres
3261 4009 3347 4061 di-

1772 4114 2013 4169 visiones
2047 4114 2187 4177 iltas,
2221 4120 2276 4166 et
2313 4109 2533 4165 ordines
2574 4105 2892 4175 p0pulorum
2931 4099 3022 4170 qui
3057 4100 3109 4153 in
3160 4113 3347 4152 resur-

1772 4205 2017 4260 rectione
2046 4202 2386 4256 habebuntur
2419 4199 2470 4252 in
2512 4196 2707 4266 pepqu
2754 4196 2864 4248 veri
2913 4190 3101 4257 Israel,
3134 4188 3349 4257 quando

1772 4296 2144 4364 unusquisque
2174 4300 2420 4361 resurget
2447 4289 2499 4343 in
2540 4304 2639 4342 suo
2667 4286 2862 4342 ordine
2890 4284 2932 4315 ¹⁸
2964 4298 2978 4335 :
3011 4282 3055 4336 si
3081 4293 3232 4349 potes
3264 4279 3349 4331 iu-

1776 4389 1912 4446 tueri
1949 4388 2126 4442 tribus
2167 4384 2286 4439 illas
2319 4392 2374 4438 et
2403 4381 2583 4449 plebes
2606 4418 2621 4443 ,
2650 4386 2704 4432 et
2738 4374 3112 4444 cognationes,
3143 4372 3195 4424 in
3227 4369 3349 4437 qui-

76 4486 260 4541 lurum
294 4487 463 4540 visus
491 4485 799 4549 claudatur,
830 4483 1095 4537 bonorum
1129 4494 1235 4534 non
1268 4476 1471 4548 patebit
1500 4475 1662 4531 intui-
1698 4472 1741 4529 Ι)
1771 4480 1871 4535 bus
1893 4492 2002 4532 non
2036 4485 2147 4530 tam
2180 4474 2362 4528 carnis
2391 4481 2446 4526 et
2479 4468 2760 4549 sanguinis
2788 4476 2871 4517 est
2897 4462 3165 4533 cognatio,
3186 4472 3347 4527 quam

75 4588 178 4633 tus.
243 4577 349 4632 Sic
379 4590 517 4644 ergo
547 4574 710 4627 etiam
745 4572 872 4625 illud
906 4570 1032 4626 boni
1079 4569 1172 4623 Dei
1201 4567 1407 4623 dictum
1437 4565 1665 4632 accipio,

72 4671 219 4741 quod
254 4670 411 4725 dixit
439 4667 481 4699 ¹³
515 4685 531 4725 :
575 4685 594 4719 ι
620 4665 753 4733 Quis
805 4664 935 4719 fecit
966 4663 1263 4722 videntem,
1297 4668 1350 4713 et
1383 4655 1618 4711 caecum?
1643 4674 1661 4707 ι

69 4766 362 4818 videntem
402 4760 624 4832 quidem
653 4757 947 4814 secundum
976 4754 1270 4814 Christum,
1315 4766 1518 4805 caecum
1545 4762 1671 4804 vero

71 4858 394 4911 secundum
433 4854 718 4910 consilium
766 4849 1058 4918 serpentis.
1123 4844 1247 4899 Haec.
1294 4852 1476 4896 autem
1527 4854 1672 4894 com-

70 4952 435 5012 monuimus,
468 4958 527 5003 ut
553 4947 858 5003 evidentius
879 4944 1213 4997 elucesceret
1241 4938 1331 5008 qui
1367 4944 1495 4991 sunt
1527 4934 1667 4991 oculi

64 5044 161 5111 qui
197 5041 571 5105 claudantur,
608 5048 663 5094 et
695 5037 787 5108 qui
822 5045 952 5091 sunt
992 5032 1131 5088 oculi
1169 5030 1263 5100 qui
1317 5028 1669 5083 revelentur:

1775 4569 1974 4624 mentis
2006 4573 2061 4622 et
2089 4563 2256 4619 animi
2297 4580 2311 4618 :
2358 4572 2483 4616 tunc
2528 4547 2796 4626 intelliges
2828 4569 2989 4622 quam
3032 4552 3185 4604 bonae
3219 4556 3346 4601 sunt

1774 4662 1970 4715 domus
2029 4656 2229 4718 Jacol),
2261 4665 2315 4708 et
2366 4666 2525 4721 quam
2576 4649 2714 4703 bona
2764 4640 3111 4700 tabernacula
3157 4637 3345 4692 Israel.

1774 4752 1929 4820 Quod
1974 4751 2019 4805 si
2066 4757 2121 4802 et
2151 4744 2487 4801 diﬁ'ereutias
2537 4742 2854 4798 domorum,
2887 4744 2941 4789 et
2975 4729 3350 4787 tabernaculo-

1778 4859 1897 4898 rum
1930 4840 2199 4909 requiras,
2231 4846 2284 4892 et
2312 4834 2480 4889 Jacob
2531 4842 2695 4899 atque
2738 4826 2903 4881 Israel
2953 4822 3345 4885 diversitatem,

1777 4936 1941 4991 etiam
1974 4934 2039 4988 de
2067 4932 2169 4984 hoc
2198 4928 2319 4981 talis
2360 4923 2605 4994 quaedam
2642 4919 2885 4974 habenda
2935 4912 3211 4970 distinetio
3243 4919 3341 4962 est.

1780 5027 1978 5081 Domus
2019 5037 2106 5077 res
2142 5030 2225 5074 est
2264 5016 2508 5075 fundata,
2557 5027 2620 5067 ac
2658 5009 2887 5074 stabilis,
2939 5013 2993 5061 et
3033 5005 3196 5058 certis
3240 5012 3348 5053 ter-

1780 5117 1942 5171 minis
1970 5126 2143 5181 septa.
2168 5103 2539 5164 Tabernacula
2571 5116 2700 5156 vero
2719 5110 2844 5155 sunt
2870 5093 3174 5151 habitacula
3202 5104 3351 5159 quae-

1781 5210 1904 5263 dam
1939 5200 2258 5270 eorum,qui
2293 5210 2507 5266 semper
2539 5194 2592 5247 in
2626 5193 2714 5246 via
2746 5197 2968 5252 sunt,et
3003 5196 3213 5251 semper
3239 5196 3350 5234 am-

1782 5297 1989 5359 bulant,
2016 5308 2114 5347 nec
2149 5289 2360 5344 itineris
2389 5286 2470 5341 sui
2501 5283 2787 5339 terminum
2816 5280 3151 5346 repererunt.
3188 5269 3352 5338 Igitur

1780 5390 1950 5446 Jacob
1985 5384 2266 5442 habendus
2294 5380 2458 5437 estin
2496 5390 2685 5432 eorum
2717 5370 2983 5444 personis,
3009 5365 3098 5435 qui
3139 5364 3190 5416 iu
3225 5359 3354 5412 acti-

3114 5502 3157 5535 “
3182 5499 3353 5555 Exod,

64 5134 236 5188 simul
294 5144 366 5189 ut
405 5143 465 5186 et
493 5130 625 5185 illud
675 5146 743 5185 ex
792 5128 877 5183 his
903 5124 1258 5192 intelligatur,
1288 5118 1431 5189 quod
1467 5119 1517 5172 in
1546 5132 1673 5187 pro-

64 5225 236 5293 pheta
272 5223 555 5292 scriptum
596 5230 681 5275 est
705 5220 747 5251 ιι
789 5238 804 5273 :
852 5237 872 5271 ι
900 5215 1156 5270 Videntes
1190 5212 1457 5275 videbitis,
1481 5221 1534 5264 et
1568 5224 1671 5262 non

64 5317 341 5372 videbitis
369 5332 387 5383 ;
425 5332 446 5366 ι
480 5324 538 5368 ιιι
563 5314 797 5369 sciamus
821 5310 1016 5378 quibus
1045 5306 1213 5361 oculis
1234 5304 1441 5367 vident,
1478 5310 1531 5356 et
1556 5302 1677 5369 qui-

65 5410 167 5465 bus
198 5409 480 5464 videntes
511 5420 615 5461 non
648 5404 853 5458 vident.
893 5404 1131 5471 Apparet
1163 5410 1291 5467 ergo
1318 5402 1374 5449 et
1407 5395 1551 5449 hunc
1578 5392 1678 5445 Ba-

2592 5518 2635 5548 “
2658 5514 2812 5569 Joau.
2846 5527 2920 5569 Ix.
2945 5506 3035 5560 ⁸59.

1795 5534 1838 5564 ¹⁰
1866 5530 1994 5585 ibid.
2022 5529 2075 5581 7.
2151 5526 2193 5557 “
2221 5524 2353 5578 ibid.
2382 5519 2435 5587 6,
2460 5518 2513 5574 7.
2592 5518 2635 5548 “
2658 5518 2812 5569 Joau.
2846 5527 2920 5569 Ix.
2945 5518 3002 5560 5:

1825 5603 1891 5638 τι
1990 5600 2029 5633 ιτ
2058 5597 2214 5638 Num-
2244 5608 2390 5638 nvv-
2420 5592 2472 5638 5.
2502 5588 2557 5638 6.
2639 5586 2720 5638 "I
2753 5586 2875 5637 (Lor.
2913 5593 3002 5631 xv.

1289 5538 1309 5569 ⁹
1332 5535 1528 5591 Cenes.
1557 5551 1639 5600 ιιι,
1663 5534 1717 5587 5.
1795 5534 1838 5564 ¹⁰
1866 5534 1994 5585 ibid.
2022 5534 2075 5581 7.
2151 5534 2193 5557 “
2223 5534 2353 5578 ibid.
2382 5534 2513 5587 6,1.

1294 5610 1337 5657 ί.
1412 5608 1456 5638 ¹⁶
1478 5605 1637 5657 Νιιιιι.
1664 5619 1799 5657 xxu.
1824 5603 1912 5655 55.
1990 5600 2029 5633 ¹⁷
2055 5597 2215 5651 Num.
2244 5608 2390 5657 xxiv,
2420 5592 2473 5655 5,
2502 5588 2557 5645 6.

770 5546 792 5577 ⁸
814 5545 1023 5598 Coloss.
1044 5557 1103 5606 ιι,
1127 5540 1213 5594 18.
1289 5540 1309 5569 ⁸
1332 5540 1528 5591 Genes.
1557 5551 1639 5600 ιιι,
1663 5540 1717 5587 5.
1795 5540 1838 5564 ὐ
1866 5540 1912 5585 ib

826 5616 868 5647 η
891 5614 1049 5668 Num.
1074 5625 1221 5668 xxrv,
1247 5608 1337 5662 ὖί.
1412 5608 1456 5638 ¹⁶
1478 5605 1637 5659 Νιιιιι.
1664 5619 1799 5668 xxu,
1824 5603 1912 5655 55.

180 5556 201 5584 ⁷
232 5554 279 5608 ιι
308 5549 676 5612 Cnr.m,18.
770 5549 792 5577 ⁸
814 5549 1023 5598 Coloss.
1044 5557 1103 5606 ιι,
1127 5549 1213 5594 18.
1289 5549 1337 5581 ἐ

180 5628 269 5675 IL
364 5623 418 5656 ³³
454 5620 571 5675 Isai.
598 5635 670 5675 v1.
692 5619 746 5673 9.
826 5616 868 5647 “
891 5614 1049 5668 Num.
1074 5625 1221 5675 xxrv,
1247 5608 1337 5662 L’il.

60 5645 137 5690 tv,
169 5628 269 5682 ll.
364 5623 418 5656 “
454 5620 571 5675 Isai.
598 5635 670 5683 v1,
692 5619 746 5673 9.

134 5795 264 5865 (75)
306 5790 582 5860 Imagine.
623 5785 716 5840 Sic
744 5799 874 5840 mss.
902 5782 1059 5838 Libb.
1084 5779 1237 5845 editi,
1275 5797 1293 5829 ι
1328 5775 1743 5846 imaginatione.
1776 5790 1795 5824 ι
