3914 6526
570 349 665 404 707

2029 345 2351 402 OIIIGENIS
3705 343 3794 398 708

565 465 666 518 bus
703 473 754 518 et
794 477 955 530 Opere
984 461 1206 531 perfecti
1241 475 1368 516 sunt
1407 480 1421 516 :
1455 464 1620 518 Israel
1662 478 1788 516 vero
1827 463 1900 515 illi
1933 464 2125 516 iutelli-
2159 478 2201 528 Α
2233 470 2452 516 sanctus
2485 474 2590 513 non
2623 458 2794 514 solum
2821 457 2937 528 ipse
2965 456 3161 512 fluvius
3189 456 3280 521 sit,
3312 459 3408 510 sed
3446 465 3505 509 et
3535 455 3604 508 iis
3627 455 3791 523 quibs

564 560 720 626 gendi
753 568 893 617 sunt,
927 559 1016 624 qui
1050 557 1284 611 studium
1329 572 1452 626 erga
1491 556 1811 626 sapientiam
1846 571 1910 610 ac
1951 556 2124 610 scien-

567 651 694 703 tiam
721 659 936 719 gerunt.
975 648 1110 714 Quia
1144 662 1274 717 ergo
1299 664 1518 715 operum
1558 659 1942 717 gestorumque
1968 661 2123 700 excr-

561 739 690 793 citia
717 746 866 792 certo
899 739 1006 791 ﬁne
1057 737 1385 790 clauduntur
1435 742 1634 806 (neque
1667 739 1809 791 enim
1867 739 1984 792 sine
2019 736 2123 791 ﬁne

560 839 643 883 est
677 843 898 898 cperum
933 828 1234 898 perfectio),
1263 828 1351 880 ubi
1386 828 1759 897 adimpleverit
1787 831 1906 896 quis
1944 828 2121 880 on‘inia

561 935 678 986 qua:
703 920 880 974 facere
914 921 1118 984 debuit,
1150 931 1204 974 et
1239 922 1304 974 ad
1337 920 1495 974 ﬁnem
1525 920 1877 988 perfectionis
1901 935 2122 988 operum

559 1011 789 1075 venerit,
838 1011 1102 1080 perfectio
1138 1011 1252 1080 ipsa
1293 1026 1549 1081 operum,
1581 1012 1720 1065 bona
1771 1012 1958 1066 domus
2005 1011 2122 1080 ejus

561 1115 683 1156 case
708 1102 938 1156 dicetur.
969 1101 1169 1155 Eorum
1201 1117 1326 1156 vero
1358 1103 1449 1171 qui
1485 1102 1763 1170 sapientia:
1792 1112 1845 1155 et
1883 1101 2122 1156 scientiae

559 1210 781 1263 operam
816 1195 968 1259 dant,
1016 1195 1271 1262 quoniam
1321 1193 1444 1248 ﬁnis
1489 1194 1668 1247 nullus
1700 1203 1783 1247 est
1809 1193 1952 1263 (quis
1977 1192 2119 1246 enim

561 1287 822 1342 terminus
858 1287 948 1339 Dei
985 1286 1262 1355 sapientia:
1306 1287 1410 1339 erit
1454 1286 1594 1340 ?ubi
1642 1295 1842 1354 quanto
1893 1284 2122 1352 amplius

557 1378 682 1447 quis
711 1378 1016 1439 accesserit,
1053 1386 1201 1430 tanto
1232 1375 1579 1446 profundiora
1611 1376 1935 1438 inveniet,et
1959 1389 2122 1440 quan-

559 1481 616 1522 to
651 1470 821 1538 magis
844 1478 1116 1523 scrutatus
1144 1468 1326 1533 fuerit,
1356 1477 1506 1521 tanto
1561 1482 1622 1521 ea
1666 1465 2015 1520 ineffabiliora
2068 1474 2121 1519 et

559 1558 1185 1628 iucmnprebensibiliora
1227 1558 1614 1625 deprehendet,
1653 1555 2117 1624 incomprehensi-

559 1653 681 1706 bilis
706 1649 1324 1705 enimetinaestimabilis
1358 1658 1440 1704 est
1461 1649 1550 1702 Dei
1575 1648 1882 1718 sapientia),
1915 1647 2118 1702 idcirco

556 1753 745 1792 eorum
803 1739 894 1806 qui
935 1738 1038 1791 iter
1091 1738 1370 1804 sapientia:
1415 1736 1506 1790 Dei
1551 1737 1836 1798 incedunt,
1877 1750 1982 1788 non
2019 1735 2116 1789 do-

2239 554 2396 606 datus
2423 552 2606 613 fuerit.
2641 553 2860 605 ﬂumina
2905 552 2972 605 de
3002 560 3196 604 ventre
3233 564 3433 603 eorum
3475 551 3792 618 procedant:

2234 652 2284 696 et
2315 641 2455 696 Dens
2490 640 2653 695 Pater
2685 642 2827 695 dicat
2853 642 2896 670 '°
2931 656 2941 688 :
2971 659 2988 690 ι
3032 638 3114 691 Me
3139 640 3570 708 dere-liquerunt
3622 638 3795 690 fontem

2231 748 2383 800 aqua:
2416 735 2569 798 vitae,
2595 752 2612 784 ι
2642 749 2707 785 ex
2731 747 2837 801 quo
2871 733 3078 787 scilicet
3105 733 3254 787 fonte
3294 731 3533 785 flumina
3571 730 3670 783 ista
3697 745 3796 797 pro-

2230 826 2448 878 cedunt.
2483 823 2577 878 llis
2613 823 2774 891 igitur
2807 825 3059 877 inundata
3107 825 3429 878 fluminibus
3465 823 3794 875 tabernacula

2232 916 2419 981 Israel,
2450 915 2582 968 ﬁunt
2634 914 2982 970 tabernacula
3029 917 3174 971 sicut
3231 926 3355 971 sunt
3397 914 3492 967 illa
3543 928 3666 981 qua:
3707 914 3794 965 fuit

2232 1006 2513 1060 Dominus.
2557 1005 2663 1060 Sed
2709 1007 2974 1060 intentum
3033 1004 3287 1059 fortassis
3341 1018 3581 1057 movere
3628 1007 3795 1070 poterit

2230 1098 2551 1161 auditorem,
2585 1098 2724 1166 quod
2757 1099 2890 1152 duas
2918 1097 3179 1166 quasdam
3222 1096 3442 1164 species
3491 1094 3793 1146 tabernacu-

2230 1186 2403 1240 lorum
2441 1203 2680 1256 prtesens
2732 1202 2913 1242 sermo
2946 1197 3361 1240 commemorat.
3411 1185 3511 1238 Ait
3547 1183 3692 1236 enim
3719 1184 3790 1234 “z

2233 1300 2250 1331 ι
2292 1280 2465 1345 Quam
2515 1281 2666 1334 bona:
2715 1281 2906 1335 donms
2947 1277 3280 1341 tuanlacob,
3325 1274 3794 1332 tabem-aculam.

2228 1371 2422 1426 Israel!
2459 1371 2522 1426 Ut
2563 1386 2787 1426 nemora
2825 1371 3154 1437 umbrantia,
3184 1380 3239 1424 et
3271 1378 3323 1421 ut
3360 1368 3617 1437 paradi-i
3661 1383 3791 1433 super

2227 1463 2469 1518 flumina.
2495 1483 2513 1515 ι
2542 1465 2606 1517 Ει
2631 1479 2844 1517 rursum
2877 1463 3223 1518 tabernacula
3256 1460 3648 1516 tabernaculis
3671 1473 3792 1510 cout-

2227 1563 2476 1623 parat,et
2509 1556 2638 1610 dicit
2671 1573 2727 1611 :r
2759 1555 2826 1608 Et
2853 1557 2994 1610 sicut
3021 1557 3371 1609 tabernacula
3400 1567 3532 1622 quae
3566 1553 3679 1602 fixit
3713 1552 3793 1604 Do-

2229 1648 2427 1701 minus.
2474 1667 2491 1699 ι
2526 1648 2709 1703 Potest
2742 1663 2870 1719 ergo
2896 1658 2949 1703 et
2981 1648 3086 1701 alia
3135 1659 3254 1717 post
3286 1647 3413 1701 illas
3458 1661 3605 1714 quas
3657 1660 3792 1712 supra

2226 1739 2573 1806 promlimus,
2611 1743 2771 1810 recipi
2805 1742 3089 1811 expositio,
3127 1750 3186 1794 ut
3211 1742 3470 1794 dicamus
3499 1738 3695 1792 domus
3717 1737 3792 1790 l4-

560 1845 676 1884 mos
713 1829 914 1891 laudat,
941 1843 1046 1881 non
1082 1828 1224 1880 enim
1277 1834 1637 1896 pervenerunt
1685 1825 1749 1878 ad
1801 1825 1957 1880 ﬁnem
1981 1865 1994 1888 ,
2031 1826 2122 1879 sed
2154 1830 2196 1885 B
2227 1831 2328 1884 cob
2376 1846 2495 1886 esse
2551 1831 2744 1902 legem,
2782 1845 2838 1888 et
2876 1833 3219 1886 tabernacula
3266 1833 3440 1885 Israel
3500 1833 3789 1899 prophetas.

557 1920 910 1976 tabernacula
962 1920 1210 1983 miratur,
1236 1917 1288 1971 in
1333 1917 1527 1986 quibus
1579 1931 1793 1986 semper
1819 1917 2120 1982 ambulant,

555 2023 613 2067 et
663 2025 876 2080 semper
927 2009 1237 2079 proﬁciunt,
1271 2020 1325 2064 et
1353 2018 1557 2079 quanto
1606 2010 1778 2075 magis
1808 2009 2119 2078 proﬁciunt,

556 2113 708 2158 tanto
740 2104 818 2158 eis
856 2101 1171 2172 proﬁciendi
1200 2102 1281 2155 via
1311 2110 1557 2171 augetur,
1585 2109 1638 2178 et
1670 2102 1989 2154 immensum
2016 2111 2124 2154 ten-

554 2196 736 2260 ditur;
770 2206 826 2249 et
864 2196 984 2248 ideo
1015 2195 1144 2248 istos
1182 2192 1330 2262 ipsos
1368 2193 1640 2262 profectus
1675 2207 1860 2247 eorum
1899 2207 1994 2259 per
2019 2192 2123 2259 spi~

555 2289 712 2340 ritum
751 2294 1035 2346 contuens,
1081 2283 1429 2338 tabernacula
1468 2298 1531 2337 ea
1574 2283 1816 2337 nominat
1847 2284 2030 2339 Israel.
2058 2283 2124 2338 Et

551 2393 676 2432 vere
699 2379 741 2431 si
771 2377 894 2446 quis
920 2376 1160 2432 scientia:
1204 2374 1350 2445 capit
1376 2374 1587 2443 aliquos
1618 2374 1915 2444 profectus,
1945 2385 1998 2430 et
2029 2392 2122 2430 ex-

551 2469 834 2538 perimenti
858 2469 1059 2538 aliquid
1101 2469 1155 2522 in
1207 2465 1399 2521 talibus
1444 2469 1711 2536 sumpsit,
1743 2469 1846 2522 scit
1881 2468 2122 2536 profecto

550 2560 694 2630 quod
727 2561 814 2614 ubi
866 2562 933 2614 ad
971 2559 1207 2629 aliquam
1264 2569 1480 2614 ventum
1526 2559 1690 2613 fuerit
1746 2560 2032 2624 theoriam,
2067 2569 2124 2615 et

553 2651 879 2722 agnitionem
908 2652 1283 2722 mysteriorum
1308 2651 1651 2720 spiritalium,
1675 2651 1747 2705 ibi
1779 2652 1958 2704 anima
1983 2666 2121 2720 qua-

555 2744 597 2798 si
632 2743 684 2797 in
717 2744 948 2812 quodam
988 2742 1339 2796 tabernaculo
1369 2744 1702 2797 demoratur.
1737 2743 1872 2796 Cum
1900 2758 2027 2796 vero
2052 2757 2122 2796 ex

552 2834 637 2888 bis
671 2850 789 2903 qua:
819 2835 1038 2904 reperit,
1064 2835 1165 2888 alia
1193 2842 1380 2888 rursus
1403 2837 1652 2897 rimatur,
1673 2841 1726 2888 et
1746 2834 1811 2886 ad
1840 2832 1974 2887 alios
1997 2848 2121 2902 pro-

554 2926 664 2980 ﬁcit
695 2926 1018 2992 intellectus,
1043 2927 1163 2982 inde
1200 2930 1353 2997 quasi
1377 2927 1588 2981 elevato
1615 2925 1962 2980 tabernaculo
2001 2936 2121 2980 teu-

552 3018 631 3072 dit
658 3022 724 3072 ad
763 3020 1066 3087 superiora,
1109 3027 1165 3072 ct
1195 3019 1267 3073 ibi
1314 3019 1545 3074 collocat
1570 3017 1734 3071 animi
1776 3019 2124 3091 sedem,sen-

550 3125 707 3165 suum
737 3110 1036 3164 stabilitate
1069 3111 1345 3165 conﬁxam
1379 3128 1393 3165 :
1425 3120 1480 3165 et
1509 3109 1633 3164 inde
1667 3110 1860 3164 iterum
1892 3124 1956 3163 ex
1991 3111 2122 3180 ipsis

549 3201 685 3254 alios
736 3200 945 3254 invenit
988 3200 1262 3269 spiritales
1311 3215 1526 3264 sensus,
1568 3215 1704 3270 quos
1737 3201 1975 3269 priorum
2004 3201 2121 3254 sine

552 3292 714 3346 dubio
735 3306 994 3346 sensuum
1026 3293 1405 3361 consequentia
1434 3292 1754 3362 patefecerit
1779 3312 1790 3346 :
1811 3301 1862 3346 et
1885 3292 1956 3345 ita
1979 3307 2117 3346 sem-

551 3397 645 3452 per
677 3397 738 3438 se
767 3383 834 3436 ad
884 3385 1066 3452 priora
1101 3385 1434 3448 extendens,
1487 3384 1843 3439 tabernaculis
1893 3384 2122 3451 quibus-

548 3475 671 3527 dam
706 3475 919 3528 videtur
957 3475 1230 3530 incedere.
1263 3474 1548 3545 Nunquam
1591 3486 1673 3530 est
1716 3476 1862 3530 enim
1903 3475 2121 3543 quando

549 3567 728 3620 anima
779 3567 1025 3622 scientiae
1081 3552 1319 3638 igniculo
1355 3583 1616 3623 succensa
1664 3567 1826 3623 otiari
1876 3569 2041 3632 possit
2064 3576 2121 3623 et

548 3658 849 3724 quiescere,
869 3659 964 3712 sed
995 3673 1212 3726 semper
1237 3674 1266 3711 a
1291 3659 1448 3714 bonis
1477 3661 1542 3714 ad
1576 3660 1822 3726 meliora,
1845 3670 1901 3716 et
1929 3661 2119 3715 iterum

546 3750 613 3802 ad
646 3750 926 3818 superiora
955 3766 983 3804 a
1016 3752 1332 3807 melioribus
1361 3762 1713 3821 provocatur.
1740 3751 1853 3807 Hoc
1881 3767 2009 3822 ergo
2040 3767 2126 3806 sa-

549 3842 764 3909 pientiae
790 3841 881 3896 Dei
932 3843 1034 3897 iter
1076 3853 1228 3912 grate
1276 3844 1429 3910 satis,
1453 3853 1508 3898 et
1539 3859 1660 3900 cum
1703 3845 1870 3898 multo
1925 3846 2121 3898 decore

549 3932 837 4001 descripsit
865 3932 1054 3987 dicens
1082 3933 1124 3964 ¹⁹
1158 3949 1170 3985 :
1200 3951 1219 3985 ι
1257 3932 1326 3988 Ut
1365 3949 1586 3990 nemora
1633 3935 2035 4001 obumbrantia,
2067 3941 2123 3989 et

548 4031 610 4076 ut
639 4022 874 4091 paradisi
903 4038 1068 4093 super
1091 4023 1336 4088 flumina,
1365 4034 1421 4080 et
1446 4027 1588 4081 sicut
1619 4026 1965 4082 tabernacula
2001 4041 2122 4095 quae

552 4112 667 4166 ﬁxit
699 4114 983 4182 Dominus,
1018 4116 1157 4170 sicut
1189 4118 1337 4172 cedri
1369 4116 1520 4184 juxta
1555 4132 1741 4186 aquas.
1787 4135 1807 4170 ι
1840 4116 1942 4184 Qui
1975 4118 2120 4171 enim

550 4204 807 4258 incedunt
855 4206 958 4261 hac
1001 4207 1122 4271 via,
1155 4223 1248 4276 per
1289 4223 1507 4263 nemora
1561 4208 1940 4262 obumbrantia
1978 4208 2124 4262 ince-

550 4295 704 4349 dunt.
731 4295 959 4351 Nemora
989 4297 1132 4351 enim
1161 4307 1287 4352 sunt
1307 4299 1388 4352 eis
1412 4297 1812 4363 obumbrantia,
1839 4299 2017 4352 omnis
2035 4297 2123 4366 ju-

548 4399 758 4445 storum
791 4399 999 4458 coetus,
1035 4402 1091 4446 et
1129 4402 1435 4448 sanctorum
1483 4393 1868 4461 prophetarum
1902 4392 2120 4447 chorus.

2223 1920 2342 1975 Non
2369 1923 2513 1976 enim
2543 1924 2716 1991 ipsum
2747 1924 2936 1988 Jacob,
2965 1925 3059 1978 sed
3089 1925 3282 1978 domus
3301 1924 3424 1993 ejus
3448 1923 3646 1978 laudat
3674 1941 3687 1974 ;
3715 1939 3793 1974 nec

2222 2012 2394 2080 ipsum
2421 2013 2608 2078 Israel,
2635 2016 2727 2070 sed
2786 2015 3134 2070 tabernacula
3164 2015 3302 2083 ejus,
3352 2025 3411 2070 et
3447 2026 3585 2068 tunc
3615 2029 3676 2067 ea
3704 2013 3794 2064 lau-

2223 2103 2336 2168 dat,
2361 2119 2482 2160 cum
2512 2106 2731 2160 revelati
2762 2115 2890 2160 sunt
2909 2108 3052 2162 oculi
3084 2109 3217 2174 ejus.
3249 2107 3517 2173 Quandiu
3555 2106 3696 2159 enim
3721 2120 3794 2154 ve-

2223 2195 2396 2248 lamen
2460 2197 2693 2265 positum
2732 2204 2817 2251 est
2869 2212 3032 2267 super
3082 2199 3376 2252 lectionem
3417 2197 3562 2266 legis
3604 2206 3658 2248 et
3688 2212 3790 2261 pm-

2223 2287 2529 2355 pbetarum,
2561 2305 2665 2343 non
2707 2289 2955 2344 videntur
2982 2290 3117 2343 bona
3147 2289 3538 2350 tabernacula,
3569 2303 3666 2340 nec
3696 2287 3791 2337 Ιιιιο

2224 2376 2431 2432 dabiles
2462 2377 2672 2431 domus.
2715 2377 2816 2433 Ubi
2846 2387 3027 2432 autem
3071 2380 3310 2433 ablatum
3345 2377 3523 2431 fuerit
3553 2377 3789 2438 velamen.

2223 2477 2276 2523 et
2315 2469 2541 2538 intelligi
2590 2469 2820 2539 cmpet'it
2873 2469 2956 2526 lex
2993 2470 3118 2539 quia
3176 2469 3449 2540 spiritalis
3483 2477 3666 2523 θείνει
3691 2483 3791 2532 pro-

2222 2563 2399 2631 pheta:
2434 2577 2448 2614 :
2481 2571 2607 2617 tunc
2640 2563 2794 2616 bona:
2826 2572 2880 2618 et
2913 2563 3266 2618 admirabiles
3309 2563 3514 2617 domus
3547 2560 3729 2621 Iacob.
3753 2573 3791 2610 ρι

2224 2663 2351 2708 tunc
2412 2653 2732 2706 admiranda
2788 2661 2952 2707 erunt
3005 2653 3363 2708 tabernacula
3427 2652 3644 2714 Israel,
3689 2668 3787 2704 cum

2225 2754 2399 2799 amota
2425 2745 2605 2799 littera
2630 2761 2752 2814 qua:
2785 2745 3008 2811 occidit,
3029 2744 3400 2799 viviﬁcantem
3425 2760 3498 2799 ex
3527 2746 3611 2798 eis
3645 2744 3787 2811 perdo

2223 2849 2352 2903 pere
2395 2834 2648 2903 spiritum
2688 2832 2942 2901 coeperis.
2982 2831 3165 2886 Potest
3201 2832 3383 2885 adhuc
3422 2841 3483 2884 et
3516 2831 3628 2882 alio
3659 2831 3787 2881 modo

2223 2923 2470 2995 intelligi,
2497 2935 2556 2978 ut
2586 2925 2763 2994 populi
2786 2924 3056 2979 credentis
3078 2931 3134 2978 et
3156 2921 3383 2991 perfecti
3412 2921 3603 2991 hujus,
3631 2920 3714 2989 qui
3739 2920 3784 2969 al

2222 3014 2498 3074 Christum
2526 3034 2593 3072 ex
2619 3020 2872 3088 gentibus
2914 3025 3273 3087 congregatus
3315 3024 3443 3077 est,
3477 3028 3706 3084 corpora
3731 3017 3787 3065 si-

2228 3113 2336 3167 mul
2371 3113 2572 3167 laudari
2601 3112 2886 3167 videantur
2919 3120 2975 3166 et
3011 3113 3204 3164 anima:
3237 3126 3251 3162 :
3284 3118 3340 3162 et
3382 3106 3560 3162 Iacob
3593 3109 3780 3175 quidem

2225 3206 2417 3259 domus
2451 3205 2515 3260 de
2572 3204 2891 3274 corporibus
2947 3204 3193 3267 dicatur,
3226 3203 3377 3256 sicut
3417 3213 3477 3254 et
3532 3203 3584 3255 in
3633 3202 3782 3254 libello

2221 3299 2451 3366 quodam
2488 3298 2702 3365 legitur,
2733 3298 2859 3366 quia
2904 3297 3077 3351 Iacob
3107 3299 3298 3351 domus
3331 3298 3408 3350 sit
3448 3295 3621 3349 Israel
3650 3313 3663 3347 :
3704 3296 3782 3347 hac

2222 3399 2327 3455 est,
2351 3406 2545 3460 corpus
2565 3389 2680 3458 ejus
2695 3387 2862 3443 Jacob
2892 3389 3124 3453 dicatur,
3150 3397 3202 3440 et
3225 3387 3410 3440 anima
3436 3386 3627 3441 Israel.
3653 3385 3783 3439 Sini-

2225 3480 2436 3537 militer,
2472 3495 2601 3549 ergo
2646 3489 2700 3534 et
2746 3477 3108 3548 perfecturum
3167 3491 3522 3544 quorumque
3581 3490 3782 3543 corpora

2223 3568 2523 3623 laudabiles
2543 3570 2733 3623 domus
2759 3583 2879 3622 esse
2905 3567 3175 3621 dicantur.
3193 3566 3366 3623 Jacob
3397 3579 3487 3623 est
3515 3570 3662 3622 enim
3686 3580 3785 3618 cor-

2222 3680 2323 3735 pus
2371 3663 2657 3724 laudabile,
2691 3677 2813 3716 cutn
2856 3661 3220 3725 continentia,
3251 3671 3307 3715 et
3361 3663 3644 3720 castitate,
3673 3674 3782 3711 nono

2225 3771 2498 3824 nunquam
2525 3763 2706 3809 autem
2732 3755 2896 3808 etiam
2933 3767 3057 3806 cum
3089 3752 3256 3822 338
3289 3753 3556 3823 martyrio
3587 3753 3784 3806 decora-

2227 3857 2336 3904 tur.
2369 3845 2742 3900 Tabernacula
2779 3859 2911 3900 vero
2952 3845 3020 3898 ad
3063 3846 3276 3897 animas
3303 3843 3582 3912 perfectas
3620 3841 3782 3896 relcrri

2227 3949 2474 4009 possunt,
2503 3937 2698 4006 quibus
2725 3946 2780 3991 et
2820 3949 3015 3989 nomen
3041 3951 3069 3988 a
3097 3935 3330 3988 videndo
3364 3935 3533 3986 Deum
3553 3935 3782 3988 convenit

2228 4030 2434 4085 Israeli.
2465 4031 2568 4084 Ista
2605 4038 2785 4083 autem
2817 4027 3166 4081 tabernacula
3191 4035 3340 4090 sunt,
3374 4026 3573 4094 inquit,
3617 4043 3636 4074 ι
3669 4024 3785 4076 sicut

2224 4138 2447 4177 nemora
2482 4120 2886 4184 umbrantia,et
2920 4121 3063 4173 sicut
3094 4117 3334 4187 paradisi
3361 4133 3529 4185 super
3555 4115 3781 4174 ﬂumina,

2224 4223 2278 4268 et
2306 4214 2447 4268 sicut
2476 4211 2828 4267 tabernacula
2861 4225 2981 4279 quae
3012 4209 3126 4263 ﬁxit
3161 4209 3322 4262 Dens.
3359 4226 3378 4258 ι
3415 4210 3536 4262 Alia
3568 4222 3695 4276 ergo
3719 4220 3785 4257 ta-

2226 4304 2511 4358 beruacula
2539 4303 2776 4357 ostendit
2811 4315 2936 4356 esse
2980 4315 3101 4368 qua:
3141 4299 3258 4353 ﬁxit
3294 4299 3580 4360 Dominus.
3611 4300 3783 4367 quibus

2226 4396 2335 4449 sint
2361 4394 2556 4450 similia
2591 4377 2938 4448 tabernacula
2967 4391 3147 4446 Israel.
3179 4389 3346 4442 Extra
3379 4391 3524 4443 hunc
3549 4388 3783 4440 "luminat

549 4481 662 4537 Sub
693 4486 882 4537 umbra
904 4485 1050 4539 enim
1080 4499 1360 4554 sensuum,
1395 4499 1533 4554 quos
1564 4485 1702 4553 apud
1739 4484 1859 4540 illos
1887 4486 2119 4554 scriptos
2154 4511 2196 4565 ι)
2228 4503 2314 4541 me
2347 4485 2593 4555 progredi
2629 4485 2900 4547 convenit,
2932 4492 2989 4536 ut
3016 4482 3228 4536 videam
3255 4496 3378 4550 qua:
3411 4482 3522 4534 sint
3553 4482 3784 4534 taberna-

549 4572 855 4641 iuveniunt,
907 4575 1303 4646 refrigerantur
1338 4577 1532 4630 anima:
1566 4575 1823 4644 ipsorum,
1852 4585 1907 4630 et
1951 4577 2004 4629 in
2033 4576 2124 4630 do-

549 4667 740 4718 ctrinis
781 4681 968 4720 eorum
1011 4668 1167 4736 quasi
1224 4667 1537 4723 incedentes
1577 4683 1672 4737 per
1723 4681 1890 4736 Opaca
1937 4681 2124 4720 nemo-

552 4771 671 4809 rum
725 4757 1087 4821 delectantur,
1135 4767 1189 4812 et
1230 4759 1369 4813 sicut
1419 4759 1655 4829 paradisi
1707 4773 1869 4828 super
1900 4758 2121 4812 flumina

551 4843 917 4899 Inveniuntur.
953 4846 1040 4900 Isti
1081 4847 1228 4900 enim
1274 4849 1511 4916 paradisi
1546 4863 1709 4917 super
1759 4847 2011 4912 ﬁumina,
2047 4849 2122 4902 si-

551 4934 705 4989 miles
723 4938 1002 5006 etcoguati
1024 4949 1148 4992 sunt
1170 4939 1242 4992 illi
1269 4941 1519 5008 paradiso
1553 4942 1602 4994 in
1632 4957 1739 5010 quo
1771 4941 1971 5010 lignum
2001 4941 2123 4994 vita:

551 5035 657 5080 est.
703 5026 949 5081 Flumina
998 5045 1124 5084 vero
1157 5045 1440 5098 possumus
1476 5032 1558 5086 vel
1608 5033 1922 5100 Scripturas
1957 5045 2120 5084 evan-

551 5119 753 5188 gelicas
794 5129 956 5190 atque
997 5122 1322 5190 apostolicas
1345 5125 1611 5192 accipere,
1649 5124 1738 5176 vel
1764 5122 1924 5175 etiam
1956 5136 2121 5190 ange-

549 5210 750 5274 lorum,
784 5212 864 5266 vel
897 5213 1199 5268 caelestium
1233 5215 1490 5267 virtutum
1516 5230 1640 5283 erga
1674 5212 1978 5279 bujusmodi
2004 5211 2123 5264 ani-

551 5318 668 5357 mas
700 5302 964 5371 adjutoria
1003 5319 1017 5356 :
1066 5305 1307 5376 rigantur
1341 5307 1483 5360 enim
1522 5307 1588 5361 ab
1620 5305 1725 5359 illis
1753 5314 1809 5358 et
1850 5305 2110 5358 inundan-

552 5402 659 5460 tur,
679 5405 840 5462 atque
863 5395 928 5448 ad
957 5409 1171 5449 omnem
1196 5381 1484 5450 scientiam
1507 5407 1561 5452 et
1583 5397 1913 5466 agnitionem
1937 5411 2118 5450 rerum

549 5485 851 5539 caelestium
878 5488 1194 5541 nutriuntur
1226 5505 1241 5542 :
1270 5487 1520 5556 quamvis
1557 5497 1612 5542 et
1644 5487 1899 5541 Salvator
1935 5495 2120 5541 noster

549 5574 742 5632 ﬂuvius
775 5579 846 5634 sit
889 5579 981 5648 qui
1017 5578 1258 5635 laatilicat
1299 5580 1579 5635 civitatem
1619 5578 1713 5633 Dei
1746 5590 1762 5631 :
1792 5586 1844 5632 et
1878 5577 2119 5646 Spiritus

625 5736 666 5768 ¹⁹
700 5737 857 5795 Num.
885 5755 1033 5808 xxtv,
1069 5742 1122 5797 6.
1197 5745 1242 5777 ⁸ο
1265 5743 1375 5801 .Icr.
1406 5760 1467 5811 tt,
1494 5745 1580 5800 I3.

1658 5746 1701 5776 “
1727 5743 1862 5799 Num
1891 5759 2036 5810 xxrv,
2065 5743 2118 5813 5,
2162 5744 2214 5797 6.

2227 4578 2350 4633 cula
2391 4592 2511 4646 qua:
2562 4575 2677 4629 ﬁxit
2726 4576 3003 4630 Dominus.
3039 4573 3130 4626 Illa
3180 4573 3436 4625 nimirum
3494 4583 3639 4635 sunt,
3687 4587 3786 4638 qu:

2227 4670 2469 4722 ostendit
2511 4667 2680 4738 Moysi
2727 4682 2850 4721 cum
2891 4665 3308 4720 tabernaculum
3359 4675 3702 4718 consuueret
3743 4666 3782 4713 tu

2227 4761 2471 4824 deserto,
2511 4759 2697 4813 dicens
2724 4761 2790 4813 ad
2815 4774 2971 4814 eum:
3001 4777 3020 4810 ι
3049 4757 3200 4819 Vide,
3241 4757 3417 4824 inquit
3443 4757 3514 4820 ",
3541 4767 3598 4809 ut
3636 4755 3784 4806 faciu-

2227 4852 2410 4907 omnia
2445 4851 2740 4905 secundum
2799 4862 2982 4920 typum
3041 4850 3131 4919 qui
3189 4859 3449 4903 ostensus
3496 4859 3579 4901 est
3619 4847 3707 4899 tibi
3741 4847 3782 4896 in

2229 4952 2434 4998 monte.
2474 4961 2492 4994 ι
2537 4942 2616 4996 Ad
2652 4942 3012 4996 imitatiooein
3042 4954 3178 5008 ergo
3221 4940 3452 4994 istorum
3481 4940 3783 4992 tabamus-

2228 5037 2399 5089 Iorum
2424 5050 2540 5103 quae
2570 5033 2686 5087 ﬁxit
2716 5034 2973 5088 Dominus
3005 5031 3193 5097 Israel,
3217 5031 3484 5100 jubentur
3508 5031 3682 5084 facere
3714 5040 3782 5079 u-

2229 5126 2544 5189 bernacula,
2570 5135 2625 5179 et
2651 5127 3020 5193 unusquisque
3051 5133 3298 5177 nostrum
3330 5123 3604 5189 expedire.
3633 5131 3689 5173 et
3709 5118 3778 5171 Ia—

2231 5218 2445 5273 bricare
2471 5216 2880 5272 tabernaculum
2913 5231 3089 5270 suum.
3112 5213 3262 5269 Unde
3295 5214 3426 5266 mibi
3455 5213 3662 5267 videtur
3687 5224 3782 5261 μω

2231 5309 2453 5362 fortuitu
2481 5308 2810 5377 contigisse.
2838 5315 2896 5361 ut
2929 5307 3119 5361 Petrus
3166 5304 3408 5373 quidem,
3447 5315 3501 5359 et
3535 5306 3780 5361 Andreas,

2227 5410 2280 5452 et
2311 5397 2401 5451 ﬁlii
2440 5397 2711 5461 Zcbedaai,
2741 5407 2861 5451 arte
2895 5399 3197 5467 piscatores
3237 5396 3617 5454 invenirentur.
3651 5392 3784 5446 Pau-

2228 5490 2312 5543 lus
2337 5503 2470 5544 vero
2510 5499 2628 5544 arte
2657 5490 2808 5543 faber
2840 5490 3332 5544 tabernaculorum.
3364 5487 3426 5541 Et
3452 5487 3567 5556 quia
3592 5484 3670 5536 illi
3699 5497 3784 5534 vo-

2228 5579 2334 5634 cati
2386 5582 2454 5633 ab
2495 5589 2614 5632 arte
2666 5577 3054 5649 capiendorum
3107 5577 3378 5646 piscium,
3418 5582 3686 5628 mutantur
3731 5577 3782 5622 et

2302 5747 2344 5775 "
2374 5742 2544 5797 Exod.
2575 5743 2798 5806 ειη-40.
