3914 6510
139 365 223 421 709

1204 355 1271 411 1N
1310 312 1643 411 nuncnos
1676 351 1961 409 nonum
1994 354 2160 410 xvu.

3246 356 3349 411 710

137 484 250 535 liunt
276 474 565 544 piscatores
592 470 896 537 hominum,
927 471 1143 528 dicente
1167 470 1394 527 Domino
1418 473 1500 526 ²³;
1530 489 1548 522 σ
1575 470 1678 526 Ve-
1707 476 1752 532 Α
1784 471 1946 525 homo
1968 472 2033 527 de
2066 473 2273 527 semine
2311 471 2427 541 ejus
2451 478 2503 525 et
2526 470 2894 528 dominabitur
2924 473 3173 544 gentibus
3211 468 3347 529 mulé

134 573 229 628 nite
257 575 370 638 post
391 576 553 628 me,et
593 564 784 620 faciam
818 578 916 617 vos
962 565 1260 633 piscatores
1296 564 1614 631 hominum;
1650 582 1667 615 ι

134 677 224 718 non
256 659 467 714 dubium
494 659 624 727 quin
661 667 715 709 et
743 653 956 713 Paulus,
983 657 1108 723 quia
1145 666 1197 709 et
1227 656 1341 725 ipse
1376 670 1471 723 per
1503 654 1678 708 Domi-

135 768 245 808 num
290 760 532 805 nostrum
583 750 769 805 Jesum
814 752 1087 806 Christum
1140 759 1367 803 vocatus
1403 746 1679 816 apostolus

135 855 223 909 est,
254 843 408 898 simili
442 842 575 897 artis
625 858 736 897 suae
767 840 1249 897 transformatione
1289 848 1523 893 mutatus
1561 838 1631 892 sit
1660 852 1675 891 ε

136 948 185 990 ut
207 936 333 989 sicut
362 933 436 988 illi
466 948 533 988 ex
574 935 934 1005 piscatoribus
963 931 1188 1002 piscium
1236 930 1533 1000 piscatores
1576 927 1676 981 ho-

136 1029 316 1083 minum
344 1026 469 1080 facti
496 1036 646 1089 sunt,
674 1026 742 1080 ita
767 1035 820 1078 et
846 1025 948 1079 iste
974 1038 1004 1077 a
1050 1022 1313 1078 faciendis
1352 1022 1678 1075 tabernacu-

135 1119 459 1183 listerreuis,
513 1118 579 1172 ad
625 1116 868 1172 coelestia
920 1116 1265 1170 tabernacula
1313 1114 1674 1171 construenda

136 1210 411 1267 translatus
437 1211 527 1265 sit.
559 1210 834 1265 Construit
879 1211 1023 1265 enim
1055 1210 1297 1289 coelestia
1329 1207 1676 1263 tabernacula

131 1304 309 1358 docens
354 1314 789 1370 unumquemque
828 1301 965 1354 viam
994 1300 1203 1364 salutis,
1232 1309 1287 1354 et
1312 1301 1590 1354 beatarum
1622 1299 1673 1352 in

131 1386 424 1441 coelestibus
459 1386 802 1441 mansionum
842 1387 944 1441 iter
972 1389 1283 1442 ostendens.
1310 1387 1461 1442 Facit
1498 1388 1676 1443 taber-

129 1480 299 1536 nacula
334 1479 532 1535 Paulus
554 1490 607 1535 et
632 1494 754 1534 cum
783 1479 851 1533 ab
874 1478 1210 1535 Hierusalem
1244 1480 1294 1533 in
1326 1481 1553 1535 circuitu
1581 1494 1673 1534 us-

129 1588 223 1643 que
249 1572 311 1626 ad
351 1572 617 1643 Illyricum
655 1574 828 1643 replet
872 1570 1222 1640 Evangelium
1262 1572 1378 1635 Dei,
1408 1572 1675 1627 Ecclesias

126 1666 511 1720 construendo:
539 1675 594 1721 et
629 1667 728 1722 hoc
754 1669 912 1722 modo
941 1666 1069 1721 facit
1096 1676 1149 1721 et
1179 1666 1294 1734 ipse
1325 1664 1671 1719 tabernacula

126 1756 184 1808 ad
223 1755 624 1809 similitudinem
658 1758 1132 1811 tabernaculorum
1188 1756 1510 1820 caelestium,
1553 1769 1671 1823 qua:

1791 564 1862 617 tis
1887 572 1939 619 et
1975 565 2301 618 exaltabitur
2340 564 2454 633 Gog
2489 580 2710 632 regnum
2744 564 2894 634 ejus,
2929 575 2981 619 et
3011 575 3219 621 crescet
3264 583 3347 621 re-

1781 670 1944 724 gnum
1981 654 2116 723 ejus.
2152 655 2291 710 Deus
2314 655 2535 709 deduxit
2573 671 2693 709 cum
2725 671 2788 709 ex
2822 655 3054 728 Egypto
3083 658 3349 729 sicutglo-
3392 711 3401 721 ,

1781 747 1861 800 ria
1892 747 2191 801 unicornis.
2216 766 2234 798 ι
2258 746 2509 802 Christus
2531 762 2659 817 ergo
2693 756 2795 813 est,
2818 750 2909 817 qui
2940 751 3072 805 exiit
3102 752 3164 805 de
3188 753 3351 804 semi—
3380 732 3404 794 ’ἶ

1782 852 1848 892 ne
1874 836 2039 893 Israel
2068 840 2363 893 secundum
2397 852 2639 902 carnem,
2676 839 2765 908 qui
2797 841 3067 907 quomodo
3096 845 3348 909 gentibus

1781 928 2110 995 dominetur,
2148 930 2491 998 expositione
2550 944 2658 981 non
2710 929 2936 998 indiget,
2974 933 3209 986 maxime
3256 932 3346 999 qui

1782 1016 1921 1085 leget
1967 1016 2167 1072 dictum
2205 1018 2255 1073 ei
2311 1034 2339 1072 a
2391 1031 2547 1089 patre
2578 1019 2623 1051 ’°
2660 1036 2675 1073 :
2715 1035 2734 1070 ι
2774 1018 2903 1075 Pete
2932 1036 2960 1073 a
3002 1036 3087 1074 me
3120 1032 3174 1076 et
3209 1023 3349 1075 dabo

1782 1106 1877 1161 tibi
1900 1116 2089 1178 gentes
2114 1109 2482 1166 haereditatem
2510 1121 2675 1174 tuam,
2698 1119 2749 1164 et
2774 1111 3169 1177 possessionem
3201 1122 3343 1166 tuam

1780 1200 2043 1255 terminos
2087 1210 2261 1254 terra}.
2294 1219 2312 1253 ι
2345 1200 2480 1268 Quid
2524 1210 2608 1256 est
2636 1210 2812 1255 autem
2847 1203 2986 1268 quod
3016 1204 3110 1267 ait,
3145 1221 3162 1253 ι
3198 1202 3347 1257 exal-

1781 1290 1982 1345 tabitur
2012 1289 2124 1358 Gog
2152 1305 2377 1361 regnum
2401 1292 2550 1359 ejus?
2572 1313 2590 1345 ι
2611 1293 2725 1363 Gog
2749 1309 2906 1360 super
2931 1301 3061 1347 tecta
3084 1294 3347 1361 interpre-

1781 1386 1923 1432 tatur
1954 1377 2066 1449 (76)
2099 1395 2114 1432 :
2156 1386 2209 1433 et
2256 1381 2310 1433 in
2348 1379 2466 1434 loco
2496 1382 2599 1435 isto
2633 1397 2736 1436 non
2762 1396 2860 1450 pro
2905 1383 3078 1450 gentis
3118 1382 3345 1449 alicujus

1778 1469 2013 1537 nomine,
2069 1480 2127 1525 ut
2180 1479 2423 1540 putatur,
2452 1471 2683 1542 positum
2736 1481 2839 1538 est,
2894 1473 2985 1529 sed
3039 1475 3180 1528 utin
3227 1474 3348 1528 aliis

1781 1561 2073 1624 nonnullis,
2099 1560 2214 1631 ipse
2237 1577 2414 1617 sermo
2436 1563 2697 1619 Hebraeus
2724 1579 2827 1618 non
2856 1564 3237 1631 interpretatus
3262 1581 3347 1618 re-

1777 1650 1935 1705 lictus
1968 1660 2070 1715 est,
2104 1661 2158 1706 et
2187 1652 2257 1707 ob
2301 1654 2402 1707 hoc
2438 1656 2589 1723 quasi
2628 1657 2694 1711 de
2735 1665 2896 1726 gente
2933 1655 3112 1725 aliqua
3140 1658 3343 1710 dictum

1784 1742 2015 1796 videtur.
2047 1742 2141 1797 Est
2184 1758 2315 1814 ergo
2363 1747 2631 1800 sermonis
2678 1748 3063 1816 consequentia
3094 1748 3215 1801 talis
3248 1761 3264 1801 :
3293 1758 3347 1803 et

123 1845 344 1900 ostendit
378 1844 514 1900 Deus
549 1847 601 1900 in
637 1856 814 1902 monte
839 1846 1031 1917 Moysi.
1074 1846 1178 1902 Sed
1224 1858 1277 1902 et
1308 1846 1677 1915 unusquisque
1708 1836 1751 1895 B
1780 1832 2108 1888 exaltabit!"
2140 1848 2302 1904 super
2346 1846 2482 1891 tecta
2519 1852 2738 1906 regnum
2778 1837 2913 1907 ejus,
2940 1848 2995 1893 et
3018 1850 3225 1894 crescet
3264 1855 3349 1894 re-

123 1946 377 1998 nostrum,
417 1937 460 1990 si
496 1937 618 2005 quis
654 1948 829 1993 tamen
855 1942 1023 1994 exivit
1056 1940 1120 1994 de
1147 1938 1403 2009 (Egypto,
1438 1948 1492 1991 et
1518 1938 1671 1992 habi-

123 2036 192 2081 tat
230 2026 281 2080 in
337 2028 573 2094 deserto,
606 2031 656 2083 in
706 2032 1058 2087 tabernaculo
1105 2031 1266 2085 debet
1306 2029 1589 2093 habitare,
1622 2038 1676 2083 et

121 2120 246 2173 diem
271 2119 469 2175 festum
497 2121 548 2173 in
577 2121 935 2176 tabernaculis
959 2135 1139 2191 agere.
1168 2123 1319 2175 Sicut
1350 2123 1493 2175 enim
1530 2135 1676 2174 com-

120 2211 431 2266 memoratio
466 2211 524 2265 ﬁt
547 2214 874 2281 egressionis
900 2228 966 2268 ex
1009 2213 1243 2284 {Egypto
1270 2227 1364 2282 per
1395 2213 1593 2281 pascha
1621 2218 1675 2265 et

116 2317 321 2372 azyma,
359 2305 432 2356 ita
477 2312 530 2356 et
580 2306 1114 2361 commemorationis
1147 2306 1198 2359 in
1229 2307 1445 2360 deserto
1474 2303 1531 2357 ﬁt
1565 2316 1677 2356 me-

116 2391 270 2447 meria
288 2405 393 2462 per
419 2394 792 2449 tabernacula.
824 2394 880 2449 In
914 2396 1278 2450 tabernaculis
1296 2395 1440 2450 enim
1460 2392 1672 2447 habita-

114 2490 301 2534 verunt
334 2492 523 2551 patres
554 2485 728 2539 nostri
763 2484 814 2539 in
855 2485 1092 2541 deserto.
1124 2485 1278 2541 Unde
1328 2496 1510 2541 autem
1557 2486 1673 2541 ﬁeri

112 2580 313 2639 oportet
346 2574 449 2628 ista
488 2576 862 2641 tabernacula,
884 2577 988 2632 nisi
1015 2593 1084 2632 ex
1113 2578 1289 2634 verbis
1317 2579 1448 2649 legis
1475 2589 1527 2634 et
1551 2595 1675 2644 pro-

111 2664 411 2731 phetarum,
441 2680 504 2721 ex
551 2668 892 2723 sermonibus
934 2668 1303 2735 Psalmorum,
1339 2679 1392 2724 et
1435 2672 1673 2725 omnium

109 2768 224 2820 qua:
260 2757 621 2812 continentur
676 2760 727 2813 in
781 2759 895 2830 lege
931 2760 1115 2816 ?Cum
1150 2762 1315 2834 enim,
1348 2776 1411 2817 ex
1444 2763 1510 2817 iis
1555 2777 1675 2833 qua:

106 2846 300 2914 scripta
361 2858 509 2913 sunt,
541 2850 757 2920 prolicit
787 2852 969 2905 anima
1008 2860 1062 2906 et
1115 2866 1329 2922 semper
1361 2854 1574 2923 quidem
1609 2870 1672 2909 ea

108 2950 217 3003 quae
250 2948 401 2994 retro
436 2951 561 2996 sunt
589 2942 940 3007 obliviscens,
971 2945 1038 2998 ad
1060 2960 1121 2998 ea
1158 2959 1277 3014 qua:
1312 2948 1364 2999 in
1399 2954 1527 2999 ante
1550 2953 1676 2999 sunt

106 3041 160 3081 se
212 3032 482 3095 extendit,
519 3044 574 3087 et
619 3035 687 3089 de
717 3034 833 3089 loco
887 3036 1147 3091 inferiore
1176 3037 1530 3108 progrediens
1558 3052 1675 3092 cre-

109 3122 223 3183 scit,
262 3137 328 3177 ac
363 3126 589 3193 proﬁcit
628 3128 694 3180 ad
739 3133 1045 3200 superiora,
1083 3146 1150 3185 ex
1182 3140 1469 3200 augmento
1500 3132 1670 3185 virtu-

107 3224 230 3279 tum,
253 3226 306 3270 et
330 3233 397 3271 ex
447 3219 562 3287 ipsa
606 3221 981 3279 immutatione
1012 3223 1368 3292 profectuum,
1403 3224 1455 3278 in
1488 3225 1672 3278 taber-

104 3309 304 3363 naculis
334 3312 537 3366 merito
581 3313 790 3369 dicetur
830 3316 1099 3374 habitare.
1126 3316 1256 3372 Vide
1283 3327 1461 3372 autem
1490 3317 1533 3371 si
1565 3331 1672 3370 non

100 3409 219 3454 sunt
276 3404 633 3460 tabernacula
683 3423 801 3477 quae
850 3408 967 3462 ﬁxit
1014 3410 1174 3474 Deus,
1222 3410 1388 3463 etiam
1438 3409 1526 3462 illa
1558 3424 1676 3478 quae

99 3493 344 3551 Salvator
374 3507 774 3553 commemorat
803 3501 856 3554 in
888 3498 1183 3568 Evangelio
1218 3501 1492 3557 dicens":
1528 3520 1546 3555 ι
1576 3502 1677 3556 Fa-

96 3585 195 3641 cite
217 3589 378 3643 vobis
408 3590 617 3645 amicos
646 3591 713 3646 de
756 3607 1063 3647 mammona
1097 3593 1422 3662 iniquitatis,
1459 3604 1516 3648 ut
1550 3608 1673 3648 cum

97 3678 415 3736 defeceritis
462 3682 729 3751 recipiant
756 3698 855 3738 vos
902 3684 956 3737 in
993 3694 1195 3739 aeterna
1253 3684 1621 3739 tabernacula.
1651 3702 1670 3737 ι

92 3767 222 3824 Fixa
257 3781 452 3828 autem
477 3774 732 3829 dicuntur
764 3788 791 3827 a
815 3774 925 3829 Deo
951 3777 1106 3843 quasi
1139 3790 1260 3845 quae
1297 3791 1403 3829 non
1444 3776 1679 3830 circum-

92 3858 341 3916 ferantur
369 3864 528 3918 omni
556 3874 719 3918 vento
741 3864 1023 3920 doctrinae.
1043 3865 1181 3920 Sunt
1212 3875 1394 3919 autem
1417 3874 1469 3918 et
1498 3865 1676 3920 adhuc

92 3951 458 4009 tabernacula
497 3954 599 4009 ista
630 3966 686 4010 et
706 3959 847 4012 sicut
876 3957 1025 4013 cedri
1054 3956 1211 4025 juxta
1248 3971 1439 4026 aquas.
1471 3955 1677 4011 Cedros

90 4044 177 4100 hic
205 4062 316 4101 non
347 4047 476 4101 illas
511 4050 640 4104 dicit
673 4051 725 4104 in
758 4052 956 4120 quibus
1000 4050 1287 4120 culpabilis
1316 4058 1536 4104 notatur
1565 4050 1676 4105 ela-

90 4140 161 4192 tio
194 4157 208 4192 :
239 4140 337 4193 sed
364 4141 562 4195 cedros
595 4144 708 4207 Dei,
733 4158 853 4213 qua:
880 4142 1179 4211 suscipiunt
1208 4139 1338 4197 vitis
1377 4142 1523 4196 illius
1554 4156 1675 4212 quae

85 4246 148 4286 ex
178 4232 430 4304 Egypto
466 4235 727 4288 translata
762 4245 865 4300 est,
904 4235 1174 4304 palmites,
1198 4243 1254 4289 et
1277 4235 1328 4288 in
1368 4234 1563 4303 quibus
1598 4248 1679 4288 re-

85 4326 317 4393 quiescit
350 4326 569 4381 fructus
590 4327 701 4392 ille,
721 4325 876 4394 cujus
909 4329 1097 4381 umbra
1124 4327 1340 4397 operuit
1358 4336 1587 4381 montes.
1614 4325 1672 4381 Si

82 4414 415 4472 intellexisti
446 4426 703 4487 quantam
737 4416 977 4488 requiem
1011 4417 1209 4471 habeat
1238 4417 1341 4471 iter
1368 4416 1671 4485 sapientizc,

82 4515 352 4572 quantum
388 4508 605 4579 gratize,
627 4518 1001 4577 quantumque
1031 4507 1357 4571 dulcedinis,
1378 4506 1484 4561 noli
1509 4506 1674 4561 dissi-

80 4598 291 4654 mulare
315 4639 332 4665 ,
359 4598 478 4654 noli
503 4599 794 4669 negligere,
831 4599 923 4653 sed
959 4598 1255 4667 aggredere
1279 4598 1381 4651 hoc
1415 4598 1540 4662 iter,
1574 4612 1673 4652 nec

78 4690 248 4743 eremi
330 4690 685 4745 solitudinem
748 4692 1160 4761 perhorrescas.
1210 4686 1485 4743 Habitanti
1528 4690 1673 4743 enim

81 4781 172 4833 tibi
227 4781 286 4835 in
372 4779 688 4844 hujusmodi
743 4780 1109 4835 tabernaculis
1158 4789 1415 4834 occurret
1476 4793 1673 4832 manna

76 4873 332 4935 caeleste,
371 4880 432 4926 et
462 4872 787 4941 angelorum,
816 4887 1014 4941 panem
1060 4872 1437 4925 manducabis.
1488 4870 1671 4938 Incipe

77 4974 320 5029 tantum,
381 4979 487 5018 nec
523 4973 573 5019 te
623 4973 947 5035 perterrent,
1002 4972 1062 5018 ut
1118 4962 1375 5025 diximus,
1431 4960 1670 5015 solitudo

74 5057 305 5112 deserti.
369 5056 497 5112 Cito
561 5059 613 5111 in
677 5059 1008 5112 consortium
1071 5066 1221 5109 tuum
1264 5054 1429 5108 etiam
1497 5051 1671 5119 angeli

70 5149 326 5217 venient,
363 5163 508 5218 quos
554 5149 652 5203 sub
706 5147 886 5217 specie
938 5146 1225 5200 cedrorum
1258 5142 1495 5196 arbitror
1529 5140 1670 5195 indi-

68 5251 249 5295 catos.
702 5303 705 5307 ,

138 5333 194 5386 5.
243 5332 369 5387 Sed
436 5346 575 5386 nunc
622 5333 899 5386 videamus
954 5330 1083 5399 quid
1145 5329 1310 5383 etiam
1346 5328 1411 5380 de
1452 5324 1665 5379 Christo

66 5430 405 5496 prophetet.
439 5424 555 5493 lpse
575 5436 658 5480 est
690 5426 859 5488 enim,
902 5424 968 5477 de
999 5438 1105 5492 quo
1127 5422 1256 5475 dicit
1288 5420 1334 5452 ³⁵
1372 5436 1385 5471 :
1421 5436 1441 5471 ς
1485 5417 1672 5472 Exibit

136 5519 185 5551 ⁸³
213 5517 433 5573 Matth.
464 5532 532 5583 tv,
562 5518 649 5573 l9.
716 5517 762 5549 ’l'
790 5516 920 5571 Luc.
955 5531 1064 5577 xw,
1091 5515 1144 5569 9.

62 5603 123 5654 x,
164 5591 264 5645 27.

137 5678 263 5751 (76)
308 5673 609 5751 Gogsuper
636 5686 769 5729 tecta
796 5676 1183 5751 interpretatur.
1220 5682 1276 5732 zu
1307 5684 1412 5751 non
1452 5687 1469 5720 ί
1500 5680 1662 5747 super

64 5740 214 5803 tecta
242 5740 280 5801 ἰ
341 5740 451 5801 δθῖί
478 5762 495 5795 ι
521 5740 739 5800 ἰεριυιη
773 5764 789 5796 ι
844 5740 1247 5810 interpretatur.
1302 5740 1568 5810 Caeterum
1610 5740 1662 5789 in

65 5820 309 5875 ltebrzen
379 5815 532 5871 fonte
579 5832 684 5870 non
730 5824 907 5870 exstat
949 5809 1006 5873 ait
1037 5831 1054 5864 ι
1102 5822 1321 5878 tectum,
1375 5829 1393 5861 ι
1438 5809 1530 5864 sed
1571 5816 1667 5868 :usz

1221 5514 1265 5544 ’⁸
1302 5511 1459 5565 Num.
1492 5524 1638 5574 xxxv,
1663 5507 1715 5569 7,
1751 5504 1805 5558 8.

367 5567 920 5654 ίῖΝὶιίιῖίᾷιινίθζἾ
941 5586 985 5617 ³ο
1009 5567 1197 5638 Μ’ίιίιιι.
1235 5598 1295 5647 n,
1327 5581 1428 5649 t5;
1459 5579 1598 5635 Osee
1626 5567 1664 5631 ἰ

1779 5613 1789 5628 .
1844 5574 1887 5605 ³¹
1916 5571 2072 5625 Num.
2104 5584 2255 5635 xxnv,
2288 5567 2342 5622 8.

1776 1942 1939 1998 gnum
1968 1926 2106 1995 ejus.
2141 1926 2378 1982 Exaltari
2410 1938 2588 1982 autem
2615 1944 2776 1998 super
2804 1938 2943 1984 tecta
2968 1931 3033 1985 de
3059 1930 3346 2000 perfectio-

1777 2034 1844 2073 ne
1868 2018 2201 2073 credentium
2231 2018 2448 2086 dicitur,
2478 2034 2725 2076 crescere
2759 2028 2937 2074 autem
2982 2022 3047 2074 ad
3098 2021 3343 2075 multitu-

1776 2110 1925 2164 dines
1961 2108 2214 2165 refertur.
2267 2109 2322 2163 ln
2367 2111 2433 2165 iis
2461 2126 2589 2181 ergo
2638 2112 2729 2181 qui
2764 2110 2985 2180 perfecti
3029 2119 3155 2166 sunt
3184 2128 3347 2181 super

1778 2208 1919 2254 tecta
1954 2200 2229 2254 exaltatur
2284 2216 2510 2271 regnum
2560 2201 2798 2267 Christi,
2835 2202 2885 2257 id
2922 2211 3007 2256 est
3056 2217 3217 2273 super
3251 2218 3347 2257 eos
3434 2257 3438 2261 ι

1774 2295 1959 2358 etiam,
1985 2294 2076 2362 qui
2101 2294 2152 2347 in
2179 2293 2427 2361 supernis
2453 2304 2599 2359 sunt,
2622 2303 2677 2348 et
2711 2293 2762 2347 in
2795 2293 3164 2361 superioribus
3188 2294 3339 2348 habi-

1777 2393 1913 2439 tant.
1947 2384 2085 2440 Sunt
2107 2385 2248 2438 enim
2281 2384 2524 2439 fortassis
2558 2384 2722 2453 aliqui
2752 2387 2911 2438 etiam
2945 2384 2999 2438 in
3033 2384 3346 2440 ccelestibus

1775 2492 1804 2532 a
1833 2476 2028 2545 quibus
2055 2476 2173 2545 plus
2208 2476 2493 2545 proﬁciant
2531 2486 2584 2531 et
2619 2476 2779 2533 altius
2822 2477 3133 2531 exaltentur
3166 2478 3201 2531 ii
3251 2477 3345 2545 qui

1777 2571 1829 2624 in
1864 2584 2029 2639 regno
2077 2569 2277 2624 Christi
2310 2577 2457 2622 sunt.
2489 2568 2554 2622 Et
2604 2568 2722 2622 ideo
2770 2568 2960 2632 etiam,
3009 2568 3192 2634 credo,
3232 2570 3347 2637 ipse

1776 2660 2021 2716 SalvatOr
2052 2660 2265 2715 dicebat
2287 2660 2330 2691 ²⁷
2363 2678 2377 2713 :
2416 2677 2433 2710 ι
2466 2658 2565 2725 Qui
2597 2659 2647 2712 in
2678 2668 2817 2713 tecto
2852 2668 2952 2723 est,
2984 2673 3087 2712 non
3116 2659 3343 2713 descen-

1775 2752 1865 2805 dat
1897 2749 2084 2804 tollere
2111 2748 2312 2818 aliquid
2346 2749 2413 2802 de
2445 2748 2644 2812 domo;
2687 2765 2705 2798 ι
2742 2762 2968 2802 monens
2997 2755 3054 2801 ut
3077 2747 3132 2811 ii,
3159 2748 3249 2816 qui
3276 2749 3343 2800 ad

1772 2842 2041 2897 excelsam
2080 2840 2468 2911 perfectionem
2526 2846 2811 2902 venerunt,
2859 2854 2965 2892 non
3024 2839 3217 2893 iterum
3276 2838 3346 2893 ad
3387 2830 3393 2836 ’

1774 2935 1959 2989 mundi
1986 2933 2170 3001 lmjus,
2203 2932 2292 3001 qui
2344 2946 2487 2984 nunc
2516 2930 2710 2985 domus
2760 2929 3087 2998 appellatur,
3122 2930 3346 2984 humilia

1766 3035 1829 3082 et
1873 3027 2078 3095 abjecta
2131 3022 2484 3079 descendant.
2536 3020 2643 3074 Sed
2687 3029 2738 3074 et
2790 3020 2916 3074 illud
2957 3022 3097 3089 quod
3148 3022 3225 3075 ait
3251 3022 3346 3078 '3:

1782 3137 1800 3171 ι
1836 3119 1989 3185 Quod
2036 3117 2263 3172 audistis
2304 3118 2357 3170 in
2410 3129 2559 3181 aure,
2597 3114 2887 3183 przedicate
2922 3126 3086 3180 super
3111 3121 3285 3176 tecta,
3322 3131 3341 3163 ι

1701 3186 1742 3245 C
1778 3212 1843 3265 ad
1880 3213 1980 3264 hoc
2014 3208 2364 3263 nihilominus
2400 3205 2636 3275 respicit.
2674 3202 2766 3258 Sic
2795 3218 2924 3273 ergo
2954 3203 3228 3258 exaltatur
3252 3219 3348 3257 su-

1778 3316 1873 3371 per
1901 3299 2016 3369 Gog
2048 3313 2269 3369 regnum
2310 3297 2447 3366 ejus,
2479 3306 2534 3351 et
2557 3296 2756 3350 crescit
2790 3310 3011 3365 regnum
3052 3294 3189 3363 ejus.
3217 3295 3346 3349 Cre—

1776 3391 1877 3446 scit
1911 3390 2054 3444 enim
2083 3389 2208 3442 dum
2239 3386 2667 3455 multiplicantur
2713 3384 2989 3449 Ecclesiae,
3021 3393 3075 3440 et
3112 3384 3345 3439 ﬁdelium

1777 3491 2032 3531 numerus
2067 3485 2323 3544 augetur;
2344 3483 2397 3530 et
2426 3476 2690 3528 intantum
2714 3474 2911 3529 crescit
2934 3488 3157 3540 regnum
3182 3474 3349 3545 339

1775 3568 1999 3633 Christi,
2041 3582 2316 3637 usquequo
2348 3575 2513 3636 ponat
2544 3569 2696 3621 Pater
2728 3578 2918 3619 omnes
2945 3564 3195 3618 inimicos
3229 3565 3345 3631 ejus

1777 3662 1875 3716 sub
1906 3660 2130 3729 pedibus
2153 3658 2289 3726 ejus,
2323 3658 2415 3713 sed
2447 3665 2502 3713 et
2554 3656 2907 3713 novissimum
2952 3656 3230 3711 inimicum
3259 3659 3346 3711 de-

1776 3758 1950 3806 struat
1975 3757 2223 3803 mortem.

1848 3859 1902 3914 6.
1945 3859 2067 3914 Post
2111 3859 2225 3913 hzec
2269 3857 2529 3927 scriptum
2572 3864 2657 3912 est
2704 3856 2880 3911 adhuc
2924 3856 2989 3911 de
3018 3855 3235 3913 Christo
3259 3860 3334 3925 ’⁸,

1780 3970 1799 4003 ‹
1825 3949 1950 4018 quia
1988 3949 2131 4002 Deus
2164 3947 2385 4001 deduxit
2410 3962 2532 4001 cum
2566 3962 2631 4001 ex
2661 3935 2927 4016 Egypto;
2955 3964 2975 3998 ι
3010 3947 3151 4016 quod
3184 3948 3238 4001 in
3272 3965 3339 4003 eo

1777 4039 2100 4110 completum
2124 4038 2362 4102 videtur,
2394 4037 2486 4092 ubi
2517 4046 2638 4104 post
2671 4047 2896 4091 mortem
2931 4035 3157 4092 Herodis
3181 4054 3345 4091 revo-

1776 4142 1933 4187 catur
1951 4131 2030 4205 _de
2051 4123 2308 4200 Egypto,
2336 4137 2391 4183 et
2415 4128 2661 4199 designat
2686 4128 3035 4199 Evangelinm
3060 4130 3340 4187 dicens”:

1783 4246 1800 4277 ‹
1826 4226 1904 4280 Ex
1923 4220 2161 4295 Egypto
2194 4220 2381 4276 vocavi
2413 4218 2581 4273 ﬁlium
2618 4234 2815 4273 meum.
2842 4237 2861 4271 ι
2886 4218 2983 4285 Qui
3016 4234 3194 4274 sermo
3222 4221 3342 4289 qui-

1780 4318 2010 4373 busdam
2032 4331 2094 4369 ex
2128 4316 2230 4370 hoc
2257 4313 2377 4366 loco
2397 4322 2709 4381 assumptus
2740 4311 2979 4377 videtur,
3008 4317 3062 4364 et
3098 4310 3347 4380 Evange-

1780 4409 1868 4462 liis
1907 4409 2165 4469 insertus,
2208 4404 2331 4458 aliis
2371 4413 2549 4458 autem
2584 4403 2650 4457 de
2681 4402 2820 4456 Osee
2848 4402 3127 4470 propheta.
3158 4401 3344 4455 Potest

1778 4511 1957 4555 autem
1990 4508 2046 4552 et
2078 4497 2373 4551 secundum
2398 4495 2714 4563 allegoriam
2744 4492 2989 4561 intelligi,
3022 4492 3147 4559 quia
3192 4502 3345 4561 post-

1776 4606 2006 4661 eaquam
2065 4590 2214 4643 venit
2256 4589 2323 4642 ad
2368 4587 2659 4657 [Egyptum
2698 4584 2881 4637 mundi
2937 4583 3120 4649 hujus,
3149 4583 3341 4637 eduxit

1777 4696 1899 4736 eum
1935 4681 2111 4748 Pater,
2147 4690 2200 4735 et
2226 4680 2524 4744 assumpsit
2572 4675 2639 4729 ad
2694 4674 3066 4743 semetipsum,
3104 4682 3160 4727 ut
3192 4674 3332 4727 viam

1778 4773 1985 4828 faceret
2032 4772 2120 4835 iis,
2151 4771 2241 4839 qui
2284 4770 2349 4824 dc
2383 4767 2621 4838 Egypto
2651 4766 2831 4819 mundi
2870 4765 3025 4833 hujus
3060 4764 3342 4818 ascensuri

1778 4873 1935 4920 erant
1974 4864 2039 4916 ad
2070 4864 2262 4917 Deum.
2294 4879 2311 4911 ι
2334 4861 2400 4914 Et
2426 4860 2596 4927 gloria
2628 4859 2907 4910 unicornis
2942 4856 3134 4926 ejus".
3160 4875 3179 4906 ι
3211 4857 3342 4909 Om-

1778 4957 1866 5010 nia
1897 4955 2039 5009 enim
2064 4954 2365 5008 daemonum
2400 4966 2560 5019 regna
2590 4948 2848 5015 dejiciens
2877 4946 3147 5010 Christus,
3176 4961 3340 4999 unum

1777 5061 1934 5102 suum
1988 5060 2234 5112 regnum,
2270 5052 2524 5109 tanquam
2561 5040 2677 5093 veri
2734 5037 3035 5102 unicornis,
3096 5036 3343 5090 fundavit

1780 5137 1834 5191 in
1864 5136 2055 5205 gloria.
2083 5135 2262 5189 Cornu
2288 5133 2427 5186 enim
2450 5144 2549 5199 pro
2580 5144 2744 5199 regno
2772 5143 2912 5197 saepe
2934 5128 3216 5182 docuimus
3249 5141 3346 5181 no-

1776 5229 1995 5286 minari.
2044 5244 2061 5277 ι
2107 5226 2263 5290 Edet,
2306 5224 2479 5291 inquit
2519 5221 2587 5287 δ’,
2622 5221 2689 5275 de
2712 5221 2897 5275 eodem
2933 5219 3111 5272 adhuc
3133 5219 3340 5279 dicens,

1775 5329 1963 5390 gentes
2010 5315 2351 5370 inimicorum
2392 5328 2611 5367 suorum
2652 5320 2707 5365 et
2741 5308 3128 5363 crassitudines
3151 5321 3336 5360 eorum

1783 5408 2154 5467 emedullabit.
2177 5426 2195 5459 ι
2216 5404 2437 5468 Gentes,
2468 5404 2565 5469 ait,
2595 5416 2730 5471 quas
2760 5400 2961 5452 inimici
2989 5397 3069 5453 sui
3097 5396 3339 5465 posside-

1906 5503 1952 5533 "
1988 5500 2132 5554 Psal.
2160 5515 2220 5562 ιι,
2252 5498 2305 5553 8.
2400 5496 2444 5528 ⁸⁷
2480 5492 2669 5546 Matth.
2723 5503 2870 5553 xxiv,
2908 5486 2994 5541 l7.
3070 5484 3115 5515 ’⁸
3143 5483 3335 5536 Matth.

1916 5571 2072 5617 Num.
2106 5584 2254 5617 xxiv.
2288 5567 2342 5617 8.
2436 5565 2480 5596 ³⁸
2508 5563 2639 5617 ibid.

1774 5613 1789 5628 .
1844 5579 1887 5605 "
1916 5579 2072 5625 Num.
2104 5584 2255 5635 xxiv,
2288 5579 2342 5622 ts.
2436 5579 2480 5596 "
2508 5579 2639 5617 tutu.

1772 5681 1789 5714 ι
1844 5662 1991 5730 Agag
2060 5677 2079 5709 ι
2139 5671 2335 5730 nomen
2398 5649 2677 5730 proprium
2712 5639 3347 5730 Διέεξεῐβηοιζίεςξηί[ςενι-

1768 5715 2064 5787 (Ιθιηυΐέοἰι
2103 5730 2282 5798 inepta
2316 5715 2417 5781 hoc
2451 5715 2567 5778 loco
2599 5715 2949 5789 Septuaginta
2986 5715 3340 5783 lnterpretum

1772 5818 1974 5859 VCI‘SIO.
