3798 6384
72 342 161 396 ’ἶιῦ

1212 329 1279 384 IN
1313 323 1644 384 NUMEROS
1679 320 1963 376 llOMlLIA
1990 320 2179 376 XVIII.

3203 321 3302 376 7H

76 458 129 512 Et
174 450 375 507 consilii
430 450 655 519 quidem
710 448 842 502 nihil
904 448 1034 502 dare
1084 446 1322 509 videtur,
1364 445 1457 499 sed
1508 443 1625 497 ait:
1657 445 1703 501 Α
1733 436 1870 491 laam
1898 436 2043 490 ﬁlius
2072 420 2230 503 Beor,
2265 437 2424 491 homo
2457 451 2587 492 vere
2616 436 2825 503 videns,
2855 444 2909 492 et
2938 436 3163 491 audiens
3185 451 3300 493 ser-

82 566 98 599 ι
130 543 255 611 Quid
282 542 525 596 facturus
550 541 621 594 sit
647 540 876 609 populus
899 539 988 593 hic
1014 537 1213 607 populo
1239 545 1329 591 tuo
1366 534 1418 588 in
1448 533 1631 588 novis-

77 638 210 695 simis
258 635 484 699 diebus;
516 652 537 685 ι
590 647 713 687 cum
752 634 939 700 utique
969 628 1390 685 convenientius
1426 626 1627 681 dictum

79 730 349 790 videretur,
392 726 437 780 si
467 726 679 779 diceret
706 741 719 776 :
750 721 906 781 Veni.
950 720 1220 790 propheto
1253 718 1352 773 tibi
1385 716 1514 787 quid
1552 714 1629 769 fa-

85 831 251 875 cturus
296 818 368 871 sit
408 819 638 885 populus
686 814 775 868 hic
820 812 1018 882 populo
1068 821 1158 866 tuo
1206 810 1261 864 in
1317 807 1630 864 novissimis

88 913 369 973 diebus;et
394 916 542 962 esset
588 906 775 974 utique
826 902 1236 972 consequentia,
1264 909 1324 955 ut
1352 900 1628 954 videretur

80 1004 274 1073 Balaam
301 1000 629 1071 prophetare
659 997 725 1052 de
750 997 819 1050 iis
845 1010 967 1064 quae
995 994 1221 1064 pepulus
1249 991 1413 1048 Israel
1452 990 1630 1044 factu-

81 1112 161 1151 rus
201 1100 338 1148 esset
377 1091 578 1163 popqu
630 1089 855 1153 Balach,
891 1087 978 1143 vel
1012 1086 1224 1141 cmtcris
1250 1085 1504 1155 gentibus
1531 1098 1545 1134 :
1575 1092 1629 1136 et

75 1187 202 1258 quod
238 1186 287 1239 in
337 1185 540 1239 virtute
565 1182 728 1237 faciet
755 1182 828 1235 ita
861 1189 917 1235 ut
950 1195 1054 1235 non
1087 1177 1359 1247 relinquat
1380 1190 1446 1229 ex
1475 1174 1627 1229 urbi-

76 1280 165 1332 bus
195 1275 340 1331 Moab
372 1275 542 1329 ullum
570 1275 662 1345 qui
696 1273 882 1329 salvus
910 1273 1022 1326 llat.

139 1371 186 1425 2.
216 1369 315 1425 Sed
338 1376 394 1423 et
422 1365 711 1438 prophetia
743 1364 1098 1419 nihilominus
1125 1376 1285 1431 quam
1312 1361 1377 1416 de
1410 1360 1629 1416 Christo

73 1461 325 1533 c0njungit
355 1462 409 1514 in
446 1458 941 1528 consequentibus,
968 1464 1025 1511 et
1066 1454 1204 1509 dicit
1230 1452 1315 1503 διε
1352 1470 1371 1504 ι
1404 1451 1629 1508 Orietur

74 1556 213 1611 stella
257 1569 319 1608 ex
366 1551 559 1614 Jacob,
610 1561 665 1605 et
712 1558 970 1618 exsurget
1019 1550 1180 1603 homo
1219 1562 1284 1602 ex
1328 1544 1518 1611 Israel,
1575 1554 1630 1601 et

72 1648 285 1702 vastabit
316 1644 591 1716 principes
631 1641 810 1706 Moab,
844 1661 863 1693 ι
903 1640 1295 1695 convenienter
1328 1638 1502 1708 posita
1550 1638 1629 1692 via

73 1740 291 1804 deretur,
324 1737 368 1791 si
434 1735 697 1804 scriptum
729 1740 874 1788 esset
903 1750 916 1787 :
946 1731 1106 1795 Veni,
1135 1739 1188 1786 et
1217 1731 1479 1800 propheto
1509 1728 1625 1784 tibi.

1732 544 1921 585 mones
1961 529 2077 593 Dei,
2124 531 2301 584 sciens
2342 530 2629 585 scientiam
2687 530 2920 597 Excelsi,
2948 538 3002 584 et
3034 530 3301 586 visionem

1732 619 1827 674 Dei
1875 621 2066 676 videns
2118 621 2170 675 in
2208 622 2438 686 somnis,
2471 623 2696 677 revelati
2740 622 2878 677 oculi
2910 622 3048 693 ejus.
3080 642 3097 674 ι
3127 622 3202 677 De
3239 623 3305 679 iis

1730 710 1982 766 omnibus
2028 711 2139 781 jam
2193 713 2448 780 superius
2479 715 2740 781 diximus,
2774 715 2902 785 quia
2934 725 2988 770 et
3023 716 3074 771 in
3106 715 3303 786 przefa-

1732 800 1877 855 tione
1934 804 2106 857 tertia:
2152 804 2446 873 prophetiae
2498 807 2686 861 eadem
2738 808 2940 876 scripta
2988 820 3133 865 sunt.
3190 809 3301 865 Hoc

1730 907 1861 949 sane
1892 894 2064 950 solum
2104 897 2157 950 in
2207 899 2461 966 prmsenti
2493 899 2704 953 videtur
2737 901 2975 955 additum
3014 903 3157 971 quod
3182 904 3300 958 ait:

1736 1002 1755 1035 ‹
1785 984 1975 1041 Sciens
2006 988 2290 1045 scientiam
2322 989 2555 1044 Excelsi.
2580 1009 2599 1042 ι
2638 990 2750 1047 Hoc
2782 994 2923 1047 enim
2970 994 3023 1047 in
3058 994 3304 1065 superio-

1728 1078 1881 1133 ribus
1911 1094 2014 1134 non
2052 1088 2135 1135 est
2166 1080 2369 1135 dictum
2395 1083 2463 1137 de
2491 1082 2716 1137 Balaam
2748 1101 2762 1138 :
2790 1086 2932 1154 quod
2962 1087 3177 1155 quidem
3203 1101 3302 1149 nec

1730 1170 1885 1226 facile
1916 1172 1982 1225 de
2009 1187 2278 1243 quoquam
2305 1173 2550 1230 omnium
2585 1185 2895 1232 sanctorum
2920 1178 3300 1248 prophetarum

1729 1263 1992 1333 scriptum
2022 1279 2141 1320 esse
2173 1266 2529 1335 deprehendi.

1799 1356 1853 1409 5.
1901 1354 2051 1410 Unde
2087 1367 2141 1411 et
2169 1358 2324 1413 valde
2352 1359 2518 1413 miror
2548 1360 2819 1429 quomodo
2851 1362 2952 1417 hoc
2989 1363 3055 1417 de
3081 1363 3299 1421 Balaam

1730 1448 1992 1510 scriptum
2043 1458 2147 1512 est,
2198 1451 2286 1505 cui
2331 1466 2431 1506 nec
2478 1453 2586 1508 hoc
2629 1468 2951 1511 concessum
2987 1457 3300 1524 estdicere,

1730 1541 1873 1611 quod
1905 1544 2182 1611 prophetis
2216 1559 2337 1598 esse
2368 1544 2420 1599 in
2464 1560 2562 1601 usu
2587 1546 2744 1612 solet,
2772 1568 2791 1601 ι
2818 1548 2934 1604 haec
2970 1550 3099 1605 dicit
3124 1550 3304 1606 Domi-

1731 1644 1868 1695 nus;
1903 1648 1921 1683 i
1963 1631 2057 1687 sed
2100 1632 2213 1685 ait:
2246 1650 2264 1682 σ
2291 1633 2437 1688 Dixit
2498 1635 2736 1705 Balaam,
2774 1639 2910 1694 dixit
2960 1641 3123 1698 homo
3178 1658 3305 1699 vere

1732 1722 1941 1778 videns.
1975 1743 1994 1776 ι
2030 1722 2167 1779 Tum
2203 1726 2398 1782 deinde
2418 1738 2472 1783 et
2497 1730 2771 1798 quomodo
2799 1732 3020 1809 dignum
3051 1727 3159 1789 erit
3184 1743 3304 1791 tan-

72 1830 207 1884 Nunc
248 1839 423 1884 autem
471 1792 601 1897 quid
647 1826 895 1881 dicemus
939 1825 1006 1879 ad
1040 1824 1146 1878 hoc
1188 1822 1335 1892 quod
1358 1822 1624 1892 scriptum
1658 1792 1700 1847 Β
1733 1826 1843 1870 tum
1887 1818 2028 1872 istud
2080 1820 2305 1889 intelligi
2341 1823 2407 1876 de
2441 1823 2680 1888 Balaam,
2722 1833 2781 1878 ut
2818 1792 2959 1881 sciat
2986 1804 3301 1884 scientiam

70 1934 143 1977 est
171 1940 185 1976 :
215 1941 233 1974 ι
261 1920 418 1984 Veni,
450 1918 742 1975 consilium
785 1917 884 1972 tibi
917 1915 987 1971 do
1017 1915 1145 1985 quid
1179 1914 1347 1970 faciet
1395 1914 1625 1984 populus

76 2018 150 2070 hic
176 2015 366 2087 populo
405 2013 540 2067 tuo?
570 2031 587 2063 ι
618 2010 984 2081 Bequiramus
1010 2023 1139 2077 ergo
1155 2007 1428 2077 quomodo
1456 2006 1616 2060 intel-

72 2109 151 2177 ligi
178 2108 364 2162 debeat
386 2107 531 2175 quod
566 2103 830 2171 scriptum
854 2108 977 2155 est:
1008 2118 1026 2151 ι
1056 2098 1352 2155 Consilium
1384 2098 1477 2153 tibi
1500 2099 1619 2162 do,»

70 2200 127 2254 de
154 2213 255 2269 quo
309 2212 453 2267 saepe
486 2195 627 2265 apud
670 2192 1051 2262 mentetipsum
1080 2191 1383 2261 requirens,
1424 2189 1622 2244 nullum

69 2289 202 2357 potui
230 2287 434 2343 exitum
472 2286 723 2342 invenire
755 2283 1058 2349 sententia,
1092 2283 1136 2338 si
1188 2284 1291 2338 hoc
1321 2284 1460 2351 quod
1506 2284 1618 2337 ait:

70 2378 398 2434 «Consilium
449 2378 544 2432 tibi
587 2378 674 2441 do,
706 2396 723 2428 ι
771 2375 1049 2431 communi
1094 2382 1150 2429 et
1210 2375 1409 2428 usitato
1470 2388 1624 2429 more

68 2473 245 2527 dictum
281 2481 558 2541 putemus.
602 2469 711 2524 Sed
750 2469 882 2523 illud
933 2467 1106 2537 magis
1130 2467 1239 2521 vidi
1273 2481 1393 2522 esse
1425 2482 1623 2521 conve-

66 2566 203 2619 niens
249 2565 397 2633 quod
444 2564 564 2619 ait:
595 2563 939 2619 «Consilium
995 2561 1088 2615 tibi
1144 2560 1230 2624 do,
1263 2576 1282 2610 ι
1323 2568 1383 2613 ut
1415 2560 1486 2613 ita
1534 2559 1622 2613 di-

67 2670 192 2711 ctum
220 2658 338 2728 (79)
370 2657 740 2727 intelligatur:
766 2653 1070 2709 Consilium
1106 2650 1347 2706 divinum
1389 2652 1531 2721 quod
1570 2651 1622 2705 in

67 2752 359 2805 novissimis
397 2751 590 2805 diebus
620 2747 956 2818 implendum
984 2755 1088 2811 est,
1125 2745 1255 2799 niihi
1293 2760 1440 2799 nunc
1474 2758 1598 2800 reve

66 2844 237 2910 Lll'Jm,
284 2843 475 2914 aperio
534 2843 628 2897 tibi
667 2849 723 2895 et
773 2837 1084 2905 manifesto,
1116 2847 1172 2892 ut
1204 2838 1346 2893 scias
1370 2837 1500 2907 quid
1533 2852 1626 2906 po-

68 2939 204 3005 pnlns
234 2938 327 2992 hic
351 2936 514 2990 faciet
542 2933 740 3005 popqu
766 2942 883 2986 tuo.
905 2931 970 2984 Et
998 2930 1102 2985 hoc
1133 2930 1293 2984 modo
1316 2939 1461 2984 stare
1495 2929 1623 2983 mihi

67 3036 215 3087 visum
244 3041 334 3086 est
368 3043 527 3100 posse
552 3027 697 3097 quod
722 3025 801 3079 ait
827 3041 842 3077 :
874 3042 895 3076 ι
922 3022 1227 3079 Consilium
1256 3022 1347 3075 tibi
1388 3023 1455 3076 do
1492 3022 1621 3093 quid

1729 1906 1943 1963 Excelsi
1977 1926 1990 1962 :
2025 1910 2115 1978 qui
2143 1912 2305 1965 etiam
2332 1911 2530 1970 Balach
2558 1930 2736 1986 regem
2764 1918 3011 1973 docuerit
3031 1923 3305 1991 quomodo

1729 1999 2044 2054 scandalum
2076 2001 2321 2057 mitteret
2357 2017 2543 2059 coram
2583 2006 2709 2061 ﬁliis
2750 2006 2940 2071 Israel.
2974 2019 3031 2065 ut
3062 2013 3295 2068 mandu-

1727 2100 1920 2145 careut
1971 2092 2269 2160 immolata,
2319 2104 2375 2149 et
2422 2095 2870 2156 foruicarentur?
2898 2100 2997 2157 Vix
3046 2104 3192 2159 enim
3235 2106 3305 2161 de

1728 2183 1936 2237 sanctis
1985 2186 2268 2257 prophetis
2297 2197 2395 2243 aut
2427 2191 2691 2258 apostolis
2721 2192 2961 2251 inveniet
2991 2196 3192 2266 aliquis
3218 2199 3303 2254 di-

1728 2282 1899 2338 ctum,
1926 2276 2049 2345 quia
2081 2278 2254 2332 sciant
2288 2280 2568 2335 scientiam
2603 2282 2844 2344 Excelsi.
2882 2268 3141 2353 Quamvis
3161 2289 3304 2347 Pau-

1728 2366 1812 2422 lus
1837 2368 2040 2423 dixerit
2071 2372 2294 2427 audisse
2324 2388 2384 2428 se
2409 2375 2573 2429 verba
2603 2378 2995 2437 inenarrabilia
3044 2399 3163 2452 quae
3191 2401 3300 2442 non

1729 2457 1854 2514 licet
1882 2460 2089 2517 homini
2125 2463 2272 2534 loqui
2293 2465 2359 2533 ⁸⁸,
2397 2476 2578 2524 tamen
2632 2486 2738 2525 non
2781 2483 2864 2528 est
2908 2476 3186 2544 professus
3211 2477 3305 2532 ha-

1728 2552 1856 2609 bere
1879 2567 1942 2608 se
1966 2554 2248 2611 scientiam
2286 2558 2522 2615 Excelsi.
2559 2561 2787 2629 Propter
2818 2568 2961 2635 quod
2990 2569 3304 2640 diligentius

1729 2644 2079 2703 intendamus
2105 2649 2147 2703 si
2180 2649 2322 2706 lorte
2359 2652 2586 2722 dignum
2618 2654 2823 2724 aliquid
2854 2658 3010 2714 nobis
3038 2659 3184 2717 Deus
3213 2678 3306 2719 su-

1728 2751 1826 2805 per
1854 2737 1959 2796 boc
2001 2752 2255 2795 sermone
2314 2742 2559 2799 revelare
2591 2745 2930 2815 dignabitur.
2958 2748 3015 2804 In
3047 2750 3189 2807 libro
3211 2754 3301 2823 qui

1728 2830 1870 2897 apud
1919 2844 2018 2884 nos
2046 2831 2270 2900 quidem
2307 2831 2450 2888 inter
2473 2834 2783 2891 Salomonis
2814 2839 3088 2895 volumina
3113 2841 3301 2899 haberi

1726 2921 1868 2975 solet
1901 2931 1955 2975 et
1984 2921 2406 2983 Ecclesiasticus
2451 2925 2579 2990 dici,
2612 2928 2752 2996 apud
2803 2928 3023 2986 Grazcos
3057 2948 3187 2988 vero
3217 2949 3304 2990 sa-

1729 3013 1933 3083 pientia
1956 3012 2083 3070 Jesu
2113 3015 2209 3069 lilii
2239 3016 2433 3071 Sirach
2471 3018 2792 3087 appellatur,
2819 3021 3079 3093 scriptum
3108 3033 3189 3081 est
3213 3024 3257 3058 ⁸⁹
3282 3042 3297 3080 :

66 3126 283 3179 facturus
336 3132 419 3177 est
465 3119 695 3189 populus
760 3118 848 3172 hic
895 3116 1097 3187 pepulo
1147 3125 1273 3192 tuo;
1305 3133 1323 3166 ι
1362 3115 1465 3169 hoc
1511 3122 1616 3179 est,
1648 3130 1691 3189 ρ
1733 3123 1753 3158 t
1776 3105 1965 3167 Omnis
1995 3106 2263 3175 sapientia
2289 3122 2317 3160 a
2342 3106 2453 3162 Deo
2468 3118 2571 3164 est.
2605 3131 2623 3165 ι
2652 3113 2804 3178 Quod
2839 3115 3072 3170 fortasse
3109 3130 3306 3186 possu-

65 3216 335 3270 consilium
376 3212 467 3266 Dei
491 3210 719 3266 enuntio
753 3208 851 3263 tibi
880 3218 935 3264 et
959 3206 1268 3261 manifesto.
1297 3207 1621 3277 Requirenti

65 3323 175 3363 sane
202 3306 339 3362 mihi
376 3302 554 3359 sicubi
587 3302 729 3356 [orte
754 3301 807 3355 in
835 3299 1134 3371 Scripturis
1162 3299 1363 3354 divinis
1390 3301 1489 3354 sub
1520 3298 1623 3354 hoc

66 3414 292 3453 sermone
342 3396 520 3452 simile
568 3394 776 3464 aliquid
828 3393 1032 3447 dictum
1067 3401 1255 3461 posset
1307 3406 1619 3458 occurrere,

65 3496 214 3545 visum
263 3499 353 3546 est
405 3489 568 3541 etiam
625 3495 681 3541 et
737 3485 868 3539 illud
924 3483 1179 3539 similiter
1231 3485 1619 3538 advertendum

65 3584 183 3650 quod
223 3577 524 3650 Apostolus
556 3578 631 3631 ait
656 3577 704 3609 ⁸⁸
736 3593 751 3631 :
785 3593 804 3627 ι
838 3574 972 3642 Quis
1012 3574 1155 3629 enim
1198 3575 1451 3644 cognovit
1499 3587 1625 3626 sen-

63 3691 161 3727 sum
204 3672 445 3736 Domini,
488 3678 581 3724 aut
630 3670 751 3739 quis
799 3669 848 3722 ei
898 3666 1244 3722 consiliarius
1296 3665 1485 3720 fuit?»
1523 3664 1622 3721 Hic

61 3769 183 3821 enim
208 3787 224 3819 ι
246 3767 402 3837 quis,
422 3784 442 3818 ι
489 3780 594 3819 non
638 3779 737 3832 pro
766 3762 935 3827 nullo,
965 3763 1059 3818 sed
1097 3777 1192 3830 pro
1217 3775 1361 3824 raro,
1392 3761 1478 3814 vel
1508 3760 1621 3815 exi-

63 3864 151 3915 mio
175 3862 430 3916 habetur.
457 3857 745 3927 Quomodo
781 3857 927 3911 enim
969 3872 1075 3910 non
1119 3855 1378 3924 cognovit
1403 3868 1620 3909 sensum

62 3952 137 4004 Dei
185 3950 520 4022 Unigenitus
569 3963 718 4012 suus,
774 3947 866 4017 qui
922 3946 1064 4000 dicit
1088 3945 1169 3999 “z
1206 3964 1223 3996 ι
1256 3943 1425 3998 Nemo
1474 3944 1623 3997 novit

60 4042 275 4109 latrem,
318 4042 422 4097 nisi
452 4040 639 4101 Filius,
666 4049 721 4092 et
749 4039 835 4092 cui
854 4037 1083 4093 voluerit
1116 4035 1285 4090 Filius
1304 4033 1615 4089 revelare?»

60 4137 173 4203 Quid
208 4147 290 4193 est
316 4135 465 4189 aliud
508 4133 650 4189 scire
675 4130 910 4195 Patrem,
945 4128 1046 4183 nisi
1083 4128 1227 4182 scire
1247 4136 1301 4181 et
1331 4125 1618 4181 consilium

60 4232 175 4299 ejus,
197 4241 250 4286 et
274 4228 543 4286 sensum?
578 4224 688 4282 Sed
723 4235 777 4278 et
808 4222 1046 4293 Spiritus
1084 4230 1305 4275 sanctus
1333 4221 1423 4290 qui
1462 4234 1621 4274 scru-

64 4334 192 4377 tatur
217 4326 387 4377 etiam
422 4320 534 4375 alia
563 4319 681 4383 Dei,
710 4315 899 4387 quidni
930 4328 1147 4369 sensum
1176 4312 1293 4382 ejus
1318 4311 1622 4383 agnoscat?

64 4416 300 4485 Agnoscit
324 4427 463 4481 ergo
494 4408 758 4471 etFilius,
792 4416 847 4460 et
867 4405 1108 4475 Spiritus
1136 4413 1361 4458 sanctus
1397 4417 1617 4458 sensum

1729 3212 1849 3255 mus
1876 3199 1953 3257 ita
1983 3197 2313 3269 intelligere,
2349 3202 2504 3272 quasi
2530 3218 2558 3257 a
2581 3202 2691 3259 Deo
2726 3204 2797 3261 sit
2824 3215 2879 3261 et
2900 3207 3001 3262 .illa
3036 3210 3302 3279 sapientia

1726 3290 1913 3345 mundi
1946 3291 2135 3361 hujus,
2170 3307 2290 3362 qua:
2338 3297 2666 3350 destruenda
2723 3296 2947 3361 dicitur,
2992 3308 3045 3353 et
3096 3301 3302 3371 princi-

1724 3394 1851 3449 pum
1879 3382 2068 3439 mundi
2092 3382 2275 3451 hujus,
2309 3392 2359 3437 et
2390 3386 2435 3440 si
2461 3400 2566 3456 qua
2598 3388 2705 3442 alia
2732 3398 2816 3455 est
2848 3404 2946 3457 per
2972 3406 3133 3459 quam
3168 3390 3302 3445 falsa

1727 3471 1954 3527 scientia
1999 3477 2453 3532 commendatur:
2486 3480 2588 3534 nisi
2636 3480 2688 3534 in
2734 3482 2851 3550 ipso
2880 3480 3060 3535 libello
3096 3482 3148 3536 in
3178 3496 3305 3536 con-

1726 3568 2083 3634 sequentibus
2132 3568 2474 3625 diceretur"o
2503 3587 2516 3622 :
2549 3589 2568 3622 ‹
2603 3571 2718 3627 Non
2760 3580 2848 3627 est
2896 3572 3041 3628 enim
3088 3573 3305 3643 sapien-

1734 3658 1828 3720 tia,
1884 3659 2106 3715 malitiae
2161 3662 2516 3732 disciplina.»
2550 3664 2655 3720 Per
2703 3666 2846 3734 quod
2882 3666 3071 3737 utique
3118 3668 3301 3725 docet.

1728 3751 1857 3820 quia
1909 3754 2087 3808 omnis
2142 3754 2428 3825 disciplina
2475 3770 2594 3826 quae
2630 3757 2755 3814 falsi
2795 3758 2999 3830 aliquid
3067 3762 3301 3827 asserit,

1727 3845 1941 3901 etiamsi
2001 3847 2293 3904 vehemens
2355 3850 2639 3917 videatur,
2700 3860 2759 3907 et
2834 3852 3191 3919 verisimilis,
3248 3866 3305 3909 et

1728 3954 1850 4008 quae
1911 3940 2156 3995 subverti
2214 3939 2430 3997 dillicile
2480 3944 2669 4013 possit,
2722 3955 2903 3999 tamen
2960 3960 3302 4017 nequaquam

1725 4032 1886 4105 341
1914 4032 2220 4104 hujusmodi
2241 4035 2471 4091 scientia
2491 4038 2556 4090 ad
2578 4037 2858 4106 sapientia:
2883 4038 3094 4099 titulum
3117 4040 3307 4096 debeat

1726 4128 2012 4195 applicari.
2054 4126 2194 4193 Quid
2240 4142 2373 4198 ergo
2422 4138 2504 4184 est
2541 4130 2686 4200 quod
2737 4129 2861 4187 ait:
2914 4148 2934 4182 ι
2977 4130 3169 4187 Omnis
3215 4149 3303 4188 sa—

1725 4220 1929 4289 pientia
1981 4235 2010 4274 a
2058 4219 2169 4275 Deo
2205 4231 2282 4277 est
2309 4220 2331 4275 ?
2363 4239 2382 4274 ι
2423 4220 2559 4277 lllud
2605 4221 2735 4276 mihi
2783 4223 3028 4279 sensisse
3070 4225 3302 4289 videtur,

1726 4311 1853 4381 quia
1901 4313 2078 4366 omnis
2130 4311 2357 4382 peritia,
2399 4328 2520 4383 qua:
2566 4313 2650 4368 vel
2699 4328 2828 4383 erga
2867 4324 3039 4371 artem
3066 4315 3302 4383 aliquam

1727 4401 1847 4457 usui
1879 4402 2113 4459 humano
2142 4405 2448 4459 necessaria
2491 4402 2746 4466 habetur,
2781 4403 2863 4457 vel
2904 4403 3193 4472 cujuslibet
3228 4405 3303 4459 rei

67 4472 287 4570 Domini,
313 4513 372 4558 et
393 4472 441 4555 ii
473 4500 675 4570 quibus
712 4472 944 4551 voluerit
972 4495 1142 4549 Filius
1174 4495 1434 4550 revelare.
1465 4494 1618 4562 Quod
1652 4472 1697 4529 Ῐ)
1731 4495 1984 4560 scientia,
2021 4496 2291 4566 sapientia
2326 4496 2543 4551 dicatur
2563 4512 2590 4548 a
2620 4495 2855 4549 Domino
2886 4495 3032 4559 data.
3069 4495 3309 4565 Denique

60 4599 94 4649 si
122 4597 364 4668 agnoscit
390 4593 567 4649 Filius
595 4606 813 4646 sensum
846 4589 962 4653 Dei,
996 4596 1083 4641 est
1112 4601 1243 4655 ergo
1288 4595 1344 4642 et
1369 4586 1620 4643 consilia-

61 4688 153 4743 tius
173 4690 306 4760 ejus.
347 4687 467 4743 Sed
496 4683 845 4740 consiliarius
875 4695 981 4735 non
1020 4683 1092 4733 ita
1132 4680 1482 4750 accipiendus
1510 4690 1616 4746 est,

59 4781 189 4847 quasi
230 4778 515 4853 ignoranti
548 4776 597 4830 ei
634 4774 762 4844 quid
805 4780 950 4840 agat,
983 4771 1272 4827 consilium
1307 4772 1397 4826 det
1420 4769 1616 4837 Filius,

60 4888 134 4927 aut
160 4873 401 4945 Spiritus
427 4881 681 4935 sanctus;
718 4867 814 4922 sed
842 4864 986 4935 quod
1018 4864 1258 4927 consilii,
1293 4872 1348 4918 et
1375 4862 1627 4917 volunta-

61 4965 120 5021 tis
158 4968 272 5036 ejus
323 4966 607 5039 particeps
646 4971 704 5016 et
747 4959 929 5014 sciens
963 4955 1035 5011 sit
1074 4955 1266 5023 Filius,
1293 4965 1348 5011 et
1390 4955 1629 5024 Spiritus

58 5073 276 5115 sanctus.
327 5057 510 5114 Simili
544 5069 675 5126 ergo
715 5051 877 5107 modo
910 5056 967 5103 et
988 5048 1205 5103 Balaam
1234 5049 1363 5119 quia
1401 5048 1628 5103 consilii

58 5151 182 5216 quod
207 5152 255 5205 ei
303 5150 653 5206 revelaverat
694 5147 857 5223 Deus,
922 5142 1243 5213 participem
1296 5141 1535 5197 faciebat
1574 5150 1629 5196 et

60 5260 262 5309 gnarum
313 5244 549 5308 Balach,
594 5241 716 5295 ait:
754 5256 774 5290 t
802 5236 960 5301 Veni,
997 5234 1285 5292 consilium
1342 5234 1438 5289 tibi
1486 5232 1621 5300 do,»

60 5345 294 5408 tanquam
330 5339 431 5409 qui
460 5352 593 5392 vere
617 5337 810 5390 videns
844 5334 936 5399 sit,
965 5342 1019 5389 et
1045 5342 1175 5385 vere
1203 5326 1434 5383 audierit
1458 5327 1623 5381 verba

60 5427 160 5495 Dei,
188 5433 332 5487 sicut
383 5431 442 5486 in
496 5428 960 5497 consequentibus
1008 5422 1140 5478 dicit
1160 5421 1203 5455 "
1236 5439 1250 5474 :
1283 5437 1301 5471 ι
1334 5418 1482 5474 Dixit
1522 5418 1625 5472 Ba-

1731 4590 1874 4660 apud
1906 4587 2008 4643 Job
2042 4588 2308 4657 scriptum
2347 4597 2431 4645 est
2461 4586 2504 4620 ἰ
2532 4604 2545 4640 :
2581 4605 2599 4638 ι
2635 4586 2769 4653 Quis
2798 4586 2948 4641 dedit
2990 4586 3310 4641 mulieribus

1734 4681 1949 4736 texendi
2010 4680 2358 4750 sapientiam,
2401 4688 2458 4735 et
2507 4679 2792 4733 varietatis
2847 4678 3304 4746 disciplinam?»

1734 4774 1838 4831 Sed
1871 4784 1927 4829 et
1955 4774 2010 4829 in
2036 4773 2224 4829 Exodo
2253 4774 2319 4828 ";
2356 4792 2375 4826 ι
2417 4772 2659 4828 Locutus
2690 4782 2798 4837 est,
2828 4771 3023 4840 inquit,
3050 4771 3310 4831 Dominus

1730 4869 1797 4923 ad
1840 4868 2059 4940 Moysen
2100 4866 2327 4922 dicens:
2373 4865 2513 4922 Ecce
2547 4866 2734 4921 vocavi
2769 4865 3089 4920 nominatim
3142 4864 3307 4921 Bese-

1726 4961 1873 5017 lehel
1901 4960 2070 5015 tilium
2104 4960 2222 5026 Uri,
2259 4959 2355 5013 lilii
2379 4958 2472 5027 Οἳ,
2517 4973 2583 5014 ex
2610 4959 2756 5014 tribu
2790 4956 2955 5026 Juda,
2990 4967 3052 5013 .et
3103 4956 3305 5028 replevi

1728 5066 1849 5107 eum
1901 5052 2099 5121 spiritu
2150 5050 2337 5103 divino
2393 5049 2713 5118 sapientiae,
2768 5057 2822 5103 et
2877 5046 3208 5116 intellectus,
3254 5054 3310 5101 et

1730 5143 2057 5213 disciplinae,
2092 5150 2151 5195 ut
2178 5141 2233 5194 in
2272 5141 2423 5193 omni
2466 5153 2632 5208 opere
2678 5137 2966 5206 intelligat,
3010 5147 3065 5191 et
3100 5135 3170 5190 sit
3214 5149 3306 5188 ar-

1733 5234 2006 5291 chitectus
2042 5234 2109 5288 ad
2158 5233 2497 5303 operandum
2543 5242 2861 5301 argentum,
2906 5238 2960 5291 et
2993 5241 3210 5291 aurum,
3251 5234 3308 5278 et

1734 5343 1829 5391 aes,
1857 5337 1913 5381 et
1950 5326 2161 5397 lapides
2188 5324 2528 5394 repletiouis,
2560 5333 2618 5379 et
2649 5322 2836 5379 omnia
2863 5332 3029 5390 opera
3068 5315 3306 5381 fabrilia,

1733 5430 1789 5474 et
1816 5421 1871 5475 in
1901 5419 2073 5493 ligno,
2103 5427 2163 5480 ut
2182 5425 2445 5489 operetur
2470 5417 2768 5474 secundum
2798 5413 2981 5472 omnia
3024 5422 3210 5479 opera.
3236 5410 3304 5461 ad

114 5590 152 5622 ⁵⁵
188 5590 347 5646 Num.
388 5605 539 5655 xxiv,
569 5588 656 5644 l7.
719 5586 767 5619 “
794 5586 949 5655 Rom.
980 5598 1057 5647 at,
1088 5581 1176 5636 54.
1233 5578 1494 5655 “Matth:
1516 5546 1602 5655 in,

1786 5577 1830 5610 ⁸⁷
1863 5576 2021 5655 Num:
2056 5595 2209 5655 xxiv.
2244 5577 2457 5655 1546.
2508 5578 2554 5610 ⁵⁸
2578 5576 2618 5632 Il
2648 5575 2776 5632 Cor.
2802 5588 2899 5640 xu,
2926 5570 2983 5625 4.
3055 5567 3100 5601 δ’
3133 5562 3301 5623 Eccli.

60 5675 93 5725 ι,
121 5661 165 5715 l.
237 5663 284 5695 ⁸ο
308 5663 481 5717 Eccli.
511 5647 628 5727 in,
657 5657 745 5715 l9.
805 5658 849 5690 “
898 5654 999 5711 Job
1021 5667 1249 5718 xxxviii,
1278 5649 1366 5707 56.
1443 5649 1489 5679 ⁸³
1515 5647 1623 5702 Exo

1733 5664 1870 5717 txxi,
1903 5651 1955 5716 l,
1986 5650 2040 5717 2,
2063 5650 2118 5718 5,
2168 5651 2222 5721 4,
2246 5650 2297 5719 5,
2341 5649 2395 5706 6.

121 5802 226 5874 (79)
273 5802 414 5859 Cod.
455 5799 823 5857 Corbeiensis.
880 5797 1153 5854 «dictum,
1179 5812 1199 5847 ι
1247 5790 1405 5848 Libb.
1449 5788 1636 5857 editi,i
1659 5786 1888 5846 dixisse.
1917 5804 1937 5837 ι

322 5900 597 5961 Parnm.
630 5896 749 5958 Gn.
784 5888 923 5957 ΧΠ.

2954 5867 3034 5929 23
