3914 6560
565 397 669 476 ’115

2011 396 2331 454 ORIGENIS

3691 402 3764 455 Ἧι

565 533 687 588 quae
718 531 817 587 ego
841 515 961 570 dedi
1002 529 1149 570 eum.
1180 513 1287 570 Sed
1313 524 1366 569 et
1389 514 1542 569 Eliah
1565 512 1734 569 filium
1768 514 2128 571 Achisamach
2165 522 2205 578 Α
2238 517 2554 583 buscunque
2585 517 2834 586 quaesivit
2865 517 2932 571 ab
2972 518 3052 573 eis
3095 534 3187 574 rex
3231 517 3441 574 invenit
3478 533 3572 574 eos
3593 519 3769 589 decuplo

558 623 626 664 ex
663 609 806 664 tribu
846 607 977 662 Dan.
1007 607 1072 661 Et
1095 605 1218 660 dedi
1264 605 1320 660 in
1362 620 1458 661 cor
1484 606 1632 660 omni
1687 607 1942 675 prudenti
1970 606 2133 662 intel-

559 701 780 765 lectum,
816 709 871 754 ut
899 699 1096 753 faciant
1129 699 1311 754 omnia
1348 711 1473 768 qum
1499 697 1760 752 constitui
1789 697 1904 752 tibi.
1946 716 1965 749 ι
1996 697 2134 753 Con-

558 791 736 846 sidera
762 806 892 862 ergo
927 806 994 845 ex
1017 791 1084 845 iis
1110 789 1362 846 omnibus
1393 788 1666 857 quomodo
1708 803 1738 842 a
1787 788 2018 844 Domino
2049 800 2134 846 est

559 885 822 955 sapientia
875 883 1109 948 fabrilis,
1163 883 1278 938 sive
1324 884 1378 938 in
1424 899 1577 950 auro,
1622 885 1737 939 sive
1785 885 1838 938 in
1884 895 2129 952 argento,

557 971 676 1027 sive
703 972 757 1025 in
784 970 890 1027 alia
922 985 1244 1041 quacunque
1307 973 1557 1038 materia,
1586 971 1671 1027 vel
1706 972 1870 1027 etiam
1908 972 2130 1026 textrini

557 1066 828 1136 sapientia
880 1084 892 1119 :
934 1076 990 1122 et
1044 1067 1168 1121 vide
1196 1066 1322 1135 quia
1363 1066 1490 1135 jure
1524 1067 1629 1122 diei
1676 1067 1744 1122 de
1781 1066 1848 1122 iis
1883 1068 2130 1123 omnibus

557 1166 760 1226 potest,
800 1159 941 1227 quod
976 1159 1168 1213 horum
1203 1159 1436 1214 scientia
1468 1159 1540 1215 ab
1579 1159 1810 1215 Excelso
1855 1161 1942 1215 sit.
1977 1160 2128 1226 Quod

553 1255 600 1306 si
636 1250 844 1306 fabrilis
873 1251 1097 1306 scientia
1129 1252 1197 1306 ab
1223 1251 1454 1306 Excelso
1483 1266 1603 1306 esse
1635 1251 1966 1315 declaratur,
1990 1266 2127 1320 quo-

557 1345 718 1401 modo
748 1360 852 1400 non
881 1355 933 1399 et
956 1345 1308 1415 geometrica,
1337 1360 1401 1400 ex
1421 1360 1523 1416 qua
1551 1346 1739 1415 utique
1761 1345 1878 1400 hrec
1899 1345 2126 1398 scientia

555 1451 722 1509 quam
780 1436 1064 1508 Scriptura
1127 1420 1612 1492 architectonicam
1665 1437 1930 1502 nominat,
1984 1437 2128 1491 deri-

558 1530 754 1585 vatur?
772 1528 1017 1598 Denique
1035 1538 1089 1583 et
1109 1529 1160 1582 in
1182 1528 1441 1583 Zacharia
1469 1527 1741 1583 funiculus
1763 1528 2124 1598 geometricus

555 1622 756 1677 dicitur
781 1621 850 1685 5',
888 1620 940 1674 in
971 1633 1080 1690 quo
1107 1618 1387 1674 dimetitur
1416 1617 1642 1688 angelus
1675 1617 1978 1673 Jerusalem
2013 1640 2024 1673 :
2070 1629 2125 1675 et

551 1715 675 1771 ideo
736 1730 840 1769 non
891 1723 1020 1784 puto
1079 1713 1378 1767 absurdum
1433 1711 1630 1776 videri,
1687 1711 1730 1766 si
1794 1711 1957 1766 etiam
2011 1710 2124 1765 bare

2237 607 2465 676 amplius
2508 624 2669 678 quam
2720 621 2875 666 erant
2922 613 3177 683 scpltistae
3231 624 3287 668 et
3331 613 3663 683 phil050phi,
3702 618 3768 682 qui

2234 711 2394 755 erant
2445 701 2498 754 in
2557 702 2706 757 omni
2758 717 2926 773 regno
2977 702 3114 770 ejus.
3158 724 3177 756 ι
3229 706 3295 759 Ει
3330 705 3448 760 [nec
3497 705 3697 775 quidem
3735 708 3772 758 in

2215 788 2638 861 exemplaribus
2691 793 3045 867 Septuaginta
3098 798 3457 866 interpretum
3511 798 3771 852 habentur:

2234 882 2288 936 in
2338 881 2690 938 Hebraeorum
2721 901 2851 940 vero
2885 888 3162 942 codicibus
3204 889 3410 958 aliquid
3452 888 3619 942 etiam
3642 889 3771 942 rebe-

2235 973 2472 1030 mentius
2498 977 2694 1045 reperi,
2721 977 2917 1046 quibus
2948 980 3194 1047 quamvis
3225 995 3329 1034 non
3358 988 3606 1043 utamur,
3634 989 3771 1032 tamen

2231 1065 2551 1136 agnoscendi
2583 1067 2756 1137 gratia
2795 1068 3039 1124 dicemus
3078 1069 3241 1124 etiam
3296 1070 3370 1125 ibi
3395 1085 3524 1141 quae
3551 1068 3771 1138 legimus:

2235 1173 2254 1207 t
2299 1156 2472 1224 Dedit,
2502 1158 2701 1226 inquit,
2737 1159 2875 1213 Deus
2903 1159 3235 1214 intellectum
3279 1172 3336 1215 et
3383 1162 3713 1229 prudentiam
3735 1162 3770 1213 in

2227 1249 2372 1303 omni
2415 1252 2773 1319 grammatica
2805 1252 3096 1322 sapientia,
3131 1264 3183 1307 et
3220 1252 3412 1308 Daniel
3452 1253 3706 1307 intellexit
3736 1256 3772 1307 iu

2227 1341 2371 1394 omni
2405 1341 2630 1409 visione,
2658 1352 2712 1396 et
2739 1343 2986 1400 somniis.
3017 1363 3035 1396 ι
3072 1343 3136 1400 Et
3167 1356 3283 1416 post
3301 1360 3482 1416 pauca
3514 1365 3527 1399 :
3564 1365 3583 1396 ι
3620 1346 3772 1400 Etste-

2229 1441 2431 1500 terunt,
2466 1434 2661 1504 inquit,
2692 1435 2744 1489 in
2781 1446 3080 1506 conspectu
3107 1440 3272 1509 regis,
3297 1447 3353 1492 et
3386 1439 3616 1492 inomni
3646 1438 3771 1490 verbo

2225 1525 2522 1594 sapientiae,
2553 1536 2605 1581 et
2633 1527 2953 1598 disciplinae,
2983 1531 3032 1585 in
3061 1547 3167 1601 quo
3189 1531 3448 1601 quaesivit
3479 1532 3550 1585 ab
3580 1531 3653 1585 eis
3679 1547 3768 1590 rex,

2227 1617 2432 1672 invenit
2456 1618 2508 1672 in
2537 1620 2618 1675 eis
2648 1621 2873 1692 decuplo
2913 1639 3076 1694 super
3107 1638 3298 1679 omnes
3347 1624 3710 1678 incantatores
3732 1635 3771 1676 et

2230 1725 2439 1781 magos,
2473 1712 2563 1780 qui
2594 1723 2752 1769 erant
2778 1715 2832 1769 in
2864 1717 3008 1770 omni
3037 1731 3199 1787 regno
3226 1716 3368 1784 ejus.
3415 1736 3435 1768 ι
3479 1716 3558 1770 Ex
3586 1717 3647 1769 iis
3675 1731 3771 1783 ergo

551 1804 775 1863 scientia
819 1807 1027 1861 dicatur
1059 1803 1291 1859 Excelsi.
1350 1803 1489 1870 Quid
1536 1812 1718 1858 autem
1768 1803 2010 1858 dicemus
2054 1803 2121 1858 de
2150 1809 2191 1881 ’ἢ
2224 1805 2482 1859 omnibus
2520 1815 2694 1875 potest
2730 1808 2957 1881 intelligi
2983 1812 3252 1880 quomodo
3281 1821 3338 1866 et
3363 1809 3591 1864 Balaam
3615 1810 3770 1865 dixerit

549 1900 779 1965 musica,
823 1897 973 1966 cujus
1008 1910 1223 1951 omnem
1284 1895 1540 1965 peritiam
1603 1896 1678 1949 ita
1724 1895 1982 1966 attigerat
2034 1911 2117 1951 sa-
2155 1871 2194 1925 Β
2225 1895 2292 1949 de
2320 1899 2636 1967 semetipso,
2675 1917 2694 1950 ι
2728 1901 2819 1970 qui
2848 1871 2950 1957 scit
2991 1905 3275 1959 scientiam
3331 1904 3581 1968 Excelsi,
3621 1922 3638 1955 ι
3685 1907 3767 1959 sei-

550 1986 923 2056 picntissimus
957 1983 1144 2048 David,
1195 1997 1259 2038 ac
1313 1984 1480 2039 totius
1510 1984 1774 2048 melodize,
1823 1994 1876 2039 et
1924 1986 2116 2058 rhyth-

551 2094 764 2135 morum
813 2077 1112 2147 collegerat
1157 2075 1478 2144 disciplinas
1523 2086 1580 2131 ut
1636 2092 1718 2142 ex,
1751 2077 1819 2132 iis
1870 2079 2118 2133 omnibus

548 2170 815 2226 inveniret
843 2184 1025 2236 sonos,
1063 2167 1260 2238 quibus
1300 2175 1484 2238 posset
1526 2169 1691 2223 etiam
1741 2169 2115 2239 perturbatum

541 2255 728 2332 regem
785 2270 1152 2332 vexatumque
1197 2261 1267 2315 ab
1315 2260 1507 2332 spiritu
1555 2259 1793 2330 maligno
1838 2261 2117 2331 psallendo

535 2351 841 2422 mitigare?
866 2349 1019 2406 Unde
1044 2365 1151 2404 non
1177 2359 1306 2420 puto
1337 2349 1573 2420 aliquem
1603 2351 1736 2406 recti
1768 2364 1991 2415 sensus,
2022 2352 2116 2421 qui

542 2445 596 2499 in
625 2445 819 2500 horum
853 2443 1096 2499 omnium
1133 2443 1367 2497 scientia
1400 2451 1580 2514 neget,
1632 2443 1759 2512 quia
1811 2443 1989 2498 omnis
2031 2459 2117 2499 sa-

529 2537 746 2606 pientia
779 2549 808 2590 a
831 2535 1058 2591 Domino
1092 2543 1193 2591 est.
1226 2533 1347 2589 Jam
1375 2550 1504 2591 vero
1524 2535 1601 2591 'de
1628 2535 1916 2591 medicinae
1941 2538 2110 2592 scien-

541 2633 614 2684 tia
647 2645 744 2686 nee
783 2629 1020 2686 dubitari
1077 2637 1228 2699 puto.
1275 2628 1332 2684 Si
1380 2629 1524 2686 enim
1555 2637 1639 2686 est
1675 2629 1784 2684 ulla
1816 2629 2048 2686 scientia
2084 2645 2113 2684 a

541 2724 674 2790 Deo,
709 2739 831 2794 quae
862 2723 1036 2795 magis
1057 2725 1124 2781 ab
1148 2739 1212 2781 eo
1246 2725 1351 2780 erit
1383 2739 1546 2794 quam
1574 2724 1803 2780 scientia
1838 2724 2112 2791 sanitatis,

539 2819 596 2872 in
633 2833 740 2888 qua
782 2818 948 2874 etiam
987 2817 1282 2873 herbarum
1327 2817 1495 2882 vires,
1542 2825 1597 2872 et
1642 2832 1929 2873 succorum
1973 2832 2108 2887 qua-

541 2914 741 2978 litates,
783 2927 847 2969 ac
881 2911 1203 2968 differentia:
1233 2911 1680 2981 dignoscuntur?
1720 2909 1886 2981 Igitur
1919 2926 1984 2966 ex
2025 2911 2110 2966 his

538 3008 791 3063 omnibus
821 3006 1102 3077 colligitur
1135 3006 1275 3076 quod
1300 3007 1464 3061 etiam
1490 3004 1652 3075 hujus
1686 3004 1900 3059 Balaam
1927 3005 2109 3061 scien-

535 3099 638 3166 tia,
679 3107 778 3170 pro
803 3114 907 3169 qua
941 3099 1241 3153 accersitus
1271 3107 1356 3153 est
1395 3113 1461 3152 ex
1510 3095 1914 3166 Mesopotamia;
1955 3111 2113 3152 mon-

551 3194 701 3250 tibus
731 3195 798 3249 ab
828 3193 1045 3248 oriente
1083 3201 1142 3247 ut
1168 3189 1514 3247 malediceret
1537 3188 1728 3255 Iacob,
1751 3188 1963 3245 ‘habeat
1991 3187 2114 3259 qui-
2139 3209 2144 3216 ί

538 3286 660 3342 dem
691 3285 846 3340 initia
899 3283 1277 3354 etForiginem
1327 3282 1394 3338 ab
1445 3281 1695 3348 Excelsa,
1728 3290 1784 3339 et
1827 3281 1950 3337 inde
1974 3281 2115 3338 sitei

539 3377 745 3446 agnitio
792 3392 900 3448 qua
948 3375 1204 3432 didicerit
1254 3372 1338 3428 vel
1388 3382 1613 3429 naturas
1636 3372 1978 3440 animalium,
2023 3372 2111 3428 vel

444 3529 450 3534 ,
537 3480 718 3526 motus
749 3471 956 3538 avium,
1002 3468 1088 3525 vel
1140 3466 1481 3524 differentias
1515 3481 1706 3522 vocum
1734 3483 1748 3521 :
1784 3469 1880 3522 sed
1907 3481 1969 3522 ea
1999 3480 2119 3537 qua)

535 3562 601 3616 ad
627 3562 916 3618 scientiam
951 3561 1218 3617 bonorum
1274 3559 1569 3630 acceperit,
1619 3559 1914 3614 contulisse
1957 3574 2015 3614 se
2047 3560 2115 3612 ad

533 3667 692 3708 usum
719 3651 1011 3707 malorunt.
1049 3650 1202 3718 Quod
1228 3650 1357 3706 mihi
1391 3649 1568 3705 simile
1597 3648 1832 3716 videtur,
1861 3648 2016 3718 quasi
2054 3648 2098 3704 si

534 3743 582 3798 is
625 3741 720 3814 qui
779 3741 1109 3798 medicinam
1138 3742 1418 3808 didicerit,
1448 3749 1501 3797 et
1534 3740 1831 3796 herbarum
1875 3740 2021 3794 vires
2051 3754 2116 3795 ac

545 3842 974 3904 temperamenta
1043 3835 1403 3904 cognoverit,
1467 3831 1711 3887 medendi
1771 3830 1890 3884 sine
1955 3830 2116 3884 dubio

533 3925 707 3993 gratia
739 3941 769 3978 a
799 3922 911 3979 Deo
947 3923 1266 3979 hominibus
1293 3923 1442 3990 data,
1474 3931 1801 3979 convertere
1833 3921 1962 3978 velit
1989 3937 2110 3993 pro-

531 4017 811 4085 positum:
847 4025 901 4071 et
925 4016 1072 4071 omni
1107 4001 1333 4070 scientia
1376 4030 1496 4085 quae
1540 4015 1606 4069 ad
1639 4015 1870 4070 salutem
1909 4028 2111 4082 corpo-

533 4123 654 4163 rum
679 4107 926 4178 praestita
957 4115 1061 4174 est,
1095 4115 1276 4161 utatur
1301 4107 1366 4161 ad
1393 4107 1621 4171 malum,
1651 4117 1708 4182 et
1740 4120 1840 4176 pro
1890 4105 2111 4160 medico

531 4201 859 4256 venenarius
900 4198 1025 4264 Iiat,
1075 4214 1171 4268 pro
1221 4199 1479 4254 remediis
1510 4199 1748 4264 morbos,
1779 4213 1874 4268 pro
1910 4199 2116 4252 sanita-

532 4295 678 4350 tibus
707 4292 906 4347 inferat
928 4300 1156 4346 mortes.
1177 4290 1246 4346 Ut
1271 4302 1454 4346 autem
1476 4290 1711 4360 amplius
1739 4290 2114 4360 intelligamus

531 4384 710 4440 adhuc
746 4382 911 4438 totius
951 4383 1195 4438 scientiae
1241 4381 1565 4451 sapientiam
1597 4397 1627 4436 a
1677 4383 1788 4437 Deo
1836 4382 2108 4453 originem

534 4477 789 4543 trahere,
829 4476 896 4532 ab
941 4475 1256 4532 hominibus
1305 4481 1484 4530 autem
1524 4474 1650 4528 mali
1695 4473 1980 4544 propositi,
2027 4473 2113 4527 vel

2223 1985 2349 2043 licet
2373 1998 2430 2042 ut
2459 1989 2791 2063 intelligatur
2830 1996 2972 2062 quod
3022 1997 3178 2067 origo
3230 1997 3401 2052 tutius
3453 1998 3691 2052 scientia:
3723 2001 3772 2050 ab

2225 2078 2340 2148 ipso
2372 2083 2644 2151 acceperit
2679 2087 2960 2142 exordium
2987 2107 3000 2142 :
3038 2089 3170 2144 vitio
3197 2098 3380 2144 autem
3415 2090 3663 2143 humana
3688 2105 3771 2141 ma-

2223 2170 2776 2241 litiae,aspirantibus
2822 2191 2878 2234 et
2928 2179 3359 2249 subripientibus
3397 2181 3566 2234 etiam
3612 2181 3769 2234 damo-

2225 2262 2404 2330 nilnts,
2452 2267 2504 2320 in
2553 2269 2851 2335 perniciem
2888 2286 3040 2327 versa
3086 2271 3194 2326 sint
3235 2287 3359 2342 qua:
3415 2286 3518 2340 pro
3572 2272 3768 2326 utilitate

2225 2369 2479 2410 concessa
2529 2367 2677 2414 sunt.
2737 2358 2862 2416 llaec
2917 2362 2988 2416 de
3035 2377 3099 2417 eo
3155 2363 3299 2432 quod
3351 2361 3531 2427 dixit,
3569 2381 3588 2414 ι
3627 2363 3769 2416 sciens

2224 2447 2508 2502 scientiam
2551 2447 2786 2518 Excelsi,
2830 2469 2849 2504 ι
2887 2468 2916 2506 a
2960 2453 3118 2509 nobis
3151 2468 3250 2524 pro
3295 2454 3510 2510 viribus
3559 2455 3767 2510 discussa

2223 2536 2351 2592 sint.

2291 2629 2346 2683 4.
2384 2629 2518 2687 Post
2556 2633 2674 2690 haec
2722 2635 2800 2690 ait
2834 2635 2880 2669 ⁸⁵
2913 2655 2927 2692 :
2974 2655 2993 2688 ι
3028 2637 3310 2695 Visionem
3363 2639 3464 2694 Dei
3519 2642 3699 2694 videns
3733 2641 3769 2693 in

2223 2723 2458 2789 somnis,
2497 2725 2721 2782 revelati
2750 2727 2895 2784 oculi
2925 2728 3061 2798 ejus.
3102 2749 3121 2784 ›
3165 2730 3239 2786 De
3279 2731 3348 2786 iis
3375 2729 3706 2786 sufﬁcienter
3733 2732 3768 2782 iu

2225 2815 2379 2869 tertia
2438 2816 2641 2872 visione
2681 2819 2971 2876 dissertum
3022 2831 3138 2888 est,
3183 2833 3236 2878 et
3294 2825 3492 2879 eadem
3554 2834 3766 2894 repetere

2221 2907 2451 2964 otiosum
2484 2917 2584 2964 est.
2614 2909 2906 2969 Videamus
2937 2928 3068 2984 ergo
3101 2915 3229 2984 quid
3268 2924 3358 2970 est
3383 2917 3538 2986 quod
3583 2916 3635 2970 in
3671 2931 3771 2969 can-

2223 3000 2577 3070 sequentibus
2601 3001 2732 3058 dicit
2769 3002 2815 3035 ⁵⁸
2845 3021 2860 3058 :
2893 3023 2910 3057 ι
2947 3005 3244 3062 Ostendam
3271 3008 3346 3072 ei,
3376 3017 3435 3062 et
3467 3024 3580 3063 non
3624 3011 3772 3068 modo.

2221 3091 2568 3160 beatificabo,
2598 3103 2654 3148 et
2689 3109 2794 3149 non
2833 3098 3254 3168 appropinquat.
3291 3118 3310 3151 ι
3349 3099 3406 3152 In
3437 3099 3566 3154 aliis
3591 3100 3771 3170 quidem

2221 3181 2624 3252 exemplaribus
2678 3184 2928 3255 legimus,
2992 3204 3013 3238 ‹
3066 3187 3264 3243 videbo
3325 3203 3480 3250 cum.
3545 3191 3638 3244 sed
3692 3206 3772 3242 non

2223 3275 2383 3330 modo
2420 3274 2554 3348 (80).
2595 3296 2613 3330 ι
2661 3277 2819 3345 Quod
2869 3279 2916 3334 si
2962 3281 3275 3351 recipiatur,
3326 3281 3550 3338 facilius
3588 3283 3773 3350 intelligi

2219 3366 2536 3435 putabitur:
2572 3377 2629 3423 ut
2659 3367 2965 3437 Christum,
2999 3371 3064 3426 de
3099 3386 3206 3441 quo
3244 3372 3298 3426 in
3340 3375 3775 3443 consequentibus

2220 3456 2352 3512 dicit
2393 3457 2438 3489 ⁸⁷
2487 3476 2500 3512 :
2567 3476 2585 3510 σ
2616 3459 2851 3525 _Orietur
2895 3461 3047 3516 stella
3097 3476 3163 3517 ex
3205 3461 3400 3530 Iacob,
3444 3473 3502 3520 et
3551 3476 3776 3533 exsurget

2219 3547 2382 3602 homo
2433 3548 2498 3603 de
2541 3547 2733 3614 Israel,
2773 3569 2792 3603 ι
2835 3550 3125 3607 videndum
3172 3552 3321 3608 dicat
3363 3569 3512 3618 esse,
3566 3557 3657 3610 sed
3692 3570 3772 3608 non

2219 3637 2418 3705 modo;
2459 3638 2561 3694 hoc
2601 3649 2705 3706 est,
2755 3654 2861 3696 non
2915 3655 2980 3696 eo
3025 3651 3296 3712 tempore,
3334 3659 3447 3712 quo
3479 3644 3589 3698 ista
3619 3645 3778 3712 loque-

2221 3729 2404 3784 batur.
2444 3729 2499 3785 In
2527 3732 2840 3788 novissimis
2888 3735 3031 3787 enim
3068 3732 3276 3798 diebus,
3319 3751 3338 3784 ε
3383 3734 3477 3789 ubi
3513 3737 3658 3788 venit
3687 3739 3778 3803 ple.

2219 3821 2409 3876 nitudo
2440 3822 2722 3894 temporis,
2765 3823 2914 3878 misit
2939 3823 3079 3880 Deus
3109 3823 3304 3879 Filium
3334 3841 3500 3880 suum
3525 3826 3596 3882 “.
3637 3848 3656 3877 ι
3692 3825 3777 3880 Sed

2217 3911 2262 3966 si
2301 3912 2602 3967 secundum
2649 3913 2753 3969 hoc
2797 3914 2940 3982 quod
2983 3929 3082 3971 nos
3125 3916 3398 3970 habemus
3434 3917 3487 3970 in
3529 3914 3779 3982 exemle-

2218 4003 2387 4069 ribus,
2435 4003 2718 4074 legendum
2755 4005 2917 4077 342
2967 4007 3060 4072 sit,
3116 4007 3220 4062 hoc
3261 4015 3397 4062 est:
3453 4025 3472 4058 ι
3508 4006 3780 4062 Ostendam

2218 4094 2316 4158 illi,
2357 4105 2412 4150 et
2450 4111 2556 4151 non
2599 4097 2798 4164 modo;
2843 4088 3194 4162 beatificabo,
3239 4108 3296 4152 ct
3346 4115 3457 4154 non
3507 4099 3780 4169 appmpin-

2215 4198 2386 4259 quat;
2429 4208 2447 4242 ι
2481 4205 2587 4245 non
2621 4192 2686 4244 ad
2725 4191 2870 4246 hunc
2921 4189 3162 4259 Balaam,
3211 4205 3314 4262 per
3359 4206 3532 4262 quem
3562 4191 3676 4245 hac
3716 4191 3782 4241 dio

2216 4292 2438 4347 cuntur,
2471 4283 2564 4338 sed
2595 4283 2659 4336 ad
2695 4283 2817 4337 illos
2843 4297 3074 4353 quorum
3115 4297 3411 4352 personam
3444 4283 3502 4336 in
3529 4283 3634 4335 hoc
3666 4279 3784 4333 dixi-

2217 4389 2358 4441 mus,
2412 4374 2669 4430 refertur.
2717 4373 2796 4428 Illi
2835 4375 2977 4429 enim
3014 4375 3268 4429 doctores
3325 4373 3465 4445 legis
3511 4385 3570 4428 et
3614 4373 3782 4426 scribe

2215 4469 2503 4524 ostendent
2551 4468 2830 4524 Christum
2876 4470 2928 4523 in
2975 4468 3092 4539 lege
3139 4477 3195 4523 et
3242 4468 3542 4538 prophetis
3573 4466 3782 4536 prophe-

533 4567 695 4621 etiam
726 4584 756 4621 a
788 4567 1126 4622 dzemonibus
1151 4565 1491 4635 corruptelas
1529 4567 1790 4635 quasdam
1827 4565 2106 4636 sapientiae
2140 4583 2183 4639 ι)
2217 4568 2411 4628 talum,
2442 4561 2536 4614 sed
2567 4575 2671 4614 non
2703 4560 2884 4616 modo.
2914 4559 3026 4616 Hoc
3052 4569 3156 4625 est,
3182 4575 3288 4614 non
3318 4575 3389 4614 eo
3420 4569 3672 4630 tempore
3695 4571 3782 4624 quo

533 4659 628 4714 Dei
656 4659 1080 4716 admiscentibus
1113 4658 1377 4714 declinari
1411 4657 1478 4712 ad
1507 4657 1706 4712 malum
1745 4677 1757 4712 :
1799 4658 2103 4727 relegamus

529 4767 616 4815 ea,
647 4767 766 4821 quae
795 4752 848 4806 in
879 4749 1101 4805 Daniele
1131 4752 1332 4820 scripta
1367 4758 1499 4805 sunt
1543 4747 1608 4803 de
1640 4747 1762 4818 ipso
1802 4749 2023 4805 Daniele
2050 4759 2106 4804 et

531 4842 702 4897 tribus
729 4841 919 4896 amicis
944 4839 1082 4908 ejus,
1117 4855 1253 4908 quos
1273 4837 1774 4894 Nabuchodonosor
1812 4853 1902 4894 rex
1937 4839 2106 4896 tribus

529 4933 686 4988 annis
720 4932 1048 4987 erudiendos
1080 4931 1320 4995 tradidit,
1351 4929 1538 4985 volens
1564 4945 1658 4985 eos
1693 4930 1745 4983 in
1775 4945 1894 4995 sua,
1937 4931 1988 4985 id
2023 4942 2105 4988 est

529 5023 702 5093 patria
721 5032 775 5079 et
801 5023 1218 5094 Babyloniorum
1240 5022 1508 5092 sapientia
1529 5021 1927 5078 scientissimos
1964 5021 2102 5080 ﬁeri.

528 5114 603 5169 lbi
629 5130 758 5185 ergo
781 5115 1042 5186 scriptum
1086 5122 1168 5168 est
1214 5113 1286 5178 ⁵⁸,
1325 5114 1448 5183 quia
1497 5131 1515 5165 ι
1547 5112 1696 5168 dedit
1735 5112 1814 5168 eis
1844 5113 2105 5170 Dominus

527 5204 811 5259 scientiam
833 5214 887 5260 et
906 5204 1264 5270 intellectum,
1289 5213 1343 5259 et
1370 5204 1711 5274 prudentiam
1735 5203 1788 5257 in
1823 5203 1966 5258 omni
1989 5213 2105 5259 arte

527 5298 903 5367 grammatica,
938 5310 994 5354 et
1024 5297 1229 5354 Danieli
1271 5297 1420 5352 dedit
1474 5295 1806 5351 intellectum
1858 5296 1910 5349 in
1955 5296 2104 5350 omni

526 5389 714 5455 verbo,
745 5399 801 5446 et
819 5392 1051 5458 visione,
1082 5399 1139 5445 et
1167 5390 1428 5446 somniis:
1456 5397 1510 5442 et
1539 5388 1855 5459 erantapud
1883 5403 2061 5456 regem
2087 5408 2101 5443 :

524 5487 580 5533 et
605 5479 658 5534 in
688 5482 836 5538 omni
866 5484 1030 5538 verbo
1057 5491 1112 5538 et
1137 5480 1450 5553 prudentia,
1481 5488 1535 5534 et
1566 5479 1874 5549 disciplina,
1902 5479 1954 5534 in
1985 5480 2107 5548 qui-

499 5663 504 5666 .
600 5619 647 5655 ⁸⁸
673 5617 838 5674 Zach.
885 5635 945 5685 tt,
993 5619 1046 5673 1.
1121 5617 1170 5650 ⁸⁸
1220 5616 1360 5672 Dan.
1397 5633 1433 5682 t,
1481 5615 1681 5685 17,19,
1713 5617 1804 5671 9.0.
1880 5617 1925 5650 ⁵⁵
1963 5617 2122 5677 Num.
2155 5625 2418 5694 xxtv,l6.
2493 5626 2541 5660 ⁸⁸
2570 5625 2724 5693 ibid.,
2756 5625 2843 5678 l7.
2919 5625 2964 5656 ⁸⁷
2990 5624 3120 5679 ibid.

601 5737 714 5807 (80)
756 5737 822 5791 In
857 5737 981 5792 aliis
1001 5738 1211 5808 quidem
1240 5737 1628 5809 exemplaribus
1655 5738 1874 5808 legimus
1904 5754 1922 5792 :
1952 5758 1969 5790 ι
2017 5757 2101 5794 n-

531 5809 660 5861 dcbo
710 5825 865 5875 eum,
924 5807 1021 5862 sed,
1061 5825 1165 5863 non
1221 5807 1397 5863 modo.
1441 5826 1458 5861 ι
1511 5807 1716 5878 Nempe
1746 5810 1819 5878 Vin
1873 5809 2100 5865 Hebrum

532 5878 701 5945 tome,
743 5887 796 5932 et
820 5879 959 5948 apud
995 5879 1272 5950 Aquilam,
1300 5879 1392 5950 qui
1420 5880 1582 5934 vertit
1612 5898 1625 5935 :
1656 5877 1896 5949 Ὄψομαι
1934 5881 2096 5934 αὑτὸν

2212 4655 2379 4719 venit,
2421 4653 2514 4708 sed
2536 4668 2659 4708 cum
2685 4652 2960 4723 plenitudo
2986 4653 3225 4721 gentium
3255 4653 3569 4716 introierit,
3598 4663 3652 4708 et
3680 4664 3781 4705 cn-

2195 4747 2386 4804 .omnis
2426 4745 2594 4800 Israel
2624 4745 2824 4800 salvari
2870 4744 3119 4814 incipiet,
3166 4754 3297 4799 tunc
3321 4760 3451 4800 eum
3481 4745 3780 4801 ostendent.

2213 4850 2268 4896 et
2313 4850 2440 4894 tunc
2488 4838 2897 4910 beatificabunt,
2952 4853 3112 4908 quem
3160 4838 3322 4894 modo
3383 4839 3779 4910 blasphemant.

2216 4933 2326 4987 Sed
2365 4931 2469 4986 hoc
2499 4940 2710 5000 tempus
2746 4931 2797 4982 in
2832 4944 2940 4998 quo
2987 4931 3100 4984 haec
3147 4930 3327 4984 futura
3362 4940 3520 4993 sunt,
3561 4944 3662 4983 non
3699 4942 3778 4994 ar

2214 5027 2539 5098 propinquat
2567 5044 2579 5080 :
2635 5024 2792 5094 longe
2821 5023 2968 5078 enim
3005 5033 3108 5089 est,
3137 5033 3191 5077 et
3224 5024 3278 5077 in
3321 5025 3441 5094 ipso
3472 5023 3658 5079 saculi
3693 5020 3780 5072 te:

2213 5118 2562 5190 Sperandum.
2616 5118 2683 5173 Et
2735 5119 2858 5172 ideo
2899 5119 2999 5184 ait,
3030 5137 3048 5170 ‹
3086 5117 3389 5175 Ostendam
3445 5119 3552 5182 illi,
3595 5127 3648 5171 et
3693 5128 3778 5167 eos

2212 5210 2414 5264 modo:
2456 5227 2474 5261 ι
2508 5207 2607 5275 illi,
2643 5209 2746 5264 hoc
2795 5217 2878 5263 est
2921 5208 3117 5279 papqu
3158 5209 3251 5278 qui
3299 5220 3432 5264 tunc
3467 5206 3780 5264 salvabitar.

2185 5299 2337 5356 .Post
2385 5302 2522 5368 haec,
2579 5317 2602 5352 ι
2633 5301 2878 5365 Orietur,
2923 5301 3118 5370 inquit,
3159 5300 3314 5355 stella
3372 5315 3440 5354 ex
3494 5297 3689 5358 Jacob.
3737 5305 3784 5343 τι

2211 5404 2463 5462 exsurget
2515 5393 2677 5448 homo
2726 5408 2792 5448 ex
2839 5392 3029 5446 Israel.
3061 5411 3081 5444 ι
3119 5393 3193 5448 De
3225 5393 3314 5448 his
3358 5402 3415 5447 et
3457 5393 3515 5446 in
3551 5388 3782 5458 superio-

2215 5483 2365 5539 ribus
2401 5485 2662 5550 diximus,
2699 5486 2824 5555 quia
2863 5485 3141 5540 evidenter
3172 5485 3241 5540 de
3274 5485 3430 5539 stella
3456 5498 3581 5554 qua!
3619 5481 3781 5545 ωιείς

3197 5624 3245 5657 ⁸³
3273 5624 3450 5680 Galat.
3478 5639 3554 5688 tv,
3593 5623 3648 5679 ι.

2209 5747 2419 5871 καίιυοὺ
2473 5746 2588 5806 νῦν.
2646 5755 2781 5801 teste
2824 5745 3287 5800 Demonstrett'one
3333 5744 3636 5814 euangelica
3679 5739 3769 5794 Et-

2209 5833 2365 5871 sent.

2209 5833 2365 5873 scun.
