3914 6508
103 344 187 400 717

1213 317 1279 371 IN
1308 311 1637 370 NUMEBOS
1668 310 1954 367 HOMILIA
1992 309 2177 365 XVIII.

3197 302 3303 359 7I8

101 465 144 516 in
176 454 362 511 oriente
393 441 660 513 apparuit,
692 440 1090 511 prophetetur:
1131 451 1235 505 qua
1282 436 1419 490 duce
1458 446 1624 488 vcne-
1656 434 1701 490 Α
1731 428 1900 493 ducit,
1927 437 1979 483 et
2019 426 2188 496 spolia
2231 424 2421 480 salutis
2471 430 2755 494 reportet;
2793 420 2933 476 sicut
2979 428 3034 475 et
3081 421 3132 474 in
3182 420 3304 491 aliis

101 556 205 605 runt
236 542 295 596 ad
342 536 597 600 Judteam,
642 533 985 601 requirentes
1028 545 1151 585 eum
1207 528 1299 598 qui
1353 536 1513 581 natus
1543 533 1625 580 est

101 654 179 693 rex
214 631 379 694 Israel,
422 636 475 682 et
529 636 801 696 repertum
841 624 1037 680 oblatis
1074 621 1392 676 muneribus
1430 619 1613 673 adora.

100 738 280 789 verunt.
307 725 404 781 Sed
434 731 614 776 movet
648 734 752 782 me,
783 718 921 787 quod
954 719 1021 771 de
1063 718 1177 786 ipsa
1221 714 1375 771 stella
1410 723 1624 783 postea-

97 842 236 897 quam
264 820 449 876 dictum
485 824 566 869 est
604 813 658 867 in
690 810 986 880 Evangelio
1018 812 1087 877 ⁸³,
1118 811 1242 880 quia
1286 809 1629 879 praecesserit

98 926 259 981 magos
286 920 447 976 usque
478 904 533 959 in
566 901 909 965 Bethlchem,
935 912 990 956 et
1017 902 1239 957 veniens
1270 899 1423 955 stetit
1461 912 1627 968 supra

100 1009 174 1064 ubi
208 1018 330 1075 puer
375 1008 515 1063 erat,
546 997 689 1051 ultra
731 1011 839 1050 non
879 996 949 1048 sit
979 995 1208 1057 dictum,
1237 994 1360 1063 quia
1402 992 1487 1045 vel
1518 991 1628 1045 dis-

97 1097 291 1156 cesserit
314 1092 455 1158 inde,
485 1092 569 1147 vel
598 1090 903 1152 evanuerit,
956 1088 1041 1142 vel
1096 1097 1373 1157 assumpta
1414 1085 1505 1152 sit,
1538 1095 1630 1138 ant

96 1191 272 1264 aliquid
302 1186 518 1241 omnino
543 1186 608 1240 de
634 1184 737 1239 hoc
772 1181 1019 1236 narratio
1040 1178 1355 1249 evangelica
1380 1178 1627 1248 designa-

93 1287 213 1341 verit
240 1300 252 1338 ε
283 1280 370 1336 scd
394 1279 496 1333 hoc
515 1285 725 1331 tantum
752 1273 970 1339 dixerit,
1004 1274 1128 1344 quia
1162 1274 1321 1336 venit,
1351 1280 1405 1325 et
1437 1288 1455 1321 ι
1483 1270 1633 1324 stetit

94 1392 233 1447 supra
265 1371 347 1428 ubi
384 1378 503 1425 erat
530 1384 683 1438 puer.
728 1387 746 1421 ›
781 1368 859 1423 Ne
893 1368 1029 1421 forte
1063 1381 1192 1435 ergo
1221 1364 1361 1418 sicut
1391 1371 1633 1431 tempore

92 1466 342 1539 baptismi,
376 1477 499 1516 cum
527 1461 839 1531 baptizatus
881 1459 1040 1514 Iesus
1087 1456 1337 1512 ascendit
1389 1456 1461 1509 de
1510 1452 1634 1509 Jor-

92 1565 233 1624 dane,
265 1556 433 1628 aperti
469 1556 664 1610 suntei
690 1553 838 1616 εαξη,
869 1562 922 1607 et
951 1549 1338 1607 viditloannes
1371 1548 1632 1617 Spiritum

91 1654 169 1709 Dei
204 1648 609 1706 descendentem
639 1646 796 1716 quasi
855 1642 1182 1707 columbam,
1235 1652 1289 1696 et
1327 1647 1633 1695 manentem

92 1758 235 1813 super
262 1754 404 1803 eum,
438 1746 493 1793 et
526 1738 735 1793 audivit
762 1750 949 1791 vocem
977 1736 1248 1792 dicentem
1279 1735 1343 1789 de
1371 1732 1508 1789 caelo
1543 1734 1588 1769 ⁶⁰
1620 1749 1632 1784 ;

90 1858 105 1890 ι
137 1834 224 1889 Hic
253 1842 331 1889 est
362 1831 535 1885 Filius
573 1845 725 1885 meus
763 1829 1016 1895 dilectus,
1058 1827 1112 1881 in
1151 1842 1258 1896 quo
1293 1827 1432 1881 bene
1482 1840 1631 1881 com-

87 1927 279 1998 placui;
308 1943 327 1976 ι
381 1923 457 1976 ita
505 1933 561 1978 et
614 1921 769 1977 stella
807 1922 944 1986 haec,
977 1934 1098 1988 qua:
1141 1919 1289 1973 venit
1334 1931 1498 1986 supra
1545 1916 1635 1971 ubi

82 2028 188 2073 erat
218 2030 363 2086 puer,
402 2023 465 2069 et
499 2014 668 2079 stetit,
712 2013 763 2067 in
791 2012 1012 2067 Christo
1038 2010 1290 2067 similiter
1318 2009 1635 2079 permansit,

84 2112 208 2165 sicut
234 2117 283 2163 et
313 2105 554 2176 Spiritus
588 2108 813 2161 sanctus
840 2105 894 2158 in
919 2103 1103 2173 specie
1131 2102 1400 2158 columba:
1426 2101 1639 2156 venisse

80 2205 279 2270 dicitur,
322 2212 374 2255 et
415 2202 684 2257 mansisse
738 2201 790 2254 in
844 2214 930 2255 eo.
979 2200 1044 2253 Et
1073 2199 1221 2254 sicut
1265 2199 1481 2254 venisse
1517 2198 1640 2267 Spi-

80 2297 228 2350 ritum
262 2294 353 2349 Dei
384 2308 550 2362 super
579 2308 724 2359 eum,
769 2301 825 2347 et
870 2290 1135 2346 mansisse
1171 2289 1224 2345 in
1255 2304 1342 2357 eo,
1370 2290 1444 2343 ita
1490 2289 1638 2343 acci-

82 2391 245 2457 pimus
293 2387 439 2458 quod
502 2401 773 2456 nunquam
824 2384 895 2438 ab
951 2398 1015 2437 eo
1082 2383 1366 2438 recesserit
1410 2382 1643 2451 Spiritus

84 2484 205 2541 Dei;
241 2492 295 2538 et
339 2482 413 2536 ita
476 2483 542 2537 de
589 2480 745 2537 stella
804 2494 926 2549 qua:
977 2478 1146 2543 venit,
1193 2487 1248 2533 et
1294 2477 1445 2532 stetit
1479 2491 1645 2546 super

78 2589 212 2639 eum,
262 2571 646 2641 accipiendum
707 2580 837 2642 puto
885 2569 1027 2641 quod
1088 2570 1168 2623 sic
1226 2567 1436 2623 steterit
1482 2582 1643 2637 super

78 2684 208 2733 eum,
248 2676 304 2720 ut
342 2681 629 2735 nunquam
678 2665 803 2719 inde
835 2674 980 2717 meta
1015 2663 1105 2718 sit.
1151 2661 1215 2717 Et
1253 2663 1372 2717 ideo
1427 2661 1643 2715 deitatis

76 2762 179 2829 ejus
206 2759 470 2813 indicium
497 2758 640 2812 illam
680 2758 891 2813 stellam
931 2757 1099 2813 fuisse
1144 2756 1358 2824 opinor.
1407 2754 1560 2809 Unde
1591 2764 1646 2809 et

76 2853 195 2906 ordo
223 2850 531 2922 prophetia:
570 2850 685 2903 haec
719 2851 905 2905 eadem
942 2858 1345 2917 consequenter
1379 2846 1641 2912 ostendit,

75 2961 187 2997 cum
221 2946 284 2998 de
306 2945 521 2998 deitate
557 2944 771 3013 quidem
819 2942 937 3013 ejus
978 2941 1145 2997 dicit:
1186 2958 1204 2990 ι
1240 2938 1458 2995 Orietur
1486 2939 1642 2993 stella

76 3053 134 3092 ex
168 3036 372 3105 Iacob;
408 3056 427 3089 ι
460 3038 527 3091 de
545 3038 778 3090 humana
804 3051 934 3089 vero
966 3044 1159 3089 natura
1190 3054 1202 3087 :
1235 3053 1253 3086 ι
1296 3033 1359 3086 Ει
1389 3042 1645 3101 exsurget

74 3136 221 3188 homo
249 3147 315 3186 ex
356 3129 531 3186 Israel
567 3172 581 3197 ,
619 3151 636 3183 ι
677 3139 734 3185 ιιι
760 3129 817 3183 in
850 3138 1083 3199 utroque
1115 3137 1168 3181 et
1203 3125 1498 3181 secundum
1528 3127 1643 3180 dei-
1671 3136 1715 3192 (ι

74 3233 247 3288 tatem,
276 3233 327 3277 et
353 3222 664 3280 secundum
706 3220 1101 3274 humanitatem
1130 3218 1378 3274 Christus
1410 3219 1642 3287 prophe-

74 3326 204 3369 tatus
255 3315 551 3370 evidenter
602 3323 879 3382 appareat.
929 3330 947 3363 ι
981 3312 1047 3367 Ει
1090 3312 1329 3367 vastabit
1373 3312 1645 3379 principes

73 3409 212 3464 Moab
235 3409 301 3462 “.
340 3428 360 3461 ι
402 3406 570 3462 Moab
598 3408 815 3477 quidem
851 3422 986 3476 gens
1029 3413 1134 3469 est,
1166 3404 1324 3474 cujus
1372 3403 1646 3473 principes

74 3518 170 3557 neu
201 3503 337 3557 alios
365 3516 519 3565 esse,
555 3514 719 3570 quam
744 3497 1017 3568 spiritales
1051 3497 1324 3565 nequitias
1346 3503 1399 3549 et
1441 3493 1646 3563 princi-

73 3607 213 3665 patus
257 3596 380 3650 illos
428 3595 724 3648 adversum
771 3606 908 3661 quos
937 3591 1093 3645 nobis
1122 3590 1396 3645 luctamen
1426 3596 1531 3653 est,
1566 3588 1646 3640 in-

73 3688 376 3757 telligimus.
427 3685 547 3740 Hos
586 3699 713 3755 ergo
755 3684 859 3738 iste
890 3684 1050 3737 homo
1088 3697 1152 3736 ex
1192 3680 1360 3735 Israel
1391 3680 1644 3744 vastavit,

74 3795 177 3833 :utn
209 3780 363 3833 exuit
393 3777 746 3848 principatus
798 3785 851 3829 et
898 3783 1220 3845 potestates,
1269 3771 1489 3842 aﬂigens
1527 3772 1648 3827 illos

73 3873 202 3926 cruci
252 3887 394 3927 suae.
443 3869 636 3939 Neque
664 3870 808 3924 enim
846 3878 1064 3939 poterat
1110 3866 1321 3921 salvare
1359 3867 1646 3931 Moabitas,

74 3975 111 4019 ξι
140 3965 203 4018 ad
232 3964 328 4019 Dei
360 3963 711 4034 agnitionem
746 3960 1174 4031 perducere,uisi
1201 3959 1474 4029 principes
1504 3959 1646 4025 illos,

74 4060 147 4127 ιιιὶ
188 4060 239 4111 in
276 4058 363 4112 eis
404 4055 837 4110 dominationem
872 4052 1168 4121 impietatis
1219 4060 1529 4114 tenuerant,
1557 4051 1651 4106 dc-

73 4161 346 4205 rastasset.
394 4168 414 4201 ι
466 4146 534 4201 Ει
570 4145 901 4217 praedabitur
943 4159 1135 4199 omnes
1181 4143 1322 4197 ﬁlios
1351 4142 1481 4198 Seth
1512 4142 1578 4196 “.
1626 4162 1643 4195 ι

73 4244 187 4297 Seth
225 4243 384 4297 [ilius
411 4250 505 4295 est
534 4240 727 4300 Adam,
770 4236 839 4291 de
868 4252 977 4307 quo
1010 4235 1119 4289 Eva
1167 4235 1303 4289 dixit
1341 4251 1461 4290 cum
1496 4244 1651 4290 natus

73 4348 197 4395 asset
228 4339 274 4370 ⁵³
304 4354 321 4392 :
360 4355 379 4387 ι
411 4330 721 4391 Suscitavit
748 4330 894 4385 enim
943 4329 1073 4383 mihi
1107 4328 1247 4383 Deus
1289 4343 1470 4383 semen
1505 4327 1652 4381 aliud

74 4446 153 4497 )ro
188 4429 331 4483 Abel
369 4440 545 4496 quem
577 4422 776 4477 occidit
806 4419 961 4475 Cain.
1005 4439 1022 4470 ι
1066 4418 1175 4473 Iste
1210 4430 1294 4472 εει
1328 4434 1460 4489 ergo
1494 4416 1647 4481 Seth,

1727 522 1791 577 de
1843 536 1909 576 eo
1950 520 2214 589 scriptum
2251 527 2335 572 est
2370 516 2435 581 “,
2473 517 2601 587 quia
2645 534 2664 567 ι
2702 514 3004 570 ascendens
3042 514 3095 568 in
3130 514 3300 567 altum

1728 615 1997 685 captivam
2052 612 2207 668 duxit
2268 610 2665 681 captivitatem.
2707 628 2727 660 ι
2767 605 3148 675 Captivitatem
3192 605 3301 659 sci-

1731 706 1859 762 licet
1898 706 2044 761 illam
2088 704 2310 760 humani
2343 704 2585 773 generis,
2616 715 2780 770 quam
2817 698 3064 753 diabolus
3087 699 3154 752 ad
3179 709 3302 767 per-

1730 799 1991 853 ditionem
2026 805 2272 866 ceperat,
2304 796 2408 849 iste
2440 807 2627 847 rursus
2670 791 2943 859 captivam
2974 789 3151 854 duxit,
3194 798 3247 841 et
3276 802 3305 839 a

1731 902 1905 946 morte
1927 890 2206 947 revocavit
2244 890 2311 943 ad
2342 887 2529 941 vitam.
2565 884 2784 941 Utinam
2816 898 2946 954 ergo
2999 897 3085 936 tne
3125 892 3180 937 et
3216 896 3307 953 ca-

1729 985 1938 1054 ptivum
1962 983 2165 1038 habeat
2195 994 2411 1049 semper
2442 977 2695 1033 Christus
2724 977 2905 1039 Jesus,
2948 984 2999 1029 et
3029 988 3113 1029 me
3148 973 3311 1027 ducat

1733 1077 1785 1131 in
1814 1076 2051 1147 prmdam
2097 1089 2278 1137 suam,
2319 1083 2371 1126 et
2407 1086 2508 1141 ego
2555 1080 2740 1124 tenear
2770 1073 2887 1137 ejus
2924 1066 3157 1120 vinculis
3187 1065 3308 1118 alli—

1733 1177 1928 1235 gatus:
1971 1175 2028 1219 ut
2053 1176 2109 1220 et
2136 1179 2238 1235 ego
2274 1163 2378 1219 dici
2433 1175 2648 1215 merear
2674 1159 2889 1212 vinctus
2924 1156 3051 1211 Jesu
3083 1155 3308 1215 Christi,

1735 1258 1875 1313 sicut
1903 1256 2104 1311 Paulus
2140 1257 2206 1310 de
2240 1254 2536 1321 semetipso
2569 1250 2837 1321 gloriatur
2864 1248 3007 1300 εδδ-⁵⁷.
3056 1265 3073 1297 ι
3111 1246 3179 1300 Ει
3205 1246 3313 1298 erit

1734 1350 1903 1406 Edom
1930 1349 2219 1404 Itazreditas
2241 1347 2380 1418 ejus,
2406 1346 2549 1400 Esau
2575 1344 2828 1399 inimicus
2850 1343 2967 1410 ejus
2990 1339 3056 1395 ⁸⁸.
3088 1359 3105 1392 ι
3139 1340 3309 1394 Edom

1737 1444 1877 1499 idem
1910 1452 2014 1508 est,
2062 1440 2152 1509 qui
2202 1438 2365 1494 Esau.
2399 1438 2499 1492 Hic
2543 1436 2838 1491 secundum
2873 1433 3155 1487 historiam
3193 1432 3314 1501 qui-

1738 1536 1856 1591 dem
1906 1534 2158 1589 initnicus
2192 1541 2276 1587 est
2324 1531 2512 1594 Israel,
2564 1530 2657 1585 sed
2701 1529 2751 1581 in
2803 1527 3062 1592 adventu,
3115 1525 3310 1592 inquit,

1736 1624 1941 1680 Christi
1967 1625 2131 1679 etiam
2166 1624 2281 1693 ipse
2308 1621 2603 1679 hacreditas
2632 1622 2749 1691 ejus
2783 1625 2890 1679 erit
2925 1643 2938 1679 :
2970 1626 3078 1678 hoc
3108 1630 3190 1676 est
3225 1634 3313 1675 re-

1740 1718 1970 1788 cipietur
2014 1716 2079 1769 ad
2121 1716 2304 1780 ﬁdem,
2355 1728 2453 1769 nec
2508 1702 2830 1769 excludetur
2878 1714 2947 1769 ab
2997 1714 3314 1769 Increditate

1738 1809 1962 1867 Christi.
1989 1809 2046 1864 Si
2074 1824 2202 1865 vero
2231 1810 2547 1878 spiritaliter
2574 1814 2947 1872 advertamus,
2983 1808 3153 1862 Edom
3181 1822 3311 1862 caro

1741 1903 2085 1973 intelligitur,
2141 1918 2283 1972 quae
2317 1904 2643 1958 adversatur
2687 1901 2922 1972 Spiritui,
2972 1912 3028 1955 et
3073 1909 3156 1955 est
3212 1899 3317 1953 ini-

1740 1994 1901 2050 mica.
1930 1995 1985 2048 In
2023 1996 2255 2048 adventu
2286 2002 2465 2048 autent
2491 1992 2719 2057 Christi,
2753 2008 2874 2047 cum
2910 1990 3166 2059 subjecta
3192 1990 3311 2046 fue-

1741 2087 1813 2142 rit
1843 2101 1971 2142 caro
1994 2085 2227 2156 spiritui.
2255 2099 2351 2155 per
2376 2084 2792 2140 resurrectionis
2810 2099 2960 2153 spem
2986 2084 3151 2138 etiam
3188 2083 3305 2152 ipsa

1741 2179 1809 2233 ad
1840 2178 2215 2234 haereditatem
2244 2178 2447 2232 veniet.
2490 2176 2607 2231 Non
2652 2177 2801 2231 enim
2837 2176 2951 2231 sola
2987 2178 3189 2243 anima,
3222 2176 3317 2230 sed

1743 2284 1796 2331 et
1847 2288 1995 2342 caro,
2051 2288 2171 2343 quae
2232 2272 2527 2342 aliquando
2572 2270 2748 2327 fuerat
2775 2272 3019 2339 inimica,
3060 2285 3157 2342 per
3189 2271 3321 2326 obe-

1744 2365 2006 2421 dientiam
2048 2365 2271 2434 spiritus
2304 2378 2527 2419 consors
2569 2362 2764 2419 futurae
2803 2364 3139 2419 Increditatis
3172 2364 3321 2418 exsi-

1746 2468 1875 2514 stet.
1898 2478 1917 2511 ι
1948 2457 2014 2512 Et
2042 2456 2208 2513 Israel
2237 2456 2365 2512 fecit
2398 2457 2450 2511 in
2476 2457 2730 2511 virtutem
2759 2456 2825 2509 θ’.
2863 2475 2881 2509 ι
2924 2455 3039 2512 Hoc
3070 2464 3153 2511 est
3176 2457 3319 2525 quod

1745 2550 1896 2615 dicit,
1941 2549 2065 2620 quia
2114 2559 2241 2602 tunc
2287 2548 2477 2614 Edom,
2531 2547 2617 2602 vel
2648 2546 2812 2615 Esau,
2866 2547 2969 2604 hoc
3014 2557 3099 2603 est
3138 2549 3321 2603 carnis

1746 2653 1944 2697 natura
2001 2643 2054 2696 in
2095 2640 2435 2696 baereditatis
2477 2641 2793 2695 societatem
2850 2639 3158 2706 vocabitur,
3193 2657 3316 2696 cum

1745 2738 1928 2803 Israel,
1961 2738 2143 2792 anima
2178 2735 2427 2791 videlicet
2466 2736 2607 2790 facta
2658 2735 2821 2791 fuerit
2857 2738 2909 2791 in
2951 2737 3237 2803 virtutem,
3268 2746 3323 2792 et

1746 2829 2003 2884 decenter
2035 2827 2202 2881 fuerit
2231 2825 2438 2894 repleta
2480 2825 2797 2879 virtutibus.
2842 2825 2899 2879 Si
2947 2825 3094 2880 enim
3140 2827 3321 2880 anima

1746 2938 1852 2976 non
1884 2920 2067 2975 veniat
2116 2921 2182 2972 ad
2231 2920 2480 2981 virtutes,
2527 2917 2619 2971 sed
2656 2916 2708 2969 in
2740 2916 2949 2986 ignavia
2982 2929 3319 2989 perseveret,

1747 3028 1850 3069 nec
1895 3027 2024 3068 caro
2053 3012 2120 3066 ad
2153 3010 2525 3066 haereditatem
2563 3016 2764 3081 veniet,
2806 3018 2900 3071 sed
2948 3017 3014 3071 ad
3055 3015 3317 3080 iudicium

1748 3108 1912 3171 illius,
1966 3108 2055 3175 qui
2098 3116 2275 3175 potest
2307 3108 2544 3161 animant
2603 3118 2659 3163 et
2736 3124 2939 3179 corpus
2984 3113 3212 3185 perdere
3265 3113 3316 3166 in

1749 3201 2052 3269 gehennam
2084 3198 2151 3250 ⁷⁸.
2195 3195 2307 3251 «Et
2352 3211 2607 3270 exsurget
2664 3218 2732 3257 ex
2784 3202 2974 3269 Jacob,
3026 3214 3080 3259 et
3134 3204 3321 3273 perdet

1749 3290 2039 3347 liberatum
2095 3293 2161 3348 de
2216 3294 2436 3349 civitate
2480 3294 2547 3347 τί.
2600 3312 2619 3344 ι
2653 3293 2782 3360 Ille,
2829 3297 3035 3364 inquit,
3082 3297 3174 3365 qui
3229 3312 3325 3351 ett-

1750 3386 1927 3456 surgit
1968 3394 2025 3440 ut
2090 3387 2243 3442 stella
2292 3403 2362 3441 ex
2418 3385 2620 3451 Jacob,
2678 3388 2869 3458 perdet
2917 3389 3203 3443 liberatum
3257 3390 3324 3443 de

1753 3478 1995 3533 civitate.
2066 3478 2182 3534 Non
2235 3481 2289 3535 in
2341 3479 2444 3535 hoc
2500 3479 2699 3544 solum,
2757 3481 2850 3535 sed
2907 3482 2958 3534 in
3009 3483 3155 3537 omni
3188 3498 3326 3554 pene

1750 3571 2066 3643 prophetico
2108 3571 2235 3627 stilo
2283 3586 2404 3642 quae
2449 3571 2737 3637 dicuntur,
2791 3574 3034 3628 involuto
3077 3574 3211 3630 satis
3270 3587 3325 3630 et

1751 3665 1980 3719 obscuro
2039 3678 2294 3721 sermone
2362 3664 2642 3719 dicuntur.
2716 3664 2833 3718 Non
2907 3667 3052 3719 enim
3123 3667 3324 3737 placuit

1750 3765 1941 3811 sancto
1976 3754 2229 3826 Spiritui,
2264 3757 2356 3825 qui
2402 3756 2469 3810 de
2512 3755 2581 3809 iis
2622 3756 2789 3810 scribi
2826 3756 3014 3821 voluit,
3051 3768 3109 3811 ut
3146 3760 3323 3828 palam

1753 3850 1868 3903 haec
1913 3860 1967 3903 et
2016 3850 2263 3918 pedibus,
2316 3857 2371 3902 ut
2423 3849 2495 3902 ita
2536 3847 2733 3915 dicam,
2781 3849 3155 3917 imperitorqu
3197 3867 3329 3907 con-

1751 3940 2014 3995 culcanda
2073 3948 2454 4009 ponerentur:
2515 3939 2609 3993 sed
2673 3940 2745 3992 ita
2796 3940 3052 4007 providit,
3109 3950 3166 3994 ut
3202 3956 3324 3998 cum

1753 4030 1968 4101 publice
2009 4030 2196 4084 haberi
2240 4030 2549 4093 videantur,
2579 4042 2893 4083 sermonum
2924 4040 3103 4086 tamen
3133 4033 3329 4088 obscu-

1752 4108 1915 4177 ritate
1938 4121 2219 4176 recondita
2266 4122 2319 4172 in
2361 4121 2602 4188 arcanis,
2646 4128 2701 4176 et
2734 4123 2789 4174 in
2833 4124 3062 4179 secretis
3109 4126 3325 4179 obtecta

1751 4211 1912 4283 343
1936 4221 2238 4265 serventur.
2265 4211 2331 4264 Et
2352 4224 2493 4265 nunc
2508 4226 2637 4281 ergo
2656 4213 2799 4281 quod
2821 4214 2899 4268 ait
2922 4213 3174 4271 :tPerdet
3191 4217 3327 4272 libe-

1754 4316 1928 4359 ratum
1962 4304 2029 4357 de
2045 4302 2290 4366 civitate,
2321 4322 2340 4355 ι
2367 4304 2467 4358 nisi
2507 4304 2572 4357 ad
2595 4306 3045 4361 consuetudinem
3097 4311 3330 4379 prophe-

1756 4401 1918 4452 ticam
1965 4396 2223 4465 respicias
2251 4436 2266 4461 ,
2304 4397 2370 4449 de
2414 4410 2517 4463 qua
2562 4396 2796 4462 dicitur,
2831 4398 3007 4453 omnis
3046 4399 3327 4469 praphetia

74 4494 118 4575 ἐκ
169 4534 280 4589 quo
332 4488 512 4569 omne
573 4511 867 4564 humanum
924 4507 977 4560 in
1029 4507 1131 4561 hoc
1187 4488 1649 4561 mundoiducitur
1679 4491 1862 4549 01'0"
1896 4499 2077 4557 Ροῑθδι
2103 4488 2325 4558 Propria
2364 4489 2707 4544 θῦεοιυιὶοηθ
2739 4500 3010 4555 consulte.
3048 4490 3202 4547 Valde
3228 4491 3332 4546 dif-

73 4627 245 4681 ;enus.
286 4607 435 4661 Nam
482 4602 548 4655 de
582 4599 714 4655 Cain
757 4599 848 4666 qui
893 4596 1005 4651 nati
1056 4593 1647 4664 I'uerant,diluvioper'

76 4708 254 4752 erunt.
296 4694 428 4752 Filii
491 4707 621 4761 ergo
674 4701 799 4745 sunt
846 4688 981 4744 Seth
1028 4701 1217 4742 omnes
1256 4686 1521 4749 homines,
1559 4687 1648 4754 qui

76 4812 103 4844 ιι
137 4793 242 4845 hoc
272 4786 498 4843 mundo
529 4793 674 4841 sunt.
708 4782 913 4837 Etcum
940 4780 1161 4845 dicitur,
1194 4796 1211 4829 ι
1248 4777 1649 4845 depraedabitur

73 4898 241 4938 mines
278 4882 437 4935 filios
483 4876 640 4942 Seth,
682 4894 701 4926 ι
740 4873 977 4945 praedam
1023 4871 1102 4925 sic
1152 4868 1357 4937 accipe,
1399 4865 1541 4922 sicut
1593 4871 1645 4922 in

80 4974 469 5046 uperioribus
521 4965 863 5037 interpretati
935 4976 1127 5018 sumus
1169 5000 1185 5027 ,
1228 4960 1320 5014 ubi
1378 4960 1642 5029 scriptum

74 5079 130 5123 ist
154 5067 222 5119 “:
264 5084 286 5117 ι
322 5064 478 5118 Edct
502 5051 699 5130 gentes
732 5055 1076 5110 inimicorum
1101 5066 1363 5108 suorum:
1401 5070 1419 5102 ι
1470 5060 1524 5105 et
1558 5050 1647 5105 ubi

77 5164 228 5216 atulo
260 5157 459 5214 leonis
494 5164 548 5207 et
579 5151 719 5206 leoni
751 5155 1123 5218 comparatur.
1165 5143 1234 5197 Et
1280 5144 1372 5198 hic
1412 5157 1548 5213 ergo
1590 5143 1647 5197 in

74 5250 293 5305 trzedarr.
317 5244 539 5314 accipit
566 5255 757 5298 omnes
780 5239 920 5294 Iilios
945 5237 1100 5293 Seth.
1126 5235 1299 5290 Victis
1321 5233 1652 5289 adversariis

74 5342 437 5401 aemouibus,
483 5350 576 5390 eos
604 5335 696 5402 qui
744 5334 844 5385 sub
890 5327 1537 5399 ipsorumdominatione
1572 5335 1653 5379 te-

73 5433 355 5496 rebantur,
438 5426 691 5482 Christus
742 5423 898 5494 quasi
953 5421 1187 5492 praedam
1249 5418 1489 5474 victoriae
1541 5432 1652 5472 suae

109 5631 159 5667 ”
179 5633 391 5689 Matth.
420 5628 559 5694 tt,9.

73 5708 88 5776 Ρ
121 5706 347 5776 Ephes.
410 5700 580 5776 lV_,“8.

74 5774 82 5802 '
126 5767 271 5831 L'uc.
316 5789 421 5839 xv,
459 5771 545 5825 15.
617 5769 665 5801 ⁷³
695 5768 826 5825 Luc.
867 5783 943 5835 ιιι,
970 5767 1059 5822 2i.

638 5628 682 5659 ⁸ο
707 5626 892 5681 Matth.
921 5641 1004 5692 III,
1034 5626 1113 5679 I7.

1190 5623 1235 5656 “
1260 5622 1418 5679 Num.
1439 5636 1586 5686 xxw,
1609 5621 1693 5677 17.

667 5700 782 5730 ⁶⁶·⁶⁷
828 5686 1025 5767 Ephes.
1053 5712 1134 5766 tu,
1160 5694 1209 5751 I.
1286 5693 1364 5764 _"°
1393 5694 1549 5750 Nutu.
1589 5709 1741 5763 sxw,
1774 5694 1859 5749 I8.
1937 5692 1980 5724 ’δ’
2013 5686 2164 5748 Ibid.
2223 5691 2269 5723 ⁷⁰
2290 5688 2480 5745 Matth.
2508 5686 2673 5756 x,28.

1758 4585 1912 4640 ﬁcilis
1935 4584 2204 4640 videbitur
2229 4584 2553 4639 intellectus.
2592 4582 2879 4639 Videamus
2908 4593 3083 4639 tamen
3114 4586 3159 4640 si
3190 4585 3333 4641 forte

1758 4679 1862 4733 hoc
1887 4677 2046 4732 modo
2076 4677 2275 4746 poterit
2302 4676 2603 4745 explanari.
2635 4676 2916 4731 Civitatem
2955 4677 3041 4731 hic
3071 4677 3327 4732 mundum

1760 4769 2125 4839 intelligamus
2152 4807 2166 4832 ,
2200 4768 2343 4823 sicut
2378 4775 2433 4822 et
2471 4767 2525 4820 in
2576 4767 2884 4836 Evangeliis
2916 4768 3116 4822 dicitur
3149 4768 3193 4799 "
3262 4769 3333 4824 de

1757 4862 2035 4916 luxurioso
2072 4859 2208 4923 lilio,
2241 4858 2335 4928 qui
2373 4857 2691 4927 dilapidavit
2723 4861 3080 4915 substantiam
3117 4863 3327 4930 patris;

1758 4955 1883 5024 quia
1917 4953 2170 5016 accessit,
2205 4951 2397 5020 inquit,
2432 4952 2497 5003 ad
2526 4951 2815 5019 quemdam
2841 4952 3162 5020 primarium
3191 4954 3329 5009 civi-

1759 5046 1887 5100 tatis
1914 5045 1965 5099 in
2002 5044 2219 5115 regione
2249 5042 2376 5097 illa:
2408 5058 2435 5095 a
2463 5057 2571 5110 quo
2598 5051 2866 5113 receptus,
2898 5044 2950 5098 in
2981 5060 3166 5112 agrum
3200 5048 3327 5101 mit-

1760 5122 1893 5193 titur
1940 5150 2133 5206 porcos
2180 5148 2421 5205 pascere.
2460 5133 2527 5189 Et
2576 5135 2690 5188 lucc
2735 5148 2867 5201 ergo
2908 5136 3139 5201 civitas,
3176 5137 3332 5205 cujus

1762 5230 1851 5286 ille
1883 5228 2179 5298 primarius
2218 5236 2338 5281 erat
2360 5266 2375 5290 ,
2414 5227 2643 5280 mundus
2673 5226 2760 5281 hic
2794 5226 3130 5295 intelligitur.
3166 5228 3333 5296 Igitur

1764 5320 1830 5372 de
1874 5320 1977 5372 hac
2015 5315 2233 5371 civitate
2279 5314 2564 5369 liberatum
2594 5356 2608 5377 ,
2654 5315 2756 5370 hoc
2800 5325 2883 5370 est
2930 5330 3089 5383 quem
3137 5316 3332 5371 liberat

1760 5412 2011 5468 Christus
2041 5410 2108 5465 de
2137 5409 2242 5465 hoc
2276 5408 2496 5473 mundo,
2529 5408 2704 5475 perdit
2736 5422 2879 5461 eum.
2916 5407 3057 5460 Dicit
3089 5407 3232 5460 enim
3258 5407 3325 5471 ⁷⁸,

2362 5617 2407 5649 ³³
2423 5616 2557 5673 Gen.
2580 5632 2652 5680 tv,
2676 5616 2765 5669 25.
2844 5616 2888 5646 “
2909 5612 3067 5666 Nunt.
3091 5627 3239 5678 xxrv,
3266 5611 3320 5670 8.

1772 5624 1815 5654 θ’
1836 5620 1996 5677 Num.
2024 5636 2172 5687 xxxv,
2199 5619 2286 5673 I7.
2362 5619 2407 5649 °'
2423 5619 2557 5673 Gen.
2580 5632 2652 5680 tv,
2676 5619 2765 5669 25.
2844 5619 2888 5646 ⁸⁸
2909 5619 3067 5666 Nunt.
3091 5627 3239 5678 xxrv,
3266 5619 3319 5670 8.

1774 5694 1859 5749 I8.
1937 5692 1980 5724 ’δ’
2013 5691 2145 5748 Ibid.
2223 5691 2269 5723 ⁷⁰
2290 5688 2480 5745 Matth.
2508 5686 2673 5751 x,28.
2779 5687 2821 5719 τ’
2846 5683 3005 5740 Nunt.
3044 5697 3192 5751 xxxv,
3229 5683 3319 5745 19.
