3914 6512
547 312 661 368 719

2041 314 2291 372 ORIGEN
2300 316 2360 372 IS

3699 315 3786 370 730

553 431 680 501 quia
717 448 736 482 ι
769 435 859 507 qui
889 433 1077 503 perdet
1106 432 1345 490 animam
1375 448 1529 491 suam
1553 441 1772 505 propter
1798 448 1907 499 me,
1937 432 2138 488 salvam
2169 436 2213 494 A
2246 446 2440 502 genere
2482 431 2880 486 descenderant
2904 471 2918 496 ,
2962 429 3194 486 relertur
3244 429 3494 486 Amalec.
3544 427 3620 482 Ita
3670 432 3788 485 enim

554 524 722 580 faciet
765 541 908 583 eam.
946 543 964 578 ι
1014 523 1250 580 Salutari
1279 539 1410 595 ergo
1441 525 1749 596 perditione
1777 526 1949 596 perdit
1980 523 2135 580 .lesus

551 629 702 678 eum,
742 631 902 686 quem
953 615 1019 669 de
1044 611 1206 681 hujus
1235 615 1421 668 mundi
1455 615 1672 670 civitate
1700 615 2032 670 liberaverit.
2071 613 2135 667 Et

551 721 652 760 nos
692 709 874 778 itaque
909 706 954 762 si
984 705 1050 759 ad
1081 704 1308 761 salutem
1339 706 1528 762 venire
1562 705 1831 772 volumus,
1859 717 1910 760 et
1939 707 2004 760 de
2033 707 2134 761 hoc

555 800 770 854 mundo
811 797 1078 865 liberari,
1110 800 1340 869 perdere
1383 799 1640 856 debemus
1683 799 1892 854 animas
1923 809 2132 854 nostras

551 891 870 958 perditione
901 889 1042 958 utili,
1065 899 1122 946 et
1151 891 1485 947 necessaria.
1514 890 1698 946 Perdit
1724 891 1868 946 enim
1895 891 2130 944 animam

559 983 856 1040 secundum
905 982 1183 1041 Christum
1212 1023 1227 1050 ,
1263 985 1354 1054 qui
1397 981 1668 1039 desideria
1701 981 1817 1051 ejus
1850 983 2085 1038 refrenat
2112 1026 2126 1049 ,

559 1077 652 1148 qui
691 1077 1018 1148 cupiditates
1044 1075 1162 1146 ejus
1192 1085 1435 1142 resecat,
1465 1075 1557 1146 qui
1589 1074 1858 1130 luxuriam
1888 1075 2003 1145 ejus
2039 1090 2128 1130 re-

557 1167 992 1238 solutionemque
1031 1169 1301 1239 castigat,
1353 1175 1408 1222 et
1458 1168 1509 1222 in
1545 1166 1692 1222 rutilo
1731 1181 1953 1237 prorsus
2001 1166 2131 1222 facit

555 1260 888 1315 voluntatem
935 1273 1087 1315 suam
1109 1299 1124 1324 ,
1168 1259 1261 1313 sed
1292 1258 1619 1313 voluntatem
1655 1258 1778 1314 Dei:
1807 1265 1860 1312 et
1894 1273 1988 1328 per
2016 1257 2130 1314 haec

559 1353 738 1423 perire
765 1351 966 1408 dicitur
995 1350 1194 1405 anima.
1228 1349 1394 1404 Periit
1423 1365 1654 1420 namque
1681 1351 1787 1405 vita
1820 1351 1937 1420 ejus
1960 1353 2125 1421 prior,

555 1455 611 1502 et
634 1447 823 1518 incipit
851 1459 1045 1501 novam
1079 1446 1266 1510 vitam,
1297 1459 1417 1514 qua:
1445 1445 1499 1499 in
1523 1444 1742 1499 Christo
1764 1453 1868 1510 est,
1905 1445 2124 1500 ducere.

558 1537 747 1594 Simile
794 1547 974 1592 autem
1023 1536 1148 1591 huic
1196 1535 1341 1591 dicto
1375 1535 1536 1590 etiam
1584 1534 1713 1589 illud
1759 1545 1845 1591 est
1873 1535 1922 1567 ⁷⁸
1957 1554 1972 1588 :
2010 1555 2028 1588 ι
2069 1535 2125 1592 Si

556 1631 967 1697 commorimur,
997 1639 1052 1684 et
1081 1629 1449 1685 convivemus.
1474 1646 1492 1679 ι
1527 1628 1592 1684 Ει
1623 1627 1749 1683 illud
1785 1629 1861 1683 7‘:
1899 1649 1917 1682 ι
1953 1628 2007 1685 Si
2030 1645 2126 1685 au-

2239 525 2501 594 scriptum
2549 533 2633 578 est
2664 523 2709 556 '9
2747 540 2761 576 :
2815 540 2833 574 ι
2870 523 2989 578 Ista:
3034 530 3161 578 sunt
3211 533 3394 578 autem
3445 522 3790 592 generationes

2238 613 2376 668 Esau
2414 613 2586 682 patris
2625 613 2794 668 Edom
2823 653 2838 675 ,
2873 613 2926 667 in
2956 621 3140 668 monte
3172 613 3297 668 Seir
3325 652 3341 676 ,
3371 626 3427 666 et
3459 613 3576 666 haec
3605 613 3788 665 uomitu

2238 705 2471 762 ﬁliorum
2506 705 2647 761 Esau
2672 745 2687 769 ,
2725 705 2944 770 Eliphas
2981 705 3121 759 ﬁlius
3165 705 3281 758 Ada
3319 704 3514 758 uxoris
3551 702 3724 767 Esau,
3751 715 3792 756 et

2236 795 2444 868 Raguel
2481 796 2626 852 ﬁlius
2659 797 2944 874 Ba’semath
2979 795 3092 868 (83)
3131 797 3318 851 uxoris
3360 797 3532 850 Esau.
3584 793 3794 848 Fuerunt

2233 897 2411 944 autem
2442 888 2536 944 ﬁlii
2562 889 2808 960 Eliphas,
2845 888 3114 956 Theman,
3155 887 3388 958 Sophar,
3422 886 3686 951 Gothum,
3714 885 3792 940 Ce-

2235 994 2362 1035 nes:
2399 979 2676 1035 Tharnnas
2727 990 2909 1036 autem
2961 980 3062 1034 fuit
3110 980 3421 1035 concubina
3459 978 3683 1046 Eliphas
3720 980 3790 1030 Elii

2231 1073 2372 1129 Esau
2401 1114 2416 1138 ,
2442 1085 2496 1128 et
2524 1075 2638 1129 hare
2663 1075 2875 1145 peperit
2908 1073 3131 1128 Amalec
3179 1073 3278 1141 ipsi
3312 1071 3540 1139 Eliphas
3567 1111 3582 1134 ,
3617 1082 3669 1124 et
3723 1072 3789 1124 isti

2231 1174 2356 1220 sunt
2387 1165 2482 1220 ﬁlii
2508 1165 2619 1220 Ada
2651 1166 2840 1220 uxoris
2868 1165 3028 1220 Esau.
3063 1183 3081 1215 ι
3129 1163 3193 1217 Et
3227 1172 3352 1234 post
3381 1177 3600 1233 pauca:
3640 1180 3660 1213 ι
3689 1162 3743 1216 Et
3765 1166 3790 1216 ii

2230 1266 2376 1321 sunt,
2409 1257 2604 1328 inquit,
2638 1259 2805 1312 duces
2835 1272 2900 1311 ex
2931 1256 3058 1310 ﬁliis
3090 1257 3252 1311 Esau.
3292 1254 3418 1309 Filii
3453 1254 3696 1324 Eliphas.
3720 1255 3788 1322 qui

2233 1347 2334 1401 fuit
2363 1350 2760 1419 primogenitus
2783 1349 2876 1403 lilii
2905 1349 3067 1403 Esau.
3101 1348 3213 1402 Dux
3245 1348 3527 1411 Theman,
3557 1347 3666 1400 dux
3685 1345 3788 1399 Clio

2238 1453 2380 1506 mor,
2413 1440 2518 1491 dux
2554 1441 2787 1509 Sophar,
2823 1441 2926 1496 dux
2961 1439 3156 1504 Cenes,
3211 1439 3319 1493 dux
3359 1437 3526 1502 Core,
3575 1438 3680 1491 dus
3707 1435 3787 1491 Go-

2231 1530 2404 1594 thom,
2434 1531 2538 1583 dux
2572 1530 2816 1586 Amalec.
2854 1550 2872 1583 )
2928 1530 3027 1585 Hic
3054 1531 3220 1601 igitur
3251 1530 3505 1594 Amalec,
3547 1530 3688 1584 ﬁlius
3710 1529 3787 1585 fuit

2228 1620 2448 1690 Eliphas
2480 1622 2826 1692 primogeniti
2865 1623 3002 1676 Esau
3026 1662 3042 1685 ,
3081 1632 3242 1678 natus
3274 1637 3343 1677 ex
3379 1623 3688 1678 concubina
3711 1638 3786 1675 ae-

557 1735 663 1779 tem
701 1723 898 1778 mortui
944 1720 1076 1776 estis
1108 1723 1173 1774 ab
1210 1721 1488 1776 elementis
1525 1720 1685 1789 hujus
1730 1721 1948 1789 mundi,
1989 1736 2127 1791 quo-
2156 1783 2184 1791 Α
2228 1713 2371 1768 mine
2409 1713 2678 1770 Thamna.
2708 1715 2816 1770 Sed
2869 1717 3154 1770 redeatnus
3185 1715 3252 1770 ad
3290 1716 3529 1785 primam
3565 1716 3634 1771 de
3658 1718 3785 1769 Area-

555 1819 716 1872 modo
740 1816 885 1872 velut
912 1815 1154 1870 viventes
1179 1815 1232 1868 in
1259 1815 1361 1870 hoc
1389 1814 1591 1869 mundo
1612 1814 1943 1871 decernitis?
1967 1835 1986 1869 ι
2023 1816 2115 1870 Ne-

2224 1803 2307 1859 lec
2331 1808 2905 1863 commemorationem
2925 1845 2940 1871 ,
2983 1807 3073 1861 ubi
3106 1808 3142 1860 ii
3175 1808 3270 1877 qui
3308 1809 3520 1862 reversi
3572 1817 3720 1871 sunt,
3744 1823 3785 1861 et

555 1910 794 1966 cessario
823 1923 953 1980 ergo
981 1908 1146 1963 etiam
1180 1907 1231 1961 in
1266 1907 1352 1961 his
1388 1905 1703 1961 declaratur
1731 1906 1857 1977 quia
1891 1906 2124 1977 perdidit

557 2005 791 2060 animam
821 2017 972 2058 suam
1007 2002 1060 2056 in
1091 2002 1194 2057 hoc
1227 1999 1448 2065 mundo,
1479 1999 1570 2068 qui
1606 2013 1727 2054 cum
1766 1999 1976 2055 Christo
2003 2016 2122 2056 mo-

553 2099 735 2153 ritur:
766 2105 820 2152 et
849 2096 939 2166 qui
971 2095 1058 2150 hic
1092 2109 1210 2150 eam
1245 2092 1579 2164 perdiderit,
1618 2092 1856 2148 inveniet
1884 2105 2002 2148 eam
2037 2092 2121 2148 "ibi

550 2190 670 2246 sine
707 2187 870 2243 dubio
897 2229 912 2255 ,
954 2187 1045 2242 ubi
1085 2185 1214 2242 dicit
1247 2183 1537 2253 Apostolus
1564 2185 1631 2250 ⁷⁸,
1665 2184 1792 2255 quia
1828 2203 1848 2238 s
1877 2185 1984 2240 vita
2027 2201 2122 2241 ve-

548 2289 660 2336 stra
685 2279 1001 2337 abscondita
1029 2289 1112 2334 est
1134 2292 1255 2334 cum
1281 2278 1504 2334 Christo
1533 2277 1584 2332 in
1616 2275 1752 2346 Deo;
1788 2295 1808 2329 ι
1837 2279 1922 2334 cui
1950 2277 2120 2349 gloria

550 2370 606 2426 in
635 2380 836 2428 aeterna
865 2373 1060 2428 satcula
1093 2373 1430 2427 stimulorum.
1469 2371 1662 2426 Amen.

1081 2503 1363 2561 HOMILIA
1414 2503 1556 2564 XIX.

932 2598 1011 2654 De
1048 2599 1247 2653 visione
1275 2598 1457 2668 quinta
1482 2597 1730 2652 Balaam.

621 2691 674 2746 l.
718 2691 916 2761 Quinta
947 2693 1061 2747 htec
1099 2692 1290 2759 nobis,
1335 2691 1628 2760 eademque
1669 2689 1856 2745 ultima
1897 2689 2118 2745 Balaam

551 2783 686 2839 visio
717 2784 1005 2840 discutitur
1027 2825 1043 2852 ,
1078 2783 1143 2839 de
1176 2797 1282 2854 qua
1311 2783 1565 2838 similiter
1594 2791 1652 2836 ut
1684 2783 1738 2836 in
1769 2783 1981 2838 caeteris
2010 2782 2116 2838 Do-

546 2875 755 2930 minum
799 2875 1154 2946 deprecemur
1181 2913 1197 2939 ,
1231 2873 1325 2944 qui
1368 2873 1421 2927 in
1449 2872 1555 2929 ﬁne
1589 2871 1700 2945 (81)
1728 2888 1834 2929 non
1861 2875 2114 2942 deserat,

546 2975 608 3022 ut
641 2965 912 3036 possimus
955 2963 1113 3035 hujus
1157 2979 1372 3036 quoque
1425 2965 1656 3021 visionis
1708 2979 1926 3021 sensum
1972 2968 2116 3024 haud

545 3057 742 3131 procul
771 3073 799 3112 a
831 3058 1058 3114 veritate
1085 3066 1329 3126 captare.
1373 3055 1472 3111 Est
1501 3071 1633 3133 ergo
1667 3057 1880 3112 initium
1913 3057 2029 3127 ejus
2059 3059 2113 3115 in

547 3151 616 3208 iis
665 3151 885 3207 verbis:
935 3166 956 3201 ‹
991 3147 1058 3202 Ει
1099 3163 1222 3203 cum
1273 3148 1518 3212 videret,
1574 3149 1752 3218 inquit
1780 3149 1846 3214 τ’,
1891 3149 2111 3206 Balaam

542 3243 800 3308 Amalec,
829 3254 1112 3296 assumens
1138 3239 1450 3309 parabolam
1492 3254 1646 3296 suam
1675 3241 1813 3296 dixit
1841 3260 1856 3298 :
1893 3240 2110 3298 Initium

543 3334 785 3404 gentium
814 3331 1060 3397 Amalec,
1091 3341 1148 3386 et
1174 3344 1360 3387 semen
1393 3346 1580 3387 eorum
1609 3333 1826 3402 peribit.
1860 3352 1881 3387 ι
1916 3329 2112 3389 Neces-

543 3425 750 3481 sarium
778 3423 910 3480 mihi
938 3424 1150 3481 videtur
1176 3424 1454 3494 requirere
1485 3422 1536 3476 in
1563 3423 1864 3494 Scripturis
1890 3425 2109 3494 divinis,

541 3518 741 3589 quibus
786 3517 841 3573 in
872 3517 1004 3574 locis
1033 3517 1118 3573 vel
1161 3531 1269 3587 quo
1298 3517 1350 3570 in
1387 3526 1627 3587 tempore
1670 3531 1865 3572 nomen
1892 3517 2112 3574 Amalec

542 3611 804 3680 scriptum
842 3611 954 3666 sit:
985 3624 1162 3681 quove
1185 3624 1248 3664 ex
1282 3623 1483 3681 genere
1513 3625 1646 3678 gens
1679 3609 1783 3664 ista
1814 3611 2112 3666 descende-

541 3704 635 3759 rit.
659 3702 896 3759 Facilius
926 3705 1070 3758 enim
1100 3701 1242 3773 quod
1271 3702 1558 3772 quaeritur,
1586 3710 1930 3774 agnoscetur,
1964 3702 2009 3758 si
2043 3717 2110 3757 ex

539 3794 784 3864 pluribus
813 3794 970 3862 locis,
997 3807 1116 3864 quae
1155 3793 1221 3849 de
1247 3795 1435 3849 eadem
1474 3806 1532 3847 re
1563 3795 1766 3864 scripta
1798 3803 1943 3858 sunt,
1983 3809 2112 3864 pro-

542 3883 807 3939 ferantur.
851 3883 1019 3956 lgitur
1081 3885 1136 3940 in
1181 3884 1408 3941 Genesis
1459 3884 1690 3941 lectione
1737 3885 1831 3942 ubi
1873 3887 2111 3958 quinque

541 3991 699 4047 reges
745 3988 1114 4033 convenerunt
1159 3987 1217 4034 ut
1263 3986 1636 4049 expugnarent
1687 3986 1920 4049 quatuor
1955 3995 2108 4049 reges

543 4070 636 4140 qui
666 4071 965 4141 regnabant
993 4073 1044 4125 in
1077 4071 1354 4136 Sodomis,
1387 4079 1506 4140 post
1534 4071 1807 4142 aliquanta
1837 4073 1909 4127 ita
1941 4073 2110 4129 refer-

544 4173 633 4216 tur
665 4178 679 4216 :
725 4180 743 4214 t
770 4161 838 4216 Et
887 4165 1163 4235 regressi,
1211 4165 1388 4234 inquit
1411 4166 1480 4232 ⁷⁸,
1513 4177 1775 4222 venerunt
1809 4168 2106 4225 adlontem

535 4253 751 4324 judicii,
779 4255 865 4311 hic
894 4267 976 4311 est
1005 4256 1195 4324 Cades,
1227 4267 1281 4312 et
1308 4258 1703 4314 interfecerunt
1731 4273 1922 4316 omnes
1949 4261 2105 4330 prin-

535 4347 685 4417 cipes
706 4348 947 4413 Amalec,
968 4357 1022 4404 et
1039 4349 1383 4406 Amorrhreos
1399 4349 1488 4419 qui
1512 4349 1830 4406 habitabant
1845 4351 1898 4406 in
1913 4351 2108 4409 Sasan-

2223 1903 2493 1950 venerunt
2513 1897 2583 1952 ad
2614 1897 2818 1953 {unum
2849 1896 3042 1964 judicii
3065 1935 3079 1961 ,
3109 1898 3200 1967 qui
3236 1907 3476 1951 vocatur
3504 1897 3700 1962 Gades,
3721 1898 3782 1952 ia-

2227 1983 2500 2040 terﬁciunt
2527 1999 2717 2041 omnes
2752 1985 3031 2054 principes
3057 1985 3304 2041 Amalec.
3335 1987 3520 2041 Cades
3562 1987 3700 2042 eui
3724 1987 3785 2040 ia-

2227 2086 2555 2148 terpretatur
2589 2079 2964 2149 sanctiﬁcatio,
2993 2080 3078 2134 vel
3103 2091 3391 2145 sanctum;
3418 2081 3650 2136 Amalec
3683 2097 3782 2135 vers

2225 2169 2610 2240 interpretatur
2637 2170 2904 2242 ablingens
2931 2173 3204 2242 populum,
3239 2173 3328 2227 vel
3355 2174 3636 2227 declinans
3652 2192 3782 2243 papa-

2222 2258 2331 2312 lum
2360 2259 2494 2331 (84).
2542 2259 2710 2331 igitur
2733 2261 2768 2315 ii
2800 2261 2891 2332 qui
2930 2271 3278 2316 revertuntur
3321 2263 3388 2316 ad
3437 2275 3710 2329 sanctum,
3743 2280 3783 2318 et

2222 2361 2550 2408 convertunt
2595 2366 2655 2408 se
2684 2352 2752 2408 ad
2791 2354 3278 2409 sanctiﬁcationem
3304 2392 3323 2420 ,
3374 2355 3707 2409 interﬁciunt
3743 2368 3784 2410 et

2224 2439 2499 2510 perimunt
2543 2440 2786 2509 Amalec,
2815 2441 2966 2496 illum
2998 2441 3210 2497 scilicet
3252 2443 3345 2513 qui
3373 2443 3614 2513 ablingit
3646 2461 3784 2515 popu-

2223 2528 2332 2581 lum
2366 2527 2450 2582 vel
2483 2528 2721 2584 declinat
2750 2531 3026 2600 p0pulum.
3058 2532 3190 2598 Quis
3217 2543 3406 2587 autem
3436 2532 3581 2588 alius
3608 2545 3686 2588 est
3711 2537 3782 2602 qui

2221 2616 2455 2673 declinat
2505 2620 2758 2690 populum
2795 2637 2826 2676 a
2859 2623 2969 2678 Deo
2994 2663 3010 2688 ,
3045 2623 3150 2678 nisi
3191 2624 3366 2679 virtus
3399 2627 3678 2680 contraria
3703 2669 3718 2690 ,
3741 2640 3780 2681 et

2221 2710 2477 2778 nequitiae
2501 2711 2817 2782 spiritales?
2841 2713 3044 2770 Horum
3071 2730 3201 2787 ergo
3222 2718 3504 2789 principes
3532 2720 3624 2788 qui
3646 2722 3785 2774 sunt?

2218 2799 2301 2856 Illi
2344 2801 2466 2858 sine
2502 2803 2666 2860 dubio
2719 2806 3056 2878 principatus
3091 2809 3382 2864 adversum
3427 2825 3571 2880 quos
3605 2813 3783 2866 sanctis

2220 2903 2304 2949 est
2327 2893 2665 2949 colluctatio.
2694 2896 2998 2952 Adversum
3031 2899 3371 2970 principatus
3403 2903 3558 2956 enim
3581 2913 3635 2956 et
3661 2913 3783 2972 pata

2219 2994 2410 3053 states,
2447 2997 2504 3044 et
2533 2989 2716 3044 mundi
2753 2989 2913 3061 hujus
2947 3001 3186 3047 rectores
3222 3003 3351 3048 sunt
3383 2995 3468 3050 eis
3494 2996 3781 3066 agones“:

2221 3092 2356 3147 quos
2397 3089 2577 3135 tamen
2607 3094 2867 3150 superare
2894 3097 2999 3136 non
3049 3091 3386 3151 potuerunt,
3435 3084 3544 3138 nisi
3589 3100 3783 3140 coam.

2219 3178 2400 3224 tantur
2439 3169 2507 3225 ad
2535 3171 2976 3227 sanctimoniam.
3021 3171 3078 3228 in
3123 3174 3239 3243 ipsa
3273 3185 3459 3230 tamen
3505 3178 3778 3231 sanctimo-

2214 3260 2326 3325 nia,
2362 3277 2484 3332 qute
2512 3273 2594 3318 est
2627 3262 2834 3332 Cadcs,
2870 3264 2992 3322 forts
3039 3277 3122 3322 est
3156 3266 3376 3337 judicii.
3427 3267 3629 3325 Omnis
3660 3271 3778 3323 enim

2211 3353 2302 3420 qui
2345 3366 2404 3407 se
2453 3354 2520 3407 ad
2571 3355 2988 3411 sanctimoniam
3019 3357 3332 3425 convertit,
3378 3360 3552 3416 habet
3594 3377 3781 3431 semper

2211 3455 2340 3503 ante
2371 3446 2558 3504 oculos
2587 3463 2715 3505 suos
2742 3448 2949 3506 fontem
2975 3451 3195 3521 judicii.
3239 3451 3516 3524 Prospicit
3542 3457 3681 3511 enim
3710 3456 3782 3523 ju-

2209 3537 2336 3592 dicii
2375 3537 2517 3593 diem
2552 3579 2568 3606 ,
2617 3549 2670 3596 et
2701 3543 2987 3611 purilicato
3032 3543 3196 3599 corde
3237 3553 3345 3599 tam
3384 3545 3654 3601 malorum
3681 3561 3777 3614 pc-

2210 3641 2308 3682 nas
2347 3642 2510 3697 quam
2555 3629 2768 3699 piorum
2812 3633 3177 3689 beatitudines
3215 3644 3561 3690 contuetur:
3607 3645 3660 3689 et
3685 3637 3778 3689 hac

2209 3717 2420 3774 faciens
2453 3735 2646 3778 omnes
2697 3723 3128 3779 Amalecitarum
3176 3725 3455 3795 principes
3500 3729 3775 3796 prosternit

2208 3820 2262 3866 et
2302 3811 2468 3886 34A.
2500 3813 2702 3884 dejicit.
2733 3815 2793 3870 Si
2834 3818 2958 3886 quis
2998 3828 3177 3873 autem
3218 3832 3325 3873 non
3359 3834 3420 3874 se
3465 3823 3776 3875 converterit

2209 3901 2275 3954 ad
2310 3902 2484 3959 Cades
2512 3943 2527 3969 ,
2575 3905 2626 3960 id
2687 3915 2774 3960 est
2818 3906 2884 3961 ad
2920 3909 3407 3964 sanctilicationem
3435 3950 3453 3976 ,
3487 3909 3777 3980 fontemque

2204 3997 2412 4064 judicii,
2443 4013 2616 4068 neque
2642 3999 2884 4054 futurum
2913 3999 3103 4069 judicii
3137 4002 3536 4072 cogitatdiem,
3557 4003 3642 4057 isti
3660 4005 3771 4057 sub-

2202 4086 2330 4155 jecti
2377 4097 2506 4143 sunt
2550 4089 2884 4160 principibus
2907 4091 3152 4146 Amalec.
3180 4089 3338 4146 Hunc
3365 4094 3517 4147 enim
3545 4092 3776 4163 ρορυιιιει

2205 4178 2436 4248 ablingit
2478 4189 2534 4234 et
2586 4183 2897 4246 consumit,
2947 4192 3004 4237 et
3050 4182 3212 4238 talem
3258 4184 3524 4254 populum
3563 4187 3778 4240 declinat

2207 4285 2235 4321 a
2267 4270 2394 4324 Den.
2433 4270 2556 4326 llaec
2587 4273 2655 4327 ad
2703 4273 2853 4328 illum
2907 4278 3141 4343 primum
3189 4273 3512 4330 referantur
3550 4278 3776 4331 Amalec.

2205 4362 2360 4419 Nunc
2392 4375 2570 4420 autem
2603 4366 2885 4434 videamus
2913 4377 2968 4422 et
3016 4367 3177 4423 istum
3211 4368 3438 4425 Amalec
3474 4370 3646 4424 ﬁliuni
3681 4368 3778 4422 ειι-

537 4439 894 4545 ηιξῖωωῖλί
926 4441 982 4545 Ιξι
1015 4441 1100 4497 his
1134 4443 1314 4545 immo
1343 4442 1479 4545 [θεῖε
1504 4441 1725 4545 Amalec
1762 4443 1979 4545 ηιεξηίιὶῖ
2004 4460 2104 4500 n0-
2134 4487 2183 4545 Β
2207 4456 2344 4525 phas
2379 4457 2725 4528 primogeniti
2779 4457 2919 4513 Esau
2959 4473 3118 4528 quem
3159 4462 3378 4530 peperit
3420 4462 3470 4516 ei
3519 4461 3778 4516 Tinam-ss

533 4535 819 4589 minatum.
857 4531 962 4589 Sed
1003 4536 1313 4605 requiratur
1340 4534 1586 4591 fortassis
1622 4544 1800 4590 utrum
1833 4535 1951 4590 duae
1975 4552 2106 4607 gen-

535 4637 618 4685 tes
642 4629 879 4698 ejusdem
911 4630 1149 4686 nominis
1175 4631 1497 4694 habeantur,
1526 4629 1780 4697 quoniam
1807 4631 2024 4699 quidem
2049 4639 2104 4685 et

535 4725 590 4779 in
627 4725 870 4796 catalogo
901 4725 1137 4781 ﬁliorum
1187 4723 1326 4779 Esau
1350 4761 1366 4790 ,
1412 4732 1467 4777 et
1515 4721 1714 4775 ducum
1747 4722 1836 4791 qui
1883 4739 1949 4777 ex
1985 4723 2101 4793 ejus

603 4911 650 4944 ⁷⁵
678 4910 721 4966 ll
755 4909 896 4965 Tim.
930 4925 992 4973 ιι,
1047 4907 1128 4962 ii.
1204 4907 1249 4939 ⁷⁸
1275 4905 1480 4961 Coloss.
1518 4922 1577 4970 ιι,
1603 4904 1693 4960 20.

531 4997 719 5048 XXXVI,
771 4981 824 5046 9,
861 4981 947 5047 i0,
983 4979 1068 5046 Η,
1099 4977 1184 5041 12,
1218 4977 1304 5031 15.
1391 4975 1436 5008 ⁸ο
1472 4975 1672 5049 Ephes.
1709 4990 1784 5041 Vt,
1822 4975 1907 5030 12.

603 5167 714 5293 ἓὸι)
741 5167 896 5232 Mss.,
918 5185 935 5218 ι
959 5167 1050 5236 qui
1076 5167 1127 5222 in
1146 5167 1271 5224 ﬁne.
1294 5187 1316 5226 ν
1339 5169 1494 5229 Libb.
1515 5163 1712 5248 editiat
1733 5179 1840 5236 quo
1862 5165 1914 5219 in
1935 5167 2090 5249 ﬁne.»

636 5239 692 5293 ει
723 5238 876 5293 Mss..
911 5254 929 5288 ι
959 5237 1339 5293 Sasanthenm
1361 5241 1501 5293 quod
1535 5249 1755 5293 promus
1787 5237 1998 5290 accedit
2028 5237 2096 5291 ad

583 5239 692 5308 (82)
723 5239 876 5302 Mss.,
911 5254 929 5288 ι
959 5239 1339 5310 Sasanthein,»
1361 5241 1501 5308 quod
1535 5239 1755 5306 prepius
1787 5239 1998 5290 accedit
2028 5239 2095 5291 ad

528 5310 932 5380 Aaaeoveapdzp
951 5350 966 5374 ,
993 5323 1156 5377 quam
1185 5311 1423 5376 priorum
1450 5308 1744 5362 editionum
1787 5305 1945 5362 lectio
1973 5322 2095 5378 quae

530 5379 694 5436 habet
728 5400 746 5432 ι
781 5379 1091 5436 sarathern.
1125 5397 1144 5431 ι

603 5450 713 5521 (85)
747 5450 872 5504 Mss.
909 5467 938 5521 ξ
956 5448 1342 5521 Basematlnr
1364 5448 1521 5503 Libh.
1553 5447 1892 5521 antea_edi_ti,
1939 5467 1956 5497 ι
1986 5447 2092 5521 [ja-

529 5516 826 5576 samtnach.
852 5541 870 5572 ι
910 5519 1076 5572 Paulo
1103 5529 1238 5588 post,
1274 5519 1432 5573 iidem
1469 5532 1621 5588 “155.,
1660 5537 1678 5567 ι
1710 5516 1940 5584 Sophar,
1983 5518 2092 5572 Go-

533 5591 702 5645 thom.
734 5609 752 5643 ι
787 5590 945 5646 Libb.
979 5586 1130 5654 editi,
1168 5607 1188 5640 ι
1219 5587 1456 5652 Sophar,
1488 5586 1726 5641 Gethon.
1761 5605 1779 5637 ›

606 5659 713 5729 (84)
751 5657 918 5712 Gades
950 5653 1520 5729 renim’interpretatur
1563 5665 1986 5714 SANCTIFICATIO,
2026 5653 2107 5706 vel

533 5727 779 5790 sincrum,
802 5728 1013 5782 Amalec
1033 5745 1151 5782 vero
1176 5727 1556 5795 interpretatur
1577 5736 1857 5795 nauseans
1875 5737 2107 5795 coruunt

535 5800 614 5855 vel
661 5815 940 5855 accusans
987 5815 1238 5856 POPULUI.
1285 5791 1458 5854 Cades
1485 5816 1503 5849 ι
1546 5791 1935 5862 sanctiﬁcatio,
1971 5812 1989 5842 ι
2021 5792 2107 5849 vel

1802 4905 1850 4937 "
1882 4903 2088 4962 Coloss.
2125 4921 2205 4974 tu,
2235 4909 2291 4964 5.

2213 4546 2513 4600 concubina
2545 4561 2672 4614 sua,
2717 4547 2870 4616 cujus
2897 4556 3052 4618 pater
3079 4558 3162 4604 est
3188 4549 3414 4619 Eliphas
3440 4591 3456 4615 ,
3497 4553 3592 4622 qui
3625 4552 3782 4604 inter-

2211 4645 2458 4704 pretatur
2504 4635 2643 4692 Deus
2698 4655 2778 4693 me
2829 4639 3080 4708 dispersit
3133 4638 3246 4711 (85)
3303 4655 3318 4694 :
3366 4651 3545 4696 mater
3610 4651 3776 4694 autem

2209 4725 2484 4784 Thaumas
2503 4769 2518 4794 ,
2548 4745 2668 4799 quae
2702 4739 2756 4785 et
2783 4731 2895 4801 ipsa
2941 4731 3123 4802 primo
3151 4731 3373 4802 quidem
3403 4742 3492 4788 est
3518 4733 3777 4802 degener,

2391 4912 2436 4946 ’⁷
2468 4909 2627 4966 Num.
2660 4911 2919 4971 xxrv.20.
2993 4913 3039 4945 τ’
3081 4913 3220 4970 Cen.
3263 4930 3378 4970 xrv.
3427 4915 3483 4970 7.
3563 4914 3609 4948 τ’
3652 4913 3776 4969 Cen.

2207 5174 2482 5221 «sanctum
2495 5174 2714 5249 ηπ(
2728 5169 2956 5236 sacrari,
2971 5168 3307 5234 consecrari,
3327 5176 3579 5223 sanctum
3599 5182 3774 5231 essen

2198 5250 2419 5306 Amalec
2465 5265 2594 5306 vero
2626 5252 3017 5323 interpretatur
3061 5270 3080 5305 ι
3109 5253 3396 5323 ablingens
3433 5254 3724 5322 pOpulm,
3754 5269 3772 5300 ι

2197 5335 2266 5424 ab
2304 5343 2388 5424 ειν
2419 5336 2646 5424 populus
2687 5346 2742 5391 et
2765 5319 2877 5424 pp‘a
2920 5355 2945 5424 ιΔ
2974 5337 3152 5424 lin-xit,
3195 5319 3456 5424 tantum}

2193 5417 2415 5492 Amalec
2441 5417 2825 5491 interpretetur
2865 5439 2883 5472 ι
2917 5421 3198 5477 declinans
3234 5420 3522 5492 pupulum,
3554 5438 3574 5472 ι
3606 5422 3662 5474 id
3687 5435 3774 5473 me

2195 5488 2378 5632 Ιδῑῗὲἐ)
2413 5557 2634 5629 Eliphas
2667 5563 2758 5630 qui
2787 5563 3187 5632 interpretatur,
3224 5559 3367 5615 Deus
3398 5576 3477 5614 me
3509 5560 3768 5627 dispersit.

2192 5627 2410 5734 Ab‘ma
2449 5627 2615 5710 Deus,
2643 5627 2750 5701 δἐι
2781 5655 2867 5734 ’βε
2901 5627 3044 5716 quod
3070 5645 3216 5734 Ceu.
3244 5661 3394 5706 sus,
3419 5641 3768 5734 24,-S_eptea-

2192 5727 2340 5874 ξὶιὲιει
2374 5728 2669 5851 Ηιίεριειεε
2699 5725 2976 5786 verterunt
3008 5747 3027 5782 ‹
3052 5729 3376 5796 dissolvere,
3403 5747 3420 5778 ι
3456 5726 3536 5780 rel
3567 5725 3712 5779 forte
3734 5741 3762 5776 ε

2243 5825 2254 5854 ι
2327 5815 2345 5850 t
2415 5807 2648 5868 tsperSIt.
2680 5817 2700 5850 ι

2243 5807 2296 5857 τΣ
2327 5815 2345 5850 t
2374 5807 2648 5868 dispersit.
2680 5817 2700 5850 ι
