3798 6384
77 371 152 426 7.3.
1193 356 1260 411 IN
1294 356 1596 412 suamne:

1706 352 1944 411 OMILIA
1970 352 2111 407 XIX.

3159 349 3265 402 722

76 485 234 538 deinde
257 478 628 545 interpretatur
659 471 886 541 defectio
926 478 1186 525 commota
1217 469 1364 542 (86):
1405 478 1464 523 ut
1498 485 1588 524 ne-
1623 476 1666 529 Α
1695 466 1898 523 Galaad
1934 465 2168 520 ducenta
2204 460 2370 517 millia
2400 463 2663 533 peditum,
2695 472 2749 517 et
2781 460 2886 516 tria
2920 460 3084 515 millia
3116 461 3263 516 viru-

76 572 277 630 eessario
307 568 482 637 utique
513 564 602 635 qui
650 564 718 618 ab
763 563 849 618 his
884 560 1081 616 talibus
1116 561 1375 631 gignitur,
1417 560 1589 614 hostis
1638 590 1643 595 ι

74 670 130 725 sit
165 661 306 719 Israel
331 700 347 727 ,
374 657 650 723 ablingens
671 696 686 718 ,
720 656 805 709 vel
842 654 1120 708 declinans
1147 652 1421 722 populum.
1470 650 1591 705 Pri-

78 774 172 814 mus
193 755 321 811 enim
354 753 466 822 ipse
496 747 753 803 Hebrmos
784 761 1038 817 egressos
1068 760 1133 800 ex
1180 745 1415 816 IEgyplo
1451 745 1590 799 bello

75 860 314 919 aggressus
339 853 420 897 est
454 842 505 897 in
545 839 838 909 Raphidin,
868 848 995 892 tunc
1023 854 1145 891 eum
1185 836 1395 908 Moyses
1420 838 1495 890 ait
1522 837 1589 891 ad

74 937 305 994 Jesum":
333 952 352 986 α
382 934 527 1003 Elige
554 933 650 987 tibi
688 932 836 986 viros
858 971 873 996 ,
898 940 954 987 et
984 931 1093 996 exi,
1121 939 1173 984 et
1195 928 1425 1002 conflige
1465 946 1588 986 eum

77 1028 252 1081 Amalec
284 1025 515 1080 crastino
536 1063 551 1088 ,
586 1030 641 1077 et
685 1036 816 1076 ecce
841 1036 940 1092 ego
966 1031 1052 1076 sto
1091 1022 1144 1076 in
1172 1021 1377 1077 vertice
1405 1021 1586 1087 collis,

74 1128 114 1173 et
135 1119 255 1187 virga
283 1115 370 1171 Dei
399 1116 451 1168 in
481 1129 643 1167 manu
686 1127 801 1166 mea
844 1110 971 1169 erit.
1013 1112 1078 1167 Et
1111 1111 1240 1167 fecit
1267 1112 1423 1167 Jesus
1450 1114 1592 1167 sicut

75 1209 181 1260 divit
213 1206 254 1260 ei
282 1205 519 1275 Moyses,
552 1214 607 1259 et
635 1204 880 1258 conflixit
903 1218 1024 1257 cum
1069 1202 1331 1259 Amalec:
1381 1202 1592 1272 Moyses

73 1298 506 1363 autem,etAaron,
534 1304 591 1350 et
624 1294 705 1351 Ur
725 1294 1087 1349 ascenderunt
1113 1294 1165 1348 in
1192 1294 1453 1349 verticem
1479 1295 1590 1350 eol-

75 1394 153 1446 lis:
184 1400 229 1443 et
255 1387 444 1443 factum
480 1398 603 1453 est,
630 1397 683 1440 ut
707 1402 830 1442 cum
859 1386 1065 1442 levaret
1101 1401 1295 1442 manus
1339 1386 1588 1460 Moyses,

75 1484 373 1537 invalesceret
407 1480 619 1536 Israel:
666 1496 790 1533 cum
825 1488 1006 1534 autem
1052 1480 1346 1549 deponeret
1398 1496 1591 1536 manus

73 1590 186 1635 snas,
220 1571 568 1626 invalescebat
591 1570 830 1625 Amalec.
863 1588 882 1622 υ
925 1572 990 1625 Et
1029 1581 1151 1641 post
1188 1586 1357 1641 pauca
1397 1572 1589 1626 iterum

73 1665 281 1733 scriptum
308 1673 385 1717 est
411 1662 537 1730 quia
577 1661 840 1733 fugaverit
865 1661 1022 1719 Jesus
1046 1663 1267 1718 Amalec
1287 1705 1302 1728 ,
1331 1674 1386 1719 et
1421 1679 1592 1733 popu-

75 1760 155 1809 lum
179 1756 283 1821 eius
319 1754 494 1825 gladio
518 1753 819 1825 deiecerit:
861 1765 986 1809 tunc
1027 1755 1171 1811 enim
1221 1756 1477 1811 Dominus
1506 1757 1592 1811 di-

76 1850 131 1903 xit
153 1849 207 1903 ad
235 1847 435 1919 Moysen
464 1847 540 1899 ⁸³ε
582 1865 599 1897 ι
630 1846 924 1901 Conscribe
955 1846 1069 1901 lucc
1097 1847 1163 1901 ad
1189 1847 1506 1903 memoriam
1540 1848 1591 1902 in

72 1941 209 2003 libro,
249 1949 298 1995 et
329 1941 392 1993 da
426 1940 476 1992 in
514 1939 741 1993 auribus
784 1937 949 1993 Jesu:
1000 1938 1127 2008 quia
1178 1939 1366 1995 delens
1402 1940 1592 1996 delebo

75 2033 333 2087 memoriam
361 2032 583 2087 Amalec
612 2032 679 2085 de
707 2030 807 2085 sub
837 2031 996 2088 cmlo.
1024 2031 1091 2086 Et
1122 2032 1406 2088 aedificavit
1437 2032 1592 2105 Moy—

74 2140 137 2178 ses
159 2124 302 2178 altare
324 2164 337 2189 ,
371 2134 424 2179 et
460 2123 764 2177 nominavit
794 2137 989 2179 nomen
1022 2124 1137 2193 ejus
1163 2164 1178 2188 ,
1214 2125 1475 2179 Dominus
1503 2141 1590 2179 re—

75 2217 229 2285 fugiam
261 2230 462 2269 meum:
496 2224 551 2270 et
581 2216 689 2269 ait:
725 2215 861 2282 Quia
893 2216 945 2269 in
976 2232 1137 2270 manu
1168 2216 1377 2270 occulta
1414 2216 1594 2272 Domi-

74 2324 149 2360 nus
169 2318 409 2375 expugnat
450 2307 677 2363 Amalec
722 2323 752 2362 a
785 2310 1139 2377 generatione
1186 2309 1238 2362 in
1281 2310 1591 2378 generatio-

74 2414 186 2452 nem.
209 2418 225 2450 ι
255 2398 481 2467 lntellige
496 2414 564 2453 ex
596 2400 699 2455 hoc
714 2399 1022 2455 evidentius
1047 2399 1176 2469 quid
1209 2402 1402 2456 debeat
1433 2402 1591 2456 intel-

75 2492 141 2559 ligi
170 2492 385 2557 Amalec,
415 2507 584 2561 quem
617 2507 779 2546 manu
807 2490 1018 2547 occulta
1041 2530 1059 2558 ,
1094 2492 1147 2548 id
1177 2502 1282 2560 est,
1309 2493 1590 2561 invisibili,

75 2597 328 2651 expugnare
353 2583 557 2636 dicitur
591 2583 733 2638 Deus
761 2598 791 2636 a
817 2584 1165 2654 generatione
1199 2584 1252 2639 in
1280 2586 1592 2655 generatio-

78 2688 186 2725 nem.
227 2671 321 2728 Sed
371 2675 423 2729 in
470 2674 898 2729 Deuteronomio
940 2674 1015 2728 ita
1066 2675 1325 2744 scriptum
1373 2687 1457 2731 est
1503 2675 1593 2731 8’:

78 2763 335 2820 tMemento
378 2775 588 2835 quanta
633 2766 727 2822 tibi
772 2766 967 2823 fecerit
1006 2768 1229 2824 Amalec
1260 2769 1311 2824 in
1344 2772 1424 2826 via
1469 2786 1592 2825 cum

76 2857 235 2914 exisses
257 2859 315 2913 de
338 2858 607 2930 Egypto,
640 2860 912 2929 quomodo
939 2860 1152 2915 obstitit
1190 2861 1284 2916 tibi
1321 2861 1373 2917 in
1401 2865 1510 2928 via,
1543 2872 1596 2919 et

78 2950 232 3004 excidit
259 2953 475 3005 caudam
516 2962 672 3006 tuam
703 2993 718 3018 ,
767 2966 962 3008 omnes
992 2952 1081 3021 qui
1111 2953 1431 3010 laborabant
1476 2968 1599 3027 post

77 3049 129 3093 te.
146 3040 209 3096 τυ
231 3053 395 3099 autem
419 3042 709 3098 esuriebas
733 3053 787 3098 et.
809 3043 1120 3110 laborabas,
1144 3056 1199 3100 et
1230 3062 1334 3102 non
1364 3049 1593 3106 timuisti

1697 572 1816 613 rum
1843 572 1911 613 ex
1940 555 2075 612 Juda
2103 596 2119 623 ,
2150 563 2204 610 et
2236 555 2380 611 venit
2421 554 2551 610 Saul
2577 554 2642 608 ad
2679 554 2952 610 civitatem
3003 548 3223 609 Amalec
3244 593 3261 617 ,

1695 662 1751 705 et
1779 651 2005 706 insidias
2040 650 2217 720 posuit
2245 650 2298 704 in
2322 649 2492 715 valle,
2527 658 2583 705 et
2609 650 2686 705 ait
2725 649 2853 704 Saul
2898 649 2965 703 ad
2991 648 3218 705 Cineum
3249 668 3262 704 :

1701 741 1847 797 Vade
1875 753 1953 807 tu,
1983 750 2038 798 et
2060 742 2275 798 discede
2303 743 2368 798 de
2395 741 2574 797 medio
2598 740 2839 809 Amalec,
2873 756 2940 797 ne
2967 740 3109 797 forte
3128 749 3182 797 et
3211 730 3279 795 tu'

1697 836 1974 904 adjiciaris
2006 834 2120 904 (87)
2150 849 2272 889 cum
2303 834 2441 901 ipso.
2474 832 2551 886 Tu
2578 832 2724 887 enim
2753 831 2930 887 fecisti
2955 832 3268 889 misericor-

1696 928 1839 982 diam
1887 942 2009 981 cum
2049 926 2300 982 omnibus
2340 923 2465 979 filiis
2508 922 2675 977 Israel
2700 963 2716 990 ,
2754 938 2875 978 cum
2908 924 3267 979 ascenderent

1696 1020 1762 1075 de
1794 1028 1941 1075 terra
1991 1017 2231 1089 Egypti.
2269 1017 2334 1071 Et
2371 1016 2623 1071 discessit
2652 1014 2855 1070 Cineus
2888 1015 2956 1070 de
2986 1016 3162 1072 medio
3187 1015 3263 1071 A-

1698 1110 1889 1175 malec,
1925 1118 1980 1163 et
2022 1110 2294 1179 percussit
2329 1106 2457 1162 Saul
2494 1108 2738 1171 Amalec,
2769 1107 2835 1162 ab
2886 1106 3062 1163 Evilat
3093 1123 3265 1178 usque

1697 1204 1821 1268 Sur,
1851 1218 1971 1274 quae
2005 1213 2092 1258 est
2119 1211 2309 1259 contra
2343 1200 2535 1257 faciem
2569 1200 2789 1272 Egypti
2815 1242 2830 1269 ,
2862 1211 2916 1256 et
2945 1202 3089 1271 cepit
3117 1203 3264 1274 Agag

1698 1310 1877 1366 regem
1902 1294 2123 1350 Amalec
2149 1295 2355 1357 vivum,
2385 1302 2438 1349 et
2463 1309 2682 1351 omnem
2710 1294 2967 1366 populum
2993 1296 3115 1367 ejus
3136 1308 3267 1348 ana-

1697 1387 2069 1442 tbematizavit
2108 1388 2158 1442 in
2194 1401 2291 1442 ore
2329 1387 2536 1458 gladii,
2566 1396 2620 1443 et
2646 1388 2892 1457 pepercit
2929 1384 3055 1440 Saul
3087 1392 3142 1440 et
3171 1398 3269 1455 po-

1700 1478 1857 1549 pulus
1911 1480 2020 1548 regi
2073 1480 2222 1549 Agag
2249 1521 2264 1547 ,
2303 1488 2357 1533 et
2409 1479 2650 1535 servavit
2696 1494 2856 1534 omne
2887 1478 3030 1548 quod
3063 1477 3265 1533 bonum

1698 1579 1821 1625 erat
1850 1585 1915 1624 ex
1943 1570 2134 1625 ovibus
2162 1581 2217 1626 et
2248 1569 2439 1636 bobus,
2472 1570 2565 1625 sed
2596 1577 2652 1624 et
2681 1585 2800 1640 quae
2849 1568 3078 1624 fecunda
3109 1576 3267 1624 erant

1698 1678 1761 1718 ex
1787 1641 2040 1718 omnibus
2066 1664 2355 1733 pecoribus
2388 1662 2567 1729 bonis,
2598 1671 2655 1719 et
2681 1662 2969 1718 noluerunt
2991 1676 3054 1717 ea
3082 1669 3266 1717 exter-

1699 1755 1931 1821 minare,
1957 1756 2048 1811 sed
2072 1770 2233 1812 omne
2261 1756 2405 1826 quod
2437 1756 2537 1812 fuit
2563 1755 2966 1824 contemptibile
2992 1763 3048 1809 et
3076 1756 3269 1823 despe-

1696 1858 1864 1913 ctum,
1899 1849 2003 1904 ltoc
2029 1848 2650 1904 anathematizaverunt.
2680 1849 2747 1903 Et
2770 1847 2947 1903 factus
2969 1856 3053 1903 est
3082 1858 3270 1901 sermo

1697 1940 1910 1996 Domini
1941 1940 2007 1995 ad
2034 1938 2338 1997 Samuelem
2369 1943 2593 1999 dicens:
2625 1942 2858 1999 Paenitet
2884 1955 2990 2008 me,
3018 1940 3144 2011 quia
3176 1956 3270 1995 un-

1696 2034 1866 2088 xerim
1898 2032 2027 2088 Saul
2056 2034 2106 2087 in
2135 2047 2337 2104 regem.
2371 2054 2390 2088 ι
2427 2035 2490 2089 Et
2518 2038 2604 2090 bie
2636 2050 2765 2105 ergo
2791 2034 3015 2090 observa
3043 2047 3267 2104 quomo-

1697 2125 1764 2177 do
1801 2124 1941 2178 Deus
1968 2137 2065 2193 per
2102 2124 2420 2193 prophetam
2451 2128 2562 2197 regi
2593 2126 2722 2181 Saul
2752 2124 2994 2195 praecipit
3019 2133 3076 2179 ut
3106 2139 3269 2191 expu-

1693 2224 1820 2286 gnet
1846 2214 2089 2280 Amalec,
2109 2225 2280 2272 etnon
2310 2227 2498 2288 parcat
2522 2219 2777 2289 cuiquam
2806 2232 2876 2274 ex
2907 2216 2987 2272 eis
3015 2234 3028 2271 :
3063 2224 3118 2271 et
3133 2231 3264 2287 quo.

1697 2308 1842 2363 niam
1876 2309 2118 2378 pepercit
2150 2310 2262 2381 regi
2297 2310 2518 2367 Amalec
2546 2312 2719 2382 Agag.
2748 2310 3010 2367 offensam
3040 2309 3269 2365 incurrit

1698 2400 2105 2470 ineXpialiilem,
2132 2403 2206 2458 ita
2248 2411 2307 2457 ut
2332 2417 2570 2475 eousque
2601 2414 2943 2475 permoveret
2973 2407 3139 2461 Deum
3164 2444 3180 2471 ,
3208 2413 3269 2460 ut

1695 2503 1883 2550 contra
1917 2511 2079 2565 quam
2116 2498 2311 2568 recipit
2343 2497 2434 2553 illa
2463 2506 2658 2553 natura
2690 2498 2930 2554 diceret:
2976 2515 2996 2549 t
3031 2497 3268 2552 Paenitet

1698 2603 1783 2642 me
1811 2589 1958 2657 quod
1990 2590 2116 2644 unxi
2160 2589 2288 2645 Saul
2340 2592 2392 2646 in
2429 2604 2629 2662 regem.
2662 2610 2681 2642 ι
2721 2589 2837 2646 Νοη
2887 2604 3020 2660 ergo
3048 2590 3270 2658 expedit

1698 2680 1853 2734 nobis
1886 2696 2110 2750 parcere
2141 2682 2237 2746 illi,
2269 2683 2359 2753 qui
2391 2682 2623 2738 declinat
2652 2683 2933 2752 populum,
2965 2680 3049 2737 vel
3092 2680 3269 2735 ablin-

1698 2774 1808 2840 git,
1842 2780 1894 2825 et
1930 2773 2196 2827 devorat:
2232 2772 2305 2827 illi
2349 2771 2556 2828 scilicet
2588 2772 2841 2826 invisibili
2873 2771 3094 2827 Amalec
3116 2810 3132 2837 ,
3176 2770 3269 2841 qui

1697 2863 2003 2919 volentibus
2030 2864 2325 2921 ascendere
2347 2866 2413 2919 de
2438 2863 2698 2935 Egypto,
2721 2872 2775 2918 et
2795 2864 2864 2920 de
2894 2863 3080 2919 mundi
3112 2864 3272 2933 hujus

1698 2955 1931 3010 evadere
1970 2954 2251 3023 tenebris,
2287 2967 2452 3026 atque
2481 2957 2548 3011 ad
2585 2966 2786 3011 terram
2828 2956 3272 3028 repromissionis

1701 3047 1999 3102 ascendere
2029 3087 2045 3114 ,
2074 3047 2277 3103 resistit
2325 3048 2379 3103 in
2426 3048 2534 3111 via,
2565 3057 2619 3103 et
2666 3049 2947 3118 impugnat
2977 3064 3106 3104 nos.
3139 3059 3194 3105 et
3223 3050 3269 3105 si

80 3135 221 3190 Deum.
261 3155 278 3188 ι
326 3135 570 3192 Observa
606 3150 738 3205 ergo
775 3144 829 3190 et
864 3136 916 3190 in
951 3138 1018 3193 iis
1066 3141 1337 3208 quomodo
1371 3141 1596 3199 Amalec
1624 3172 1666 3232 ο
1702 3138 1971 3193 invenerit
1999 3154 2098 3194 nos
2132 3139 2303 3195 lassos
2329 3155 2395 3195 ac
2426 3140 2689 3209 defessos,
2717 3150 2771 3195 et
2809 3150 2954 3196 retro
2980 3141 3274 3210 respicien-

78 3225 240 3281 obstitit
279 3226 435 3283 Israel
473 3228 525 3281 in
568 3228 691 3293 via,
734 3226 829 3280 sed
867 3236 1043 3283 tamen
1092 3245 1196 3283 non
1226 3232 1401 3300 potuit
1437 3242 1601 3302 caput
1633 3225 1665 3232 ⁷
1703 3237 1821 3294 tes,
1858 3238 2022 3299 atque
2051 3230 2105 3284 in
2137 3229 2339 3285 ultimis
2373 3239 2428 3285 et
2457 3230 2510 3284 in
2542 3229 2710 3286 cauda
2746 3229 2970 3299 positos,
3002 3228 3272 3285 abscindit

74 3316 161 3385 eius
194 3321 489 3377 abscindere
513 3361 530 3387 ,
588 3320 689 3376 nisi
728 3320 955 3375 caudam
998 3331 1248 3377 tantum:
1295 3324 1347 3378 id
1386 3334 1468 3379 est
1507 3341 1600 3381 eos

76 3406 207 3475 potuit
241 3413 481 3468 obtinere
508 3452 524 3476 ,
561 3411 658 3482 qui
697 3422 845 3466 retro
874 3414 1034 3483 positi
1063 3425 1259 3481 erant,
1285 3417 1377 3486 qui
1419 3418 1597 3473 ultimi

76 3504 407 3570 sequebantur,
438 3520 541 3560 nec
572 3519 636 3558 ea
667 3519 788 3574 qua:
817 3516 967 3561 retro
995 3515 1153 3561 erant
1186 3507 1595 3580 obliviscentes,

75 3595 381 3650 extendebant
430 3612 493 3653 se
542 3598 615 3652 ad
650 3613 713 3654 ea
762 3614 884 3666 quas
915 3598 968 3651 in
1017 3607 1146 3653 ante
1199 3609 1344 3654 sunt.
1383 3600 1448 3655 Et
1478 3601 1599 3658 ideo

77 3694 173 3749 puto
209 3689 321 3757 quia
367 3690 634 3744 Dominus
680 3689 1024 3760 praecipiebat
1070 3692 1121 3744 in
1170 3691 1478 3760 Evangeliis
1507 3694 1601 3748 di-

77 3777 258 3834 cens":
297 3798 315 3830 ι
344 3779 513 3836 Nemo
567 3780 798 3835 mittens
835 3796 1053 3835 manum
1085 3797 1240 3837 suam
1286 3799 1449 3853 super
1478 3801 1601 3840 ara-

79 3877 204 3934 trum,
230 3881 279 3927 et
306 3882 450 3928 retro
477 3873 805 3943 respiciens,
835 3881 994 3940 aptus
1022 3882 1105 3929 est
1138 3890 1304 3945 regno
1334 3876 1446 3935 Dei.
1479 3897 1498 3931 »
1537 3878 1603 3934 Ει

78 3963 255 4018 merito:
282 3965 323 4020 si
350 3967 495 4021 enim
528 3975 684 4020 retro
710 3965 835 4035 quis
862 3965 1114 4021 inventus
1136 3966 1301 4022 fuerit
1325 3968 1376 4023 in
1403 3972 1598 4038 cauda,

80 4055 308 4113 abscindet
330 4073 449 4113 eum
474 4059 728 4114 Amalec.
753 4055 859 4111 Sed
884 4065 938 4110 et
964 4057 1124 4113 aliam
1152 4060 1328 4115 adhuc
1351 4063 1417 4116 de
1440 4062 1603 4116 Ama-

77 4142 135 4198 lec
156 4146 406 4205 historiam
431 4151 788 4222 proferamus
806 4195 822 4219 ,
844 4162 904 4208 ut
932 4168 998 4207 ex
1027 4152 1273 4223 pluribus
1302 4152 1602 4223 Scriptura:

78 4236 179 4292 lacis
213 4241 398 4300 clarius
427 4245 581 4313 quod
628 4246 925 4315 quaerimus
963 4246 1301 4299 advertatur.
1336 4244 1391 4299 ln
1425 4245 1601 4315 primo

80 4325 329 4397 Regnorum
357 4336 494 4392 libro
528 4336 609 4390 ait
640 4336 861 4392 Samuel
896 4337 962 4392 ad
995 4337 1126 4392 Saul
1157 4338 1242 4393 ⁸⁸ε
1282 4354 1301 4389 ι
1330 4337 1474 4392 Misit
1512 4353 1600 4393 me

81 4418 282 4481 Dominus
308 4445 511 4499 ungere
555 4438 609 4484 te
643 4444 822 4500 regem
852 4444 1014 4500 super
1043 4431 1298 4499 populum
1331 4445 1488 4484 suum
1522 4431 1601 4486 ls-

1702 3335 1798 3374 nos
1837 3329 1893 3375 et
1922 3320 2160 3390 perimit.
2205 3320 2271 3376 Et
2305 3322 2428 3377 ideo
2460 3322 2775 3376 tentandum
2809 3335 3028 3391 semper
3056 3322 3111 3375 in
3142 3331 3271 3375 ante

1700 3420 1813 3475 est,
1851 3420 1903 3467 et
1938 3412 2004 3466 ad
2038 3412 2253 3481 pr0pria
2287 3411 2667 3475 festinandum,
2704 3412 2812 3464 inm
2835 3420 2889 3465 et
2922 3412 2976 3464 in
3013 3413 3270 3466 verticem

1702 3503 1901 3559 montis
1931 3504 2334 3560 ascendendum
2362 3542 2378 3570 ,
2423 3512 2477 3558 et
2515 3515 2729 3570 semper
2772 3500 3013 3556 levanda:
3045 3511 3172 3558 sunt
3215 3502 3269 3556 in

1700 3597 2046 3652 orationibus
2072 3597 2139 3651 ad
2166 3596 2366 3651 coelum
2398 3608 2613 3659 manus,
2646 3601 2705 3647 ut
2737 3594 2810 3648 ita
2840 3594 3062 3650 demum
3093 3594 3271 3649 vinca-

1703 3698 1788 3743 tur
1812 3689 2034 3745 Amalec
2064 3699 2120 3744 et
2151 3689 2331 3744 cadat.
2365 3688 2456 3748 Vis
2490 3700 2670 3746 autem
2700 3690 2842 3746 scire
2872 3689 3131 3758 quoniam
3161 3702 3267 3743 non

1700 3781 1966 3837 transitur
1981 3782 2046 3836 ad
2066 3792 2265 3836 terram
2288 3790 2557 3848 sanctam,
2581 3797 2757 3853 neque
2776 3782 3091 3852 pervenitur
3105 3780 3171 3834 ad
3189 3794 3273 3835 re-

1700 3888 1910 3944 gnum,
1954 3873 2057 3928 nisi
2119 3874 2267 3942 prius
2310 3874 2558 3929 vincatur
2604 3874 2825 3929 Amalec
2870 3873 2894 3928 ἲ
2937 3871 3107 3927 David
3148 3886 3269 3927 cum

1704 3966 1871 4021 multa
1896 3966 2033 4022 bella
2071 3967 2348 4037 gessisset,
2384 3978 2438 4021 et
2465 3975 2654 4022 contra
2694 3965 3005 4038 Allnphylos
3042 3964 3273 4021 fuissent

1698 4056 1861 4130 345
1886 4058 1934 4114 ei
1989 4058 2242 4113 acerrimi
2305 4057 2722 4127 frequentesque
2772 4056 3099 4121 conﬂictus,
3161 4067 3270 4108 non

1705 4157 1883 4203 tamen
1917 4148 2176 4203 scribitur
2200 4148 2506 4205 obtinuisse
2538 4163 2790 4217 regnum,
2824 4146 2930 4201 nisi
2965 4146 3117 4216 prius
3141 4145 3272 4199 edo-

1704 4242 1932 4297 muissct
1960 4241 2206 4296 Amalec.
2241 4242 2333 4296 Ait
2365 4241 2511 4297 enim
2542 4241 2824 4311 Scriptura
2864 4239 2954 4293 ⁸⁶ε
2994 4256 3013 4290 ‹
3070 4237 3138 4292 Et
3187 4252 3276 4290 re-

1702 4348 1920 4403 gressus
1950 4344 2034 4389 est
2070 4334 2239 4390 David
2302 4345 2651 4405 posteaquam
2701 4333 2901 4388 cecidit
2950 4329 3194 4394 Amalec,
3216 4337 3272 4383 et
3341 4325 3350 4333 ’

1705 4426 1945 4497 suscepit
1978 4442 2201 4498 regnum
2233 4426 2385 4493 Saul;
2421 4445 2439 4478 ι
2506 4442 2627 4481 cum
2681 4434 2860 4479 tamen
2893 4424 3007 4492 ipse
3050 4420 3275 4476 Amalec

84 4514 163 4567 rael
184 4556 196 4580 ,
224 4529 272 4572 et
302 4536 440 4575 nunc
469 4519 603 4575 audi
641 4535 827 4575 vocem
862 4522 1150 4575 verborum
1201 4520 1432 4575 Domini.
1476 4520 1599 4577 Haec
1634 4528 1678 4584 Ι)
1710 4519 2054 4575 describatur
2080 4521 2279 4576 multas
2314 4522 2463 4590 prius
2495 4529 2708 4586 strages
2762 4516 2958 4572 fecisse
2990 4516 3041 4568 in
3078 4514 3275 4585 populo

80 4608 175 4661 dicit
216 4612 460 4671 Dominus
518 4617 780 4669 virtutum
819 4632 834 4669 :
880 4614 1194 4685 Recogitavi
1245 4615 1426 4669 omnia
1476 4630 1598 4684 quae

80 4696 174 4754 fecit
202 4704 397 4763 Amalec
442 4709 736 4763 adversum
768 4706 974 4774 lsracl,
1009 4710 1281 4778 quomodo
1321 4710 1599 4777 percussit

80 4809 170 4845 cum
206 4795 254 4851 in
284 4801 364 4854 via
391 4818 515 4856 cum
551 4803 874 4858 ascenderet
900 4818 967 4857 ex
1004 4801 1260 4872 )Egypto.
1291 4801 1441 4857 Nunc
1468 4817 1599 4870 ergo

81 4881 209 4945 “de.
249 4892 299 4938 ct
328 4898 551 4956 percute
597 4889 819 4944 Amalec
840 4930 855 4954 ,
897 4899 950 4944 et
979 4890 1380 4944 anatliematiza
1413 4894 1593 4944 omnia

79 4986 353 5047 quacunque
368 4980 557 5044 habet,
584 4989 637 5036 et
654 4997 756 5036 non
776 4995 989 5051 parcas,
1008 4982 1101 5035 sed
1120 4980 1362 5037 interfice
1386 4996 1595 5050 omnes,

82 5077 101 5110 3
127 5065 221 5122 viro
247 5085 406 5140 usque
437 5073 505 5128 ad
538 5073 823 5129 mulierem
846 5112 861 5138 ,
894 5086 949 5128 et
978 5072 1234 5142 parvulos
1257 5113 1271 5137 ,
1303 5082 1358 5127 et
1395 5072 1601 5129 lacten-

82 5162 157 5222 leS,
180 5170 226 5214 et
254 5170 452 5231 tauros,
481 5176 536 5221 et
563 5180 753 5237 greges
791 5166 996 5233 ovium,
1028 5176 1083 5222 et
1109 5165 1372 5232 camelos,
1400 5175 1455 5220 et
1490 5167 1599 5222 asi-

83 5264 168 5302 nos.
208 5252 265 5309 Et
291 5259 544 5329 praecepit
591 5260 717 5316 Saul
755 5260 991 5331 populo,
1031 5268 1087 5315 et
1131 5260 1367 5330 inspexit
1403 5275 1499 5315 eos
1545 5261 1598 5315 in

1708 4610 1898 4675 Israel,
1933 4621 1987 4666 et
2016 4611 2178 4666 urbes
2223 4626 2410 4665 eorum
2466 4610 2773 4665 incendisse
2827 4605 3273 4676 quamplurimas.

1714 4701 1849 4757 Vere
1881 4702 2029 4757 enim
2062 4711 2186 4759 ante
2224 4704 2512 4757 adventum
2570 4702 2683 4755 veri
2714 4698 2903 4766 David,
2969 4696 3111 4754 illius
3179 4698 3275 4767 qui

1708 4802 1870 4846 natus
1902 4802 1986 4847 est
2015 4808 2080 4847 ex
2110 4792 2321 4847 semine
2347 4790 2516 4845 David
2541 4791 2839 4846 secundum
2867 4805 3114 4852 carnem,
3133 4789 3273 4843 mul-

1709 4893 1793 4939 tas
1819 4894 2033 4955 strages
2063 4884 2336 4955 spiritales
2362 4885 2676 4939 Amalceitte
2695 4925 2709 4951 ,
2740 4899 2861 4955 quae
2887 4891 3011 4939 sunt
3049 4891 3275 4937 contra-

1710 4976 1806 5030 riae
1835 4976 2086 5042 virtutes,
2158 4976 2401 5032 fecerunt
2447 4977 2500 5032 in
2555 4977 2750 5048 populo
2816 4976 3002 5032 Israel.
3068 4974 3172 5031 Sed
3222 4984 3276 5031 et

1708 5068 1880 5139 ipsius
1918 5069 2082 5124 David
2125 5069 2490 5140 captivarunt,
2543 5070 2716 5139 inquit
2752 5069 2818 5134 ⁸⁷,
2865 5069 2999 5123 duas
3055 5080 3272 5122 uxores.

1712 5158 1954 5216 Judaeum
1992 5173 2122 5231 puto
2149 5162 2410 5232 primum,
2446 5172 2501 5218 et
2529 5162 2827 5219 secundum
2886 5159 3138 5232 gentilem
3183 5172 3276 5227 po-

1709 5256 1896 5326 pulum
1936 5258 2040 5312 dici
2074 5270 2090 5311 :
2130 5266 2183 5311 et
2236 5255 2453 5312 Judaeos
2510 5256 2653 5311 enim
2708 5262 2765 5312 et
2812 5252 3039 5325 gentiles
3086 5262 3274 5304 omnes

133 5412 176 5491 ’ξ
197 5416 351 5491 Exod.
390 5437 529 5486 xm,
558 5422 612 5490 9,
646 5422 731 5491 10,
761 5424 848 5478 ll.
923 5425 971 5457 °'
999 5424 1155 5491 ibid,
1187 5424 1273 5489 14,
1305 5425 1395 5489 15,
1436 5422 1523 5477 16.

1702 5425 1830 5475 leut.
1858 5433 1983 5485 xxv,
2017 5417 2106 5484 l7,
2137 5416 2221 5471 18.
2298 5416 2345 5449 ⁸⁸
2375 5416 2505 5473 Luc.
2549 5432 2623 5481 lx,
2654 5412 2744 5469 62.
2817 5411 2863 5443 “
2890 5410 2910 5463 ι
2940 5410 3072 5479 Reg.
3100 5422 3188 5475 xv,
3222 5409 3272 5475 l,

86 5479 125 5543 ε,
153 5484 195 5551 δ,
224 5488 273 5555 ι,
306 5491 359 5559 5,
397 5494 451 5559 6,
483 5479 536 5559 7',
569 5479 622 5562 8',
654 5479 827 5562 9,10,
857 5495 946 5550 ll.
1026 5495 1071 5527 ιιι
1095 5479 1304 5567 ιιέιεά.
1328 5479 1449 5561 ι,ἰ.

138 5649 228 5729 (ᾃϐ)
247 5653 444 5729 Deinde
469 5667 842 5729 interpretatur
858 5672 1111 5714 DEFECTIO
1124 5673 1385 5715 conlato“.
1406 5657 1448 5711 A
1475 5669 1611 5718 ωωπ

94 5721 308 5779 tabsolvi
334 5766 348 5790 ,
379 5721 660 5801 deiicere,
689 5736 732 5801 ζ»
775 5737 828 5785 et
867 5737 953 5793 au
997 5749 1015 5782 ι
1056 5731 1222 5787 movit
1252 5745 1344 5799 se,
1394 5742 1605 5799 motus,

90 5804 343 5852 commotus
374 5796 494 5852 fuit.
526 5816 545 5849 ι

1558 5495 1646 5551 ⁸⁷1
1678 5494 1810 5559 Reg.
1842 5506 1970 5554 xxx,
2002 5509 2049 5545 ν.

1789 5653 1901 5724 (87)
1931 5653 2111 5709 Codex
2138 5651 2485 5724 Corbeiensis
2517 5668 2534 5701 ι
2563 5648 2851 5724 adjiciaris.
2886 5665 2904 5699 ι
2940 5644 3277 5724 bib_b.3diti,

1722 5741 1742 5777 ι
1773 5715 2065 5793 dejiciaris.
2094 5742 2111 5775 ι
2150 5722 2314 5777 Paulo
2338 5732 2459 5791 post
2487 5715 2847 5775 mss.7habent
2884 5737 2901 5768 ι
2930 5718 2997 5770 ab
3030 5715 3221 5771 Evilat.
3252 5730 3274 5769 ο

1716 5792 1873 5853 Libb.
1914 5795 2064 5861 editi,
2104 5812 2121 5845 t
2156 5796 2221 5849 ab
2250 5792 2422 5863 Ejula.
2463 5812 2481 5843 ι
