3914 6508
573 419 675 475 ’ῖΞό
2019 411 2134 467 ORI

2251 409 2343 464 N‘IS
3717 407 3797 461 iii

575 545 794 594 constat
829 535 929 592 sub
958 543 1180 606 peccato
1222 534 1392 591 fuisse
1427 533 1733 590 conclusos.
1767 533 1871 589 Sed
1932 546 2040 586 non
2096 531 2148 584 in
2180 535 2225 590 A
2250 530 2446 594 Israel,
2479 544 2602 584 cum
2637 529 2957 584 ascenderet
3000 529 3066 584 de
3096 527 3351 599 Egypto.
3388 545 3405 577 ι
3438 527 3514 581 De
3565 526 3663 579 hoc
3699 539 3798 592 ergo

563 633 659 686 his
703 644 884 686 rerum
923 629 1100 682 exitus
1148 628 1370 683 mansit.
1426 627 1732 682 Adveniens
1779 627 1921 681 enim
1977 624 2147 679 David
2251 631 2307 676 et
2334 637 2475 676 nunc
2507 621 2730 686 dicitur,
2770 623 2895 690 quia
2953 621 3126 675 valida
3158 621 3230 676 sit
3281 618 3554 674 habitatio
3596 616 3726 685 ejus,
3765 619 3798 669 si

571 721 692 774 audi
731 720 858 788 quid
899 717 1082 772 faciat.
1114 719 1181 773 Et
1209 719 1438 782 invenit,
1481 719 1675 788 inquit,
1711 718 1876 772 David
1934 717 2146 785 disper-
2251 722 2416 785 ponat
2452 715 2641 768 nidum
2674 729 2833 770 suum
2871 713 2922 766 in
2972 723 3142 778 petra.
3205 711 3366 766 Petra
3415 709 3670 764 Christus
3719 718 3797 760 est.

566 826 657 867 sos
703 810 1032 864 Amalecitas
1093 829 1112 861 ι
1170 811 1588 875 manducantes,
1658 821 1711 867 et
1766 809 2032 867 bibentes.
2095 815 2151 862 et
2251 807 2307 861 Si
2347 822 2475 877 ergo
2503 817 2667 875 ponat
2697 808 2880 860 nidum
2910 821 3068 860 suum
3106 806 3156 858 in
3194 814 3370 874 petra,
3409 800 3594 855 valida
3624 799 3800 852 estha-

565 903 903 958 exsultantes
923 918 1020 971 pro
1046 902 1226 971 praeda
1249 917 1407 970 quam
1437 903 1773 957 abstulerant
1803 911 1896 956 :et
1927 902 2146 962 cecidit,
2252 899 2442 954 bitatio
2471 901 2607 968 ejus,
2642 901 2685 954 si
2724 910 2903 954 tamen
2934 913 3038 953 non
3069 897 3160 950 Ilat
3198 897 3246 950 ei
3290 895 3433 949 Beor
3473 893 3636 947 nidus
3677 902 3798 944 astu-

569 995 770 1064 inquit,
807 1009 952 1049 eosa
987 995 1160 1062 prima
1215 1003 1372 1049 nocte
1417 1009 1588 1063 usque
1642 996 1708 1048 ad
1760 1010 2037 1065 vesperam
2094 993 2145 1047 in
2255 992 2361 1045 tiae.
2403 990 2564 1054 Beor,
2608 1003 2762 1060 pater
2783 1002 2869 1044 est
2898 989 3141 1054 Balaam,
3185 988 3278 1057 qui
3319 993 3511 1056 potest
3552 984 3718 1052 accipi
3762 986 3797 1035 in

567 1087 871 1140 crastinum
903 1086 968 1138 ".
997 1104 1014 1136 ι
1041 1085 1107 1140 Et
1135 1095 1255 1154 post
1294 1085 1438 1140 hanc
1468 1086 1668 1140 caedem
1698 1087 2147 1152 Amalecitarum,
2252 1097 2480 1151 persona
2515 1083 2902 1138 hzrreticorum
2933 1101 2945 1134 :
2984 1092 3041 1135 ut
3097 1082 3199 1136 hoc
3242 1079 3354 1134 dici
3383 1080 3662 1143 videatur,
3692 1080 3798 1143 quod

569 1189 854 1244 regressus
882 1176 1119 1246 suscepit
1161 1190 1411 1244 regnum.
2252 1175 2437 1229 salvus
2465 1173 2635 1243 possit
2663 1189 2784 1227 esse
2824 1173 3048 1235 Cincus,
3087 1173 3129 1225 si
3165 1179 3334 1240 ponat
3364 1170 3415 1223 in
3450 1179 3612 1238 petra
3653 1169 3796 1221 nidum

636 1268 692 1320 2.
730 1266 884 1321 Hunc
914 1282 1045 1338 ergo
1081 1269 1300 1322 Amalec
1330 1268 1522 1323 videns
1548 1269 1771 1322 Balaam
1804 1270 1947 1324 [ilius
1985 1271 2144 1334 Beor,
2251 1280 2430 1327 suum,
2461 1267 2564 1319 hoc
2593 1275 2676 1318 est
2739 1265 2791 1318 in
2832 1263 3050 1319 Christo
3074 1262 3307 1316 collucet
3349 1274 3504 1330 spem
3571 1275 3734 1318 suam.
3760 1271 3796 1311 et

574 1360 738 1414 homo
777 1374 902 1414 vere
932 1362 1142 1422 videns,
1181 1363 1487 1417 etaudiens
1516 1364 1679 1417 verba
1718 1363 1832 1426 Dei,
1897 1364 1990 1432 qui
2046 1363 2150 1416 scit
2253 1375 2357 1413 non
2389 1375 2514 1412 eum
2549 1359 2924 1412 haereticorum
2961 1357 3270 1411 circumdet
3318 1367 3375 1408 et
3406 1355 3795 1408 circumscribat

573 1451 857 1505 scientiam
876 1452 1111 1515 Excelsi,
1138 1464 1190 1509 et
1217 1456 1452 1511 visiones
1478 1455 1570 1509 Dei
1607 1456 1772 1520 videt,
1807 1464 2028 1525 accepta
2054 1471 2149 1523 pa-

575 1541 761 1596 rabola
799 1559 892 1595 sua
929 1544 1093 1607 (sicut
1127 1553 1185 1598 et
1230 1546 1281 1600 iu
1309 1545 1581 1616 prioribus
1615 1545 1916 1600 visionibus
1972 1547 2148 1612 scrip-

571 1644 682 1687 tum
712 1634 844 1702 est),
875 1635 952 1688 ait
977 1635 1022 1666 ⁸⁰
1052 1657 1062 1690 :
1100 1655 1118 1686 ι
1148 1635 1360 1690 Initium
1409 1637 1903 1707 gentinmAmalec.
1952 1647 2006 1690 et
2061 1653 2147 1692 se-

571 1739 694 1778 men
726 1739 914 1778 eorurn
944 1726 1158 1794 peribit.
1201 1744 1217 1775 ι
1245 1726 1396 1792 Quod
1436 1727 1510 1780 ait
1539 1744 1553 1778 :
1597 1744 1614 1776 ι
1653 1725 1869 1779 Initium
1900 1727 2143 1796 gentium

2250 1451 2470 1505 astutia.
2497 1448 2631 1504 Nam
2664 1450 2706 1504 si
2743 1451 2846 1504 hoc
2872 1448 3069 1513 fuerit,
3107 1449 3238 1502 nihil
3298 1449 3347 1502 ei
3387 1445 3639 1515 proderit
3690 1449 3795 1514 quod

2251 1541 2302 1594 in
2328 1550 2502 1610 petra,
2538 1541 2626 1608 qui
2658 1551 2742 1594 est
2773 1539 3024 1595 Christus
3049 1577 3063 1599 ,
3113 1534 3421 1593 collocatus
3477 1536 3706 1589 videtur.
3740 1539 3795 1587 Ae

2249 1634 2488 1703 Assyriis
2527 1633 2671 1687 enim
2703 1633 2950 1703 captivus
3006 1632 3256 1695 ducetur,
3304 1630 3573 1699 malignis
3628 1627 3794 1683 scilicd

2249 1727 2561 1787 virtutibus,
2603 1741 2721 1795 qua:
2751 1740 2843 1780 eos
2881 1725 3130 1796 captivos
3153 1727 3384 1788 ducunt,
3410 1731 3469 1777 et
3502 1723 3557 1776 in
3600 1730 3793 1791 potesta-

565 1815 811 1878 Amalec,
851 1835 870 1868 ι
905 1826 1110 1870 certum
1154 1825 1236 1872 est
1269 1817 1396 1887 quia
1446 1818 1592 1870 nullo
1643 1827 1800 1886 pacto
1863 1818 1928 1870 ad
1992 1819 2140 1871 illum
2250 1827 2358 1872 tem
2381 1817 2677 1887 accipiunt,
2711 1833 2846 1888 quos
2887 1818 3175 1872 haereticus
3201 1831 3363 1871 error
3389 1814 3702 1868 involverit.
3730 1814 3792 1867 Vi-

569 1905 661 1972 qui
697 1916 822 1960 tunc
854 1915 972 1961 erat
1003 1907 1055 1960 in
1086 1922 1252 1962 carne
1281 1907 1522 1972 Amalec,
1564 1908 1755 1965 referri
1787 1909 1955 1977 possit
1993 1929 2006 1962 :
2047 1925 2140 1964 ne-
2173 1895 2214 1954 Β
2249 1913 2408 1966 detur
2444 1925 2576 1966 sane
2604 1913 2900 1966 secundum
2930 1911 3069 1965 hanc
3114 1910 3526 1979 expositionem
3561 1923 3710 1976 quam
3744 1910 3792 1961 de

566 2011 671 2064 que
696 1996 840 2050 enim
866 1997 1075 2065 primus
1109 2009 1228 2051 erat
1265 2000 1610 2062 antiquitatis
1637 2001 1891 2070 origine:
1923 2001 2015 2054 sed
2072 2002 2139 2054 ad
2243 2000 2411 2055 Ciuco
2441 2000 2733 2067 edidimus,
2768 2009 2817 2054 et
2845 2001 3156 2070 conjunctio
3187 2000 3569 2054 interturbare
3592 2013 3787 2051 sensum

571 2091 896 2144 invisibilem
927 2090 1148 2145 Amalec
1178 2092 1370 2145 melius
1403 2093 1660 2155 refertur,
1687 2093 1829 2160 quia
1863 2091 2140 2146 declinan-
2245 2093 2351 2147 Sed
2378 2093 2655 2148 sciendum
2709 2101 2810 2158 est,
2854 2093 2994 2162 quod
3027 2092 3384 2145 vernaculum
3447 2099 3535 2144 est
3598 2087 3793 2142 chru

564 2184 634 2235 do
662 2182 892 2251 populos
930 2200 958 2236 a
987 2182 1120 2246 Deo,
1152 2193 1208 2238 et
1261 2184 1510 2239 faciendo
1534 2185 1765 2254 gentiles
1795 2200 1857 2237 ex
1897 2183 1988 2238 Dei
2023 2185 2139 2238 cul-
2243 2185 2460 2254 linguaz,
2494 2197 2543 2240 et
2579 2185 2958 2253 conjunctione
2989 2185 3303 2252 frequenter
3364 2183 3442 2236 uti
3468 2222 3482 2246 ,
3526 2183 3603 2233 ita
3655 2189 3706 2232 ut
3738 2181 3792 2230 io-

566 2273 798 2339 toribus,
828 2273 1052 2329 Amalec
1092 2275 1424 2329 nominatur.
1459 2275 1525 2329 Et
1572 2275 1692 2330 ideo
1731 2285 1877 2330 recte
1928 2274 2138 2330 initium
2248 2279 2458 2332 terdmu
2488 2279 2746 2344 abundet,
2777 2288 2832 2333 et
2859 2279 2913 2332 in
2947 2293 3051 2332 non
3091 2276 3451 2338 necessariis,
3484 2275 3619 2327 utin
3645 2287 3789 2328 nostra

564 2366 803 2433 gentium
836 2367 1057 2433 dicitur,
1121 2369 1278 2438 quasi
1324 2367 1446 2423 talis
1485 2368 1732 2438 quaedam
1766 2369 1940 2422 virtus
1998 2382 2136 2423 con-
2243 2379 2467 2439 apparet
2497 2372 2702 2440 lingua,
2740 2372 2988 2426 videatur
3025 2371 3268 2428 inserta:
3298 2369 3448 2439 quod
3492 2370 3676 2436 utique
3697 2386 3789 2422 eam

564 2458 758 2524 traria,
798 2473 916 2531 quae
935 2461 1108 2530 prima
1148 2462 1359 2517 initium
1389 2461 1617 2524 dederit,
1653 2469 1711 2514 ut
1734 2460 1978 2515 homines
2011 2475 2140 2530 gen-
2244 2464 2400 2517 venia
2427 2460 2800 2532 aecipiendum
2832 2475 2934 2519 est.
2980 2463 3152 2518 Habet
3181 2465 3326 2518 enim
3354 2477 3690 2532 unaquaeque
3712 2464 3790 2513 lic~

569 2551 694 2603 tiles
714 2551 927 2618 ﬂerent,
956 2555 1216 2608 mutando
1257 2573 1276 2607 ι
1311 2553 1536 2624 gloriam
1589 2553 2017 2624 incorruptibilis
2045 2553 2137 2608 Dei
2243 2568 2348 2622 gua
2377 2553 2580 2624 aliquid
2617 2556 2988 2624 proprietatis,
3018 2557 3162 2625 quod
3214 2562 3359 2624 apud
3417 2554 3558 2608 alias
3619 2550 3793 2622 linguis;

566 2642 618 2694 in
651 2643 1059 2701 similitudinem
1093 2646 1348 2718 imaginis
1372 2647 1749 2716 corruptibilis
1794 2647 2050 2714 hominis,
2088 2657 2141 2702 et
2244 2645 2500 2699 vitiosum
2543 2645 2815 2702 videatur.
2845 2647 2908 2701 Et
2939 2647 3026 2703 hic
3053 2663 3208 2717 ergo,
3249 2657 3298 2700 et
3326 2645 3650 2713 coniunctio
3667 2647 3788 2713 quasi

568 2735 868 2802 volucrum,
895 2747 948 2791 et
975 2738 1344 2806 pccudum,et
1367 2738 1728 2806 serpentium,
1753 2747 1807 2792 et
1848 2739 2140 2793 serviendo
2244 2737 2525 2792 abundans
2561 2739 2806 2794 habenda
2838 2750 2945 2804 est,
2976 2749 3030 2794 ct
3084 2739 3378 2808 superﬂua.
3430 2739 3640 2792 Caveat
3692 2752 3790 2803 θεῖ-κ

566 2835 832 2882 creatura:
855 2831 1034 2897 potius
1064 2846 1226 2900 quam
1256 2831 1490 2886 creatori
1523 2831 1588 2883 9°.
1629 2850 1646 2881 ι
1682 2829 1832 2884 Sicut
1887 2831 2032 2885 enim
2086 2831 2138 2884 in
2249 2828 2472 2896 Cineas,
2506 2832 2596 2900 qui
2659 2833 3049 2902 interpretatur
3101 2833 3381 2900 possidens
3416 2829 3557 2901 (88),
3614 2837 3788 2884 caveat.

569 2919 766 2988 popqu
800 2920 896 2974 Dei
943 2922 1204 2991 scriptum
1261 2932 1343 2977 est
1389 2923 1603 2976 initium
1643 2921 1913 2986 Christus,
1978 2921 2058 2975 sic
2110 2937 2141 2976 e
2243 2919 2724 2990 inquam,etiamsi
2780 2923 3102 2994 possideat,
3133 2929 3188 2976 et
3239 2929 3628 2990 promereatur
3665 2918 3790 2971 istm

565 3013 845 3067 contrario
880 3015 930 3066 iu
970 3015 1166 3084 pepqu
1191 3016 1280 3084 qui
1309 3015 1548 3070 declinat
1588 3030 1615 3066 a
1653 3015 1783 3077 Deo,
1839 3023 1893 3069 et
1918 3014 2136 3084 gentilis
2243 3014 2496 3084 gratiam,
2525 3017 2583 3070 ut
2623 3017 2674 3069 in
2709 3014 2952 3070 Ecclesia
2986 3013 3187 3068 Christi
3232 3015 3341 3075 sit,
3375 3027 3446 3067 ne
3497 3011 3640 3066 forte
3674 3021 3786 3064 aste-

565 3101 816 3167 eﬁeitur,
853 3105 1063 3158 initium
1112 3114 1196 3161 est
1247 3106 1486 3161 Amalec.
1539 3125 1558 3157 ι
1592 3106 1657 3160 Et
1710 3121 1896 3162 semen
1947 3121 2138 3163 eorum
2246 3107 2318 3160 tia
2362 3105 2499 3161 Beor
2528 3104 2926 3161 circumveniat
2951 3119 3072 3158 eum
3097 3143 3112 3166 ,
3144 3113 3199 3157 et
3231 3101 3473 3157 declinet
3508 3101 3578 3154 ad
3603 3101 3788 3167 dogma-

565 3195 782 3264 peribit.
825 3215 842 3248 ι
889 3197 1082 3252 Semen
1109 3214 1300 3254 eorum
1335 3208 1418 3254 est
1445 3200 1745 3270 persuasio,
1776 3210 1831 3256 et
1860 3201 2132 3264 doctrina,
2166 3251 2206 3270 Α
2244 3207 2296 3251 ta
2326 3213 2492 3267 prava
2563 3210 2615 3253 et
2644 3213 2921 3268 perversa,
2954 3206 3007 3252 et
3032 3197 3102 3250 ob
3138 3195 3242 3250 hoc
3285 3196 3542 3248 tradatur
3569 3189 3784 3260 Assyriis.

565 3302 669 3354 qua
694 3287 994 3344 docuerunt
1031 3290 1276 3346 homines
1308 3292 1582 3348 declinare
1607 3307 1636 3347 a
1668 3294 1800 3349 Deo.
1836 3293 1981 3348 Istud
2002 3310 2132 3365 ergo
2163 3284 2206 3310 υ
2242 3291 2343 3358 Qui
2376 3292 2522 3346 enim
2558 3291 2937 3361 blasphemant
2989 3288 3044 3343 in
3082 3287 3332 3344 Ecclesia
3373 3286 3566 3357 positi,
3600 3284 3784 3338 tradan-

564 3391 748 3433 semen
787 3381 986 3434 malum
1015 3392 1068 3437 et
1098 3383 1338 3438 doctrina
1373 3385 1628 3454 pessima,
1660 3366 1766 3441 non
1802 3386 1898 3456 ipsi
1931 3387 1984 3439 in
2016 3387 2139 3456 qui-
2247 3391 2334 3435 tur
2363 3380 2603 3447 Satanm,
2637 3381 3092 3453 sicutPhygellus
3122 3391 3177 3437 et
3201 3380 3575 3450 Hermogenes
3603 3374 3787 3444 (89)ιά

565 3471 667 3525 bus
698 3472 1028 3528 seminatum
1063 3486 1166 3538 est,
1207 3476 1484 3544 peribunt.
1517 3475 1620 3546 Ipsi
1649 3479 1794 3533 enim
1837 3493 1960 3533 cum
2003 3494 2138 3534 con-
2242 3469 2435 3538 (Ιιιῖδιιε
2469 3469 2668 3524 Paulus
2693 3470 2822 3525 die“
2859 3488 2871 3523 ε
2909 3487 2929 3522 ί
2966 3471 3113 3537 QUOS
3142 3471 3363 3542 tradidi.
3400 3471 3582 3538 ίηίῐιιίί
3613 3467 3674 3531 ’³η
3710 3464 3786 3517 5"

553 3563 706 3618 versi
748 3565 1134 3633 ingemncrint,
1176 3568 1312 3622 salvi
1351 3578 1532 3623 erum.
1577 3570 1644 3624 Ει
1684 3571 1808 3626 vide
1837 3572 1884 3626 si
1925 3587 2032 3628 ηοη
2068 3579 2141 3626 ιθ.
2249 3571 2408 3627 taure,
2442 3558 2498 3616 υἱ
2522 3563 2865 3619 discantuon
2897 3563 3293 3632 hlasphcmare.
3333 3582 3352 3615 ι
3398 3562 3681 3632 Propterea
3715 3573 3782 3611 cr-

563 3651 629 3707 lis
658 3657 935 3720 expositio
963 3659 1132 3712 etiam
1178 3659 1284 3716 illis
1318 3661 1711 3718 convenienter
1740 3663 1993 3729 obsistet,
2045 3663 2136 3735 qui

2251 3668 2308 3721 go
2330 3653 2573 3722 Assyriis
2607 3653 2860 3719 traditur,
2899 3655 2990 3722 qui
3025 3652 3382 3708 declinaverit
3430 3652 3483 3704 in
3510 3649 3782 3704 Imretian

566 3742 734 3799 Deum
765 3746 899 3818 legis
929 3749 1075 3804 velut
1113 3751 1329 3806 duritia:
1367 3763 1420 3807 et
1461 3753 1803 3811 crudelitatis
1853 3764 2135 3820 accusant,

2251 3746 2684 3814 blasphemiam:
2741 3747 2866 3815 quia
2929 3746 3140 3818 Assyrii
3200 3747 3635 3814 interpretantur
3680 3741 3782 3791 {iri-

560 3837 652 3905 qui
679 3853 784 3892 non
817 3841 992 3894 solum
1032 3852 1250 3912 gentem
1286 3845 1530 3912 Amalec,
1561 3848 1654 3902 sed
1683 3856 1740 3902 et
1791 3863 1978 3902 semen
2019 3848 2137 3916 ejus

2251 3851 2419 3909 yentes
2457 3837 2569 3908 (90)
2617 3855 2628 3889 :
2675 3848 2731 3892 et
2767 3837 2837 3891 oh
2865 3839 2967 3893 hoc
2998 3839 3287 3892 traduntur
3333 3838 3414 3890 eis
3453 3835 3548 3904 qui
3595 3833 3782 3887 tradim-

561 3931 870 3996 pronuntiet
905 3933 1205 4001 periturum
1243 3954 1256 3990 :
1293 3953 1415 3991 cum
1460 3954 1594 4008 gens
1622 3938 1840 4008 quidem
1883 3940 1950 3992 ad
2021 3943 2131 4010 spi-
2242 3942 2350 3997 tur,
2377 3947 2480 3984 non
2551 3940 2609 3984 ut
2675 3941 2920 3998 pereant,
2979 3946 3076 3986 nec
3133 3940 3192 3984 ut
3257 3930 3479 3998 penitus
3531 3929 3780 3984 intereant,

561 4019 786 4076 rituales
826 4025 1098 4092 nequitias
1137 4025 1423 4095 referatur,
1461 4044 1645 4085 semen
1680 4045 1809 4085 vero
1860 4032 1976 4101 ejus
2037 4033 2134 4086 do-
2239 4023 2402 4096 346
2430 4024 2522 4079 sed
2547 4034 2605 4078 ut
2646 4025 2972 4095 dirigantur,
3021 4034 3078 4078 et
3119 4023 3471 4090 corrigantur
3515 4039 3528 4072 :
3565 4030 3616 4072 et
3669 4019 3782 4072 sicut

559 4113 737 4166 ctrina
770 4117 1217 4184 superstitionum
1247 4122 1551 4189 gentilium,
1617 4133 1672 4176 et
1729 4123 1909 4178 cultus
1958 4124 2131 4179 idolo-

2251 4129 2354 4182 rpse
2386 4114 2586 4168 Paulus
2626 4115 2776 4179 dicit,
2841 4131 2858 4164 ι
2892 4124 2952 4168 ιιι
2981 4115 3192 4169 discant
3220 4130 3326 4167 non
3352 4112 3732 4181 blasphemarc.
3764 4125 3779 4154 ι

565 4219 708 4269 rum,
748 4216 912 4276 atque
934 4210 1111 4264 omnis
1141 4222 1289 4267 secta
1322 4229 1440 4283 quae
1495 4231 1524 4267 a
1574 4215 1683 4269 Deo
1742 4216 1993 4285 pupulum
2033 4215 2132 4269 de.
2308 4207 2362 4260 Δ.
2406 4207 2536 4262 Post
2571 4208 2687 4262 haec
2719 4222 2848 4262 vero
2877 4207 3092 4261 Balaam
3127 4205 3436 4275 prophetia:
3458 4219 3568 4258 sua:
3600 4215 3780 4254 serio-

558 4298 763 4354 clinare
795 4300 1011 4370 suadet,
1034 4315 1353 4375 exponatnr.
2240 4314 2360 4354 nem
2393 4301 2445 4354 in
2472 4300 2558 4354 his
2579 4300 2853 4355 concludit
2883 4301 3072 4354 dicens
3098 4299 3145 4331 ”
3181 4317 3194 4351 :
3243 4317 3261 4349 ι
3306 4297 3371 4352 Et
3405 4304 3672 4364 assumpta
3703 4307 3782 4360 pa-

627 4388 688 4444 5ο
723 4391 1126 4448 Commemorat
1191 4406 1370 4449 autem
1407 4397 1687 4465 prophetia
1726 4406 1849 4466 post
1906 4398 2130 4453 Amalec
2240 4390 2421 4444 rabola
2466 4406 2558 4446 sua
2586 4392 2720 4446 dixit
2761 4408 2773 4442 :
2809 4389 2852 4445 0
2891 4391 3014 4460 quis
3060 4389 3224 4456 vivet,
3275 4403 3402 4442 cum
3448 4388 3632 4442 fecerit
3695 4386 3782 4436 ιιι-ε

554 4480 780 4535 Cineum
816 4483 1068 4539 dicens"
1103 4504 1116 4539 :
1165 4504 1184 4536 α
1232 4487 1298 4540 Ει
1329 4489 1516 4542 videns
1548 4487 1804 4553 Cineum,
1847 4503 2131 4545 assumens
2243 4483 2435 4537 Deus?
2491 4483 2555 4536 Ει
2593 4484 2820 4538 exibunt
2860 4484 2925 4538 de
2966 4499 3125 4538 manu
3151 4476 3786 4545 Cilhiorllm.031311133.em

558 4576 871 4640 parabolam
904 4591 1056 4632 suam
1088 4579 1224 4633 dixit
1257 4595 1272 4633 :
1313 4581 1498 4635 Valida
1556 4581 1821 4635 habitatio
1851 4590 1938 4635 tua
1959 4622 1973 4645 ,
2028 4583 2127 4637 etsi

2251 4575 2432 4640 Assur,
2467 4587 2519 4630 et
2547 4574 2784 4647 aﬂligent
2821 4575 3101 4640 Hebrzeos,
3144 4584 3199 4630 et
3253 4574 3353 4652 ipsi
3403 4576 3609 4643 pariter

558 4669 807 4734 posueris
847 4669 900 4724 in
938 4684 1090 4739 petra
1164 4674 1345 4726 nidum
1417 4682 1591 4738 tuum,
1643 4675 1744 4729 etsi
1811 4675 1978 4730 fuerit
2033 4677 2128 4732 tibi
2247 4671 2401 4724 bunt.
2433 4688 2452 4720 ι
2481 4669 2634 4735 Quod
2671 4686 2768 4739 per
2805 4668 3015 4739 singula
3057 4684 3149 4737 per
3185 4667 3505 4738 parabolam
3549 4665 3688 4734 loqui
3725 4667 3790 4710 ἀτ-

557 4760 698 4816 Beor
722 4761 880 4815 nidus
919 4765 1151 4824 astutim,
1185 4765 1393 4836 Assyrii
1429 4767 1702 4833 captivum
1738 4777 1788 4821 te
1833 4767 2056 4821 ducent.
2107 4785 2125 4817 ι
2241 4764 2384 4816 citur
2423 4761 2666 4826 Balaam,
2698 4761 2896 4833 legenti
2928 4763 3122 4816 incutit
3147 4763 3434 4831 pudorem,
3483 4775 3554 4813 nc
3599 4758 3720 4828 quid
3751 4757 3789 4804 iu

557 4852 786 4908 Videtur
817 4853 946 4908 mihi
977 4857 1120 4924 quod
1149 4856 1380 4910 Cineum
1423 4873 1529 4911 non
1573 4857 1731 4912 valde
1783 4857 2132 4926 culpabiliter
2246 4856 2313 4909 iis
2356 4871 2476 4924 qua:
2515 4856 2788 4918 dicuntur,
2826 4871 2931 4908 non
2962 4856 3116 4924 quasi
3150 4857 3200 4908 in
3235 4855 3519 4924 parabola,
3572 4853 3664 4906 sed
3723 4863 3788 4900 se-

558 4945 824 5000 nomiuet.
860 4945 974 5014 Ipse
1005 4957 1084 5001 est
1119 4949 1262 5003 enim
1289 4949 1374 5002 cui
1420 4959 1474 5003 et
1501 4949 1554 5003 in
1581 4949 1955 5018 superioribus
1985 4949 2133 5003 dice-
2243 4941 2478 4994 cundum
2509 4941 2740 4995 litterati!
2767 4943 2970 4996 dictum
3013 4953 3186 5012 putet.
3218 4943 3309 4996 Ait
3332 4958 3505 5011 ergo:
3555 4961 3574 4992 ‹
3607 4939 3650 4994 Ο
3693 4939 3792 5006 quis

558 5041 650 5092 bal
675 5037 807 5092 Saul
847 5040 892 5071 ”
921 5057 935 5094 τ
979 5059 997 5090 ι
1039 5041 1266 5096 Discede
1291 5042 1357 5096 de
1403 5043 1582 5096 medio
1621 5041 1863 5105 Amalec,
1920 5049 1976 5095 (ξι
2025 5056 2130 5096 non
2242 5033 2405 5098 vivet,
2432 5049 2554 5087 Clllll
2593 5032 2781 5089 fecerit
2817 5035 2932 5089 haec
2966 5037 3145 5089 Βοιιεῖ
3170 5057 3187 5088 ι
3353 5038 3522 5089 vitam
3553 5050 3654 5088 non
3679 5034 3790 5084 hanc

555 5135 864 5200 percutiam
906 5144 960 5188 le
999 5153 1011 5187 ε
1054 5135 1178 5202 quia
1233 5145 1285 5189 lu
1346 5135 1525 5191 fecisti
1579 5136 2006 5190 misericordiam
2074 5135 2129 5190 in
2239 5141 2606 5182 communem.
2655 5128 2750 5182 sed
2789 5128 2933 5181 illam
2975 5129 3260 5192 nominat,
3327 5144 3451 5198 qua!
3513 5125 3792 5182 secundum

629 5270 719 5322 ⁸⁸1
756 5271 890 5338 Reg.
937 5289 1068 5336 xxv,
1108 5272 1172 5326 IG
1197 5284 1251 5327 et
1306 5275 1392 5328 l7.
1487 5276 1530 5306 θ’
1565 5275 1719 5328 Num.
1761 5292 1910 5340 xxiv,
1936 5275 2026 5330 20.
2123 5274 2137 5306 ¹

553 5338 639 5394 "‘l
670 5343 812 5396 'I‘itu.
843 5359 881 5399 I.
907 5343 998 5399 20.
1075 5344 1121 5373 ⁹⁵
1159 5343 1314 5397 Nutu.
1345 5362 1492 5399 xxrv.
1518 5348 1609 5399 25.
1637 5346 1728 5398 24.

2251 5283 2346 5324 om.
2380 5283 2419 5333 ι,
2445 5265 2534 5319 25.
2637 5265 2678 5297 ⁹¹
2709 5263 3023 5331 Νιιιιιλχιν,
3052 5265 3144 5328 21,
3169 5265 3264 5319 22.
3361 5267 3408 5298 ⁹¹
3437 5266 3457 5320 I
3484 5265 3616 5334 Reg.
3641 5278 3728 5320 ιν.
3749 5261 3790 5312 ε.

1487 5276 1530 5306 ⁸³
1565 5275 1719 5328 Num.
1761 5292 1910 5340 xxiv,
1936 5275 2026 5330 20.
2123 5274 2169 5306 ὀ
2191 5273 2346 5326 Rom.
2380 5283 2419 5333 I,
2445 5265 2534 5319 25.

1075 5344 1121 5373 ⁹⁵
1159 5343 1314 5397 Nutu.
1345 5362 1492 5412 xxrv,
1518 5348 1609 5410 25,
1637 5346 1728 5398 24.

2237 5454 2342 5507 bus
2368 5455 2450 5502 est
2474 5444 2768 5517 Phygellus
2791 5455 2847 5498 'et
2877 5444 3263 5516 Hermogenes.
3297 5465 3316 5493 ι
3344 5445 3414 5499 At
3460 5444 3540 5517 de,
3569 5443 3674 5517 his‘
3698 5457 3788 5492 nos

2237 5521 2374 5576 dixit
2401 5513 2896 5584 Pauln's'conceptis
2920 5513 3140 5569 verbis:
3175 5536 3191 5564 ι
3229 5531 3365 5584 quos
3410 5515 3597 5568 tradidi
3628 5513 3787 5584 Sata-

2238 5607 2340 5653 nzr,
2365 5599 2422 5641 ut
2449 5588 2666 5641 discant
2719 5583 2823 5641 non
2871 5583 3267 5652 blasphemare,
3310 5605 3328 5636 ι
3360 5587 3451 5639 sed
3499 5587 3563 5638 de
3601 5583 3761 5652 Ilymc

2237 5676 2355 5714 naao
2383 5667 2437 5713 et
2463 5656 2801 5711 Alexandro.
2828 5655 2964 5710 Vide
2988 5657 3008 5710 ι
3031 5656 3174 5708 Tim.
3207 5672 3244 5716 ι,
3274 5656 3364 5712 2ι).

2304 5730 2418 5801 (90)
2457 5727 2658 5801 Assyrii
2686 5727 3094 5801 interpretantur
3106 5727 3476 5801 otntoexrss.A
3499 5729 3778 5800 verba“?!

2234 5796 2454 5870 quodin
2483 5797 2632 5852 Pihcl
2663 5796 2931 5865 signiﬁcat
2971 5814 2990 5847 α
3029 5798 3251 5862 direxit,
3279 5801 3446 5851 diuit.
3485 5816 3502 5846 ι

1002 5457 1547 5548 ﬂui‘inrﬁi‘terpretatur
1596 5459 1897 5528 possidens.
1951 5460 1997 5513 Α.
2030 5471 2139 5548 mp

557 5544 577 5577 ε
609 5529 972 5594 comparavit,
1002 5529 1263 5594 possedit.
1301 5548 1319 5580 ι

625 5597 738 5666 (89)
765 5596 914 5652 Sicut
944 5597 1227 5667 Phygellus
1275 5608 1324 5652 et
1373 5597 1749 5667 Hermogenes,
1796 5608 1903 5654 etc.
1950 5600 2132 5656 Codex

551 5666 901 5739 Corbeieusis
930 5666 1219 5739 posteriori
1250 5671 1340 5722 sed
1367 5671 1554 5723 eadem
1579 5666 1744 5724 manu
1769 5685 1930 5738 supra
1959 5673 2135 5726 ascri-

555 5745 702 5808 ptum
736 5738 898 5792 habet
917 5737 943 5800 ,‘
963 5757 981 5789 ι
1017 5740 1159 5792 sicut
1192 5737 1439 5792 Philetus
1464 5749 1519 5792 et
1547 5737 1941 5808 Hermogenes,
1975 5761 1994 5794 ι
2025 5751 2129 5797 etc.

557 5805 761 5887 Ilorum
792 5811 997 5862 mentio
1027 5810 1086 5861 Iit
1120 5808 1158 5861 ll
1188 5808 1328 5863 Titii.
1358 5826 1409 5874 I,
1435 5810 1507 5887 _I_5
1539 5826 1576 5887 εΔ
1609 5805 1780 5887 t_Scis
1809 5805 1933 5873 hoc,
1984 5815 2128 5881 quod

560 5881 732 5931 aversi
762 5889 885 5932 sunt
923 5895 948 5932 a
1001 5893 1082 5933 me
1111 5895 1299 5936 omnes
1354 5882 1445 5952 qui
1474 5881 1526 5935 in
1553 5881 1674 5935 Asia
1707 5890 1825 5937 sunt
1849 5924 1862 5949 ,
1890 5898 1956 5936 ex
2005 5887 2124 5952 uui-
