3914 6540
197 347 299 404 ’125

1348 342 1412 397 ΙΝ
1447 335 1777 398 NUMEROS
1813 333 2101 393 HOMILIA
2128 336 2249 395 XX.

3325 337 3428 396 ’ἰεῦ

197 468 359 522 Deum
390 472 473 519 est
498 482 511 518 :
537 474 592 520 et
629 464 730 519 hoc
749 472 833 520 est
867 464 1008 534 quod
1062 463 1191 519 dicit
1218 502 1231 527 ,
1286 463 1411 532 quia
1465 478 1585 518 cum
1642 462 1756 517 haec
1786 467 1833 523 Α
1862 462 2010 532 lapsu
2039 468 2241 524 motus,
2280 456 2373 513 sed
2408 455 2811 526 perseverantia
2870 456 3219 527 perduratus.
3274 457 3429 523 Quod

193 558 367 615 omnia
397 557 547 623 fient,
569 572 693 612 cum
726 558 937 613 orietur
965 566 1171 613 astrum
1214 572 1278 613 ex
1316 556 1502 621 Jacob,
1536 564 1592 610 et
1634 569 1757 609 sur-

195 651 395 707 rexerit
421 649 585 706 homo
610 665 675 705 ex
712 649 900 717 Israel,
926 659 980 705 ct
1012 649 1275 705 deleverit
1324 649 1564 712 Amalec,
1585 657 1645 703 et
1666 661 1755 702 se-

194 758 313 798 men
369 740 489 810 ejus
541 742 836 809 perdiderit
889 758 903 794 :
968 726 1071 798 hoc
1117 750 1235 802 est.
1289 756 1413 798 cum
1479 740 1758 794 advenerit

190 831 462 897 Christus,
496 839 551 884 et
603 830 872 885 idolorum
934 832 1141 887 cultum
1195 832 1552 897 destruxerit,
1595 839 1756 900 atque

188 920 429 975 omnium
450 922 755 976 daemonum
811 920 1103 989 subjecerit
1126 931 1472 991 potestatem,
1506 922 1626 990 quis
1653 920 1757 974 erit

188 1012 277 1069 ille
308 1023 411 1066 tam
440 1014 657 1079 beatus,
693 1022 797 1068 tam
828 1014 957 1069 felix
988 1015 1078 1084 qui
1115 1014 1230 1070 haec
1256 1015 1474 1080 videat;
1516 1014 1618 1069 hoc
1650 1022 1751 1079 est,

186 1105 277 1173 qui
314 1104 535 1173 sentiat,
568 1115 622 1161 et
665 1106 949 1175 intelligat,
980 1107 1256 1162 et'credat
1309 1107 1453 1175 quod
1510 1106 1624 1161 haec
1682 1105 1755 1159 ita

186 1196 377 1250 fecerit
409 1197 593 1251 Deus?
622 1215 640 1247 σ
679 1196 744 1250 Ει
770 1197 998 1253 exibunt
1025 1200 1090 1254 de
1137 1200 1385 1254 manibus
1428 1198 1753 1263 Citbiorum,

184 1296 239 1339 et
274 1284 510 1356 amigent
540 1287 817 1358 Assyrios.
854 1308 872 1341 ι
906 1288 1067 1345 Cithii
1129 1290 1563 1359 interpretantur
1597 1287 1754 1358 plaga

180 1376 305 1443 ﬁnis
360 1376 493 1449 (9f).
526 1377 589 1432 lli
631 1394 760 1449 ergo
794 1380 1295 1450 quiconvertuntur
1316 1381 1382 1435 ad
1417 1381 1609 1444 Deum,
1641 1386 1695 1434 et
1723 1393 1753 1433 a

180 1474 403 1529 Christo
430 1474 654 1540 eruditi,
684 1475 897 1549 plagam
932 1492 1054 1546 qua:
1093 1477 1144 1531 in
1177 1476 1283 1531 fine
1344 1475 1525 1530 Steculi
1572 1474 1753 1543 impiis

183 1567 388 1630 veniet,
431 1566 719 1637 effugiunt,
751 1567 851 1637 ipsi
883 1566 1116 1637 aﬂligent
1161 1568 1444 1640 Assyrios;
1489 1569 1592 1624 hoc
1648 1578 1752 1635 est,

179 1658 265 1711 his
292 1658 383 1728 qui
417 1658 467 1713 in
500 1673 675 1729 agone
706 1659 925 1729 pietatis
962 1661 1120 1728 positi
1145 1670 1293 1727 sunt,
1329 1670 1572 1715 conteret
1598 1659 1750 1715 Sata-

179 1766 310 1804 nam
344 1751 483 1808 Deus
505 1753 607 1807 sub
638 1752 886 1823 pedibus,
914 1752 1013 1821 ipsi
1074 1751 1313 1823 aflllgent
1343 1753 1618 1824 Assyrios,
1648 1757 1755 1808 dae-

1858 554 2001 608 enim
2023 552 2284 622 scriptum
2315 561 2397 605 est
2419 552 2463 583 ³⁷
2495 569 2509 607 :
2550 568 2569 602 ι
2612 551 2723 620 Ego
2744 549 2929 604 vivere
2979 548 3198 613 faciam,
3260 548 3430 605 dedu-

1858 660 1979 700 cam
2008 645 2062 699 in
2096 642 2370 700 infernum
2396 652 2452 699 et
2485 643 2764 705 reducam,
2803 660 2820 694 ι
2858 641 3045 698 nescio
3080 642 3124 696 si
3150 642 3422 712 generali-

1859 748 1942 794 ter
1975 752 2165 793 omnes
2190 737 2441 807 aspiciat,
2470 752 2537 791 an
2563 738 2630 791 ad
2657 750 2752 792 eos
2780 744 2985 790 tantum
3015 750 3151 805 quos
3183 734 3429 805 deceptio

1860 830 2054 887 diaboli
2087 829 2275 885 deduci
2313 829 2440 886 fecit
2471 830 2525 883 in
2562 838 2814 884 mortem.
2865 827 2989 883 Haec
3014 827 3179 882 etiam
3207 827 3272 883 de
3303 826 3430 895 ulti-

1860 923 2192 979 matBalaam
2248 922 2529 992 prophetia
2600 938 2631 977 a
2681 922 2836 977 nobis
2893 937 2989 992 pro
3032 920 3241 976 viribus
3286 921 3427 989 dicta

1857 1018 1989 1083 sint,
2017 1033 2136 1087 quae
2159 1032 2258 1087 pro
2297 1016 2535 1073 locorum
2567 1015 2881 1071 difficultate
2929 1014 3254 1085 explanandi
3317 1029 3430 1067 ma-

1857 1109 1959 1178 gis,
1992 1126 2153 1180 quam
2185 1110 2475 1181 perorandi
2520 1110 2646 1166 stilo
2696 1109 2902 1179 placuit
2951 1108 3229 1178 explicari.
3288 1108 3426 1175 Quid

1857 1203 1998 1256 enim
2049 1202 2273 1259 interest
2313 1203 2606 1258 dummodo
2661 1204 2843 1258 omnia
2896 1202 2960 1257 ad
3005 1202 3424 1258 aedificationem

1858 1294 2136 1360 dicantur,
2169 1305 2222 1349 et
2252 1297 2434 1350 omnia
2470 1296 2536 1349 ad
2567 1295 2797 1366 gloriam
2830 1294 2922 1349 Dei
2954 1293 3092 1349 flant
3115 1334 3131 1360 ,
3190 1295 3283 1364 qui
3348 1305 3430 1350 est

1856 1383 2173 1441 benedictus
2207 1387 2259 1439 in
2295 1386 2490 1441 saecula
2516 1387 2861 1443 saeculorum.
2893 1387 3084 1441 Amen.

2422 1500 2704 1557 HOMILIA
2746 1499 2863 1556 XX.

1856 1596 1934 1649 De
1961 1612 2021 1650 eo
2046 1597 2137 1666 qui
2172 1596 2468 1664 fornicatus
2514 1605 2590 1649 est
2642 1596 2696 1649 in
2731 1592 3135 1666 7Ma_dia_nitide,
3184 1604 3231 1645 et
3289 1590 3427 1661 quod

2114 1676 2450 1721 consecratas
2482 1674 2555 1720 est
2579 1665 2802 1735 populus
2827 1664 3166 1734 Beelphegor.

1930 1760 1980 1814 I.
2014 1759 2198 1815 Lectio
2254 1760 2413 1814 hodie
2469 1759 2697 1814 recitata
2770 1766 2874 1826 est,
2929 1757 3160 1827 primam
3210 1755 3429 1825 quidem

178 1859 403 1899 mouum
440 1845 648 1900 scilicet
681 1854 921 1916 gentem.
954 1844 1255 1901 Calcabunt
1293 1863 1528 1917 namque
1592 1863 1755 1918 super
1787 1843 1827 1899 Β
1860 1852 2139 1908 historiam
2164 1853 2451 1908 continens
2485 1853 2550 1907 de
2606 1850 2967 1908 fornicatione
3014 1850 3119 1904 viri
3174 1848 3430 1904 Israelita:

174 1946 485 2005 serpentes,
528 1945 581 1991 et
608 1935 946 2006 scorpiones,
977 1945 1031 1990 et
1063 1952 1228 2006 super
1256 1953 1470 1994 omnem
1501 1938 1753 1994 virtutem

180 2028 415 2093 inimici,
453 2039 507 2084 et
537 2029 769 2100 affligant
798 2044 911 2085 eos.
944 2029 1196 2100 Aflligent
1222 2031 1501 2100 llebrazos,
1536 2040 1591 2086 et
1652 2033 1753 2101 ipsi

180 2120 395 2188 pariter
424 2120 696 2189 peribunt.
745 2122 953 2178 Hebraei
1006 2133 1340 2177 transeuntes
1390 2124 1753 2192 interpretan-

174 2222 262 2265 tur
300 2212 433 2285 (92).
467 2213 571 2269 Iste
594 2229 723 2285 ergo
752 2216 865 2285 ipse
916 2216 1146 2287 populus
1176 2218 1338 2272 etiam
1381 2216 1637 2273 Hebraeus
1672 2219 1753 2273 di-

171 2307 342 2370 citur,
372 2307 496 2376 quia
532 2309 745 2361 transiit
783 2309 850 2364 de
892 2309 1122 2379 Egypto
1174 2311 1239 2365 ad
1307 2319 1510 2366 terram
1574 2327 1758 2384 repro-

170 2398 473 2462 missionis,
512 2399 579 2454 de
618 2401 858 2456 tenebris
884 2402 950 2456 ad
988 2403 1186 2468 lucem,
1221 2404 1287 2458 de
1328 2413 1504 2459 morte
1555 2407 1622 2460 ad
1670 2408 1755 2462 vi-

134 2501 317 2555 ‘tam.
362 2489 466 2545 Sed
508 2493 787 2561 quoniam,
819 2504 878 2548 ut
904 2495 1160 2561 diximus,
1201 2496 1318 2551 haec
1345 2513 1451 2553 non
1481 2498 1598 2554 sine
1627 2514 1753 2568 ago—

169 2600 263 2654 ne,
330 2601 431 2642 nec
480 2587 598 2643 sine
643 2601 839 2657 magno
886 2589 1189 2643 certamine
1243 2590 1443 2659 poterit
1484 2591 1751 2661 obtinere,

167 2679 333 2746 quasi
365 2679 417 2734 in
446 2694 616 2750 agone
649 2680 856 2750 positus
882 2696 1027 2735 nunc
1058 2678 1268 2751 affligit,
1301 2698 1444 2737 nunc
1476 2679 1750 2754 affligitur,

169 2782 229 2828 et
260 2789 412 2829 nunc
435 2774 593 2829 caidit
621 2774 1017 2839 adversarium,
1051 2790 1197 2831 nunc
1236 2776 1349 2846 ipse
1396 2776 1465 2831 ab
1494 2777 1751 2832 adversa-

167 2867 253 2920 rio
290 2868 634 2921 verberatur.
692 2865 947 2937 Affligent
992 2881 1122 2937 ergo
1178 2867 1342 2922 etiam
1384 2867 1482 2937 ipsi
1543 2869 1753 2940 Assyrii

168 2957 454 3022 Hebraeos,
493 2958 595 3014 hoc
628 2968 711 3014 est
738 2959 996 3030 populum
1037 2958 1274 3026 Domini,
1317 2960 1457 3014 sicut
1504 2960 1750 3030 affligun-

170 3062 261 3104 tur
288 3052 359 3106 ab
393 3052 509 3107 eis:
548 3052 639 3106 sed
678 3053 801 3123 ipsi,
831 3052 882 3106 id
912 3061 1020 3119 est,
1055 3053 1283 3123 Assyrii,
1310 3068 1432 3107 cum
1459 3054 1572 3108 haec
1604 3054 1755 3108 fece-

168 3146 316 3210 rint,
352 3153 406 3198 ct
435 3160 558 3199 cum
587 3145 733 3200 vires
766 3159 894 3199 suas
935 3159 1127 3200 omnes
1170 3161 1296 3215 erga
1326 3145 1585 3203 Hebrazos
1618 3145 1754 3201 affli-

1854 1954 1910 2001 et
1940 1945 2183 2001 mulieris
2205 1945 2567 2002 Madianitidis
2595 1965 2608 2013 ;
2644 1945 2935 2000 secundam
2963 1957 3093 1999 vero
3128 1944 3195 1999 de
3224 1943 3431 1999 visione

1856 2038 2055 2108 populi,
2111 2039 2161 2093 in
2213 2054 2319 2108 qua
2365 2040 2639 2095 numerari
2691 2040 2889 2094 iterum
2920 2038 3142 2107 jubetur
3186 2052 3249 2093 ex
3282 2052 3429 2107 pra:—

1855 2138 2013 2199 cepto
2059 2130 2302 2194 Domini,
2361 2131 2415 2185 in
2477 2131 2690 2186 irritum
2746 2130 2956 2186 scilicet
3014 2138 3269 2185 revocato
3314 2128 3430 2200 (93)

1856 2222 2035 2291 priore
2066 2238 2314 2289 numero,
2364 2230 2585 2294 propter
2631 2229 2851 2293 peccata
2890 2237 3011 2292 quae
3049 2222 3432 2277 commiserant

1857 2314 1915 2378 ii,
1966 2314 2056 2384 qui
2090 2312 2239 2385 prius
2270 2313 2488 2369 fuerant
2535 2315 2635 2370 sub
2667 2314 2880 2368 numeri
2943 2312 3261 2368 definitione
3304 2328 3433 2368 cen-

1860 2406 1972 2462 siti.
2003 2406 2268 2462 Cassatur
2295 2421 2426 2478 ergo
2451 2416 2502 2462 et
2529 2406 2582 2461 in
2640 2406 2853 2461 irritum
2883 2405 3169 2461 deducitur
3211 2421 3274 2460 ex
3304 2420 3431 2475 pec-

1856 2500 1996 2554 catis
2058 2514 2315 2554 numerus
2360 2498 2450 2568 qui
2488 2498 2728 2568 scriptus
2756 2507 2843 2553 est
2882 2506 2975 2553 :et
3012 2507 3220 2553 tantum
3253 2498 3434 2555 valent

1856 2591 2076 2656 delicta,
2110 2599 2291 2646 utnec
2318 2591 2422 2647 hoc
2452 2591 2627 2660 prosit
2652 2590 2797 2661 quod
2822 2590 2875 2644 in
2919 2604 3147 2645 numero
3169 2592 3292 2661 quis
3335 2592 3433 2647 ha-

1859 2681 2004 2736 bitus
2031 2682 2100 2736 sit
2153 2681 2295 2751 apud
2343 2682 2537 2745 Deum,
2588 2695 2713 2736 cum
2758 2680 3129 2737 declinaverit.
3188 2680 3317 2749 Sed,
3372 2691 3434 2737 ut

1857 2772 2134 2843 Scriptura
2169 2774 2374 2840 refert,
2408 2773 2571 2828 etiam
2618 2780 2773 2828 artus
2821 2787 3008 2829 eorum
3042 2774 3138 2845 qui
3192 2789 3434 2831 recesse-

1859 2876 1984 2920 runt
2013 2881 2042 2920 a
2072 2867 2201 2931 Deo,
2231 2866 2547 2921 ceciderunt
2579 2865 2633 2920 in
2680 2866 2920 2922 deserto.
2979 2865 3105 2921 Duae
3135 2880 3267 2935 ergo
3306 2877 3435 2922 sunt

1860 2958 2124 3023 Itistorite,
2150 2972 2271 3026 quae
2300 2958 2540 3012 recitata:
2567 2966 2695 3013 sunt
2733 2975 2747 3011 :
2773 2958 2867 3013 sed
2899 2973 2997 3013 nos
3023 2958 3091 3013 de
3117 2959 3294 3028 prima
3349 2960 3434 3015 in-

1860 3054 2043 3115 terim,
2073 3068 2193 3121 quae
2237 3052 2654 3108 fornicationem
2683 3052 2863 3123 populi
2896 3052 3176 3119 describit,
3209 3052 3253 3107 si
3305 3053 3433 3122 quid

1859 3145 2147 3201 orantibus
2194 3147 2353 3201 vobis
2387 3146 2646 3201 Dominus
2694 3146 2885 3216 gratiae
2938 3145 3254 3216 dignabitur
3297 3160 3435 3213 prae-

168 3241 387 3308 gendos
423 3237 730 3303 effuderint,
769 3238 948 3293 statim
980 3238 1143 3292 etiam
1176 3238 1276 3307 ipsi
1306 3240 1578 3307 peribunt.
1602 3241 1752 3307 Quod
1783 3208 1825 3267 ϐ
1859 3245 2030 3301 stare,
2073 3237 2344 3292 dicemus.
2376 3235 2433 3291 Si
2466 3251 2597 3292 vero
2640 3237 2758 3308 ipse
2812 3236 3183 3300 concesserit,
3229 3234 3433 3306 aliquid

166 3346 309 3401 ergo
344 3331 443 3396 ait,
480 3348 497 3382 ι
532 3340 585 3385 ει
618 3329 855 3400 affligent
889 3329 1169 3397 Hebraeos,
1205 3340 1260 3385 et
1290 3331 1388 3400 ipsi
1422 3332 1759 3401 pariterper-

167 3422 341 3475 ibunt
377 3443 389 3476 :
434 3442 449 3472 ι
493 3437 598 3476 ιιοη
650 3421 723 3474 ita
786 3406 1160 3491 accipiendum
1199 3432 1305 3487 est,
1346 3422 1499 3492 quasi
1553 3423 1755 3492 pariter

165 3526 299 3563 cum
324 3502 567 3567 Hebraeis
597 3513 852 3582 peribunt
883 3522 936 3567 et
965 3514 1175 3585 Assyrii
1211 3531 1223 3565 :
1265 3515 1361 3569 sed
1412 3515 1635 3583 pariter,
1702 3516 1753 3571 id

165 3611 282 3669 est,
319 3604 500 3657 statim
537 3616 593 3659 ut
619 3607 733 3660 hazc
760 3605 1011 3671 fecerint,
1047 3616 1101 3661 et
1139 3605 1397 3662 Hebraeos
1444 3607 1753 3672 afflixerint,

163 3696 349 3748 etiam
380 3695 479 3765 ipsi
504 3697 776 3766 peribunt.
798 3696 1011 3750 Pariter
1041 3711 1169 3767 ergo
1193 3697 1417 3754 Graecus
1447 3714 1629 3754 sermo
1660 3715 1755 3769 pro

163 3788 357 3841 statim
384 3788 553 3856 ponit.
594 3787 693 3843 Hic
720 3804 851 3858 ergo
891 3788 996 3844 erit
1030 3788 1154 3843 finis
1184 3790 1424 3845 omnium
1448 3832 1462 3857 ,
1488 3800 1547 3845 ut
1582 3801 1635 3845 et
1653 3792 1756 3846 As-

164 3895 291 3943 sur,
328 3882 414 3935 cui
450 3883 804 3938 tradebantur
835 3885 887 3939 hi
940 3885 1032 3955 qui
1059 3883 1442 3952 delinquebant
1466 3898 1528 3937 ex
1562 3885 1756 3952 populo

167 3971 300 4038 Dei,
332 3974 416 4028 vel
443 3976 495 4028 in
519 3976 794 4031 interitum
839 3979 1044 4045 carnis,
1080 3988 1137 4031 ut
1183 3978 1410 4047 spiritus
1441 3979 1624 4034 salvus
1657 3979 1752 4034 fie-

165 4072 279 4125 ret.
328 4066 425 4120 vel
477 4075 535 4120 ut
592 4068 863 4124 discerent
922 4085 1029 4124 non
1084 4069 1497 4139 blaspltemare,
1559 4071 1752 4140 peribit

162 4157 346 4210 etiam
372 4158 485 4227 ipse
515 4159 582 4213 ab
616 4175 680 4215 eo
703 4202 717 4225 ,
774 4162 864 4230 qui
904 4171 1225 4230 potestatem
1258 4162 1420 4216 habet
1447 4165 1672 4231 perdere
1703 4167 1753 4219 in

160 4253 510 4316 gehennam.
574 4251 795 4307 DiCetur
855 4254 1130 4308 enim’eis
1186 4267 1215 4305 a
1257 4253 1402 4320 iusto
1449 4255 1631 4323 judice
1656 4255 1750 4310 “z

168 4359 190 4393 ί
222 4341 317 4395 Ite
342 4342 392 4395 in
413 4342 585 4411 ignem
611 4353 899 4411 aeternum,
924 4359 1081 4413 quem
1114 4346 1323 4414 paravit
1351 4345 1492 4402 Dens
1519 4348 1753 4416 diabolo,

165 4445 223 4489 et
256 4436 475 4505 angelis
498 4437 635 4505 ejus.
674 4456 694 4488 ι
734 4437 809 4492 lbi
837 4452 967 4507 ergo
993 4439 1191 4506 peribit
1221 4439 1413 4493 Assur.
1450 4440 1515 4494 Et
1539 4444 1753 4509 quidem

1856 3329 2022 3385 etiam
2083 3331 2150 3385 de
2196 3330 2436 3385 secunda
2506 3330 2824 3400 contingere
2890 3329 3236 3384 audebimus.
3296 3347 3315 3381 ι
3366 3328 3436 3385 Et

1856 3422 2165 3494 applicuit,
2218 3424 2397 3493 inquit
2439 3424 2510 3491 ⁸³,
2569 3421 2739 3479 Israel
2786 3423 2855 3478 ad
2904 3421 3105 3487 Sattin,
3157 3432 3212 3478 et
3257 3424 3433 3492 pollu-

1859 3526 1946 3571 tus
1996 3524 2082 3571 est
2124 3515 2385 3586 populus,
2416 3526 2471 3572 et
2516 3516 2817 3571 fornicatus
2865 3523 2949 3569 est
2996 3514 3049 3567 in
3102 3512 3433 3579 filiasMoab,

1857 3615 1913 3663 et
1967 3606 2333 3663 invitaverunt
2374 3622 2469 3664 eos
2516 3608 2584 3662 ad
2648 3604 2918 3661 sacriﬁcia
2973 3603 3243 3659 idolorum
3305 3619 3437 3659 suo-

1858 3714 1978 3753 rum
2010 3740 2026 3763 ,
2076 3707 2132 3755 et
2198 3698 2553 3754 manducavit
2608 3697 2841 3769 populus
2882 3697 2949 3750 de
3016 3696 3302 3750 sacrificiis
3344 3708 3437 3751 eo-

1858 3806 1999 3856 rum,
2029 3800 2082 3846 et
2124 3789 2662 3847 adoraveruntidula
2688 3801 2886 3846 eorum
2914 3829 2930 3852 ,
2978 3798 3032 3843 et
3077 3799 3435 3844 consecratus

1857 3891 1941 3935 est
1998 3880 2327 3951 Beelphegor
2358 3921 2373 3946 ,
2424 3891 2479 3935 et
2526 3881 2701 3935 iratus
2748 3889 2834 3934 est
2881 3878 3066 3933 furore
3111 3877 3273 3949 347
3326 3878 3433 3933 Do.

1859 3974 2034 4027 minus
2104 3983 2292 4028 contra
2362 3972 2546 4027 Israel.
2603 3992 2620 4023 ι
2685 3972 2741 4026 In
2793 3972 2877 4026 his
2918 3971 3218 4025 ostenditur
3282 3970 3434 4037 illud,

1857 4064 1999 4132 quod
2062 4079 2205 4133 saepe
2262 4063 2703 4127 memoravimus,
2760 4062 2884 4132 quia
2936 4061 3152 4116 Balaam
3224 4070 3438 4130 postea—

1858 4170 2018 4225 quam
2085 4155 2176 4209 Dei
2238 4155 2439 4208 virtute
2484 4154 2833 4217 constrictus,
2887 4167 2993 4206 non
3060 4161 3145 4207 est
3200 4152 3435 4220 permis-

1859 4263 1953 4303 sus
1992 4248 2320 4303 maledicere
2367 4246 2557 4311 Israel,
2606 4246 2791 4300 volens
2842 4256 3019 4300 tamen
3070 4244 3285 4313 placere
3324 4244 3434 4313 regi

1860 4339 2082 4404 Balacb,
2120 4341 2196 4393 ait
2234 4340 2300 4394 ad
2328 4354 2453 4394 eum
2487 4340 2629 4393 sicut
2674 4338 2933 4407 scriptum
2980 4345 3063 4392 est
3092 4336 3137 4367 ’θ
3180 4353 3193 4389 :
3228 4355 3246 4387 ι
3281 4335 3434 4399 Veni,

1859 4434 2145 4489 consilium
2169 4436 2236 4488 do
2268 4433 2386 4488 tibi.
2411 4451 2430 4483 ι
2460 4431 2527 4486 Et
2559 4431 2687 4500 quid
2716 4430 2927 4485 consilii
2958 4428 3192 4493 dederit,
3227 4429 3298 4483 ibi
3330 4443 3436 4482 non

164 4527 345 4596 periit
372 4528 659 4597 aliquando
689 4538 745 4583 et
794 4545 899 4583 una
935 4530 1052 4584 ovis
1086 4543 1151 4584 ex
1193 4540 1409 4585 centum
1446 4534 1637 4588 ovibus
1669 4536 1751 4588 9ti:
1792 4559 1836 4613 Β
1867 4528 2143 4598 apparuit,
2172 4529 2225 4582 in
2256 4527 2649 4599 posterioribus
2673 4536 2851 4581 tamen
2882 4525 3057 4596 ipsius
3087 4524 3209 4579 libri
3237 4522 3439 4579 Nume-

162 4622 284 4675 sed.
308 4620 445 4675 hanc
472 4636 623 4676 ovem
657 4632 839 4691 pastor
873 4622 1068 4687 bonus,
1094 4622 1295 4678 relictis
1343 4626 1629 4694 nonaginta
1659 4643 1757 4682 nov

163 4727 304 4766 vem
338 4712 389 4765 in
417 4714 709 4779 montibus,
745 4715 1081 4769 descendens
1116 4716 1182 4769 ad
1214 4715 1404 4770 vallem
1456 4719 1595 4771 hanc
1629 4733 1756 4774 nos-

167 4815 347 4861 tram,
397 4802 586 4856 vallem
638 4802 1025 4874 lacrymarum,
1080 4814 1131 4859 et
1198 4806 1481 4873 requirens
1524 4808 1752 4875 invenit,

164 4901 346 4960 atque
372 4892 677 4961 impositam
707 4895 948 4949 humeris
984 4896 1098 4950 suis
1126 4898 1445 4965 reportavit,
1477 4909 1531 4951 et
1560 4900 1633 4953 illi
1655 4916 1756 4954 nu-

166 4997 333 5037 mero
366 4984 454 5051 qui
483 4984 535 5037 in
573 4985 941 5053 superioribus
969 4986 1152 5042 salvus
1181 4989 1457 5054 manebat,
1484 4990 1750 5060 adjunxit.

167 5071 291 5128 Iste
319 5084 500 5129 autem
531 5077 705 5130 Assur
725 5076 815 5146 qtti
848 5077 900 5131 in
936 5077 1044 5133 fine
1067 5080 1309 5135 omnium
1363 5082 1562 5137 dicitur
1609 5086 1754 5153 peri-

167 5176 358 5231 turus,
392 5169 575 5223 nescio
606 5170 649 5223 si
698 5169 991 5239 aliquando
1016 5181 1110 5227 aut
1138 5173 1306 5241 quaari
1344 5174 1516 5243 possit
1546 5185 1638 5229 aut
1674 5175 1756 5230 in-

170 5259 356 5313 veniri
392 5276 407 5314 :
443 5263 606 5329 periit
635 5262 779 5316 enim
817 5278 923 5317 non
980 5276 1186 5331 errore,
1237 5266 1331 5321 sed
1380 5265 1605 5334 judicio,
1658 5283 1756 5324 nec

1868 4638 2049 4677 rerum
2112 4622 2372 4692 scriptum
2417 4620 2676 4677 refertur.
2710 4618 2818 4674 Sed
2863 4617 3079 4687 plenius
3108 4618 3162 4671 in
3204 4615 3439 4671 Revela-

1866 4715 2015 4770 tione
2048 4714 2297 4781 Joannis,
2353 4714 2446 4769 ubi
2507 4714 2581 4768 ita
2632 4712 2993 4769 continetur:
3033 4729 3052 4763 ‹
3108 4710 3304 4773 Habes,
3354 4709 3441 4764 in-

1865 4807 1982 4877 quit
2018 4809 2057 4873 ¹,
2099 4807 2170 4863 ibi
2201 4808 2488 4875 quosdam,
2520 4808 2611 4876 qui
2651 4814 2836 4861 tenent
2867 4806 3169 4861 doctrinam
3196 4804 3437 4869 Balaam,

1864 4900 1954 4966 qui
1987 4899 2173 4954 docuit
2217 4898 2440 4963 Balach,
2476 4908 2534 4951 ut
2571 4900 2812 4953 mitteret
2852 4898 3167 4952 scandalum
3219 4898 3272 4950 in
3309 4910 3440 4950 con-

1865 5005 2053 5061 spectu
2079 4994 2310 5047 filiorum
2340 4992 2520 5056 Israel,
2547 4999 2606 5045 ut
2633 4989 3026 5046 manducarent
3061 4990 3220 5046 idolis
3252 4991 3439 5044 immo-

1864 5087 1991 5153 lata,
2028 5096 2082 5141 et
2113 5087 2540 5142 fornicarentur.
2573 5107 2591 5140 ι
2630 5087 2709 5141 Ex
2737 5088 2839 5143 hoc
2876 5101 3007 5157 ergo
3037 5091 3263 5155 apparet
3290 5081 3437 5152 quod

1867 5182 2103 5250 nequitia
2138 5198 2267 5237 usus
2296 5183 2369 5237 sit
2394 5183 2633 5250 Balaam,
2666 5193 2720 5239 et
2750 5180 3034 5239 consilium
3060 5180 3271 5235 dederit
3299 5178 3435 5245 regi,

1867 5274 1993 5329 talia
2032 5275 2277 5343 quaedam
2314 5278 2499 5333 dicens
2527 5278 2593 5333 ad
2622 5292 2746 5333 eum
2772 5273 3037 5344 :Populus
3062 5272 3152 5328 hic
3181 5285 3285 5325 non
3314 5284 3438 5338 pro-

250 5398 300 5431 ”
329 5397 518 5481 Matth.
535 5403 783 5481 IX¥V,41.
859 5405 1058 5481 '_3_Luc.
1100 5420 1187 5472 xv,
1208 5404 1260 5471 6,
1284 5406 1335 5459 7.
1413 5408 1458 5438 9"
1488 5408 1643 5462 Deut.
1674 5425 1753 5462 χχ]

1876 5409 1964 5475 50;
1995 5408 2085 5463 etl
2122 5411 2254 5481 Reg.
2282 5428 2342 5475 Il,
2371 5412 2421 5465 6.
2501 5412 2545 5444 ’⁸
2574 5414 2728 5467 Num.
2754 5427 2874 5477 xxv,
2907 5413 2956 5475 I,
2986 5409 3038 5473 2,
3067 5411 3121 5463 5.
3199 5405 3243 5439 ⁹⁹
3274 5403 3433 5459 Num.

175 5479 339 5535 xxxv,
370 5470 458 5525 14.
534 5473 550 5503 ⁸
581 5474 750 5543 Apoc.
777 5490 840 5538 II,
871 5475 959 5531 14.

253 5590 369 5661 (9i)
396 5590 556 5645 Cithii
582 5592 995 5660 interpretantur
1019 5591 1409 5648 PLAGAFINIS.A
1448 5605 1564 5654 nm
1606 5614 1623 5647 ι
1661 5604 1746 5650 tu-

180 5662 288 5783 fit;
333 5662 611 5727 contrivit,
650 5681 668 5714 ι
698 5674 750 5715 ει
778 5673 916 5720 D7311
954 5681 971 5713 t
1007 5664 1247 5735 absolvi,
1293 5668 1574 5735 compleri,
1627 5682 1749 5737 per-

180 5745 255 5783 .ic
284 5770 299 5783 .
332 5750 351 5782 ι

178 5776 183 5788 .
256 5745 299 5785 ι.
332 5750 351 5782 ι

195 5745 372 5865 “iam
406 5801 1440 5873 [febrimTnasssuxresinterpretantur.
1490 5805 1534 5860 A
1585 5807 1748 5863 verbo

1856 5604 1972 5659 Ἓν
2002 5612 2019 5645 t
2060 5604 2326 5650 lransrvtt.
2366 5615 2382 5646 ι

1864 5745 1879 5789 l
1932 5666 2041 5736 (95)
2070 5665 2219 5733 Mss”
2274 5684 2299 5719 t-
2327 5676 2598 5723 revocato.
2634 5684 2652 5717 ι
2707 5664 2863 5718 Libl).
2912 5661 3081 5723 editi,
3142 5675 3159 5709 ι
3205 5660 3440 5713 devoca-
3474 5704 3505 5737 ﬂ.

1885 5752 1935 5788 υ.
1966 5756 1981 5788 ι
