3914 6540
493 331 594 386 727

1948 327 2268 385 ORIGENIS
3609 335 3685 389 728

489 453 626 522 priis
649 451 878 513 viribus,
906 449 996 503 sed
1021 448 1184 503 Deum
1221 449 1446 506 colendo
1465 449 1662 514 vincit,
1681 459 1733 506 et
1753 448 2072 519 pudicitiam
2104 452 2150 509 Α
2179 448 2358 503 clesiae
2387 447 2667 515 cuiusdam
2699 451 2943 508 scribens
2975 453 3107 508 dicit
3137 453 3161 485 ³
3178 473 3188 506 :
3216 472 3234 504 ι
3272 452 3444 506 Habes
3486 451 3550 505 ibi
3567 470 3687 522 quos-

491 543 886 600 conservando.
923 540 979 595 Si
1014 539 1094 594 vis
1121 554 1245 594 cum
1275 540 1516 604 vincere,
1549 541 1726 610 primo
1755 555 1938 594 eorum
1976 555 2074 608 pu-

493 638 739 691 dicitiam
775 633 970 702 deiice,
1003 642 1058 687 et
1081 642 1272 702 sponte
1304 634 1612 688 vincentur.
1646 633 1752 689 Sed
1785 633 2071 687 adversum

492 732 608 784 bzec
635 743 741 783 non
772 728 975 782 virtute
1006 728 1263 794 militum,
1291 729 1385 783 sed
1419 727 1710 784 mulierum
1736 729 1933 783 decore
1969 741 2072 795 pu-

493 820 766 889 gnandum
797 830 902 884 est,
941 834 1040 874 nec
1083 830 1418 874 armatorum
1477 820 1689 890 vigore,
1717 819 1811 874 sed
1844 817 2072 873 mollitie

495 911 842 966 feminarum.
894 910 1089 966 Procul
1133 925 1324 966 amove
1357 921 1690 967 armatorum
1737 925 1978 976 manum,
2019 918 2073 964 et

491 1002 722 1056 electam
757 1017 1028 1074 congrega
1063 1005 1299 1074 speciem
1331 1006 1662 1076 puellarum,
1690 1005 1940 1061 ludentes
1977 1017 2072 1073 pe-

495 1095 654 1149 dibus
681 1105 832 1160 eant,
865 1097 1227 1166 manibusque
1273 1098 1595 1168 plaudentes
1640 1115 1652 1149 :
1688 1097 1860 1152 forma
1903 1095 2072 1150 vincit

496 1197 758 1251 armatos,
801 1189 1005 1243 ferrum
1057 1189 1412 1257 pulchritudo
1465 1191 1730 1260 captivat,
1785 1190 2071 1244 vincentur

497 1279 681 1347 specie
707 1280 798 1349 qui
830 1295 936 1334 non
979 1283 1270 1337 vincuntur
1295 1283 1503 1352 praclio.
1538 1282 1736 1338 Verum
1763 1284 1852 1338 tibi
1881 1298 2069 1339 sense-

495 1371 606 1425 rint
639 1387 736 1427 eos
771 1374 1031 1429 mulieres
1064 1374 1391 1433 Moabitides
1425 1376 1501 1430 vel
1529 1375 1913 1430 Madianitides
1956 1390 2070 1428 ma-

497 1479 606 1518 nus
641 1464 859 1521 dedisse
879 1466 1113 1531 libidini,
1147 1478 1200 1522 et
1235 1477 1458 1538 peccato
1479 1466 1771 1522 inclinasse
1790 1471 2054 1530 cervices,

495 1571 604 1610 non
638 1557 786 1624 prius
818 1559 1142 1627 semetipsas
1187 1558 1525 1629 cupientibus
1563 1559 1860 1628 prrebeant,
1906 1573 2068 1627 quam

496 1643 566 1699 de
600 1644 885 1702 sacrificiis
933 1647 1201 1701 idolorum
1238 1648 1612 1718 acquieverint
1642 1648 1933 1718 degustare
1963 1663 1978 1698 :
2015 1657 2071 1701 ut

495 1745 725 1805 cogente
764 1737 1014 1805 libidine,
1043 1739 1287 1795 consiliis
1313 1741 1688 1809 obtemperent
1717 1738 2066 1802 feminarum,

2177 539 2327 606 dant,
2363 543 2455 611 qui
2486 551 2672 596 tenent
2725 541 3027 596 doctrinam
3056 541 3288 608 Balaam,
3317 543 3408 611 qui
3437 545 3594 597 docuit
3615 545 3689 598 Ba-

2177 630 2298 686 lach
2331 633 2550 689 mittere
2568 633 2956 688 scantlalumin
2986 644 3274 704 conspectu
3301 634 3524 688 ﬁliorum
3547 635 3687 702 Israel,

2176 733 2233 776 ιιι
2266 727 2664 780 manducarent
2693 725 2970 780 immolata
3001 726 3183 792 idolis,
3211 734 3264 781 et
3287 725 3686 782 fornicareutum

2176 815 2322 886 Ergo
2346 819 2680 886 temporibus
2703 816 2929 872 Joannis
2974 819 3206 888 apostoli
3249 826 3408 872 erant
3432 818 3622 884 quidam
3652 823 3688 874 in

2172 909 2410 965 Ecclesia
2432 911 2525 964 illa
2553 912 2619 965 ad
2650 926 2812 981 quam
2840 912 3138 974 scribebat,
3169 912 3423 966 docentes
3446 912 3689 969 doctrinam

2170 1000 2410 1056 Balaam.
2468 1001 2711 1057 Putasne
2741 1003 2812 1056 ita
2845 1002 3217 1072 accipiendum
3253 1003 3501 1070 estquod
3542 1002 3692 1058 luerim

2173 1093 2228 1148 in
2267 1095 2374 1150 illis
2396 1093 2584 1151 diebus
2613 1096 2706 1166 qui
2735 1097 2978 1151 dicerent
3008 1110 3066 1150 se
3095 1096 3290 1150 docere
3306 1109 3368 1148 ea
3385 1110 3498 1164 quae
3524 1096 3691 1151 Balaam

2176 1187 2381 1253 docuit,
2420 1197 2475 1242 et
2505 1188 2594 1257 qui
2627 1187 3016 1257 proﬁterentur
3048 1203 3106 1242 se
3143 1188 3452 1255 dogmatum
3488 1197 3537 1240 et
3569 1190 3692 1240 trauli-

2171 1281 2381 1336 tionum
2413 1280 2561 1336 illius
2587 1293 2707 1335 esse
2742 1281 3037 1336 dcctorcs?
3082 1281 3164 1332 An
3201 1279 3331 1333 illud
3376 1279 3544 1346 potius
3568 1279 3692 1335 debr-

2170 1388 2291 1428 mus
2323 1375 2630 1438 advertere,
2662 1376 2805 1439 quod
2835 1374 2878 1428 si
2917 1373 3041 1441 quis
3078 1373 3242 1426 faciat
3276 1386 3416 1440 opus
3447 1372 3575 1440 quod
3604 1373 3694 1426 ierit

2181 1466 2427 1532 Balaam,
2451 1467 2499 1521 is
2530 1467 2836 1521 doctrinam
2873 1464 3088 1520 Balaam
3116 1465 3319 1519 docere
3353 1462 3696 1517 videatur?Sit-

2172 1568 2231 1614 ut
2290 1568 2344 1615 et
2383 1561 2450 1615 de
2495 1561 2740 1615 doctrina
2791 1559 3010 1618 chabel
3069 1563 3121 1616 in
3157 1560 3351 1614 eadem
3403 1556 3695 1612 llevelatione

2169 1663 2528 1718 memoratur,
2559 1669 2662 1708 non
2701 1657 2841 1725 quod
2887 1656 3084 1724 aliquis
3127 1668 3193 1710 ex
3228 1650 3509 1720 discipulis
3528 1649 3692 1704 Iezabel

2173 1746 2363 1800 doceat
2393 1761 2514 1816 quae
2545 1743 2631 1800 illa
2685 1747 2992 1810 tradiderit,
3027 1748 3118 1801 sed
3167 1745 3308 1815 quod
3355 1744 3399 1797 si
3426 1743 3555 1811 quis,
3581 1745 3692 1796 verbi

496 1836 550 1878 et
581 1837 974 1881 cousecrentur
996 1828 1146 1896 prius
1184 1828 1537 1897 Beelphegor,
1569 1831 1713 1900 quod
1747 1840 1828 1884 est
1866 1830 2066 1883 idolum
2106 1814 2148 1868 Β
2178 1851 2364 1901 causa,
2399 1814 2491 1890 aut
2520 1839 2817 1907 prophetas
2845 1839 2934 1893 Dei
2964 1814 3348 1907 persequatur,
3390 1844 3449 1888 ut
3479 1833 3557 1888 illa
3583 1833 3694 1898 iecit,

497 1917 868 1987 turpitudinis.
897 1917 1018 1972 Haec
1045 1919 1262 1974 luerunt
1292 1920 1523 1975 consilia
1561 1921 1783 1976 Balaam
1822 1939 1834 1976 :
1871 1923 2070 1992 quibus

495 2008 740 2077 acceptis
778 2025 870 2062 rex
907 2008 1105 2064 Balach
1147 2020 1304 2079 parat
1333 2013 1595 2067 continuo
1627 2013 1927 2069 exercitum
1964 2028 2069 2068 non

495 2101 665 2156 armis
695 2100 963 2165 virilibus,
1009 2102 1102 2156 sed
1161 2101 1402 2158 femineo
1467 2105 1646 2160 nitore
1687 2106 2067 2175 compositum,

494 2208 601 2246 non
637 2194 819 2250 furore
845 2193 1066 2259 bellico,
1097 2193 1193 2249 sed
1229 2194 1465 2250 libidinis
1487 2195 1701 2251 ﬂamma
1726 2211 2069 2252 succensum.

491 2280 702 2338 Nullam
743 2283 982 2340 refrenat
1009 2287 1202 2353 pudor,
1234 2284 1434 2340 nullam
1457 2287 1703 2356 prohibet
1725 2288 2068 2343 verecundia.

492 2377 659 2430 Amor
684 2377 874 2445 patriae
913 2385 971 2432 et
997 2377 1188 2430 vitium
1224 2377 1402 2446 gentis
1431 2379 1748 2448 conspirant
1789 2380 1994 2448 pariter
2017 2381 2070 2432 in

492 2464 796 2536 lasciviam,
821 2478 876 2525 et
905 2470 972 2525 ad
1009 2470 1388 2540 decipiendum
1420 2471 1583 2540 proba
1624 2472 1840 2526 exsistit
1872 2473 2072 2543 impro-

496 2561 659 2616 bitas.
692 2562 798 2617 Pro
825 2566 1003 2630 nefas,
1036 2567 1123 2620 vix
1147 2566 1471 2635 prohibetur
1503 2565 1670 2621 libido
1694 2565 1869 2636 legum
1889 2565 2069 2630 minis,

496 2654 583 2708 vix
637 2656 803 2726 gladii
865 2668 1077 2715 terrore
1122 2659 1472 2732 reprimitur!
1521 2658 1648 2727 quid
1703 2657 1923 2712 sceleris
1964 2673 2069 2713 non

497 2756 791 2815 pcrpetret,
833 2751 927 2804 ubi
963 2753 1205 2808 facinore
1255 2769 1354 2808 suo
1421 2751 1736 2822 placituram
1779 2765 1840 2805 se
1878 2751 2072 2806 mulier

499 2843 612 2910 regi
650 2842 902 2907 credidit,
924 2856 975 2898 et
1000 2847 1228 2901 salutem
1266 2846 1455 2915 patria:
1476 2845 1864 2913 quacsituram?
1890 2845 2071 2914 Capti-

497 2944 697 2988 vautur
717 2949 849 3006 ergo
877 2937 1156 3006 lsraelitte,
1186 2953 1295 2992 non
1329 2938 1493 3004 ferro,
1527 2940 1621 2994 sed
1656 2937 1804 3005 luxu,
1835 2952 1934 2992 nec
1955 2938 2069 2991 vir-

499 3038 633 3094 tute,
658 3029 750 3084 sed
781 3028 1028 3094 libidine,
1059 3043 1113 3086 et
1145 3031 1487 3087 fornicamur
1519 3031 1570 3086 in
1594 3030 1846 3086 mulieres
1868 3028 2072 3084 Madia—

500 3119 720 3188 nitidas,
746 3134 796 3177 et
831 3123 908 3176 ira
942 3123 1038 3180 Dei
1075 3125 1310 3195 insurgit
1336 3138 1500 3194 super
1526 3139 1639 3179 eos.
1675 3124 1816 3179 Sunt
1854 3122 2070 3193 quidem

499 3213 555 3268 in
585 3213 654 3269 iis
677 3224 733 3270 et
772 3218 1010 3288 mystica
1039 3218 1310 3287 quadam,
1358 3229 1521 3288 atque
1559 3218 1835 3274 interioris
1870 3217 2072 3273 intelli-

496 3309 698 3378 gentiae
731 3319 942 3366 secreta
969 3330 983 3366 :
1013 3312 1107 3366 sed
1133 3327 1233 3367 nos
1275 3311 1450 3380 printo
1477 3312 1591 3381 ipse
1625 3311 1866 3367 historia:
1896 3320 2077 3367 textus

497 3399 753 3467 aediﬁcet,
791 3413 850 3458 ut
890 3405 1168 3460 discamus
1215 3421 1282 3460 ex
1331 3405 1457 3471 hoc,
1504 3405 1759 3474 quoniam
1811 3404 2076 3461 adversus

497 3507 603 3548 nos
630 3492 946 3561 iaculantur
989 3497 1095 3551 tela
1136 3497 1386 3555 luxurize.
1430 3496 1536 3552 Sed
1573 3498 1619 3551 si
1641 3496 1807 3552 nobis
1837 3511 1946 3553 non
1979 3498 2076 3552 de-

495 3587 608 3640 sint
635 3601 808 3653 arma,
853 3590 1049 3658 quibus
1083 3603 1184 3644 nos
1230 3589 1430 3644 armari
1483 3587 1639 3660 iubet
1693 3589 1991 3660 Apostolus
2031 3593 2074 3654 ',

497 3678 806 3749 huiusmodi
840 3683 1018 3752 iacula
1050 3699 1148 3740 nos
1179 3685 1458 3740 terebrare
1491 3699 1597 3740 non
1631 3694 1910 3754 poterunt,
1936 3683 1978 3738 si
2007 3684 2078 3738 sit

493 3772 658 3828 nobis
685 3774 855 3830 lorica
899 3774 1152 3844 iustitiae,
1197 3778 1241 3833 si
1271 3778 1572 3833 habeamus
1613 3777 1824 3846 galeam
1862 3775 2076 3840 salutis,

495 3872 551 3919 ct
595 3865 838 3935 gladium
895 3869 1144 3937 spiritus,
1181 3883 1348 3940 super
1383 3870 1567 3924 omnia
1599 3876 1812 3923 scutum
1842 3867 1990 3933 ﬁdei,
2024 3880 2078 3923 et

492 3954 724 4010 calceati
751 3955 924 4012 simus
951 3959 1117 4026 pedes
1151 3959 1204 4012 in
1231 3960 1632 4029 praeparatione
1657 3959 1930 4031 Evangelii
1978 3975 2076 4029 pa-

495 4047 598 4100 cis.
640 4048 744 4102 Ista
769 4059 894 4103 sunt
913 4064 1063 4104 arma
1091 4066 1213 4120 quae
1243 4069 1341 4108 nos
1369 4051 1670 4108 defendunt
1693 4053 1748 4108 in
1765 4053 2074 4122 huiusmodi

493 4139 676 4196 bellis.
702 4142 758 4197 Si
796 4154 975 4198 autem
1004 4145 1127 4199 talia
1159 4161 1305 4200 arma
1325 4148 1668 4216 proiicimus,
1697 4147 1877 4200 statim
1901 4146 2074 4201 locum

495 4233 770 4290 diabolico
806 4235 1022 4290 vulneri
1053 4237 1246 4292 damus
1273 4236 1408 4310 (94),
1441 4247 1497 4292 et
1530 4239 1772 4307 captivos
1801 4253 1900 4292 nos
1925 4237 2076 4290 ducit

494 4328 675 4383 omnis
707 4329 1014 4385 daemonum
1048 4332 1250 4387 chorus
1277 4350 1290 4385 :
1317 4343 1483 4402 atque
1512 4332 1581 4386 ob
1619 4331 1722 4385 hoc
1754 4331 1834 4384 ira
1873 4329 1966 4384 Dei
1997 4330 2075 4382 in-

494 4423 672 4491 surgit
703 4438 868 4493 super
891 4440 1007 4488 uos,
1039 4434 1094 4479 et
1123 4440 1226 4480 non
1276 4426 1452 4480 solum
1490 4427 1541 4479 in
1587 4423 1838 4495 praesenti
1878 4422 2075 4477 saeculo

2179 1942 2271 1985 aut
2305 1932 2370 1985 ad
2409 1932 2548 1986 idola
2578 1933 2792 2002 aliquos
2827 1932 3082 2001 decipiat,
3116 1933 3196 1984 vel
3231 1929 3387 1983 falsis
3410 1927 3695 1982 circumscri-

2179 2025 2458 2091 ptionibus
2485 2027 2718 2094 perimat
2766 2027 3103 2090 innocentes,
3141 2024 3244 2079 iste
3289 2020 3506 2078 Jezabel
3534 2021 3695 2074 dicetur

2180 2126 2366 2172 tenere
2412 2119 2736 2173 doctrinam.
2789 2117 2846 2174 Si
2900 2133 3031 2189 ergo
3065 2116 3266 2186 aliquis
3318 2114 3475 2169 malis
3509 2113 3695 2167 consiliis

2178 2208 2492 2263 scandalum
2545 2221 2774 2278 generet
2820 2209 3016 2279 popqu
3052 2208 3167 2272 Dei,
3203 2215 3258 2260 et
3286 2204 3616 2260 offensionem
3638 2202 3696 2254 di-

2180 2303 2381 2366 vinam,
2419 2311 2579 2372 atque
2605 2303 2940 2357 iracundiam
2970 2303 3246 2357 caelestem
3287 2307 3538 2368 provocet
3575 2296 3693 2364 plebi.

2178 2395 2261 2448 vel
2303 2394 2571 2447 idolorum
2611 2393 2901 2449 sacriﬁciis
2931 2390 3410 2451 communicando,
3445 2387 3521 2440 vel
3546 2388 3696 2454 stupris

2179 2495 2274 2540 aut
2321 2485 2534 2541 libidini
2593 2485 2907 2551 serviendo,
2939 2487 3029 2540 hic
3060 2484 3369 2539 doctrinam
3411 2480 3603 2534 Balaam
3638 2489 3692 2531 te-

2180 2594 2309 2634 nere
2337 2579 2596 2635 dicendus
2635 2590 2739 2634 est.
2785 2580 2881 2634 Est
2922 2593 3052 2648 ergo
3103 2574 3466 2632 exsecrabilis
3505 2572 3695 2639 corporis

2178 2671 2342 2725 etiam
2373 2669 2684 2728 fornicatio.
2722 2673 2859 2740 Quid
2893 2673 3039 2727 enim
3077 2672 3150 2725 ita
3191 2666 3551 2728 exsecrabile,
3577 2679 3693 2731 quat

2187 2765 2448 2834 templum
2476 2764 2571 2820 Dei
2608 2765 2833 2830 violare,
2866 2779 2930 2818 ac
2961 2763 3152 2817 tollere
3173 2761 3423 2816 membra
3453 2755 3690 2820 Cbristi,t'

2179 2857 2357 2913 facere
2384 2858 2624 2913 membra
2654 2856 2957 2912 meretricis
2993 2855 3054 2908 ‘1?

2249 2951 2305 3004 2.
2336 2949 2510 3005 Multo
2551 2959 2734 3005 tamen
2789 2949 2962 3018 magis
2990 2944 3350 3003 exsecrabilis
3377 2950 3460 2996 est
3486 2937 3691 3011 genenli;

2181 3043 2273 3098 illa
2307 3043 2618 3109 fornicatio,
2659 3043 2712 3097 in
2745 3056 2852 3112 qua
2903 3054 3069 3098 omne
3095 3053 3264 3110 genus
3303 3034 3513 3106 peccati
3542 3032 3693 3102 pariter

2177 3137 2510 3192 continetur.
2551 3134 2832 3192 Generalis
2858 3142 3038 3188 autem
3065 3129 3359 3186 fornicatio
3383 3128 3582 3186 dicitur,
3608 3139 3692 3177 cura

2177 3234 2358 3287 anima
2397 3245 2516 3301 quas
2557 3232 2611 3286 in
2641 3229 2979 3286 consortium
3009 3225 3172 3282 Verbi
3218 3224 3315 3279 Dei
3358 3222 3521 3277 ascita
3551 3228 3694 3282 est,et

2180 3322 2534 3379 matrimonio
2555 3322 2674 3392 eius
2698 3316 3097 3390 quodammodo
3119 3315 3352 3380 sociata,
3371 3313 3440 3367 ab
3460 3310 3556 3366 ullo
3568 3307 3695 3361 alium

2179 3413 2410 3478 scilicet,
2439 3423 2496 3468 et
2550 3410 2871 3467 adversario
2903 3408 3049 3463 illius
3083 3407 3184 3460 viri
3213 3405 3304 3474 qui
3351 3419 3471 3459 eam
3519 3401 3601 3455 sibi
3628 3401 3693 3451 de-

2179 3505 2398 3575 spondit
2447 3504 2500 3558 in
2539 3503 2666 3565 lide,
2711 3499 3080 3569 corrumpitur
3113 3507 3168 3553 et
3197 3497 3460 3551 violatur.
3500 3493 3580 3546 Est
3605 3506 3695 3558 ergo

2177 3612 2409 3667 sponsus
2454 3606 2508 3649 et
2543 3595 2626 3648 vir
2653 3595 2847 3648 anima
2891 3593 3104 3648 munda:
3153 3602 3207 3644 et
3255 3589 3490 3660 pudica,
3516 3585 3691 3640 Verbum

2179 3689 2303 3754 Dei,
2332 3687 2423 3758 qui
2457 3697 2538 3742 est
2561 3686 2813 3741 Christus
2844 3685 3127 3748 Dominus,
3165 3679 3502 3751 sicut~358
3529 3688 3573 3732 et
3593 3677 3693 3743 Apo-

2177 3785 2352 3836 stolus
2397 3778 2534 3833 dicit
2577 3779 2598 3809 ⁸
2629 3797 2642 3832 :
2679 3797 2697 3830 ι
2748 3776 2880 3832 Volo
2916 3786 3094 3829 autem
3143 3787 3338 3828 omnes
3377 3788 3470 3825 vos
3502 3769 3581 3822 uni
3614 3768 3694 3818 viro

2181 3872 2441 3940 virginem
2469 3879 2677 3926 castam
2699 3869 2961 3924 exhibere
2985 3865 3221 3921 Christo.
3256 3864 3451 3920 Timeo
3477 3871 3626 3916 autem
3651 3875 3696 3909 ne

2181 3962 2318 4015 forte
2341 4004 2357 4027 ,
2383 3961 2528 4015 sicut
2552 3974 2780 4028 serpens
2808 3959 3022 4014 seduxit
3055 3959 3220 4014 Evam
3267 3957 3472 4012 astutia
3514 3969 3613 4019 sua,
3641 3952 3693 4004 sic

2177 4065 2594 4122 corrumpantur
2621 4067 2813 4109 sensus
2845 4053 3013 4108 vestri
3047 4067 3078 4106 a
3118 4051 3489 4121 simplicitate,
3512 4061 3613 4116 qua:
3640 4052 3695 4095 est

2181 4150 2231 4201 in
2281 4147 2503 4202 Christo
2549 4145 2698 4201 Jesu.
2760 4165 2778 4197 ι
2825 4145 3005 4201 Donec
3054 4145 3217 4216 igitur
3277 4144 3462 4198 anima
3509 4140 3693 4194 adharet

2177 4257 2382 4312 sponso
2414 4255 2534 4305 suo,
2568 4251 2622 4294 et
2643 4241 2793 4293 audit
2816 4241 3035 4294 verbum
3060 4237 3198 4306 eius,
3233 4247 3288 4291 et
3314 4238 3489 4305 ipsum
3510 4231 3694 4296 compleo

2177 4337 2364 4400 elitnr,
2421 4335 2540 4389 sine
2573 4333 2737 4388 dubio
2785 4335 2852 4387 ab
2893 4333 3008 4402 ipso
3058 4345 3242 4387 semen
3293 4329 3521 4397 suscipit
3545 4322 3693 4380 verbi:

2177 4438 2232 4483 et
2258 4429 2397 4484 sicut
2427 4427 2513 4481 ille
2544 4427 2682 4480 dixit
2717 4426 2737 4456 ⁸
2772 4444 2784 4479 :
2823 4445 2841 4477 ι
2898 4425 2970 4479 De
3005 4425 3195 4478 timore
3235 4432 3353 4485 tuo.
3391 4420 3606 4474 Domine.
3644 4415 3682 4463 in

491 4519 801 4586 punientur,
831 4535 1018 4575 verum
1043 4521 1207 4576 etiam
1239 4521 1290 4574 in
1324 4522 1530 4575 luturo.
1589 4520 1742 4587 Quod
1774 4535 1905 4590 ergo
1936 4519 2062 4572 facit
2095 4522 2138 4576 Ι)
2168 4530 2323 4575 utero
2363 4519 2608 4588 concepi,
2638 4537 2658 4570 ι
2688 4518 2757 4572 ita
2788 4527 2842 4570 et
2873 4517 2984 4570 haec
3015 4515 3162 4576 dicit,
3190 4517 3268 4570 De
3303 4512 3471 4565 verbo
3494 4517 3588 4570 tuo,
3611 4503 3685 4557 Do-

494 4625 599 4665 nos
634 4612 852 4668 vincere
887 4615 940 4668 in
976 4615 1044 4670 iis
1084 4615 1285 4685 pr-zcliis
1331 4629 1452 4683 quae
1491 4616 1779 4670 adversum
1826 4629 1926 4670 nos
1959 4615 2071 4669 dia-

493 4701 652 4757 bolus
685 4716 1008 4772 commovet,
1047 4708 1311 4777 pudicitia
1348 4717 1452 4774 est,
1493 4717 1549 4762 et
1591 4709 1828 4778 iustitia,
1859 4717 1913 4763 et
1943 4722 2072 4777 pru-

493 4795 698 4862 dentia,
731 4806 786 4852 et
837 4801 1025 4869 pietas,
1057 4812 1375 4871 caeteraeque
1417 4801 1665 4856 virtutes.
1714 4801 1849 4868 Quae
1888 4809 2071 4854 autem

496 4887 704 4943 l‘aciunt
735 4905 831 4944 nos
869 4890 1037 4953 vinci,
1069 4892 1284 4946 luxuria
1310 4901 1416 4957 est,
1448 4903 1502 4962 et
1534 4893 1724 4960 libido,
1752 4892 1978 4946 avaritia
2018 4900 2074 4946 et

493 4982 768 5051 impietas,
829 4984 1114 5052 omnisque
1145 4987 1372 5042 malitia.
1427 4969 1553 5040 llaec
1602 5000 1733 5056 ergo
1770 4995 1918 5050 sunt,
1953 5000 2073 5053 qua:

495 5089 598 5129 nos
637 5077 879 5130 historia!
913 5086 1095 5132 textus
1129 5078 1368 5134 edocuit.
1395 5076 1594 5134 Verum
1617 5081 1874 5149 quoniam
1907 5077 2072 5132 Joan-

496 5183 594 5222 nes
633 5170 685 5223 in
721 5170 1072 5225 Bevelatione
1112 5188 1232 5240 sua,
1274 5191 1336 5230 ea
1372 5190 1493 5245 qua:
1534 5174 1585 5226 in
1630 5173 1745 5242 lege
1775 5171 2072 5226 secundum

495 5262 782 5316 historiam
819 5265 1017 5334 scripta
1063 5277 1193 5321 sunt
1225 5269 1446 5323 adducit
1477 5269 1543 5322 ad
1571 5266 1826 5337 mysteria
1865 5264 2070 5327 divina,

491 5364 548 5410 et
579 5367 922 5413 sacramenta
947 5360 1194 5429 quaedam
1228 5361 1280 5414 in
1318 5362 1384 5416 iis
1419 5362 1610 5416 edocet
1639 5358 2073 5420 contineri,~ne-

491 5449 790 5504 cessarium
822 5451 1035 5506 videtur
1067 5454 1229 5507 etiam
1258 5455 1555 5508 secundum
1585 5453 1635 5506 id
1672 5451 1813 5520 quod
1844 5451 1934 5521 ille
1960 5463 2079 5504 seu-

493 5540 588 5605 sit,
623 5557 722 5596 nos
749 5555 963 5611 quoque
989 5543 1058 5596 ab
1088 5541 1179 5597 illo
1208 5545 1394 5598 datam
1424 5542 1783 5611 expositionis
1833 5540 2074 5610 regulam

492 5635 668 5700 ecqui,
704 5642 760 5687 et
787 5634 962 5702 primo
991 5649 1299 5690 memorare
1322 5650 1410 5700 ea,
1438 5650 1559 5704 qua:
1591 5635 1656 5689 ad
1689 5635 1938 5704 angelum
1970 5633 2074 5688 Ec-

2178 4616 2346 4682 mine,
2379 4613 2431 4667 in
2464 4621 2655 4667 ventre
2689 4609 2931 4676 concepi,
2968 4617 3022 4662 et
3059 4605 3345 4677 parturivi,
3395 4613 3447 4658 et
3484 4599 3683 4669 spiritum

2173 4707 2365 4763 salutis
2395 4717 2500 4759 ture
2533 4702 2636 4758 feci
2665 4717 2825 4770 super
2856 4710 3047 4754 terras.
3081 4698 3136 4753 Si
3164 4711 3294 4766 ergo
3324 4711 3406 4750 διο
3433 4694 3495 4746 de
3519 4688 3688 4746 Christo

2174 4797 2425 4867 concepit
2469 4797 2671 4857 anima,
2706 4792 2840 4848 fecit
2889 4792 3029 4845 filios
3057 4805 3156 4859 pro
3191 4789 3394 4856 quibus
3429 4785 3613 4840 dicatur
3645 4777 3691 4829 ad

2175 4910 2295 4950 eam
2327 4893 2516 4962 ",quia
2552 4910 2570 4942 ι
2601 4889 2747 4944 salva
2767 4889 2870 4942 erit
2901 4901 2998 4956 per
3034 4885 3268 4939 ﬁliorum
3298 4878 3690 4951 procreationem.

2173 4988 2216 5042 si
2253 4983 2616 5055 permanserit
2647 4982 2699 5035 in
2737 4981 2861 5043 (ide,
2898 4987 2952 5033 et
3004 4977 3284 5036 :haritate,
3334 4983 3390 5028 et
3441 4968 3689 5025 sanctitate.

2176 5096 2298 5134 cum
2327 5076 2648 5138 sobrietate,
2682 5093 2700 5125 ι
2745 5071 2958 5127 etiamsi
3008 5071 3161 5139 prius
3205 5068 3346 5122 sicut
3397 5065 3498 5119 Eva
3524 5061 3691 5118 seducta

2176 5172 2349 5227 fuisse
2383 5171 2561 5224 anima
2601 5170 2882 5224 videatur;
2902 5165 2995 5219 Est
3023 5163 3202 5230 itaque
3236 5165 3363 5215 ver‘e
3393 5161 3537 5214 beata
3571 5152 3688 5208 sobo-

2179 5265 2283 5329 les,
2327 5263 2412 5318 ubi
2443 5262 2765 5316 concubitus
2789 5259 2963 5314 lactus
2995 5255 3157 5310 fuerit
3182 5253 3378 5309 anima:
3415 5264 3528 5306 cum
3557 5242 3690 5300 Verbo

2183 5359 2298 5422 Dei,
2332 5366 2388 5411 et
2443 5354 2529 5408 ubi
2577 5353 2893 5423 complexus
2939 5351 3006 5406 ad
3053 5349 3284 5405 invicem
3321 5343 3570 5399 dederint.
3600 5334 3690 5390 Inde

2183 5457 2435 5503 nascetur
2460 5459 2723 5515 generosa
2756 5443 3061 5513 progenies,
3096 5441 3222 5496 inde
3248 5435 3496 5510 pudicitia
3510 5431 3686 5484 orietur.

2181 5543 2305 5598 inde
2329 5541 2561 5610 iustitia,
2598 5539 2726 5594 inde
2767 5537 3055 5606 patientia,
3111 5536 3234 5590 inde
3275 5529 3611 5588 mansuetudo,
3647 5525 3684 5570 el

2180 5634 2440 5701 charitas,
2512 5640 2675 5701 atque
2731 5629 2969 5684 omnium
3026 5627 3288 5682 virtutum
3347 5623 3513 5694 proles
3558 5625 3679 5668 ven?-

569 5751 590 5781 '
619 5751 815 5818 Ephes.
843 5753 1018 5816 Vt,ll,
1045 5753 1130 5820 lli,
1159 5754 1243 5806 l7.
1306 5753 1328 5786 ³
1351 5755 1517 5821 Apoc.
1555 5771 1617 5819 ιι,
1640 5754 1722 5809 id.
1788 5753 1804 5785 ⁸
1832 5755 1847 5808 I
1871 5755 1997 5809 Cor.
2024 5771 2096 5819 vi,
2131 5755 2217 5810 15.
2271 5755 2292 5785 ⁵
2317 5752 2356 5806 ll
2379 5752 2503 5806 Cor.
2530 5750 2661 5818 ",2,
2685 5750 2741 5804 ’5.
2801 5750 2820 5779 ⁶
2842 5749 2945 5806 lsa.
2978 5763 3126 5812 xxvi,
3151 5746 3237 5800 18.
3309 5745 3326 5774 ⁷
3355 5741 3522 5796 ΙΤίιιι.
3547 5751 3594 5798 ιι,
3621 5727 3682 5786 l5.

567 5846 680 5916 (ιιι)
716 5848 894 5904 Codex
925 5850 980 5905 S.
1015 5850 1340 5907 Theoderici
1379 5845 1684 5909 Bernensis.
1721 5869 1737 5903 ι
1775 5850 2197 5906 locum'diabolo
2224 5846 2464 5904 vulneris
2496 5845 2701 5900 damus.
2735 5863 2753 5894 ι
