3914 6508
147 364 240 417 79.9

1306 370 1372 425 ΙΝ
1410 369 1741 426 NUMEROS
1770 370 2048 428 [IOMILIA
2090 374 2209 431 XX.

3288 384 3391 442 750

146 483 300 535 randa
336 484 606 538 succedet.
641 485 795 553 Quod
825 489 869 544 si
904 490 1086 546 infelix
1132 492 1310 547 anima
1345 492 1514 547 divini
1552 493 1711 549 Verbi
1743 498 1784 553 A
1817 495 1943 562 quid
1981 498 2201 551 remedii
2234 500 2413 564 detur,
2443 514 2507 555 ex
2536 500 2733 560 divinis
2757 504 3122 561 voluminibus
3148 507 3391 576 requira-

143 572 687 643 dereliqueritsancta
734 584 1024 650 connubia,
1052 594 1107 640 et
1152 587 1203 640 in
1249 586 1584 643 adulterinos
1648 603 1706 643 se

137 665 439 733 complexus
470 669 689 737 diaboli,
721 674 1060 746 aliorumque
1095 679 1396 733 daemonum
1436 680 1705 735 illecebris

135 761 404 829 deceptam
467 766 774 834 tradiderit,
831 772 1113 838 generabit
1163 774 1280 828 sine
1328 765 1491 829 dubio
1539 777 1701 829 etiam

139 853 254 906 inde
299 852 464 911 ﬁlios.
510 858 604 912 sed
656 859 797 925 illos,
846 861 913 916 de
960 851 1157 931 quibus
1206 865 1463 935 scriptum
1513 877 1595 922 est
1630 868 1697 921 δε

138 964 153 995 ι
188 944 306 999 Filii
346 958 528 1001 autem
573 952 945 1007 adulterorum
979 956 1284 1026 imperfecti
1323 970 1500 1025 erunt,
1552 970 1603 1014 et
1635 976 1700 1014 ex

132 1041 312 1109 iniquo
342 1046 640 1098 concubitu
696 1063 880 1102 semen
936 1053 1405 1107 exterminabitur.
1445 1072 1462 1104 ι
1506 1053 1700 1108 Omnia

128 1147 251 1201 ergo
285 1146 504 1199 peccata
532 1136 625 1190 lilii
649 1150 774 1191 sunt
798 1141 1070 1211 adulterii,
1098 1154 1152 1199 et
1180 1145 1276 1200 lilii
1300 1144 1697 1202 fornicationis.

132 1224 275 1280 Unde
300 1235 355 1280 et
384 1231 710 1289 ostemlitur,
746 1235 889 1299 quod
937 1251 1032 1304 per
1079 1236 1287 1307 singula
1317 1215 1544 1307 qumque
1577 1252 1698 1306 qure

126 1319 382 1388 gerimus,
410 1324 548 1390 parit
580 1326 757 1379 anima
791 1337 998 1394 nostra,
1029 1339 1083 1383 et
1121 1341 1338 1399 generat
1383 1333 1541 1392 ﬁlios,
1573 1346 1697 1385 scn-

125 1424 213 1465 sus
245 1412 451 1469 scilicet
480 1427 530 1470 et
555 1432 719 1486 Opera
742 1435 859 1488 qua:
883 1423 1040 1492 gerit.
1077 1424 1140 1477 Et
1167 1424 1211 1477 si
1255 1425 1473 1493 quidem
1501 1440 1696 1479 secun-

123 1506 244 1557 dum
288 1505 460 1575 legem
514 1521 594 1563 est
648 1512 796 1576 quod
848 1515 1013 1583 gerit,
1041 1523 1095 1570 et
1135 1518 1427 1570 secundum
1474 1517 1693 1571 verbum

124 1597 234 1659 Dei,
264 1601 514 1668 spiritum
548 1604 689 1670 parit
722 1606 933 1672 salutis,
974 1617 1027 1661 et
1078 1620 1363 1679 propterea
1400 1610 1696 1665 saIVabitur

117 1705 210 1758 per
238 1690 473 1747 ﬁliortun
503 1697 933 1764 generationem,
955 1710 1009 1753 et
1041 1700 1129 1754 isti
1156 1712 1282 1756 sunt
1316 1702 1432 1766 lilii,
1460 1703 1524 1755 de
1567 1703 1689 1771 qui-

122 1786 221 1837 bus
250 1784 522 1855 Propheta
558 1788 686 1842 dicit
710 1790 730 1821 θ
762 1807 774 1842 :
813 1805 832 1841 ι
877 1791 998 1845 Filii
1031 1794 1107 1847 tui
1146 1795 1285 1849 sicut
1326 1796 1551 1850 novellae
1585 1796 1688 1849 oli-

113 1893 306 1931 varum
335 1880 388 1933 in
413 1882 639 1935 circuitu
689 1900 888 1941 mensa:
929 1896 1050 1940 ture.
1086 1905 1104 1939 ο
1160 1889 1216 1942 Si
1260 1903 1384 1943 vero
1412 1891 1552 1959 quod
1578 1892 1688 1960 agit

113 1982 306 2024 contra
354 1973 521 2043 legem
571 1989 674 2044 est,
718 1993 770 2032 et
803 1992 1086 2049 peccatum
1125 1989 1228 2045 est,
1262 1981 1383 2036 sine
1430 1984 1593 2039 dubio
1621 1998 1684 2037 ex

109 2066 473 2132 conceptione
517 2072 773 2125 contrarii
824 2074 1049 2141 spiritus
1100 2074 1393 2144 malignam
1443 2076 1683 2131 sobolem

107 2156 303 2221 gignit.
334 2156 481 2210 Parit
508 2161 651 2213 enim
685 2162 826 2217 ﬁlios
854 2166 1083 2233 peccati.
1110 2165 1177 2219 Et
1207 2166 1324 2221 ista:
1352 2177 1476 2221 sunt
1520 2169 1683 2222 male-

104 2246 265 2298 dictm
300 2252 679 2315 generationes
708 2256 757 2307 in
790 2255 985 2322 quibus
1009 2272 1038 2311 a
1066 2257 1337 2314 nonnullis
1366 2268 1681 2316 sanctormn

105 2338 462 2395 maledicitur
487 2345 789 2400 etiamdics
830 2349 882 2401 in
920 2364 1027 2417 quo
1074 2351 1187 2403 nati
1238 2362 1367 2406 sunt
1412 2352 1477 2408 ‘°.
1530 2353 1683 2407 Nun-

96 2438 265 2493 quam
299 2438 384 2482 est
424 2445 554 2498 ergo
588 2436 804 2502 quando
852 2453 957 2491 non
1014 2439 1194 2508 pariat
1247 2442 1455 2498 anima.
1486 2443 1681 2500 Anima

95 2533 324 2588 semper
369 2525 533 2592 parit,
566 2542 781 2595 semper
804 2540 1026 2599 generat
1055 2532 1212 2588 ﬁlios.
1265 2534 1370 2589 Sed
1424 2536 1516 2591 illa
1561 2537 1681 2605 qui-

93 2612 218 2665 dem
249 2614 536 2690 benedicta
568 2621 850 2688 generatio
872 2631 975 2685 est,
1010 2637 1127 2690 qua:
1152 2626 1215 2679 de
1242 2628 1408 2683 verbo
1436 2627 1527 2682 Dei
1558 2646 1680 2684 con-

92 2712 250 2771 cepta
283 2686 602 2773 generatur,
628 2718 680 2763 et
705 2712 805 2763 ista
835 2719 931 2781 est,
958 2686 1189 2767 ﬁli-orum
1231 2718 1529 2786 generatio,
1582 2735 1679 2788 per

88 2814 258 2864 quam
293 2797 443 2852 salva
481 2799 593 2855 ﬁet.
617 2799 673 2855 Si
695 2814 895 2867 autem,
927 2814 985 2857 ut
1013 2804 1267 2871 diximus,
1297 2825 1361 2864 ex
1394 2816 1675 2867 contrario

89 2890 301 2957 spiritu
329 2892 620 2959 concipiat,
649 2903 855 2949 certum
900 2900 1128 2967 estquia
1176 2903 1351 2970 pariat
1392 2902 1531 2960 ﬁlios
1559 2906 1669 2971 ira),

86 2990 250 3050 aptos
277 2982 348 3035 ad
385 2984 683 3038 interitum.
726 2985 789 3038 Et
815 2984 955 3042 forte
980 2990 1043 3041 ad
1074 3001 1326 3060 utrasque
1350 2994 1483 3049 istas
1510 3012 1671 3065 gene-

88 3072 347 3125 rationes
372 3072 563 3128 anima:
610 3076 829 3144 respicit
864 3076 1015 3140 illud,
1043 3080 1184 3147 quod
1226 3084 1430 3138 dictum
1472 3101 1554 3140 eSt
1583 3089 1621 3119 “
1652 3108 1664 3143 :

1810 601 1951 641 mus.
1984 586 2298 645 Invenimus
2316 605 2443 660 ergo
2470 593 2522 647 in
2554 594 2782 653 Psalmis
2804 601 2870 653 de
2896 600 2998 653 hoc
3024 598 3285 667 scriptum
3311 600 3386 654 "2

1816 698 1835 731 ι
1874 680 2009 734 Filia
2044 682 2341 752 Babylonis
2375 687 2595 754 misera,
2640 689 2834 746 beatus
2867 691 2958 761 qui
2997 689 3263 747 retribuet
3291 692 3386 746 tibi

1809 773 2225 831 retributionem
2257 794 2420 849 quam
2471 782 2773 838 rctribuisti
2828 784 3007 839 nobis.
3044 780 3247 840 Beatus
3290 784 3384 852 qui

1805 869 2011 923 tenebit
2054 880 2108 923 et
2156 872 2340 929 allidet
2391 875 2647 941 parvulos
2674 885 2792 931 tuos
2818 878 2885 931 ad
2928 887 3163 947 petram.
3194 894 3212 926 ι
3245 875 3383 930 Etsi

1805 961 2046 1015 nondum
2082 963 2284 1032 aliquid
2323 968 2504 1035 operis
2551 969 2724 1038 gessit
2770 969 3094 1040 Babylonius
3122 968 3175 1021 in
3225 969 3383 1023 nobis

1804 1053 1907 1107 iste
1928 1066 2250 1124 conceptus,
2277 1057 2402 1111 dum
2429 1061 2609 1115 adhuc
2645 1064 2905 1132 parvulus
2930 1072 3034 1128 est,
3072 1080 3179 1118 non
3216 1063 3379 1118 mise-

1802 1147 2137 1217 rearisejus,
2168 1163 2268 1204 nec
2294 1164 2489 1219 parcas
2509 1155 2581 1214 ei,
2607 1156 2701 1208 sed
2734 1156 2916 1209 statim
2944 1156 3210 1213 interﬁce.
3247 1156 3377 1212 Odi-
3450 1204 3457 1211 .

1803 1234 1929 1289 bilis
1982 1236 2128 1291 enim
2175 1248 2279 1304 est,
2329 1242 2562 1309 perime,
2590 1244 2778 1299 occide
2806 1245 3018 1299 elidens
3049 1248 3113 1298 ad
3142 1256 3372 1315 petram.

1798 1326 1960 1381 Petra
1999 1339 2181 1383 autem
2212 1339 2291 1386 est
2315 1332 2589 1388 Christus.
2622 1336 2754 1401 Quis
2784 1352 2915 1405 ergo
2949 1347 3131 1391 tantus
3161 1355 3221 1392 ac
3252 1340 3377 1393 talis

1798 1425 1901 1482 est,
1930 1426 1988 1471 ut
2014 1436 2119 1474 non
2156 1434 2436 1492 exspectet
2486 1426 2710 1479 omnino
2742 1443 3022 1496 usquequo
3048 1438 3264 1483 crescat
3315 1430 3370 1485 in

1796 1525 1861 1563 eo
1888 1510 2181 1582 Babylonia
2236 1515 2467 1580 soboles,
2518 1533 2618 1572 nec
2666 1529 2970 1587 augeantur
3004 1521 3057 1573 in
3109 1535 3175 1574 eo
3210 1535 3373 1589 opera

1797 1603 2154 1670 confusionis,
2185 1607 2279 1661 sed
2309 1608 2359 1664 in
2408 1610 2600 1678 primis
2632 1612 2815 1666 statim
2860 1612 3049 1677 initiis,
3086 1612 3177 1666 ubi
3201 1613 3371 1681 pasci

1796 1696 2087 1763 caaperint,
2116 1707 2168 1751 et
2208 1714 2272 1752 ex
2309 1700 2608 1757 voluntatis
2658 1704 2893 1758 motibus
2941 1704 3267 1769 coalescere,
3294 1714 3377 1759 at-

1795 1798 1922 1850 que,
1957 1793 2013 1836 ut
2042 1786 2109 1837 ita
2134 1786 2441 1849 dicam,ubi
2477 1794 2928 1862 caputcteperint
2958 1794 3023 1848 de
3058 1794 3214 1847 vulva
3257 1795 3374 1848 ani-

1795 1891 1894 1929 ma:
1925 1876 2167 1946 proferre
2205 1882 2508 1948 perniciosa
2550 1884 2823 1939 desideria
2877 1886 3093 1941 malirni
3148 1887 3373 1958 Spiritus

1791 1969 2151 2038 inspiratione
2182 1984 2464 2043 concepta,
2509 1978 2737 2045 arripiat
2773 1981 2956 2034 statim
3005 1989 3059 2035 et
3107 1981 3272 2035 elidat
3299 1982 3365 2033 ad

1790 2071 1997 2131 petram
2023 2079 2038 2118 :
2066 2062 2117 2117 id
2142 2074 2246 2127 est,
2272 2067 2509 2121 adducat
2538 2071 2602 2125 ad
2630 2070 2934 2138 Christum,
2962 2083 3021 2126 ut
3050 2073 3102 2127 iu
3140 2089 3370 2143 conspe-

1787 2166 1873 2208 ctu
1916 2157 2177 2211 tremendi
2220 2156 2410 2225 judicii
2458 2162 2575 2231 ejus
2614 2165 2791 2233 posita
2821 2165 3157 2230 exolescant,
3177 2178 3232 2221 et
3250 2184 3363 2238 per-

1786 2248 1955 2304 eant?
2024 2250 2150 2305 Hice
2178 2249 2321 2304 dicta
2368 2266 2494 2308 sunt
2534 2256 2691 2311 nobis
2733 2257 2800 2312 de
2847 2257 3087 2325 generali
3140 2256 3368 2310 fornica-

1785 2339 1951 2407 tione,
1989 2358 2106 2412 qua:
2147 2348 2357 2415 species
2405 2348 2566 2404 habet
2624 2348 2884 2419 plurimas
2940 2368 2953 2402 :
2993 2364 3221 2419 quarum
3253 2363 3362 2402 una

1783 2441 1865 2487 est
1892 2434 2005 2490 hazc
2031 2451 2150 2504 quae
2187 2441 2239 2493 in
2268 2442 2669 2496 consuetudine
2698 2441 2768 2496 ob
2799 2442 3083 2509 corporale
3114 2450 3358 2509 stuprum

1782 2526 2069 2586 fornicatio
2096 2533 2423 2587 nominatur.
2462 2534 2575 2605 Ego
2611 2548 2739 2589 vero
2771 2534 2955 2603 legens
3008 2534 3350 2601 Apostolum,

1780 2636 1902 2675 cum
1933 2623 2200 2679 venissem
2228 2626 2292 2679 ad
2320 2639 2439 2679 eum
2470 2626 2647 2679 locum
2679 2625 2732 2679 in
2766 2640 2874 2695 quo
2906 2625 3038 2678 dicit
3062 2625 3105 2656 ιδ
3140 2642 3154 2678 :
3202 2643 3221 2676 ε
3251 2624 3355 2687 Qui

1779 2729 1838 2769 se
1864 2715 2044 2785 jungit
2079 2716 2325 2784 Domino,
2360 2733 2501 2773 unus
2525 2718 2751 2788 spiritus
2783 2728 2892 2786 est,
2916 2737 2934 2767 ι
2971 2726 3023 2772 et
3060 2717 3103 2748 ¹⁸
3132 2734 3146 2770 ε
3183 2735 3201 2767 ι
3247 2716 3351 2783 Qui

1777 2826 1835 2867 se
1856 2810 2034 2881 jungit
2060 2814 2333 2868 meretrici
2364 2829 2534 2867 unum
2574 2828 2775 2882 corpus
2802 2823 2926 2874 est;
2986 2831 3005 2865 ι
3041 2812 3355 2882 quaerebam

1775 2905 1818 2962 si
1864 2916 1951 2960 est
1996 2906 2198 2976 aliquid
2248 2906 2392 2959 aliud
2446 2905 2681 2960 medium
2732 2914 2931 2974 prteter
2985 2906 3110 2971 hoc,
3160 2913 3218 2958 ut
3268 2914 3364 2959 aut

1773 3002 2002 3058 Domino
2031 3002 2151 3073 quis
2198 3002 2481 3074 jungatur,
2533 3011 2626 3057 aut
2681 3002 2957 3057 meretrici
2995 3019 3008 3055 :
3051 3012 3103 3055 et
3155 3016 3249 3070 pro
3286 3003 3365 3056 vi-

1774 3094 1922 3148 ribus
1968 3094 2104 3149 meis
2147 3094 2467 3158 discutiens,
2516 3076 2846 3161 profundum
2898 3092 3031 3146 satis
3067 3100 3121 3146 et
3161 3107 3363 3161 recon-

91 3181 109 3213 ι
152 3162 303 3216 Cum
330 3165 474 3218 enim
503 3167 738 3220 nondum
766 3170 873 3221 nati
905 3169 1159 3239 fuissent,
1186 3186 1277 3229 aut
1304 3177 1508 3246 aliquid
1537 3182 1678 3252 egis-
1702 3189 1752 3249 ο
1786 3188 1955 3241 ditutn
1986 3186 2037 3240 in
2068 3186 2132 3241 iis
2172 3185 2352 3240 verbis
2400 3186 2655 3241 intuebar
2708 3184 2950 3255 Apostoli
2992 3200 3231 3249 sensum,
3267 3186 3358 3255 qui

82 3267 211 3309 sent
244 3257 381 3311 boni
416 3258 498 3312 vel
531 3260 677 3324 mali,
706 3268 763 3313 ut
795 3264 1126 3331 propositum
1162 3266 1278 3329 Dei,
1309 3271 1450 3338 quod
1479 3288 1672 3327 secun-

84 3347 221 3400 dum
256 3347 589 3405 electionem
635 3352 835 3407 factum
870 3364 975 3418 est,
1008 3368 1243 3425 maneat,
1271 3377 1374 3414 non
1398 3378 1463 3416 ex
1490 3365 1671 3433 Operi-

74 3438 202 3505 hus,
242 3443 349 3496 sed
388 3459 456 3498 ex
485 3456 730 3512 vocante,
756 3445 960 3500 dictum
1003 3460 1089 3503 est
1113 3452 1239 3519 quia
1276 3456 1451 3524 major
1475 3458 1674 3511 serviet

76 3533 320 3601 minori,
385 3537 527 3592 sicut
575 3543 838 3611 scriptum
896 3554 979 3599 est
1021 3561 1034 3597 :
1081 3541 1252 3599 Iacob
1298 3547 1483 3613 dilexi,
1530 3550 1667 3605 Esau

69 3635 273 3678 autem
310 3628 437 3682 odio
488 3629 672 3687 habui.
707 3653 725 3686 ι
772 3635 890 3690 Istae
937 3638 1078 3691 enim
1137 3638 1270 3692 tales
1295 3643 1670 3710 generationes

71 3717 293 3771 animae
321 3720 486 3774 etiam
512 3723 826 3795 priusquam
857 3728 1063 3783 faciant
1086 3729 1213 3783 boni
1246 3730 1469 3801 aliquid,
1503 3735 1671 3803 siqui-

62 3808 197 3861 dem
222 3826 301 3864 ex
324 3824 515 3869 sancto
540 3817 740 3885 Spiritu
765 3828 1035 3891 generata:
1052 3829 1195 3885 sunt,
1218 3821 1331 3890 jam
1350 3826 1664 3895 diliguntur.

65 3897 124 3952 Si
162 3917 315 3956 vero
340 3919 407 3959 ex
433 3907 626 3975 Spiritu
659 3912 912 3981 maligno,
942 3914 1105 3967 etiam
1148 3918 1465 3987 priusquam
1505 3934 1669 3987 opere

58 3992 355 4062 impleant
380 3997 583 4067 aliquid
612 4002 758 4068 mali,
800 4003 901 4057 hoc
919 4004 1033 4072 ipso
1072 4015 1252 4062 tamen
1295 4010 1434 4078 quod
1479 4009 1667 4080 hujus-

58 4088 221 4141 modi
264 4090 605 4147 voluntatem
646 4097 853 4164 peperit
878 4099 1083 4163 anima,
1148 4101 1309 4170 digne
1352 4104 1404 4156 in
1446 4119 1509 4159 ea
1542 4106 1667 4160 odio

54 4179 326 4233 habetur
352 4182 505 4237 mala:
534 4188 827 4242 voluntatis
844 4189 1176 4245 exsecranda
1202 4195 1503 4263 conceptio.
1535 4196 1666 4252 Pro-

54 4278 262 4337 pterea
298 4270 551 4330 fortassis
593 4277 645 4330 in
697 4277 856 4349 huju‘s
899 4282 1228 4336 sacramenti
1286 4284 1457 4353 ﬁgura
1503 4287 1664 4340 etiam

53 4361 371 4417 Chanaam
415 4381 547 4435 puer
597 4380 888 4439 antequam
938 4383 1260 4428 nasceretur
1306 4376 1661 4433 maledicitur.

53 4450 244 4507 Cham
290 4470 525 4525 namque
552 4471 869 4527 peccaverat
899 4472 1054 4531 pater
1078 4464 1195 4534 ejus
1221 4483 1233 4519 :
1256 4475 1308 4519 et
1336 4469 1665 4537 prophetans

1780 3279 1855 3332 ita
1910 3277 2231 3346 deﬁnierit,
2309 3280 2450 3348 quod
2508 3278 2685 3333 omnis
2740 3280 2917 3332 anima
2992 3287 3085 3330 aut
3132 3276 3363 3332 Domino

1777 3368 2071 3437 conjuncta
2129 3370 2223 3437 sit,
2268 3380 2363 3424 aut
2421 3370 2691 3424 meretrici
2756 3388 2768 3423 :
2830 3378 2884 3424 et
2941 3369 3174 3425 intellexi
3217 3370 3360 3440 quod

1780 3462 2068 3517 Dominum
2122 3462 2340 3531 quidem
2392 3460 2591 3517 dixerit
2648 3461 2883 3515 virtutes
2943 3476 3062 3530 quae
3107 3461 3360 3517 Christus

1778 3561 1881 3619 est,
1914 3551 1965 3605 id
2013 3561 2096 3606 est
2140 3550 2387 3611 verbum,
2438 3552 2785 3619 sapientiam,
2847 3552 3152 3618 veritatem,
3197 3550 3362 3622 35.9

1772 3646 2072 3715 justitiam,
2096 3652 2400 3713 caeteraque
2461 3642 2773 3710 hujusmodi
2810 3665 2821 3699 :
2854 3644 3192 3698 meretricem
3228 3659 3359 3697 vero

1780 3752 1968 3790 omnes
2027 3735 2336 3791 econtrario
2402 3736 2621 3789 malitiae
2677 3736 2907 3803 species.
3002 3734 3115 3789 Hoc
3189 3736 3355 3790 etiam

1777 3831 1919 3898 apud
1975 3826 2318 3882 Salomonem
2370 3827 2475 3881 dici
2524 3828 2765 3896 intelligo
2805 3828 2857 3881 in
2898 3840 2962 3881 eo
2995 3828 3138 3895 quod
3182 3828 3258 3881 ait
3292 3828 3359 3882 de

1777 3920 2064 3974 meretrice
2102 3918 2179 3984 “,
2208 3918 2336 3987 quia
2368 3936 2385 3969 ι
2425 3933 2522 3987 per
2558 3917 2827 3974 fenestras
2862 3919 3121 3988 prospicit
3152 3918 3202 3971 in
3235 3917 3354 3987 pla-

1777 4020 1891 4065 teas
1920 4050 1936 4075 ,
1971 4018 2025 4065 et
2063 4011 2107 4066 si
2142 4026 2300 4079 quem
2338 4010 2539 4065 viderit
2572 4009 2941 4080 insipientium
2976 4008 3355 4064 adolescentu-

1776 4080 1985 4169 lorum,
2016 4113 2073 4157 et
2112 4104 2329 4171 inopem
2368 4117 2625 4157 sensuum
2666 4111 3033 4157 transeuntem
3075 4102 3225 4172 juxta
3259 4117 3357 4156 an—

1774 4197 1928 4266 gulos
1955 4196 2146 4251 domus
2180 4210 2312 4261 suae,
2349 4206 2402 4251 et
2437 4195 2747 4271 loquentem
2782 4198 2835 4250 in
2863 4196 3103 4253 tenebris
3129 4211 3350 4266 vesper-

1776 4291 1941 4356 tinis,
1981 4305 2103 4344 cum
2140 4289 2412 4344 silentium
2451 4289 2613 4344 fuerit
2655 4297 2980 4343 nocturnum
3007 4330 3021 4354 ,
3062 4288 3145 4343 vel
3176 4290 3359 4360 caligo

1774 4384 1951 4438 noctis
1987 4400 1999 4435 :
2037 4382 2233 4436 mulier
2269 4391 2450 4435 autem
2495 4383 2739 4436 occurrit
2771 4383 2821 4436 ei
2868 4384 3071 4439 habens
3114 4386 3356 4451 speciem

1778 4469 2106 4532 meretricis,
2133 4483 2251 4537 quae
2280 4468 2412 4524 facit
2431 4468 2689 4535 juvenum
2716 4470 2934 4524 evolare
2956 4473 3141 4529 corda.
3178 4490 3198 4524 ι
3231 4472 3353 4527 llzcc

53 4537 203 4607 Noe,
236 4556 375 4595 cum
402 4545 693 4614 unicuique
722 4548 950 4603 ﬁliorum
973 4567 1193 4607 suorum
1222 4556 1422 4624 optima
1440 4572 1662 4626 qumque
1694 4550 1740 4605 Ι)
1771 4574 1901 4630 ergo
1935 4576 2056 4630 qua:
2089 4561 2287 4614 dicitur
2318 4563 2573 4615 meretrix
2599 4602 2614 4626 ,
2648 4564 2761 4632 ipsa
2792 4574 2877 4619 est
2906 4565 3111 4619 malitia
3140 4583 3153 4619 :
3183 4575 3237 4619 et
3261 4569 3356 4635 qui

53 4632 353 4701 signaret,
391 4635 476 4688 ubi
524 4639 591 4691 ad
623 4637 792 4693 Cham
843 4653 1063 4696 ventum
1101 4653 1202 4707 est,
1254 4664 1273 4694 ‹
1328 4644 1659 4714 Maledictus,

65 4724 247 4791 inquit
284 4725 354 4787 η,
386 4724 660 4782 Chanaam
690 4745 842 4797 puer.
874 4751 892 4783 ι
922 4732 1090 4787 Cham
1119 4736 1383 4803 peccavit,
1432 4745 1484 4789 et
1515 4737 1656 4791 Cha-

54 4830 227 4867 taam
272 4817 570 4882 progenies
600 4818 717 4886 ejus
741 4820 1103 4886 maledicitur,
1132 4832 1184 4877 et
1231 4826 1518 4879 inaledieta
1551 4841 1656 4884 est.

54 4911 107 4959 Et
150 4908 306 4962 idco
330 4910 508 4962 acrius
561 4911 716 4965 nobis
765 4912 1148 4969 intendendum
1191 4927 1293 4983 est,
1341 4929 1395 4972 et
1448 4926 1662 4993 prospi-

54 5003 364 5067 demtum,
408 5018 475 5056 ne
502 5002 639 5057 forte
671 5017 894 5075 generet
929 5009 1131 5078 aliquid
1158 5011 1340 5065 anima
1376 5017 1518 5083 quod
1552 5033 1665 5070 ma-

54 5094 281 5145 etlicto
314 5094 537 5163 dignum
570 5095 663 5161 sit,
698 5105 756 5149 ut
781 5099 993 5153 etiamsi
1026 5102 1262 5155 nondum
1287 5117 1450 5170 opere
1479 5106 1664 5174 imple-

54 5186 229 5249 erit,
276 5185 334 5237 in
374 5185 495 5253 ipsa
530 5195 711 5241 tamen
752 5188 1029 5245 voluntate
1051 5201 1106 5244 et
1137 5195 1415 5262 proposito
1449 5197 1564 5265 ejus
1594 5199 1666 5253 sit

53 5277 399 5344 mjusmodi
451 5280 739 5335 maledicta
776 5283 1083 5353 progenies.
1131 5284 1282 5351 Quod
1323 5297 1377 5340 et
1427 5289 1472 5342 si
1526 5289 1667 5346 forte

66 5374 378 5439 liquando
410 5373 652 5427 evenerit
686 5375 828 5444 (quis
857 5379 1000 5429 enim
1050 5376 1361 5432 invenietur
1390 5381 1546 5434 facile
1573 5384 1663 5452 qui

54 5468 105 5515 rb
144 5465 491 5532 liujusmodi
517 5469 885 5537 generatione,
915 5469 966 5523 id
994 5481 1077 5526 est
1102 5475 1359 5540 peccandi
1386 5476 1664 5533 voluntate

54 5560 361 5612 labeatur
389 5558 807 5635 immunis?),si
832 5579 963 5635 ergo
994 5565 1262 5635 acciderit
1289 5568 1394 5623 tale
1437 5569 1659 5641 aliquid,

104 5767 131 5796 ⁸
176 5763 340 5828 Sap.
380 5779 459 5827 tu,
497 5764 586 5818 16.
662 5767 681 5794 ε’
725 5766 869 5817 ΡμυΙ.
903 5784 1107 5828 ('xx'rtt,

1295 5774 1334 5803 '°
1358 5774 1458 5827 Job
1489 5792 1576 5838 Ill;
1610 5778 1809 5837 Jcrent.
1842 5798 1930 5833 xx.

1770 4669 1829 4708 se
1866 4653 2108 4721 junxerit
2163 4655 2287 4709 huic
2341 4657 2655 4721 meretrici,
2699 4673 2863 4711 unum
2904 4673 3101 4726 corpus
3132 4658 3352 4711 malitiae

1772 4744 2019 4799 efﬁcitur.
2057 4746 2210 4800 Sicut
2254 4762 2385 4816 ergo
2417 4748 2505 4815 qui
2539 4764 2596 4802 se
2620 4747 2797 4819 jungit
2825 4748 3045 4804 Christo
3081 4750 3310 4804 Domino
3335 4791 3351 4812 ,

1763 4836 1941 4905 jungit
1970 4853 2029 4892 se
2055 4839 2359 4906 sapientiae,
2387 4838 2566 4909 jungit
2588 4855 2645 4894 se
2672 4840 2919 4909 justitiae,
2942 4842 3124 4912 jungit
3153 4859 3211 4897 se
3238 4843 3351 4911 pic-

1769 4933 1863 4983 tati
1891 4972 1905 4994 ,
1937 4939 1990 4983 et
2023 4930 2235 4984 veritati
2266 4972 2282 4998 ,
2312 4941 2367 4985 et
2396 4946 2516 4984 cum
2547 4934 2628 4987 his
2655 4936 2907 4989 omnibus
2944 4952 3081 4991 unus
3117 4935 3351 4990 efﬁcitur

1768 5022 1994 5090 spiritus
2029 5041 2042 5077 :
2081 5022 2153 5075 ita
2188 5032 2240 5075 et
2269 5023 2358 5090 qui
2391 5038 2448 5076 se
2477 5024 2656 5094 jungit
2687 5026 2812 5080 huic
2844 5027 3148 5091 meretrici,
3176 5027 3350 5096 jungit

1768 5128 1827 5165 se
1860 5114 2242 5183 impudicitite,
2277 5116 2540 5185 impietati
2563 5156 2578 5181 ,
2612 5116 2923 5185 iniquitati,
2957 5119 3270 5184 mendacio,
3298 5128 3349 5170 ct

1774 5206 1932 5258 simul
1955 5207 2206 5260 omnibus
2231 5217 2575 5274 peccatorum
2605 5207 2783 5275 malis,
2813 5224 2934 5264 cum
2959 5211 3158 5278 quibus
3183 5225 3349 5262 unum

1774 5313 1975 5365 corpus
2002 5298 2252 5352 efﬁcitur.

1846 5392 1899 5445 5.
1940 5389 2320 5447 Verumtamen
2374 5411 2391 5443 ι
2434 5392 2695 5462 applicuit
2730 5393 2894 5447 Israel
2926 5394 2983 5448 in
3011 5392 3187 5447 Sattin
3218 5391 3284 5444 ⁸⁷.
3324 5410 3343 5442 ι

1772 5482 1828 5535 In
1866 5483 2318 5551 interpretatione
2340 5483 2730 5538 llebraicorum
2758 5485 3035 5538 nominum
3064 5484 3237 5537 Sattin
3271 5484 3349 5535 in-

1773 5575 2019 5630 venimus
2048 5576 2098 5629 in
2130 5574 2309 5645 lingua
2348 5583 2532 5630 nostra
2569 5577 2977 5645 responsionem,
3028 5575 3113 5631 vel
3144 5575 3348 5646 refuta-

2021 5784 2058 5813 ”
2091 5782 2239 5837 Ilom.
2283 5798 2354 5835 Ix.
2390 5784 2467 5847 ll,
2507 5783 2589 5846 l2,
2628 5783 2705 5846 15,
2738 5782 2801 5835 14
2903 5782 2948 5808 ⁸η
2981 5780 3115 5834 Gen.
3146 5798 3220 5843 is,
3249 5778 3335 5836 ‘25.

54 5839 70 5866 δ
140 5835 332 5888 l‘sal.
381 5850 618 5899 cxxxvtt,
669 5835 721 5899 8,
756 5836 808 5890 9.
890 5839 931 5867 "'
968 5839 983 5890 Ι
1015 5841 1137 5892 Cor.
1170 5855 1241 5909 γι,
1281 5842 1360 5896 l7.
1443 5835 1642 5916 “ibid,

1799 5835 1807 5837 ν
1848 5854 1891 5882 ¹⁶
1922 5853 2081 5907 Prov.
2134 5835 2227 5919 vlt,
2262 5856 2313 5917 li,
2354 5854 2405 5918 7,
2432 5835 2484 5917 δ’,
2512 5835 2705 5920 9,’10.’
2767 5854 2803 5883 ¹⁷
2834 5851 2991 5908 Νιιιιι.
3027 5835 3152 5916 XXV,
3186 5835 3232 5906 l'.
