3914 6530
571 359 670 417 751

2033 348 2355 407 ORIGENIS
3669 359 3740 415 iii

573 477 776 531 tionem
823 475 926 530 dici
971 474 1103 544 (ﬂii).
1162 473 1438 543 Applicuit
1465 487 1598 543 ergo
1623 472 1788 529 lsrael
1832 473 1898 529 ad
1928 487 2155 542 respon-
2185 475 2234 532 Α
2264 470 2405 526 forte
2436 455 2695 527 fornicari
2731 478 2781 527 te
2810 470 3010 527 faciant
3039 485 3068 526 a
3103 471 3214 528 Deo
3241 477 3350 526 tuo.
3386 491 3403 524 ι
3435 470 3514 528 Ille
3531 487 3636 544 ergo
3657 493 3739 534 cun

573 568 804 632 sionem,
838 566 920 621 vel
959 565 1358 622 refutationem.
1393 565 1511 621 Non.
1541 568 1678 622 bene
1705 565 1990 636 applicuit.
2020 565 2155 620 Vide

573 659 805 727 denique
833 658 959 727 quid
994 658 1223 712 incurrit
1253 659 1304 711 in
1330 658 1432 712 hac
1456 655 1670 728 positus
1697 658 1996 712 mansione.
2025 655 2158 711 For-

574 752 788 806 nicatus
815 758 900 804 est
935 765 1057 803 cum
1091 750 1413 805 mulieribus
1441 749 1856 804 Madiauitarum
1881 790 1894 812 ,
1926 757 1978 803 et
2011 747 2159 803 refu-

576 850 722 896 tatus
755 850 834 896 est
870 856 899 896 a
935 840 1044 896 Deo
1075 860 1088 894 :
1119 843 1242 911 quia
1276 859 1381 896 non
1417 841 1589 897 solum
1632 841 1951 904 fornicatus,
1983 844 2077 896 sed
2105 849 2159 896 et

575 933 732 989 idolis
784 935 1026 1004 gentium
1074 946 1426 990 consecratus
1473 948 1589 1000 est,
1625 945 1679 992 et
1710 937 1945 991 comedit
1983 951 2049 990 ex
2093 937 2159 992 iis

574 1041 696 1091 quae
730 1025 950 1080 fuerant
978 1027 1136 1081 idolis
1178 1027 1452 1081 immolata
1477 1067 1493 1092 ,
1533 1043 1652 1097 qua:
1687 1029 1870 1097 utique
1907 1043 2160 1084 exsecra-

575 1115 704 1171 bilia
745 1127 872 1171 sunt
930 1119 994 1172 ad
1055 1117 1246 1174 Deum.
1297 1119 1398 1186 Qui
1448 1122 1590 1174 enim
1631 1135 1931 1176 consensus
1952 1121 2158 1194 templo

577 1211 670 1264 Dei
706 1225 826 1264 cum
860 1211 1055 1266 idolis?
1079 1210 1276 1265 Verum
1313 1226 1412 1280 ego
1440 1212 1605 1266 etiam
1637 1212 1702 1266 de
1733 1213 1834 1277 iis,
1869 1229 1988 1282 qua:
2018 1213 2160 1281 Apo-

575 1301 752 1357 stolus
805 1301 870 1355 ad
922 1301 1236 1357 Corinthios
1281 1302 1476 1357 scribit
1510 1303 1695 1358 dicens
1747 1304 1790 1335 ³⁸
1833 1319 1848 1358 :
1886 1321 1904 1355 ς
1946 1304 2000 1358 Si
2037 1305 2160 1375 quis

579 1402 761 1448 autem
828 1393 1026 1448 viderit
1073 1394 1358 1462 scientiam
1404 1394 1688 1449 habentem
1753 1397 1804 1450 in
1863 1396 2024 1451 idolio
2075 1412 2160 1451 re-

575 1484 836 1540 cumbere
859 1525 873 1548 ,
933 1500 1113 1540 nonne
1157 1487 1496 1540 conscientia
1529 1486 1643 1555 ejus
1682 1503 1804 1542 cum
1841 1489 1912 1543 sit
1944 1489 2158 1544 inﬁrma

579 1575 940 1630 :edilicahitur
985 1576 1051 1630 ad
1100 1576 1539 1631 manducandum
1583 1577 1904 1633 immolata?
1941 1598 1959 1631 ι
2003 1580 2159 1635 valde

581 1667 813 1721 miratus
856 1683 998 1721 sum.
1051 1667 1276 1722 Videtur
1335 1671 1477 1724 enim
1519 1687 1626 1727 non
1678 1682 1784 1727 tam
1834 1689 1946 1727 rem
1986 1673 2157 1741 ipsam

579 1774 800 1828 gravem
829 1761 1202 1828 pronuntiare,
1233 1777 1396 1830 quam
1429 1763 1574 1819 illius
1601 1764 1890 1829 oﬂensam,
1922 1767 2012 1836 qui
2047 1766 2160 1820 hzec

579 1849 768 1904 videns
801 1851 963 1905 simili
998 1862 1325 1921 provocatur
1368 1857 1650 1926 exemplo.
1690 1873 1812 1912 eum
1856 1874 1960 1914 non
1997 1859 2157 1914 simili

580 1943 810 1998 scientia
843 1943 1143 2010 muniatur,
1177 1945 1248 2000 ita
1284 1955 1341 2001 ttt
1375 1952 1626 2004 ostendat
1660 1964 1781 2004 eum
1826 1951 1914 2021 qui
1954 1951 2159 2008 habens

581 2035 868 2090 scientiam
903 2038 1171 2092 recumbit
1199 2039 1251 2094 in
1282 2040 1467 2106 idolio,
1501 2057 1604 2096 non
1637 2054 1743 2096 tam
1781 2045 1862 2098 sui
1891 2060 2052 2112 quam
2081 2045 2160 2098 al-

580 2126 750 2182 terius
803 2129 985 2184 damni
1043 2130 1186 2186 eflici
1238 2147 1412 2188 reum.
1463 2133 1582 2205 Sed,
1613 2136 1735 2190 vide
1773 2151 1838 2191 ne
1881 2137 2020 2192 forte
2053 2153 2158 2191 non

579 2217 684 2272 hoc
729 2218 902 2274 solum
951 2221 1116 2277 fiebat
1147 2225 1284 2292 apud
1321 2225 1668 2293 Corinthios,
1700 2236 1756 2280 ut
1789 2227 1840 2282 in
1883 2228 2043 2283 idolio
2077 2243 2162 2282 re-

577 2309 937 2376 cumberent,
974 2323 1028 2368 et
1065 2313 1342 2369 immolata
1386 2315 1547 2371 idolis
1597 2319 2011 2376 manducarent.
2053 2320 2160 2376 Sed

577 2403 721 2460 forte
767 2406 1023 2475 quoniam
1079 2407 1310 2463 studiosi
1361 2408 1671 2466 litterarum
1705 2410 2020 2469 Graecarum
2064 2417 2159 2471 ho-

579 2495 754 2549 mines
792 2505 974 2561 erant,
1023 2510 1079 2554 et
1125 2509 1398 2555 amatores
1443 2501 1800 2572 philosophia:
1827 2545 1842 2570 ,
1887 2505 2162 2562 desiderio

579 2585 758 2641 adhuc
796 2588 1103 2643 studiorum
1146 2600 1386 2653 veterum
1433 2593 1797 2659 tenebantur,
1828 2604 1881 2650 et
1922 2597 2162 2666 philoso-

578 2677 811 2746 phorum
847 2681 1093 2750 dogmata
1122 2721 1137 2746 ,
1169 2683 1322 2752 quasi
1361 2683 1516 2739 idolis
1559 2683 1836 2742 immolata
1878 2689 2110 2744 edebant
2147 2712 2158 2746 :

586 2785 712 2839 quae
755 2779 938 2827 tamen
990 2773 1185 2829 lazdere
1227 2775 1462 2832 fortasse
1495 2792 1599 2832 non
1631 2790 1879 2847 poterant
1908 2795 2001 2838 eos
2023 2821 2040 2849 ,
2069 2781 2162 2850 qui

580 2861 796 2930 plenam
853 2864 1133 2920 scientiam
1183 2869 1434 2925 veritatis
1480 2883 1824 2941 acceperant.
1868 2874 1932 2929 Hi
1979 2886 2160 2931 autem

582 2960 673 3029 qui
713 2960 766 3014 in
799 2959 1020 3018 Christo
1050 2965 1227 3020 minus
1263 2966 1586 3024 eruditionis
1615 2968 1927 3037 habebant,
1956 2971 1999 3026 si
2032 2971 2159 3026 imi-

583 3061 828 3107 tarentur
875 3071 968 3111 eos
1014 3056 1258 3127 legentes
1311 3059 1480 3127 talia,
1523 3068 1578 3115 et
1614 3060 1719 3116 illis
1751 3061 1928 3117 adhuc
1967 3064 2160 3119 studiis

577 3157 799 3212 operam
837 3146 1031 3202 dantes
1058 3187 1073 3212 ,
1106 3149 1381 3205 vulnerari
1409 3160 1692 3219 poterant,
1729 3163 1784 3207 et
1822 3155 2157 3209 diversorum
2187 3182 2229 3240 ο

578 3234 894 3306 dogmatum
925 3240 1090 3295 variis
1121 3242 1402 3298 erroribus
1443 3241 1732 3314 implicari.
1768 3245 1858 3300 Sic
1888 3260 2018 3317 ergo
2061 3247 2157 3304 fie-

579 3327 695 3394 bat,
721 3339 781 3384 ut
815 3330 1103 3388 lzederetur
1127 3333 1282 3404 alius,
1319 3338 1460 3391 unde
1483 3335 1528 3391 is
1557 3338 1648 3407 qui
1681 3337 1917 3395 habebat
1946 3341 2158 3410 plenam

579 3421 864 3477 scientiam
901 3426 1183 3492 veritatis,
1210 3427 1329 3483 lzedi
1355 3444 1460 3485 non
1491 3439 1729 3500 poterat.
1765 3431 1869 3486 Sed
1904 3433 2158 3501 quoniam

577 3514 824 3572 charitas
855 3531 964 3571 non
999 3519 1230 3587 requirit
1259 3522 1403 3589 quod
1433 3521 1533 3577 sibi
1567 3523 1699 3578 utile
1732 3532 1851 3592 est,
1886 3527 1981 3580 sed
2019 3527 2158 3596 quod

577 3607 785 3672 multis,
811 3609 1108 3664 observare
1130 3621 1346 3680 oportet
1371 3611 1533 3668 talem
1558 3614 1709 3669 verbi
1736 3629 1933 3684 capere
1957 3617 2157 3681 cibum,

576 3699 668 3766 qui
721 3714 826 3754 non
879 3700 1054 3756 solum
1096 3717 1195 3758 nos
1224 3702 1454 3759 aediﬁcet
1484 3713 1538 3760 et
1568 3705 1832 3766 delectet,
1861 3706 1954 3761 sed
1985 3715 2041 3760 et
2069 3709 2159 3778 qui

577 3791 825 3846 videntes
859 3807 964 3846 non
998 3792 1266 3859 offendat,
1299 3804 1391 3849 aut
1429 3795 1609 3850 lazdat.
1642 3797 1739 3852 Est
1768 3812 1899 3868 ergo
1931 3814 2035 3852 non
2069 3815 2160 3855 so-

577 3880 687 3935 lum
719 3883 769 3935 in
799 3882 934 3937 cibis
956 3883 1112 3938 idolis
1136 3885 1497 3952 immolatum,
1520 3887 1612 3942 sed
1639 3898 1692 3942 ct
1725 3889 1776 3942 in
1811 3889 2014 3944 verbis.
2048 3889 2160 3958 Ego

576 3983 709 4042 puto
735 4013 749 4040 ,
783 3975 910 4044 quia
953 3977 1093 4031 sicut
1122 3979 1297 4034 omnis
1321 3994 1502 4034 sermo
1537 3981 1626 4050 qui
1658 3982 1934 4051 pietatem,
1979 3993 2031 4036 et
2073 3983 2164 4052 ju-

575 4066 800 4132 stitiam,
830 4077 884 4122 et
921 4069 1204 4125 veritatem
1235 4072 1416 4137 docet,
1445 4071 1551 4126 Deo
1577 4085 1930 4130 consecratus
1961 4086 2043 4131 est
2067 4119 2080 4140 ,
2109 4084 2162 4132 ct

578 4157 688 4211 Deo
728 4158 1034 4216 immolatus
1078 4179 1092 4216 :
1141 4163 1212 4217 ita
1243 4171 1297 4218 et
1332 4166 1513 4220 omnis
1548 4182 1730 4222 sermo
1757 4167 1850 4236 qui
1883 4167 1950 4222 ad
1985 4168 2160 4236 impu-

581 4248 852 4318 dicitiam,
896 4252 978 4307 vel
1017 4253 1376 4323 iniustitiam,
1409 4256 1493 4310 vel
1527 4257 1860 4326 impietatem
1907 4259 2159 4328 respicit,

578 4341 733 4398 idolis
752 4343 1068 4401 immolatus
1093 4346 1186 4411 sit,
1216 4356 1266 4401 et
1293 4347 1383 4416 qui
1412 4362 1534 4402 eum
1566 4348 1790 4418 recipit,
1818 4351 1972 4417 quasi
2003 4352 2160 4406 idolis

575 4433 854 4490 immolata
906 4437 1217 4493 manducet.
1264 4437 1608 4495 Manducavit
1654 4456 1786 4511 ergo
1833 4443 2062 4512 populus
2094 4444 2159 4498 de

2260 573 2405 622 esset
2429 566 2892 636 sapientissimus,
2925 575 2979 622 et
3003 567 3242 637 ingentis
3267 567 3403 637 apud
3429 567 3575 623 Deum
3600 575 3740 640 meriti,

2263 670 2442 716 tamen
2475 659 2601 728 quia
2637 674 2694 714 se
2728 659 2952 714 tradidit
2986 659 3172 714 multis
3205 659 3531 727 mulieribus,
3556 661 3744 733 deceptas

2261 759 2362 804 est.
2397 749 2508 819 Ego
2538 758 2667 819 puto
2691 751 2836 820 quod
2867 748 3050 804 multae
3075 750 3356 816 mulieres,
3391 751 3544 804 multa
3565 752 3742 822 dogmata

2260 852 2315 896 et
2362 842 2657 896 multarum
2711 842 2954 912 gentium
3005 829 3237 896 diversae
3277 841 3602 911 philosophia:
3628 851 3744 898 nomi-

2262 943 2479 990 nentur.
2536 934 2667 1002 Qua:
2716 950 2840 990 cum
2887 934 3097 1004 singula
3144 945 3539 1004 agnoscere,et
3568 952 3745 1004 perscru-

2265 1024 2364 1079 tari
2413 1033 2598 1094 utpote
2652 1031 2707 1078 et
2751 1023 3150 1079 scientissimus
3191 1031 3247 1078 et
3285 1021 3745 1092 sapientissimume-

2262 1118 2485 1182 luisset,
2520 1117 2871 1188 semetipsum
2916 1119 3057 1171 intra
3094 1117 3230 1185 legis
3259 1115 3449 1170 divina:
3478 1117 3677 1186 regulam
3699 1129 3746 1172 te

2262 1223 2394 1263 nere
2440 1223 2547 1264 non
2600 1209 2796 1278 potuit.
2851 1209 3073 1279 Decepit
3111 1223 3233 1262 eum
3278 1207 3552 1262 Moabitica
3578 1209 3745 1275 philo»

2263 1299 2418 1368 phia,
2446 1308 2503 1353 et
2533 1299 2805 1367 persuasit
2827 1309 2886 1354 ut
2918 1299 3060 1354 idolo
3085 1298 3374 1354 Moabitico
3403 1298 3747 1365 immolaret,si-

2265 1391 2467 1446 militer
2513 1401 2569 1446 et
2609 1393 3044 1448 Ammonitarum
3071 1433 3087 1458 ,
3131 1393 3224 1446 sed
3255 1400 3310 1446 et
3344 1391 3637 1460 reliquarum
3660 1409 3745 1461 gen-

2265 1484 2430 1550 tium,
2466 1499 2695 1554 quarum
2732 1485 2990 1540 mulieres
3033 1485 3231 1540 dicitur
3269 1484 3564 1554 recepisse,
3599 1497 3642 1538 et
3666 1487 3748 1538 edi-

2263 1579 2457 1634 ficasse
2475 1579 2692 1650 templa,
2719 1580 2803 1636 vel
2827 1579 3138 1635 immolasse
3156 1578 3317 1633 idolis
3333 1592 3510 1632 earum
3525 1578 3582 1631 “.
3601 1577 3748 1632 Grande

2263 1682 2346 1727 est
2379 1687 2508 1742 ergo
2553 1683 2608 1726 et
2652 1687 2780 1728 vere
2813 1687 2950 1743 opus
2982 1671 3074 1726 Dei
3102 1712 3117 1737 ,
3145 1679 3253 1726 tam
3293 1669 3476 1724 multis
3499 1669 3750 1739 dogmatibus

2264 1764 2414 1833 quasi
2450 1765 2767 1820 mulieribus
2800 1765 3051 1831 misceri,
3087 1780 3184 1820 nec
3218 1773 3400 1819 tamen
3433 1780 3459 1816 a
3486 1765 3682 1818 veritatis
3700 1782 3750 1820 re-

2266 1856 2388 1927 gula
2452 1857 2728 1912 declinare
2753 1897 2768 1922 ,
2819 1856 2912 1912 sed
2954 1867 3269 1912 constanter
3295 1856 3482 1911 dicere
3515 1856 3554 1887 ¹¹
3591 1873 3602 1908 :
3641 1856 3751 1911 Sen-

2267 1945 2420 2022 giuta'
2448 1960 2576 2003 sunt
2611 1951 2830 2021 regina},
2859 1958 2917 2006 et
2941 1950 3214 2020 octoginta
3252 1948 3587 2010 concubium,
3611 1951 3750 2001 etalio.

2267 2042 2577 2098 lcsccntula:
2624 2057 2851 2112 quarum
2900 2057 3007 2096 non
3049 2049 3136 2096 est
3181 2052 3442 2094 numerus
3473 2055 3488 2091 τ
3521 2054 3608 2092 una
3637 2048 3750 2093 tamen

2265 2143 2348 2191 est
2373 2134 2622 2190 columba
2657 2149 2796 2199 mea,
2821 2134 3056 2206 perfecta
3083 2147 3222 2197 mea,
3247 2145 3357 2186 una
3388 2140 3467 2187 est
3495 2131 3651 2184 matris
3669 2146 3750 2192 sua.

2265 2241 2370 2280 una
2408 2234 2490 2280 est
2523 2225 2803 2295 genitricis
2837 2240 2970 2280 suae.
3005 2225 3110 2280 Sed
3144 2224 3234 2279 isti
3265 2220 3750 2278 adoraveruntido‘u.

2269 2328 2323 2374 et
2349 2317 2659 2374 consecrati
2691 2325 2818 2372 sunt
2847 2317 3198 2388 Beelphegor.
3235 2315 3558 2386 Beclphegor
3580 2314 3675 2367 idoli
3695 2329 3753 2365 no-

2266 2425 2387 2465 men
2424 2417 2508 2465 est
2531 2450 2544 2473 ,
2578 2412 2720 2479 quod
2755 2409 2896 2478 apud
2927 2407 3250 2463 Madianitas
3277 2406 3544 2477 praecipue
3577 2420 3600 2458 a
3628 2405 3751 2459 mulie

2264 2501 2414 2558 ribus
2449 2501 2748 2557 colebatur.
2802 2501 2858 2555 In
2889 2499 3051 2570 hujus
3086 2513 3216 2569 ergo
3249 2498 3384 2553 idoli
3415 2497 3653 2568 mysteriis
3671 2511 3750 2549 cou-

2264 2605 2509 2650 secratus
2560 2603 2645 2650 est
2682 2593 2868 2650 Israel.
2909 2592 3432 2664 lnterpretationem
3483 2592 3674 2646 nominis
3704 2592 3751 2658 ip-

2263 2687 2376 2743 sius
2412 2701 2536 2742 cum
2571 2687 2976 2754 requireremus
3007 2689 3268 2742 attentius
3313 2687 3460 2742 inter
3488 2685 3670 2740 Hebraea
3692 2699 3749 2736 no-

2264 2777 2413 2832 mina
2436 2816 2451 2842 ,
2485 2776 2589 2832 hoc
2624 2785 2836 2832 tantum
2863 2777 3170 2832 invenimus
3196 2777 3465 2846 scriptum
3485 2816 3500 2842 ,
3527 2775 3631 2844 quia
3659 2773 3750 2828 Berl-

2264 2870 2472 2940 phegor
2519 2869 2728 2939 species
2762 2869 2834 2924 sit
2877 2869 3226 2940 turpitudinis
3262 2869 3406 2939 (96).
3447 2867 3603 2923 Noluit
3635 2878 3749 2920 tamen

2265 2962 2548 3017 declarare
2596 2977 2715 3032 quze
2764 2962 2848 3018 vel
2897 2963 3074 3032 qualis
3119 2962 3337 3034 species
3368 3003 3382 3027 ,
3412 2961 3491 3016 vel
3519 2960 3641 3027 cujus
3659 2967 3750 3013 esset

2265 3055 2650 3124 turpitudinis,
2685 3053 2954 3109 honestati
2998 3052 3162 3109 credo
3196 3056 3514 3119 consulens,
3545 3051 3670 3122 350
3695 3051 3750 3118 qui

2267 3146 2656 3216 interpretatus
2681 3154 2764 3202 est
2785 3185 2800 3213 ,
2835 3147 2914 3200 uti
2948 3159 3016 3200 ne
3041 3145 3284 3201 auditum
3318 3145 3576 3216 pollueret
3603 3143 3750 3195 audiet-

2263 3238 2417 3293 tium.
2456 3239 2623 3310 Igitur
2656 3253 2778 3294 cum
2814 3237 2994 3292 multa:
3028 3238 3140 3292 sint
3172 3238 3567 3306 turpitudinum
3592 3235 3750 3302 species.

2263 3345 2368 3384 una
2397 3331 2645 3400 quaedam
2679 3345 2743 3384 ex
2779 3329 3023 3399 pluribus
3050 3329 3410 3399 turpitudinis
3444 3328 3629 3398 species
3657 3324 3750 3377 Beel-

2265 3421 2470 3491 phegor
2498 3421 2825 3492 appellatur.
2858 3419 3012 3474 Unde
3040 3419 3323 3475 sciendum
3357 3431 3473 3478 est.
3504 3416 3622 3489 quod
3644 3417 3754 3469 omns

2265 3513 2356 3584 qui
2391 3511 2592 3583 aliquid
2626 3521 2784 3581 turpe
2815 3511 3144 3578 committit,
3172 3521 3227 3566 et
3261 3511 3314 3566 in
3352 3512 3578 3582 aliquam
3600 3507 3752 3578 species

2267 3605 2617 3673 turpitudinis
2639 3605 2900 3671 declinat,
2931 3605 3274 3676 Beelphegor
3296 3605 3672 3660 Madianitarum
3691 3603 3754 3652 de

2267 3698 2451 3752 monio
2481 3706 2857 3754 consecratur.
2897 3695 3004 3751 Sed
3036 3705 3088 3752 et
3115 3713 3211 3767 per
3237 3697 3457 3767 singula
3484 3706 3664 3766 peccata
3685 3704 3754 3760 {ut

2266 3791 2659 3847 committimus
2685 3831 2700 3857 ,
2745 3789 2980 3844 maxime
3015 3789 3058 3844 si
3094 3789 3204 3858 jam
3240 3807 3353 3845 non
3385 3785 3755 3859 subreptioneall-

2263 3873 2392 3954 qua,
2425 3885 2519 3939 sed
2545 3883 2727 3939 studio
2758 3883 3064 3954 atl‘ectuque
3091 3899 3410 3953 peccamus,
3440 3884 3511 3938 illi
3537 3885 3633 3938 sine
3655 3881 3755 3933 dubia

2264 3979 2518 4044 daemoni,
2551 3978 2637 4032 cui
2671 3989 2956 4046 peccatum
2991 3978 3119 4033 illud
3152 3981 3296 4048 quod
3329 3978 3666 4033 commisimus
3687 3976 3756 4026 iuc-

2266 4070 2450 4140 perari
2491 4085 2638 4124 cura:
2680 4079 2794 4135 est,
2832 4085 3237 4125 consecrantur.
3278 4069 3350 4125 Et
3389 4069 3602 4125 fortasse
3623 4067 3757 4121 conti:-

2266 4171 2356 4232 εει
2387 4162 2544 4217 nobis
2568 4170 2646 4217 tot
2673 4162 3007 4218 dmmonibus
3032 4177 3153 4217 esse
3177 4173 3549 4226 consecratos,
3570 4171 3668 4228 quot
3686 4172 3758 4225 pis-

2264 4265 2385 4310 cata
2415 4255 2840 4317 committimus,
2865 4264 2918 4309 et
2952 4255 3006 4308 in
3035 4254 3264 4324 singulis
3299 4255 3598 4324 quibusque
3622 4251 3756 4305 delictis

2265 4347 2410 4402 velut
2440 4348 2698 4419 mysteria
2735 4347 2914 4415 illius,
2950 4358 3042 4403 aut
3071 4349 3213 4402 illius
3243 4347 3376 4403 idoli
3405 4347 3698 4414 suscipimus.
3723 4341 3757 4392 El

2263 4441 2499 4498 fortasse
2543 4454 2767 4512 propter
2812 4443 2917 4496 hoc
2962 4441 3180 4497 dicebat
3227 4441 3520 4509 Apostolus
3546 4435 3754 4489 ἐπείη

573 4527 858 4584 sacriﬁciis
885 4545 1100 4596 eorum,
1129 4541 1184 4586 et
1222 4532 1589 4588 adoraverunt
1619 4533 1760 4590 idola
1795 4551 2005 4590 eorum.
2040 4535 2156 4590 Non
2190 4538 2238 4599 ι)
2263 4535 2410 4588 enim
2442 4535 2763 4606 mysterium
2795 4533 3100 4604 iniquitatis
3131 4544 3417 4603 operatur.
3451 4554 3470 4588 ι
3503 4534 3757 4589 Circumstat

577 4619 750 4673 solum
807 4623 1308 4688 manducaverunt,
1349 4626 1445 4681 sed
1489 4635 1546 4682 et
1595 4629 1976 4684 adoraverunt.
2025 4629 2157 4684 Vide

573 4711 819 4768 ordinem
877 4715 1003 4769 mali
1063 4734 1075 4769 :
1126 4732 1315 4771 servos
1378 4719 1590 4774 Domini
1658 4721 1831 4788 prima
1892 4721 2152 4790 concupi-

575 4804 802 4869 scentia,
840 4805 964 4860 inde
998 4808 1203 4862 ventris
1238 4808 1521 4880 ingluvies,
1563 4821 1836 4880 postrema
1866 4813 2158 4882 captivavit

579 4897 851 4966 impietas.
892 4896 1188 4968 lmpietatis
1231 4911 1412 4956 autem
1451 4918 1665 4958 merCes
1699 4903 1998 4958 exsolvitur
2043 4905 2153 4961 for-

577 4986 796 5042 nicatio.
838 4988 894 5044 Si
933 4991 1140 5062 relegas
1168 5008 1288 5062 qua:
1317 4994 1518 5063 scripta
1563 5004 1692 5048 sunt
1724 4995 1789 5048 de
1827 4994 2116 5052 Salomone
2138 5039 2152 5063 ,

575 5081 818 5137 invenies
849 5100 996 5150 cum,
1026 5096 1082 5140 et
1109 5086 1326 5155 quidem
1358 5103 1478 5141 cum
1512 5098 1660 5141 esset
1695 5089 2153 5158 sapientissimus,

574 5176 758 5230 tnttltis
811 5177 1128 5234 mulieribus
1174 5181 1464 5237 inclinasse
1514 5182 1683 5236 latera
1731 5197 1860 5241 sua.
1906 5197 2030 5235 cum
2069 5181 2155 5236 lex

572 5267 667 5322 Dei
701 5269 845 5323 dicat
883 5271 926 5302 ¹⁹
964 5289 977 5324 :
1016 5290 1034 5322 ι
1071 5270 1186 5326 Νοη
1219 5273 1602 5343 multiplicabis
1639 5274 1730 5327 tibi
1775 5273 2050 5338 mulieres,
2091 5292 2157 5332 ne

646 5409 688 5440 ³³
725 5409 1017 5474 lCor.vttt,
1040 5413 1123 5466 l0.
1203 5415 1243 5444 ¹⁹
1272 5414 1424 5467 Deut.
1449 5429 1578 5480 xvtt,
1611 5413 1696 5468 l7.
1773 5413 1818 5444 ὀ
1843 5413 1904 5467 Ill
1935 5415 2156 5486 “03.)”.

643 5523 758 5592 (95)
817 5523 887 5578 In
947 5527 1380 5595 interpretatione
1438 5528 1822 5584 Hebraicorum
1881 5532 2150 5584 nominum

577 5595 758 5648 Sattin
784 5595 1077 5649 invenimus
1119 5602 1174 5652 in
1217 5599 1400 5668 lingua
1439 5609 1617 5654 nostra
1653 5613 2039 5668 nesrossmxm
2075 5601 2152 5655 vel

580 5678 978 5720 ttl-ZFUTATIONEM
999 5669 1128 5724 dici.
1160 5668 1310 5724 Unde
1355 5669 1529 5724 Sattin
1577 5671 1859 5737 responsio
1890 5672 1967 5724 vel
2006 5687 2142 5724 retu-

583 5738 712 5789 tatio
740 5738 843 5791 dici
875 5741 1066 5805 possit,
1117 5756 1220 5792 non
1265 5741 1448 5803 video.
1487 5740 1589 5794 nisi
1629 5740 1767 5794 forte
1801 5756 1828 5794 a
1878 5751 2038 5800 tenvi
2065 5741 2154 5794 lla-

581 5805 744 5872 gello.
781 5826 798 5859 D
836 5809 974 5876 quod
1016 5810 1206 5881 ineptae
1251 5812 1483 5867 rationes
1509 5809 1833 5866 refutatione
1868 5814 2021 5881 quasi
2053 5813 2150 5864 lla~

1203 5415 1243 5444 ¹⁹
1272 5414 1424 5467 Deut.
1449 5429 1578 5480 xvu,
1611 5413 1696 5468 l7.

2239 5418 2278 5448 ²¹
2311 5413 2548 5473 Cant.vt,
2577 5409 2626 5471 7,
2662 5408 2715 5462 8.

2264 4642 2394 4698 ergo
2429 4627 2656 4696 spiritus
2690 4627 2953 4696 maligni,
2982 4636 3030 4681 et
3075 4637 3331 4696 quierunt
3363 4627 3613 4697 quomodo
3635 4637 3757 4676 onum-

2264 4739 2534 4794 quemque
2563 4723 2836 4792 decipiant
2859 4763 2875 4788 ,
2908 4731 2962 4778 et
2993 4736 3088 4790 per
3115 4721 3433 4777 illecebram
3453 4721 3653 4792 .peccati
3688 4728 3756 4780 ut.

2266 4814 2449 4869 steriis
2475 4823 2814 4879 consecrent,
2839 4824 2894 4869 et
2921 4829 3097 4883 neque
3121 4814 3476 4878 sentientem,
3502 4827 3647 4882 neque
3667 4805 3756 4858 inte?-

2264 4908 2549 4978 Iigcntcm,
2584 4906 2732 4962 verbi
2769 4921 2930 4961 causa
2954 4947 2971 4971 ,
3014 4924 3110 4976 per
3145 4907 3531 4963 fornicationis
3563 4909 3755 4974 pem!“

2266 4997 2622 5053 introducunt
2659 4995 2727 5051 ad
2767 4997 3091 5051 dznmoniutn
3132 4997 3576 5060 Madianitarum,
3612 5005 3651 5048 et
3679 5006 3755 5041 tota“

2267 5100 2486 5145 secrant
2530 5089 2903 5160 Beelphegor,
2939 5101 3268 5147 consecrant
3305 5089 3627 5159 turpitudini.
3651 5084 3755 5137 Simi-

2268 5186 2390 5239 liter
2433 5196 2490 5240 et
2539 5199 2634 5253 per
2663 5184 2766 5236 alia
2801 5194 3018 5251 peccata
3045 5223 3060 5247 ,
3094 5193 3152 5236 ut
3183 5183 3447 5248 diximus,
3492 5182 3598 5236 aliis
3623 5181 3755 5230 three-

2269 5278 2428 5331 nibus
2473 5276 2720 5329 homines
2762 5283 3170 5329 consecrantur.
3217 5272 3323 5329 Sed
3370 5282 3426 5326 tu
3469 5262 3754 5327 obserradili-

2793 5410 2836 5441 ²²
2870 5407 2909 5460 ll
2945 5406 3139 5462 Thess.
3169 5421 3230 5472 tt,
3280 5405 3332 5458 7.

2262 5527 2404 5600 gello
2427 5535 2737 5600 arceantur,
2766 5524 2868 5600 _vel
2912 5525 3074 5600 quod
3101 5523 3262 5594 paulo
3301 5521 3622 5575 verisimilius
3648 5525 3756 5580 est}

2256 5595 2382 5658 iam
2419 5617 2438 5651 ‹
2481 5596 2982 5668 circuire,iterare,
3025 5595 3351 5668 discurrere.
3396 5613 3416 5643 ι
3478 5664 3488 5668 _
3565 5660 3592 5668 η
3628 5656 3639 5668 ,

2330 5651 2441 5738 (—96)
2473 5667 2612 5731 Quia
2653 5651 2980 5734 Be'eIpItegor'
2998 5665 3188 5732 species
3236 5666 3300 5718 sit
3350 5656 3676 5738 turpitudinis;

2253 5725 2364 5805 Ηυξ.
2411 5725 2438 5791 ε’
2475 5725 2787 5799 Dominus;
2834 5725 2953 5790 rvet
2994 5725 3108 5799 "iv:
3145 5754 3163 5786 ί
3215 5725 3458 5805 aperuit,
3508 5750 3526 5782 ι
3570 5726 3751 5783 caulam

2259 5825 2450 5866 nomen
2491 5827 2506 5859 ο
2555 5807 2903 5877 Bcelphegor.
2944 5825 2964 5858 ι
