3914 6546
223 405 322 460 753

1375 413 1440 466 IN
1478 413 1809 470 NUMEROS
1849 415 2131 473 HOMILIA
2191 419 2311 473 XX.

3357 430 3459 484 734

225 521 423 586 gentius
450 521 589 589 quod
618 525 875 594 scriptum
907 535 1028 593 est,
1056 538 1115 584 et-
1153 538 1238 585 sta
1283 531 1338 585 in
1370 533 1498 597 viis,
1530 542 1583 586 et
1617 533 1784 587 inter—
1816 542 1857 598 Α
1891 537 1942 589 in
1973 551 2131 605 quam
2163 536 2392 590 voluerit
2429 548 2634 604 partem
2673 548 2754 594 est
2787 538 2835 593 ei
2874 538 3098 596 liberum
3129 523 3400 595 declinare
3437 557 3455 595 :

225 631 341 684 roga
391 630 506 684 qua:
547 615 655 669 sint
693 618 791 672 via:
821 619 1029 674 Domini
1079 630 1314 688 :cternar,
1353 635 1406 678 et
1439 639 1558 692 qua:
1595 625 1666 679 sit
1698 627 1779 679 via

222 712 382 772 bona,
434 717 484 760 et
524 706 716 762 incede
763 710 816 764 in
853 727 913 765 ea
939 752 954 777 ,
998 723 1053 767 et
1090 729 1194 768 non
1230 716 1460 770 accedas
1491 718 1556 770 ad
1583 716 1782 785 januas

219 801 398 855 doinus
429 799 661 859 malitiae.
698 801 805 857 Sed
844 804 904 858 si'
925 807 1162 861 senseris
1195 807 1491 878 malignum
1525 810 1778 878 spiritum

220 894 354 962 inqui
383 893 434 947 in
471 893 630 949 corde
663 904 773 959 tuo,
808 905 867 950 ut
892 907 942 952 te
969 898 1129 953 ducat
1154 900 1220 954 ad
1251 901 1466 971 aliquod
1501 917 1634 972 opus
1659 917 1780 972 pec-

218 984 351 1050 cati,
389 983 628 1054 intellige
665 987 790 1054 quia
831 996 882 1041 te
914 988 1112 1045 ducere
1149 990 1296 1056 vult,
1324 1001 1382 1045 ut
1407 1003 1688 1049 consecret
1729 1003 1778 1049 te

216 1075 363 1129 alicui
399 1075 648 1131 dremoni.
689 1078 891 1135 Ducere
923 1090 975 1136 te
1005 1083 1118 1137 vult
1143 1093 1200 1138 ut
1226 1084 1496 1153 suscipias
1519 1086 1772 1156 mysteria

215 1167 504 1228 diabolica,
549 1171 804 1238 mysteria
857 1172 1173 1241 iniquitatis.
1230 1177 1292 1230 Et
1341 1177 1440 1231 hoc
1483 1189 1599 1232 esse
1648 1187 1776 1248 puto

214 1258 343 1324 quod
373 1259 560 1314 scribit
589 1261 877 1327 Apostolus
907 1264 953 1295 ”
986 1283 1000 1316 :
1037 1284 1056 1316 ι
1093 1266 1228 1321 Cum
1254 1279 1432 1324 autem
1461 1279 1650 1340 gentes
1684 1285 1770 1324 es-

212 1351 350 1414 setis,
374 1351 440 1405 ad
468 1353 755 1409 simulacra
789 1368 932 1412 muta
959 1369 1147 1417 euntes
1173 1363 1709 1432 proutducehamini.
1745 1386 1765 1419 ι

210 1444 248 1496 A
280 1457 381 1511 quo
405 1443 488 1498 vel
519 1461 546 1498 a
570 1448 769 1515 quibus
804 1451 1182 1509 ducebamini?
1209 1470 1240 1508 a
1271 1456 1551 1524 Spiritibus
1579 1473 1770 1528 nempe

215 1535 452 1604 malignis
507 1539 848 1598 ducehamini
907 1546 972 1600 ad
1025 1561 1187 1615 opera
1235 1559 1599 1618 peccatorum.
1645 1550 1772 1607 Haec

208 1628 420 1684 audiens
467 1631 696 1702 vigilans
744 1639 978 1707 quisque
1027 1642 1241 1696 auditor
1291 1643 1436 1698 dicet
1478 1641 1706 1700 fortasse
1753 1667 1767 1701 :

207 1719 334 1784 Quid
361 1734 491 1790 ergo
517 1720 815 1781 faciemus?
847 1730 888 1782 si
917 1730 1258 1787 circumeunt
1287 1733 1510 1802 spiritus
1543 1735 1766 1806 maligni

205 1823 631 1881 unumquemque
668 1825 932 1881 nostrum,
963 1829 1017 1874 et
1047 1821 1249 1875 ducunt
1276 1863 1288 1883 .
1339 1837 1402 1878 ac
1443 1825 1768 1894 pertrahunt

202 1901 263 1953 ad
303 1913 584 1970 peccatum
625 1926 638 1960 :
687 1924 845 1964 nemo
872 1920 1051 1966 autem
1091 1913 1228 1969 alius
1265 1923 1350 1970 est
1382 1916 1472 1984 qui

205 1992 322 2045 tiam
357 1996 583 2062 trahat,
614 2000 704 2066 qui
741 2000 928 2055 invitet
959 2011 1013 2058 et
1041 2006 1202 2060 ducat
1230 2007 1295 2060 ad
1328 1992 1667 2076 pudiciﬂam,
1699 2008 1766 2062 ad

201 2084 488 2153 pietatem,
539 2093 808 2158 quomodo
856 2109 963 2149 non
1009 2096 1280 2168 videbitur
1325 2098 1391 2152 ad
1433 2100 1764 2168 pereundum

200 2174 401 2243 quidem
451 2178 560 2234 lata
603 2182 682 2235 via
720 2193 945 2253 patere,
977 2187 1042 2240 ad
1073 2187 1300 2244 salutem
1333 2204 1461 2244 vero
1495 2206 1764 2260 nusquam

201 2268 331 2323 ullus
375 2271 559 2328 aditus
599 2274 743 2330 dari?
780 2277 892 2332 lmo
934 2295 1062 2336 vero
1107 2281 1327 2337 adverte
1354 2282 1688 2352 diligentius,
1720 2285 1762 2340 si

197 2368 378 2426 potes,
429 2371 490 2415 et
536 2375 724 2433 aperto
773 2370 957 2424 cordis
1011 2371 1207 2438 oculo,
1261 2373 1515 2430 interiora
1553 2389 1763 2431 mecum

195 2451 474 2506 considera
505 2457 763 2525 mysteria
790 2475 804 2523 ;
835 2467 890 2513 et
914 2460 1354 2531 videbis-quanto
1387 2462 1560 2531 major
1591 2464 1644 2517 in
1679 2479 1764 2520 se-

192 2544 345 2598 cretis
386 2548 586 2602 salutis
629 2557 824 2605 nostrae
863 2567 991 2605 cura
1025 2563 1257 2622 geratur
1287 2593 1302 2619 ,
1338 2569 1499 2623 quam
1532 2555 1764 2612 facultas
1810 2586 1820 2596 ο

193 2636 254 2689 ad
315 2636 692 2707 decipiendum
743 2643 1078 2711 praebeatur.
1107 2645 1273 2701 Adest
1321 2646 1609 2716 unicuique
1663 2663 1762 2704 no-

190 2736 352 2781 strum
373 2727 488 2800 (97)
511 2771 525 2794 ,
550 2730 712 2786 etiam
745 2735 983 2790 minimis
1012 2718 1102 2807 qui
1134 2748 1260 2792 sunt
1288 2738 1342 2793 in
1377 2737 1612 2794 Ecclesia
1644 2739 1760 2806 Dei,

193 2819 404 2889 angelus
438 2823 654 2890 bonus,
688 2828 915 2897 angelus
949 2829 1159 2886 Domini
1189 2833 1276 2902 qui
1305 2840 1490 2902 regat,
1522 2833 1611 2902 qui
1644 2849 1759 2888 mo-

194 2925 330 2978 neat,
362 2913 456 2982 qui
497 2916 798 2984 gubernet,
832 2921 920 2988 qui
958 2935 1054 2990 pro
1097 2923 1308 2977 actibus
1350 2924 1552 2978 nostris
1591 2927 1761 2978 corri-

189 3004 366 3070 gendis
385 3045 404 3071 ,
431 3016 492 3062 et
521 3008 962 3068 miserationibus
990 3014 1347 3084 exposcendis
1369 3053 1385 3080 ,
1414 3014 1651 3084 quotidie
1681 3016 1760 3070 vi-

189 3095 302 3150 deat
327 3095 528 3153 faciem
564 3098 744 3156 Patris
783 3105 948 3170 quiin
982 3106 1132 3160 cmlis
1159 3115 1242 3161 est
1273 3125 1287 3162 :
1324 3107 1463 3162 sicut
1502 3107 1759 3162 Dominus

187 3185 419 3256 designat
475 3189 527 3243 in
570 3191 874 3258 Evangeliis
909 3194 975 3252 ".
1014 3195 1081 3250 Et
1122 3198 1317 3252 iterum
1361 3199 1659 3253 secundum
1691 3215 1752 3252 ea

187 3291 300 3345 quze
324 3277 567 3337 Joannes
596 3283 648 3336 in
673 3285 998 3359 Apocalypsi
1030 3289 1219 3344 scribit
1244 3291 1310 3355 ³⁵,
1339 3289 1627 3360 unicuique
1654 3291 1754 3345 Ec-

183 3368 350 3425 clesia:
374 3373 706 3442 generaliter
728 3378 953 3446 angelus
980 3389 1176 3448 praeest
1195 3381 1284 3450 qui
1314 3380 1395 3434 vel
1424 3382 1760 3436 collaudatur

186 3476 274 3527 pro
309 3461 446 3517 bene
493 3465 663 3533 gestis
697 3468 916 3538 populi;
942 3470 1024 3524 vel
1060 3473 1221 3525 etiam
1258 3487 1354 3541 pro
1397 3472 1605 3528 delictis
1637 3473 1756 3544 ejus

186 3549 441 3620 culpatur.
497 3553 550 3607 In
588 3569 694 3624 quo
733 3558 896 3612 etiam
942 3563 1189 3630 stupendi
1235 3563 1484 3633 mysterii
1518 3565 1756 3619 admira-

186 3642 320 3697 tione
351 3660 708 3714 permoveor,
757 3651 896 3721 quod
945 3653 1210 3708 intantum
1249 3654 1358 3711 Deo
1389 3671 1519 3712 cura
1551 3657 1617 3711 de
1660 3673 1756 3712 no-

184 3733 258 3788 bis
279 3737 348 3791 sit
370 3778 386 3803 ,
432 3749 496 3794 ut
537 3743 698 3795 etiam
737 3745 954 3813 angelos
989 3761 1117 3802 suos
1146 3748 1352 3818 culpari
1385 3764 1482 3818 pro
1519 3750 1672 3805 nobis
1701 3760 1754 3805 et

180 3827 440 3882 confutari
493 3833 750 3900 patiatur.
793 3836 888 3891 Sic
920 3839 1062 3892 enim
1104 3855 1224 3894 cum
1255 3842 1544 3912 pzcdagogo
1579 3843 1753 3896 tradi-

181 3927 263 3972 tur
289 3937 461 3990 puer,
496 3924 540 3979 si
579 3925 716 3981 forte
748 3929 928 3983 minus
961 3931 1138 4000 dignis
1179 3947 1278 3987 nec
1315 3935 1614 3988 secundum
1659 3948 1753 4002 pa-

180 4020 383 4066 ternam
437 4015 776 4072 nobilitatem
826 4021 1065 4077 imbutus
1104 4033 1360 4092 appareat
1405 4023 1706 4092 disciplinis
1733 4066 1750 4090 ,

177 4104 429 4159 continuo
487 4108 642 4177 culpa
696 4111 762 4163 ad
816 4113 1160 4183 paedagogum
1210 4116 1480 4178 refertur,
1531 4131 1630 4170 nec
1677 4116 1750 4170 ita

174 4208 303 4261 puer
343 4211 371 4250 a
418 4206 579 4268 patre
631 4211 688 4254 ut
739 4205 1057 4275 paedagogus
1090 4207 1338 4276 arguitur
1365 4247 1380 4272 ,
1423 4207 1524 4260 nisi
1561 4208 1752 4261 durior

175 4283 363 4353 fuerit,
415 4299 475 4345 et
509 4292 782 4364 paedagogi
817 4298 1016 4351 monita
1055 4299 1348 4368 spreverit,
1389 4309 1548 4369 atque
1578 4301 1629 4353 in
1669 4300 1748 4353 la-

171 4377 388 4432 sciviam
438 4397 642 4452 pronus
688 4400 752 4440 ac
782 4389 1108 4454 proterviam
1137 4390 1394 4444 salutaria
1435 4389 1549 4459 ejus
1587 4393 1748 4448 verba

172 4473 578 4543 contempserit,
608 4477 712 4532 illis
745 4479 914 4548 magis
945 4481 1335 4552 obtemperans
1362 4485 1451 4553 qui
1475 4485 1746 4539 luxuriam

1884 637 1938 679 et
1984 628 2103 683 ideo
2130 629 2339 699 justum
2384 629 2475 683 Dei
2517 631 2776 700 judicium
2815 641 2930 698 est,
2971 634 3098 702 quia
3138 645 3326 704 sponte
3360 647 3454 687 sua

1884 719 1998 773 sive
2032 718 2186 774 bonis
2217 719 2330 775 sive
2363 720 2616 789 pessimis
2645 721 3007 778 monitoribus
3034 732 3203 792 paret.
3239 722 3331 801 Vis
3361 723 3455 777 tibi

1885 809 2062 864 adhuc
2091 810 2320 879 amplius
2350 811 2476 880 quid
2507 825 2571 865 ex
2606 811 2904 880 Scripturis
2920 814 3118 870 divinis
3146 816 3450 881 ostendam,

1881 900 2151 966 quomodo
2183 902 2354 972 major
2390 917 2522 956 cura
2552 902 2747 958 salutis
2777 919 2904 974 erga
2937 906 3182 962 homines
3214 908 3319 961 Deo
3345 918 3452 970 est,

1880 1005 2038 1059 quam
2071 993 2285 1048 diabolo
2315 994 2682 1064 perditionis?
2711 994 2963 1066 Nunquid
3005 1014 3112 1053 non
3153 999 3451 1056 sufﬁciebat

1879 1083 2190 1152 angelorum
2241 1087 2519 1156 diligentia
2570 1081 2831 1144 adversus
2874 1091 3100 1147 insidias
3143 1093 3445 1148 daemonum

1876 1185 1930 1230 et
1969 1175 2256 1232 adversum
2298 1193 2393 1233 eos
2427 1179 2515 1249 qui
2567 1181 2633 1234 ad
2682 1181 3016 1251 peccandum
3053 1184 3299 1240 homines
3342 1194 3452 1241 tra-

1875 1268 2050 1322 hunt?
2107 1267 2225 1339 lpse
2263 1270 2622 1340 Unigeuitus,
2671 1275 2806 1344 ipse,
2855 1275 3071 1344 inquam
3096 1316 3112 1342 ,
3150 1278 3318 1334 Filius
3354 1279 3446 1334 Dei

1876 1360 2049 1425 adest,
2099 1360 2212 1429 ipse
2251 1353 2524 1427 defendit,
2565 1365 2680 1431 ipse
2711 1365 2980 1429 custodit,
3021 1366 3133 1434 ipse
3167 1381 3264 1421 nos
3295 1367 3361 1422 ad
3391 1383 3449 1422 se

1876 1449 2061 1503 trahit.
2104 1449 2242 1504 Audi
2279 1452 2546 1521 quomodo
2583 1453 2699 1522 ipse
2726 1453 2859 1508 dicit
2891 1456 2935 1486 ”
2973 1473 2986 1508 :
3029 1472 3048 1506 ι
3089 1455 3155 1509 Et
3187 1471 3314 1512 ecce
3347 1471 3445 1526 ego

1874 1541 2152 1595 vobiscum
2197 1557 2315 1596 sum
2349 1544 2602 1599 omnibus
2645 1544 2834 1600 diebus
2869 1560 3036 1615 usque
3077 1547 3143 1600 ad
3196 1562 3445 1602 consum-

1867 1631 2160 1686 mationem
2198 1633 2394 1688 szeculi.
2429 1653 2448 1686 ›
2474 1633 2575 1689 Sed
2608 1650 2705 1689 net:
2735 1637 3070 1693 sufficiteum
3110 1652 3229 1693 esse
3265 1639 3447 1693 nobis-

1871 1737 2017 1786 cum,
2049 1724 2141 1777 sed
2171 1726 2571 1794 quodammodo
2604 1727 2706 1781 vim
2732 1728 2891 1783 nobis
2921 1728 3072 1794 facit,
3109 1739 3166 1784 ut
3195 1745 3292 1785 nos
3321 1746 3443 1800 per-

1874 1815 2051 1870 trahat
2083 1817 2150 1870 ad
2184 1817 2432 1873 salutem.
2465 1818 2551 1871 Ait
2581 1819 2724 1872 enim
2754 1819 2804 1872 in
2837 1820 2942 1874 alio
2966 1821 3084 1876 loco
3115 1821 3201 1874 ’σε
3247 1839 3265 1872 ι
3305 1821 3436 1875 Cum

1611 1917 1770 1984 justi-
1802 1903 2049 1960 Bautem
2105 1907 2376 1964 exaltatus
2415 1907 2610 1974 fuero,
2652 1909 2833 1963 omnia
2884 1910 2951 1964 ad
2996 1925 3082 1965 me
3127 1909 3358 1965 traham.
3416 1929 3438 1961 ι

1872 1996 2035 2054 Vides
2074 2000 2346 2067 quomodo
2379 2015 2484 2054 non
2523 2001 2698 2054 solum
2735 2000 2926 2055 invitat
2954 2003 3230 2065 volentes,
3264 2001 3356 2056 sed
3387 2010 3442 2054 et

1869 2097 2189 2144 cunctantes
2227 2090 2412 2145 trahit.
2451 2089 2546 2144 Vis
2577 2099 2756 2146 autem
2789 2091 2979 2146 audire
3008 2092 3281 2161 quomodo
3323 2100 3438 2144 tra-

1870 2179 1963 2233 hat
1994 2180 2158 2234 etiam
2191 2183 2538 2236 cunctantes?
2567 2183 2682 2239 Non
2710 2183 2980 2239 concessit
3008 2183 3082 2236 illi
3110 2184 3198 2253 qui
3227 2182 3442 2237 volebat

1869 2271 1968 2336 ire,
1992 2280 2047 2327 et
2070 2272 2299 2342 sepelire
2325 2284 2532 2343 patrem
2569 2291 2750 2343 suum,
2783 2292 2883 2331 nec
2914 2276 3145 2346 spatium
3180 2274 3454 2342 temporis.

1867 2365 2030 2433 dedit,
2063 2369 2155 2420 sed
2183 2367 2260 2420 ait
2292 2367 2367 2422 illi
2405 2367 2447 2399 ³¹
2487 2384 2501 2420 :
2538 2387 2556 2421 ι
2590 2367 2718 2423 Sine
2746 2379 2989 2423 mortuos
3024 2366 3255 2436 sepelire
3287 2380 3437 2420 mor-

1869 2466 1987 2512 tuos
2017 2472 2178 2523 suos,
2210 2467 2264 2511 tu
2295 2469 2476 2515 autem
2505 2474 2732 2530 sequere
2761 2475 2866 2515 me.
2904 2479 2924 2513 ι
2956 2460 3021 2538 Et
3040 2460 3164 2514 alibi
3188 2459 3318 2513 dicit
3344 2458 3389 2488 ³¹
3417 2474 3439 2514 :

1870 2567 1889 2600 ι
1937 2548 2106 2604 Nemo
2149 2551 2368 2607 mittens
2413 2567 2630 2606 manum
2658 2567 2831 2621 ⁸ειιιιιιι
2867 2567 3030 2622 super
3067 2561 3341 2617 aratrum,
3383 2559 3439 2604 et

1865 2647 2011 2693 retro
2059 2641 2378 2711 reSpiciens,
2433 2650 2594 2712 aptus
2629 2651 2714 2698 est
2757 2655 2923 2710 regno
2957 2641 3076 2696 Dei.
3131 2659 3149 2691 ι
3193 2639 3347 2707 Quod
3387 2639 3432 2693 si

1863 2730 2094 2800 amplius
2163 2733 2339 2788 adhuc
2404 2733 2487 2789 vis
2551 2735 2619 2789 de
2692 2735 2794 2788 hoc
2856 2746 3190 2803 cognoscere
3248 2745 3434 2786 sacra-

1865 2832 2073 2888 mento,
2103 2827 2384 2879 ostendam
2431 2824 2525 2880 tibi
2566 2826 2635 2879 de
2691 2823 3030 2893 Scripturis,
3083 2821 3226 2891 quod
3268 2821 3435 2874 etiam

1863 2915 1976 2986 ipse
2019 2917 2275 2971 Dominus
2331 2917 2489 2972 Pater
2550 2917 3011 2988 dispensationem
3075 2915 3268 2970 salutis
3334 2929 3434 2967 no-

1861 3020 1990 3065 stra:
2040 3025 2144 3065 non
2190 3009 2438 3081 negligit,
2487 3010 2579 3064 sed
2610 3018 2663 3062 et
2703 3010 2816 3080 ipse
2849 3024 2946 3062 nos
2977 3011 3040 3060 ad
3070 3005 3297 3060 salutem
3328 3016 3434 3056 non

1859 3100 2032 3154 solum
2067 3110 2256 3167 vocat,
2289 3100 2382 3156 sed
2412 3110 2465 3155 et
2510 3099 2797 3170 pertrahit.
2849 3100 2940 3154 Sic
2989 3099 3132 3152 enim
3175 3094 3438 3150 Dominus

1859 3195 1991 3250 dicit
2053 3195 2104 3250 in
2161 3195 2450 3264 Evangelia
2503 3195 2548 3226 ³³
2599 3214 2613 3250 :
2677 3211 2698 3247 ι
2759 3193 2927 3249 Nemo
2985 3192 3132 3246 venit
3187 3189 3255 3244 ad
3310 3202 3428 3249 me,

1859 3285 2016 3356 351
2052 3287 2150 3339 nisi
2201 3300 2357 3354 quem
2389 3284 2547 3340 Pater
2583 3299 2734 3340 meus
2783 3284 3018 3338 cmlcstis
3058 3278 3363 3336 attraxerit.
3407 3297 3428 3332 ι

1861 3376 1966 3429 Sed
1997 3384 2050 3428 et
2080 3375 2490 3443 paterfamilias,
2523 3375 2614 3444 qui
2647 3375 3015 3429 mittitservos
3043 3386 3170 3426 suos
3206 3371 3434 3424 invitare

1861 3468 2066 3521 amicos
2090 3469 2156 3520 ad
2178 3467 2388 3535 nuptias
2412 3466 2505 3519 ﬁlii
2528 3466 2632 3532 sui,
2657 3474 3011 3535 posteaquam
3034 3471 3436 3518 excusaveruut

1859 3557 1934 3611 illi
1986 3558 2076 3625 qui
2125 3558 2334 3628 priores
2385 3558 2600 3612 fuerant
2641 3556 2880 3620 invitati,
2930 3555 3061 3610 dicit
3103 3555 3277 3608 servis
3318 3554 3363 3585 “
3414 3570 3430 3606 :

1865 3673 1883 3705 ι
1934 3652 2090 3708 Exite
2121 3651 2187 3706 ad
2221 3653 2335 3707 vias
2364 3661 2419 3704 et
2443 3650 2780 3721 angiportus,
2813 3657 2868 3704 et
2890 3661 3244 3719 quoscunque
3283 3647 3430 3700 inve-

1859 3744 2072 3807 neritis,
2106 3741 2281 3810 cogite
2311 3740 2557 3796 introire.
2595 3757 2616 3792 ι
2653 3738 2746 3792 Sic
2773 3753 2904 3809 ergo
2956 3752 3059 3792 non
3092 3737 3266 3792 solum
3296 3737 3434 3790 invi-

1861 3847 2039 3890 tamur
2069 3849 2096 3888 a
2135 3834 2268 3897 Deo,
2305 3835 2400 3889 sed
2443 3845 2504 3889 et
2549 3832 2835 3896 trahimur,
2863 3840 2917 3886 et
2969 3831 3214 3901 cogimur
3249 3828 3316 3883 ad
3344 3845 3432 3884 sa-

1857 3931 2042 3984 lutem.
2073 3929 2179 3983 Sed
2211 3941 2310 3981 nec
2337 3937 2556 3982 sanctus
2583 3930 2799 3998 quidem
2827 3929 3050 3997 spiritus
3083 3929 3135 3981 in
3173 3927 3428 3998 hujuscen

1857 4022 1997 4075 modi
2046 4019 2543 4090 dispensationibus
2595 4019 2766 4074 deest.
2822 4020 2938 4088 Ipse
2967 4019 3110 4072 enim
3159 4017 3290 4071 dicit
3334 4015 3427 4069 8':

1861 4133 1879 4167 ι
1917 4114 2207 4184 Segregate
2235 4112 2361 4165 mihi
2405 4110 2630 4164 Paulum
2661 4119 2716 4165 et
2761 4109 3065 4164 Barnabam
3090 4109 3143 4162 iu
3185 4108 3432 4162 ministe-

1857 4206 2020 4268 rium,
2053 4204 2118 4256 ad
2157 4205 2300 4272 quod
2334 4202 2602 4270 assumpsi
2636 4216 2752 4257 eos.
2793 4220 2810 4252 ι
2844 4201 2907 4254 Et
2941 4201 3134 4254 iterum
3183 4198 3430 4268 prohibet

1855 4291 2077 4347 Paulum
2120 4293 2200 4345 ire
2236 4290 2288 4343 in
2317 4290 2526 4356 Asiam,
2580 4299 2635 4343 ct
2669 4305 2880 4343 rursum
2909 4291 3052 4359 cogit
3085 4304 3211 4343 eum
3266 4289 3345 4343 ire
3373 4288 3424 4342 in

1852 4385 2264 4455 Jerosolymam,
2299 4384 2598 4453 praedicens
2627 4383 2698 4447 ei,
2721 4449 2726 4452 _
2747 4385 2872 4451 quia
2906 4381 3138 4437 vincula.
3158 4391 3212 4436 et
3243 4397 3428 4437 carce-

1855 4494 1941 4533 res
1979 4493 2101 4533 eum
2157 4477 2229 4531 ibi
2283 4485 2534 4528 maneant
2567 4474 2634 4530 ³⁸.
2692 4475 2843 4542 Quod
2885 4475 2928 4528 si
2983 4471 3159 4542 angeli
3215 4472 3426 4526 Domini

171 4563 413 4628 suadent,
453 4575 509 4619 et
541 4568 607 4622 ad
652 4569 929 4627 lasciviam
980 4585 1298 4644 provocant.
1347 4577 1484 4643 Quid
1533 4579 1625 4633 fiat
1670 4579 1744 4634 illi
1778 4594 1823 4648 υ
1853 4570 2188 4625 circumdant
2223 4569 2274 4622 in
2307 4570 2535 4623 circuitu
2567 4567 2874 4621 timentium
2905 4581 3050 4632 eum,
3114 4574 3170 4618 ut
3197 4564 3429 4632 eripiant

170 4655 362 4710 anima:
415 4660 692 4728 propheta:
740 4664 964 4719 vocibus
1008 4667 1174 4722 disce.
1214 4687 1231 4719 ι
1287 4669 1742 4739 Derelinquctur,

171 4743 339 4814 inquit
376 4749 461 4813 ’⁸,
503 4751 609 4804 filia
645 4751 772 4808 Sion
811 4755 954 4808 sicut
991 4758 1396 4812 tabernaculum
1441 4760 1492 4813 iu
1544 4761 1702 4816 vinea
1727 4803 1741 4826 ,

167 4846 219 4890 et
245 4840 386 4895 sicut
416 4857 541 4896 casa
566 4847 890 4901 custodiaria
920 4848 973 4903 in
1000 4851 1393 4916 cucumcrario,
1416 4860 1469 4906 et
1499 4853 1638 4907 sicut
1668 4855 1745 4908 ci-

170 4930 304 4986 vitas
337 4948 461 5002 quae
495 4947 798 5007 expugnata
830 4950 934 4995 est.
985 4959 1002 4991 ι
1054 4942 1118 4995 Ει
1162 4943 1357 4996 iterum
1395 4945 1438 4975 "
1472 4963 1486 4998 :
1525 4963 1542 4996 ι
1581 4945 1744 5001 Aufe-

167 5030 312 5076 retur
358 5028 596 5082 maceria
641 5027 776 5096 ejus,
815 5040 869 5085 et
915 5033 1019 5086 erit
1058 5034 1109 5086 in
1137 5035 1644 5101 conculcationem,
1689 5050 1745 5092 et

167 5111 426 5184 diripient
457 5133 576 5172 eam
609 5135 801 5177 omnes
838 5125 924 5194 qui
969 5134 1248 5180 transeunt
1276 5128 1416 5180 viam
1456 5145 1516 5194 i;
1558 5138 1611 5183 ct
1640 5129 1686 5161 ³⁸
1719 5147 1733 5183 2

171 5203 535 5276 tSinguiaris
572 5210 719 5266 ferus
752 5216 1001 5282 depascet
1036 5232 1179 5272 eam.
1216 5237 1235 5270 ι
1276 5218 1396 5273 llaec
1430 5221 1666 5290 patietur
1695 5223 1738 5275 si

167 5311 268 5350 non
316 5302 634 5368 acquiescat
679 5307 900 5362 monitis
942 5309 1147 5379 angeli,
1188 5312 1279 5380 qui
1318 5312 1423 5366 sibi
1463 5314 1744 5381 appositus

166 5397 246 5441 est
287 5391 353 5444 ad
397 5393 650 5450 salutem.
683 5396 780 5452 Sui
813 5415 1044 5469 namque
1082 5401 1294 5456 arbitrii
1325 5413 1409 5458 est
1442 5404 1618 5457 anima
1643 5445 1659 5470 ,
1689 5417 1744 5459 et

234 5505 325 5581 _’_’l
362 5508 491 5581 Cor.
529 5527 626 5575 xii,
666 5512 722 5566 2.
829 5515 1064 5571 “Matth.
1099 5534 1253 5581 xvm,
1288 5519 1374 5571 lt).

167 5573 420 5649 ffMatth.
440 5573 626 5649 xxvm,
647 5585 738 5637 ‘20.
815 5585 859 5616 ³⁰
880 5585 1032 5642 Joan.
1061 5605 1160 5649 xtl,
1181 5573 1268 5642 δέ.

168 5642 353 5701 “Act.
390 5665 507 5715 xui,
534 5642 623 5705 2f
664 5654 708 5685 ³⁸
745 5655 867 5710 Act.
908 5673 1018 5710 χχι.
1097 5642 1159 5690 ³⁷’
1191 5659 1351 5713 Νιιιιι.
1401 5642 1632 5726 μήὸ,
1660 5642 1726 5714 vii.

235 5755 348 5841 (97V)
372 5762 546 5841 _Ad_eu
569 5769 846 5838 unicuique
877 5783 1130 5836 nostrum,
1159 5782 1264 5827 etc.
1295 5772 1430 5838 Quid
1468 5775 1532 5828 de
1568 5787 1728 5841 ange-

171 5825 574 5892 iis'tut'elaribus
597 5825 846 5909 opiuaius
881 5844 948 5896 sit
975 5825 1259 5914 Origenes,
1280 5825 1572 5913 vidciapud
1598 5825 1737 5900 llTic~

1488 5521 1532 5551 ’³
1577 5522 1745 5590 Apoc.
1774 5535 1861 5590 in.

1346 5590 1387 5621 ³¹
1416 5589 1604 5644 Matth.
1623 5589 1739 5651 viti,
1763 5589 1854 5643 2‘2.

1845 4683 1937 4724 eos
1969 4683 1984 4732 ;
2018 4665 2060 4720 si
2093 4664 2232 4718 Deus
2257 4662 2442 4727 Pater,
2479 4662 2523 4716 si
2568 4661 2759 4726 Filius,
2801 4660 2845 4714 si
2895 4659 3130 4727 Spiritus
3181 4666 3419 4719 sanctus,

1845 4779 1951 4815 non
1989 4759 2162 4812 solum
2212 4758 2502 4810 hortantur
2545 4764 2598 4808 et
2630 4763 2965 4824 provocant,
2999 4753 3093 4808 sed
3123 4761 3178 4806 et
3208 4760 3422 4821 pertra-

1845 4853 1999 4915 hunt,
2046 4849 2316 4919 quomodo
2365 4862 2472 4901 non
2531 4850 2699 4900 multo
2748 4845 2920 4914 major
2964 4861 3094 4900 cura
3143 4860 3239 4914 pro
3268 4844 3424 4899 nobis

1844 4944 2046 5014 geritur
2086 4943 2152 4996 ad
2183 4942 2438 5006 salutem,
2461 4955 2623 5008 quam
2652 4941 2717 4992 ab
2747 4938 3078 4994 adversariis
3103 4946 3423 5007 procuretur

1848 5038 1911 5089 ad
1948 5036 2216 5090 mortem?
2243 5033 2367 5088 Haec
2389 5043 2568 5088 autem
2602 5034 2745 5087 dicta
2779 5033 2888 5088 sint
2914 5048 3012 5102 pro
3035 5048 3098 5088 eo
3120 5027 3258 5102 quod
3293 5045 3420 5086 cou-

1850 5134 2092 5180 secrattts
2123 5134 2206 5178 est
2245 5123 2474 5194 populus
2492 5123 2847 5193 Beclphegor.

1920 5219 1972 5270 4.
2016 5235 2034 5267 ι
2074 5217 2139 5270 Et
2196 5215 2365 5269 iratus
2429 5224 2530 5281 est,
2593 5217 2764 5283 inquit
2827 5214 2892 5278 ³⁷,
2945 5213 3124 5269 furore
3167 5211 3424 5266 Dominus

1852 5318 2038 5365 contra
2078 5307 2263 5370 lsrael,
2296 5317 2348 5361 et
2379 5307 2516 5360 dixit
2551 5308 2808 5360 Dominus
2855 5305 2923 5360 ad
2954 5305 3172 5371 Moysen
3204 5321 3218 5358 :
3255 5303 3423 5356 Assu-

1851 5417 1935 5455 me
1968 5400 2237 5469 principes
2271 5399 2475 5468 populi,
2507 5408 2561 5454 et
2590 5410 2801 5453 ostenta
2839 5399 2958 5452 illos
2987 5397 3211 5450 Domino
3235 5403 3420 5449 contra

1961 5519 2005 5548 ’“
2031 5518 2130 5572 lsa.
2166 5533 2205 5581 ι,
2236 5517 2288 5570 8.
2392 5517 2435 5548 ’⁷
2463 5516 2564 5569 lsa.
2600 5532 2648 5582 v,
2684 5516 2738 5570 5.
2848 5515 2890 5545 ’⁸
2927 5513 3071 5567 Psal.
3111 5527 3297 5574 LXXIX,
3333 5510 3419 5582 14.

1931 5589 1974 5619 ³³
2001 5589 2124 5643 Luc.
2155 5580 2334 5654 1:962.
2412 5587 2456 5618 ³³
2487 5580 2641 5640 Joan.
2665 5602 2736 5651 vi,
2768 5585 2856 5638 4i.
2911 5584 2956 5616 “
2987 5585 3176 5638 Matth.
3205 5595 3339 5648 χιιι,
3365 5580 3418 5636 9.

1840 5773 1968 5826 tium
2005 5773 2442 5847 Origenianoruiu
2472 5772 2563 5825 lib.
2605 5788 2666 5836 tt,
2707 5780 2893 5840 qutest.
2933 5769 2987 5837 ὅ,
3038 5785 3183 5824 num.
3220 5767 3303 5834 i9,
3328 5766 3418 5832 20,

1845 5846 1938 5908 eo,
1968 5846 2056 5912 ιιι,
2086 5849 2176 5910 σεε,
2210 5845 2278 5899 29
2304 5855 2354 5898 ct
2389 5845 2476 5898 so.
