3914 6526
477 406 583 463 755

1955 400 2277 462 ORIGENIS
3624 390 3712 444 75'?

483 521 675 588 solem,
712 531 761 577 et
784 530 1059 579 avertetur
1105 523 1184 580 ira
1227 524 1430 583 furoris
1481 527 1694 583 Domini
1725 527 1794 583 ab
1812 527 1997 583 lsrael.
2023 544 2043 578 ι
2077 526 2120 583 A
2153 518 2243 572 alii
2273 516 2414 573 idolo
2452 531 2548 586 pro
2577 513 2836 586 qualitate
2869 511 3078 568 scilicet
3135 507 3395 582 peccandi
3436 519 3715 561 consecra-

482 614 674 670 Nescio
712 616 755 670 si
803 615 986 672 dehis
1032 617 1387 686 disserentes,
1434 635 1540 675 non
1586 620 1919 678 oﬂ‘endamus
1945 624 2048 677 ali-

479 721 618 776 quos
645 723 660 761 :
695 708 788 762 sed
833 716 889 762 et
931 709 976 762 si
1007 706 1365 776 oﬂ'endamus,
1396 709 1617 767 obedire
1649 714 1820 783 magis
1875 724 1928 768 et
1959 715 2049 769 de-

477 799 683 852 servire
732 809 947 868 oportet
989 800 1154 857 verbo
1189 802 1426 866 Domini,
1460 817 1621 873 quam
1655 806 1840 873 gratia-
1875 805 2047 860 homi.

476 904 627 944 num.
660 889 1115 960 Peccavitlsrael,
1143 903 1196 948 et
1231 893 1368 949 dixit
1408 895 1667 952 Dominus
1701 898 1768 952 ad
1803 898 2044 970 Moysen,

473 989 533 1033 ut
555 991 795 1036 assumat
830 999 1021 1040 omnes
1047 987 1344 1058 principes,
1381 998 1702 1046 etrostentet
1727 1007 1823 1048 eos
1863 993 2046 1048 Domi—

474 1093 543 1132 no
565 1091 754 1134 contra
785 1081 976 1137 solem.
999 1083 1238 1152 Populus
1264 1093 1468 1154 peccat,
1493 1095 1544 1141 et
1574 1088 1848 1157 principes
1865 1097 2048 1144 osten-

475 1183 657 1228 tantur
687 1185 877 1233 contra
905 1179 1094 1233 solem.
1144 1180 1306 1235 Iidem
1354 1181 1426 1239 ad.
1450 1185 1867 1239 examinandum
1923 1202 2047 1256 pro-

473 1265 765 1328 ducuntur,
804 1278 861 1322 ut
885 1283 1186 1340 arguantur
1216 1288 1246 1326 a
1281 1273 1424 1328 luce.
1469 1273 1632 1330 Vides
1658 1291 1777 1345 quae
1809 1277 1879 1332 sit
1917 1293 2047 1332 con-

473 1356 608 1412 ditio
641 1361 942 1429 principum
989 1363 1165 1432 populi
1205 1381 1217 1416 :
1254 1381 1361 1420 non
1413 1367 1590 1421 solum
1639 1383 1736 1436 pro
1765 1367 1880 1422 suis
1920 1383 2047 1437 pro-

474 1447 606 1514 priis
637 1461 937 1519 arguuntur
968 1439 1202 1520 delictis,
1233 1453 1326 1508 sed
1375 1464 1428 1508 et
1455 1470 1554 1524 pro
1585 1457 1766 1526 populi
1809 1459 2046 1526 peccatis

472 1548 746 1607 coguntur
770 1543 1000 1600 reddere
1055 1545 1340 1612 rationem,
1391 1563 1456 1601 ne
1497 1549 1733 1617 ipsorum
1785 1549 1856 1604 sit
1885 1551 2042 1620 culpa

473 1632 614 1698 quod
663 1635 892 1703 pOpulus
928 1636 1190 1707 deliquit,
1234 1654 1301 1693 ne
1354 1638 1492 1695 forte
1545 1658 1648 1694 non
1709 1643 2040 1710 monuerint,

475 1737 648 1791 neque
675 1725 892 1781 solliciti
921 1727 1124 1783 fuerint
1146 1745 1373 1800 arguere
1398 1747 1489 1787 eos
1515 1734 1605 1802 qui
1635 1734 1842 1789 initium
1869 1735 2042 1805 culpae

474 1813 744 1885 dederint,
775 1817 848 1871 uti
897 1833 964 1873 ne
1002 1822 1252 1891 contagio
1284 1821 1690 1894 dispergeretur
1739 1824 1791 1878 in
1835 1826 2037 1895 plures.

474 1903 600 1960 llaec
628 1909 772 1962 enim
799 1910 977 1964 omnia
1007 1910 1187 1968 facere
1213 1914 1552 1985 principibus
1587 1917 1830 1972 imminet
1860 1928 1914 1972 et
1945 1919 2042 1974 do-

470 1997 731 2053 ctoribus.
764 1999 820 2054 Si
859 2003 1005 2055 enim
1038 2001 1143 2059 illis
1169 2004 1283 2059 haec
1319 2022 1424 2061 non
1459 2008 1765 2076 agentibus,
1798 2024 1897 2064 nec
1931 2009 2041 2065 sol-

471 2084 804 2144 licitudinem
837 2093 1148 2162 gerentibus
1177 2097 1326 2151 circa
1357 2099 1564 2165 plebem
1592 2101 1905 2168 peccaverit
1947 2119 2042 2171 po-

449 2176 644 2262 pulus,
689 2183 790 2251 ipsi
821 2192 1189 2255 ostentantur,
1214 2199 1268 2244 et
1299 2190 1398 2259 ipsi
1438 2191 1503 2245 ad
1540 2192 1799 2261 judicium
1846 2196 2042 2264 produ-

468 2277 686 2326 cuntur.
732 2273 925 2346 Arguit
970 2277 1112 2330 enim
1163 2293 1257 2334 eos
1306 2279 1541 2351 Moyses,
1593 2282 1643 2336 id
1672 2291 1756 2338 est
1786 2283 1869 2338 lex
1925 2285 2040 2353 Dei,

465 2359 612 2416 velut
642 2363 974 2435 negligentes
1003 2379 1055 2424 et
1089 2370 1326 2436 desides,
1360 2383 1415 2427 et
1449 2374 1499 2428 in
1563 2375 1708 2445 ipsos
1757 2387 2042 2432 converte-

468 2461 555 2503 tur
588 2451 871 2511 iracundia
905 2457 1019 2528 Dei,
1047 2468 1102 2514 et
1131 2463 1370 2517 cessabit
1401 2479 1429 2517 a
1462 2466 1679 2534 populo.
1715 2466 1839 2520 Haec
1867 2469 1910 2521 si
1947 2483 2039 2522 co-

464 2543 704 2610 gitarent
733 2548 1003 2620 homines,
1039 2570 1313 2623 nunquam
1342 2567 1622 2628 cuperent,
1648 2575 1745 2615 nec
1770 2561 2042 2617 ambirent
2077 2556 2085 2562 ’

465 2635 530 2688 ad
559 2639 740 2706 populi
776 2642 1158 2713 principatum.
1183 2645 1392 2702 Sullicit
1428 2649 1570 2703 enim
1613 2650 1742 2704 mihi
1777 2666 1876 2720 pro
1904 2651 2040 2706 meis

465 2735 702 2804 propriis
742 2739 896 2809 argui
926 2741 1159 2807 delictis,
1195 2742 1393 2799 sufﬁcit
1422 2745 1552 2800 mihi
1590 2760 1688 2815 pro
1717 2747 2038 2818 memetipso

462 2835 520 2878 et
544 2827 780 2894 peccatis
809 2830 945 2886 meis
973 2832 1199 2888 reddere
1253 2835 1540 2891 rationem.
1578 2837 1716 2904 Quid
1761 2837 1893 2893 mihi
1939 2853 2035 2894 ne-

463 2929 615 2969 cesse
661 2929 745 2972 est
781 2920 942 2975 etiam
993 2938 1090 2993 pro
1135 2925 1317 2995 p0puli
1366 2928 1604 2997 peccatis
1643 2930 1933 2998 ostentari,
1983 2939 2036 2985 et

461 3010 723 3064 ostentari
779 3023 966 3068 contra
1033 3017 1226 3081 solem,
1279 3029 1403 3073 ante
1453 3035 1613 3088 quem
1669 3021 1802 3076 nihil
1857 3033 2035 3091 potest

460 3099 742 3163 abscondi,
773 3102 906 3156 nihil
939 3105 1254 3160 obscurari?
1305 3106 1412 3163 Sed
1459 3109 1709 3167 fortassis
1755 3114 1917 3168 etiam
1962 3116 2034 3170 sit

2150 624 2260 664 rer.
2302 607 2452 675 Quod
2489 609 2534 662 si
2563 607 2814 677 princeps
2838 618 2991 659 meus
3021 601 3296 674 (angelum
3320 598 3444 655 dico
3471 597 3568 668 qui
3592 597 3713 650 mibi

2148 713 2234 760 est
2258 701 2630 776 consignatus)
2659 718 2763 758 non
2793 701 2988 766 defuit,
3014 699 3112 756 sed
3156 695 3500 755 commonuit
3532 696 3602 748 de
3627 695 3715 747 bo-

2149 795 2254 855 nis.
2285 803 2338 848 et
2361 794 2574 849 locutus
2602 804 2686 850 est
2733 794 2785 848 in
2815 792 2978 848 corde
3021 805 3142 847 meo
3187 791 3244 844 in
3274 803 3342 844 eo
3373 788 3643 842 duntaxat
3671 785 3713 838 in

2148 900 2256 955 quo
2284 900 2368 940 me
2395 885 2723 940 conscientia
2759 885 3054 940 revocabat
3097 896 3128 936 a
3179 887 3432 950 peccato,
3479 876 3580 932 sed
3629 891 3716 945 ego

2149 977 2474 1047 contemptis
2512 977 2629 1048 ejus
2659 977 2900 1041 monitis,
2930 987 2984 1031 et
3023 985 3208 1046 spreto
3251 972 3614 1029 conscientiae
3643 984 3717 1024 re

2150 1067 2382 1123 tinaculo
2426 1082 2664 1138 praeceps
2703 1068 2756 1122 in
2805 1078 3024 1138 peccata
3072 1067 3305 1137 prorui,
3355 1063 3717 1134 duplicabitur

2148 1157 2281 1212 mihi
2312 1171 2491 1227 ptena,
2525 1159 2610 1214 vel
2660 1175 2757 1230 pro
2788 1170 3102 1230 contemptu
3153 1157 3462 1220 monitoris,
3513 1154 3603 1210 vel
3629 1170 3717 1223 pro

2149 1247 2393 1303 facinore
2425 1251 2723 1305 commissi.
2766 1251 2873 1306 Nec
2895 1251 3112 1306 mireris
3140 1265 3271 1306 sane
3299 1248 3345 1303 si
3384 1247 3615 1318 angelos
3644 1246 3715 1298 di-

2145 1341 2317 1396 cimus
2359 1343 2547 1398 venire
2602 1360 2726 1398 cum
2770 1345 3079 1398 hominibus
3135 1343 3201 1398 ad
3251 1341 3551 1412 judicium,
3602 1354 3715 1393 cum

2148 1433 2426 1503 Scriptura
2477 1435 2622 1490 dicat
2649 1437 2714 1501 τ’,
2779 1437 2905 1507 quia
2941 1455 2960 1487 ι
2997 1435 3112 1507 ipse
3164 1435 3429 1490 Dominus
3480 1433 3550 1487 ad
3578 1430 3716 1502 judi-

2145 1529 2288 1584 cium
2316 1529 2497 1583 veniet
2541 1545 2664 1585 cum
2697 1531 3010 1587 senioribus
3037 1529 3215 1601 populi
3254 1539 3310 1585 et
3354 1543 3483 1585 cum
3512 1527 3713 1597 princi-

2144 1622 2300 1692 pibus
2323 1620 2460 1690 ejus.
2501 1640 2520 1674 r
2568 1622 2930 1679 Ostentantur
2979 1637 3111 1694 ergo
3144 1621 3441 1691 principes,
3489 1629 3547 1674 et
3585 1619 3632 1673 si
3664 1619 3711 1672 in

2145 1717 2248 1773 illis
2278 1715 2434 1784 culpa
2467 1725 2569 1782 est,
2604 1716 2804 1770 desinit
2826 1717 2904 1769 ira
2929 1715 3019 1769 Dei
3049 1730 3080 1769 a
3119 1713 3336 1784 papula.
3366 1711 3540 1766 Debet
3565 1711 3714 1764 nobis

2146 1817 2200 1863 et
2224 1809 2404 1863 acrior
2429 1822 2550 1862 esse
2571 1805 2873 1862 sollicitudo
2895 1815 3111 1859 artuum
3170 1813 3506 1868 nostrorum,
3547 1801 3714 1855 scien-

2148 1901 2290 1956 tibus
2319 1901 2462 1971 quod
2515 1915 2622 1956 non
2657 1900 2831 1954 solum
2865 1913 2963 1953 nos
3008 1905 3134 1952 ante
3173 1895 3418 1950 tribunal
3472 1893 3572 1947 Dei
3622 1907 3715 1960 pro

2144 1996 2356 2050 actibus
2404 1993 2604 2050 nostris
2646 1993 2932 2054 stabimus,
2979 1989 3074 2045 sed
3108 1989 3282 2061 angeli
3327 2002 3432 2058 pro
3462 1986 3622 2041 nobis
3648 1991 3711 2038 ad

2139 2087 2404 2157 judicium
2467 2087 2807 2142 deducentur
2853 2093 3107 2153 tanquam
3157 2081 3434 2151 principes
3459 2089 3516 2133 et
3558 2079 3712 2131 duces

2144 2182 2336 2235 nostri.
2365 2179 2652 2247 Propterea
2683 2176 2827 2232 enim
2858 2185 2912 2230 et
2941 2173 3220 2244 Scriptura
3250 2171 3382 2227 dicit
3412 2170 3459 2201 ⁸⁸
3485 2186 3497 2222 :
3524 2186 3543 2219 ι
3573 2169 3707 2223 Obe-

2143 2272 2254 2327 dite
2276 2271 2581 2342 praepositis
2613 2269 2836 2333 vestris,
2870 2276 2926 2323 et
2950 2267 3325 2335 obtemperate
3354 2263 3438 2318 eis
3462 2262 3515 2315 in
3543 2260 3708 2314 omni-

2145 2364 2261 2418 bus.
2289 2362 2391 2432 lpsr
2425 2362 2567 2417 enim
2606 2359 2929 2431 pervigilant
2953 2357 3110 2430 quasi
3152 2357 3422 2411 rationem
3482 2367 3581 2423 pro
3608 2351 3707 2403 ani-

2143 2455 2331 2510 mabus
2359 2455 2553 2510 vestris
2580 2452 2860 2508 reddituri.
2893 2469 2913 2504 ι

2209 2567 2263 2624 5.
2303 2567 2433 2624 Post
2463 2569 2579 2636 haec
2606 2566 2857 2632 refertur,
2891 2564 3013 2633 quia
3046 2580 3168 2619 cum
3202 2563 3433 2618 vidisset
3485 2559 3704 2615 Phineas

2141 2662 2286 2718 ﬁlius
2343 2661 2568 2717 Eleazar
2647 2659 2740 2714 lilii
2800 2659 2979 2714 Aaron
3039 2656 3339 2713 sacerdotis
3409 2651 3701 2707 lsraeliten

2139 2752 2429 2822 quemdam
2480 2748 2739 2805 introisse
2786 2747 2852 2802 ad
2913 2747 3192 2802 mulierem
3263 2741 3698 2802 Madianitidem,

2139 2853 2294 2914 rapto
2322 2843 2605 2900 siromaste
2653 2841 2704 2896 in
2747 2857 2906 2895 manu
2939 2855 3058 2905 sua,
3099 2840 3374 2909 ingressus
3422 2837 3497 2891 sit
3517 2837 3700 2905 prosti-

2139 2935 2345 3000 bulum,
2393 2943 2447 2990 et
2484 2943 2772 3003 utrumque
2801 2948 2897 3002 per
2945 2933 3057 3002 ipsa
3111 2929 3359 2999 pudenda
3398 2928 3698 2983 transfodeo

2140 3027 2210 3080 rit
2233 3025 2367 3097 (99).
2413 3043 2432 3077 ι
2496 3023 2563 3078 Ει
2607 3038 2704 3093 pro
2732 3024 2855 3088 hoc,
2885 3021 3058 3091 inquit
3089 3021 3157 3084 δι,
3180 3020 3316 3074 dixit
3353 3018 3619 3073 Dominus
3640 3018 3697 3070 ad

2137 3114 2356 3187 Moysen
2385 3133 2398 3169 :
2429 3114 2660 3170 Phinees
2684 3115 2824 3170 ﬁlius
2861 3114 3084 3169 Eleazar
3109 3112 3201 3166 filii
3229 3113 3417 3166 Aaron
3451 3110 3696 3165 sacerdo.

461 3189 657 3258 “quis
691 3191 741 3244 i"
780 3192 883 3249 hoc
923 3210 1155 3252 ³¹Ὄ³¹¹¹¹⁸
1196 3207 1250 3252 ει
1296 3202 1608 3256 recondi!“
1661 3217 1884 3268 Sensus.
1938 3207 2028 3275 Qui
2059 3218 2101 3276 α
2139 3211 2204 3264 tis
2229 3211 2438 3265 sedavit
2468 3208 2804 3264 iracundiam
2846 3221 3042 3261 meam.
3081 3225 3100 3259 ι
3131 3203 3258 3260 Haec
3312 3203 3697 3278 agdificaveriat

457 3279 578 3344 p'us
605 3279 806 3350 aliquid
854 3284 1064 3352 doceat,
1119 3303 1276 3358 quam
1319 3293 1623 3348 communis
1681 3295 1794 3350 hmc
1825 3295 2028 3352 habere

461 3367 677 3423 videtur
710 3373 1002 3440 expositio.
1055 3375 1326 3434 Fortassis
1379 3381 1522 3434 enim
1578 3382 1769 3438 referri
1820 3395 1875 3439 et
1923 3387 2028 3441 hoc

458 3468 636 3528 potest
681 3466 748 3518 ad
782 3465 903 3520 illos
933 3468 1205 3539 principes
1255 3472 1455 3542 populi,
1508 3475 1573 3529 de
1617 3477 1813 3546 quibus
1865 3477 2026 3546 paulo

455 3555 704 3621 superius
754 3556 1009 3615 diximus.
1085 3563 1311 3620 Venient
1363 3565 1507 3620 enim
1565 3569 1740 3639 angeli
1773 3571 1839 3624 ad
1877 3570 2025 3640 judi-

453 3644 600 3698 cium
631 3645 742 3717 (98)
771 3649 1070 3718 nobiscum,
1101 3663 1154 3707 et
1186 3659 1407 3712 stabunt
1441 3672 1538 3727 pro
1568 3660 1724 3715 nobis
1778 3670 1905 3714 ante
1933 3676 2023 3716 so-

453 3733 558 3788 lem
583 3734 827 3804 justitite,
861 3757 927 3795 ne
964 3741 1100 3798 forte
1130 3747 1332 3816 aliquid
1378 3749 1539 3803 etiam
1572 3766 1637 3804 ex
1671 3751 1803 3820 ipsis
1845 3767 2024 3807 causa:

450 3827 617 3883 fuerit
639 3831 784 3898 quod
805 3847 904 3889 nos
936 3835 1281 3907 deliquimus,
1307 3856 1374 3895 ne
1400 3841 1539 3896 forte
1570 3843 1748 3897 minus
1771 3859 1900 3915 erga
1930 3862 2027 3902 nos

449 3922 630 3989 operis
658 3934 712 3978 et
741 3924 944 3983 laboris
996 3931 1375 3998 expenderint,
1425 3949 1530 4004 quo
1576 3950 1672 3989 nos
1705 3953 1733 3989 a
1765 3950 2020 4005 peccato-

452 4027 570 4100 rum
604 4013 725 4070 labe
750 4021 1078 4076 revocarint.
1110 4021 1225 4083 Nisi
1262 4025 1404 4078 enim
1438 4037 1579 4082 esset
1615 4029 1780 4082 etiam
1813 4030 2020 4098 aliquid

449 4103 506 4158 in
536 4105 666 4174 ipsis
692 4111 834 4179 quod
862 4112 912 4165 iu
956 4128 1117 4168 causa
1159 4118 1331 4171 nostri
1362 4118 1684 4187 culpandum
1727 4124 2022 4190 videretur,

450 4211 728 4267 nunquam
765 4201 970 4256 diceret
995 4218 1177 4258 sermo
1200 4205 1494 4274 Scriptura:
1517 4209 1562 4240 ³⁸
1585 4213 1651 4263 ad
1676 4212 1924 4280 angelum
1959 4214 2024 4267 il-

449 4290 574 4357 lius,
607 4293 688 4348 vel
712 4294 853 4350 illius
883 4295 1160 4362 Ecclesiae,
1199 4300 1324 4369 quia
1380 4301 1570 4367 babes,
1635 4305 1782 4358 verbi
1823 4307 2018 4374 gratia,

446 4385 708 4450 quosdam
741 4398 990 4445 tenentes
1022 4391 1327 4447 doctrinam
1375 4393 1612 4462 Balaam,
1661 4397 1744 4450 vel
1774 4397 1899 4466 quia
1929 4397 2022 4452 de-

447 4475 710 4545 reliquisti
749 4481 1076 4536 charitatem
1133 4493 1277 4538 tuam
1333 4487 1643 4555 pristinam,
1697 4490 1780 4544 vel
1812 4492 2020 4560 patien-

2133 3303 2367 3373 priorem
2401 3302 2692 3372 p0pulum:
2726 3299 2821 3355 tibi
2849 3308 3029 3354 autem
3062 3297 3152 3367 qui
3182 3312 3212 3352 a
3234 3296 3462 3351 Christo
3496 3297 3695 3350 redeat.

2132 3403 2256 3462 plus
2284 3409 2366 3456 es,
2397 3403 2452 3448 et
2472 3393 2557 3448 cui
2586 3393 2748 3464 352
2785 3393 2852 3447 de
2887 3393 3138 3447 manibus
3165 3389 3378 3463 gladius
3409 3385 3694 3458 corporalis

2132 3487 2342 3541 ablatus
2388 3494 2493 3549 est,
2547 3496 2602 3539 et
2658 3487 2816 3541 datus
2843 3495 2924 3540 est
2971 3484 3184 3554 gladius
3214 3483 3468 3554 spiritus,
3525 3481 3695 3551 arripe

2131 3577 2273 3631 hunc
2303 3577 2541 3647 gladium
2575 3594 2588 3630 :
2615 3585 2670 3630 et
2694 3576 2738 3630 si
2764 3575 2913 3630 vides
2940 3573 3303 3629 lsraeliticum
3332 3587 3555 3627 sensum
3582 3587 3692 3626 cum

2131 3669 2491 3726 Madianiticis
2515 3679 2843 3726 scortantem
2885 3667 3283 3732 meretricibus,
3337 3667 3390 3722 id
3455 3677 3538 3723 est
3582 3681 3688 3720 cum

2128 3763 2410 3818 diabolicis
2441 3777 2499 3817 se
2523 3761 2949 3830 cogitationibus
2995 3761 3347 3825 volutantem,
3407 3760 3532 3814 nolo
3579 3775 3688 3828 par-

2127 3868 2241 3918 cas,
2293 3854 2416 3908 nolo
2467 3851 2796 3917 dissimules,
2862 3851 2960 3907 sed
3007 3852 3189 3906 statim
3237 3859 3489 3921 percute,
3516 3851 3686 3903 Statim

2127 3947 2358 4016 perime.
2392 3945 2563 4016 Ipsam
2596 3959 2814 4015 quoque
2845 3943 3088 4008 vulvam,
3114 3943 3162 3998 id
3190 3951 3275 3998 est
3312 3952 3523 3998 secreta
3551 3954 3688 3995 natu-

2130 4049 2203 4090 rae
2228 4034 2528 4090 discutiens
2559 4043 2615 4088 et
2648 4041 2961 4103 penetrans,
3013 4033 3164 4087 illum
3213 4034 3392 4101 ipsum
3443 4033 3684 4102 peccandi

2129 4127 2370 4181 fomitem
2409 4128 2626 4193 deseca,
2661 4140 2726 4180 ne
2752 4124 2888 4179 ultra
2917 4126 3210 4195 concipiat,
3245 4140 3314 4180 ne
3344 4125 3485 4179 ultra
3533 4138 3680 4194 gene-

2127 4231 2229 4282 ret,
2259 4228 2311 4273 et
2339 4219 2620 4274 maledicta
2645 4230 2988 4288 peccatorum
3019 4219 3236 4273 soboles
3269 4217 3572 4272 Israelitica
3600 4231 3680 4270 ca-

2124 4321 2235 4364 stra
2269 4310 2623 4364 contaminet.
2675 4309 2787 4364 [loc
2813 4308 2958 4362 enim
2989 4310 3032 4362 si
3067 4309 3255 4372 facias,
3298 4309 3562 4362 continuo
3609 4321 3682 4359 se-

2123 4400 2276 4455 dabis
2301 4399 2640 4454 iracundiam
2673 4400 2923 4455 Domini:
2970 4398 3278 4470 praevenisti
3313 4398 3463 4452 enim
3510 4397 3680 4466 judicii

2123 4492 2288 4558 diem,
2323 4506 2444 4561 qua:
2473 4491 2588 4546 dies
2613 4491 2705 4546 irae
2734 4491 2933 4546 dicitur
2955 4501 3010 4547 et
3035 4490 3254 4554 furoris,
3282 4498 3337 4542 et
3366 4487 3681 4543 extermina-

449 4569 575 4622 tiam
608 4578 774 4639 tuam,
817 4573 899 4629 vel
931 4574 1033 4628 alia
1095 4575 1423 4646 hujusmodi,
1479 4595 1598 4649 qua:
1621 4579 1734 4649 jam
1763 4584 2012 4651 superius
2049 4565 2096 4625 θ
2123 4593 2178 4640 to
2217 4601 2247 4638 a
2279 4593 2330 4640 te
2359 4584 2544 4640 fomite
2567 4585 2799 4655 peccati,
2830 4585 2920 4653 qui
2946 4597 3090 4638 nunc
3129 4582 3287 4637 vulva
3324 4581 3683 4635 Madianitidis

445 4667 879 4734 memoravimus,
917 4686 1014 4739 pro
1079 4674 1276 4742 quibus
1332 4677 1386 4729 iu
1443 4677 1770 4750 Apocalypsi
1832 4680 2011 4750 angeli

443 4757 866 4829 uniuscujusque
895 4761 1148 4818 Ecclesia:
1175 4765 1489 4836 culpantur.
1524 4768 1580 4822 Si
1631 4770 1774 4823 enim
1803 4785 2013 4824 merce-

441 4849 562 4904 dem
587 4862 768 4921 sperat
801 4854 1042 4924 angelus,
1076 4858 1220 4912 verbi
1256 4860 1452 4928 gratia,
1482 4863 1571 4930 qui
1609 4877 1692 4917 me
1724 4865 2012 4934 consigna-

442 4952 555 4994 tum
590 4946 801 5014 accepit
838 4962 865 5000 a
899 4946 1027 5012 Deo,
1059 4964 1158 5018 pro
1182 4951 1245 5004 iis
1274 4967 1392 5020 qua:
1420 4952 1557 5007 bene
1605 4955 1770 5024 gessi,
1803 4965 2009 5009 certum

437 5048 522 5091 est
553 5039 681 5108 quia
710 5049 765 5093 et
794 5039 1000 5110 culpari
1028 5043 1268 5112 sperabit
1293 5061 1389 5115 pro
1419 5047 1522 5111 eis,
1574 5062 1694 5116 quae
1728 5063 1758 5100 a
1793 5062 1877 5101 me
1911 5065 2015 5102 non

437 5129 578 5184 bene
599 5138 750 5199 gesta
782 5141 933 5187 sunt.
966 5133 1027 5187 Et
1065 5135 1188 5188 ideo
1229 5139 1490 5190 ostentari
1544 5139 1802 5192 dicuntur
1831 5149 2018 5195 contra

435 5225 628 5289 solem,
669 5227 858 5292 procul
911 5226 1073 5280 dubio
1127 5236 1187 5280 ut
1236 5237 1494 5298 appareat
1543 5239 1720 5284 utrum
1764 5246 1864 5301 pro
1895 5246 2011 5284 mea

435 5311 826 5378 inobedientia,
888 5332 954 5370 an
1014 5333 1109 5386 per
1157 5318 1300 5372 illius
1349 5320 1732 5392 negligentiam
1787 5332 2007 5393 peccata

435 5407 723 5462 commissa
749 5407 879 5476 sint,
926 5425 1026 5479 per
1066 5426 1184 5479 qua:
1235 5411 1590 5482 Beelphcgor,
1639 5417 1753 5469 sive
1784 5416 2005 5470 cuilibet

507 5543 550 5574 ³⁸
580 5545 751 5613 Apoc.
779 5559 839 5602 ιι.
919 5546 962 5578 ³ο
1001 5545 1127 5601 lsai.
1167 5563 1249 5614 ιιι,
1288 5546 1370 5604 lt.

510 5695 622 5775 ‘98)
661 5697 873 5775 Veniant
922 5704 1058 5775 enim
1114 5705 1284 5774 angeli
1314 5708 1384 5760 ad
1419 5706 1701 5775 judicium,
1728 5719 1833 5765 etc.
1876 5709 2007 5763 Vide

439 5762 685 5888 3.33m“
731 5762 1305 5840 Origenianorum'lib.
1341 5762 1623 5848 tt,'qu:est.
1667 5762 1720 5843 ὅ,
1762 5762 1911 5834 nutu.
1942 5762 2005 5836 l9

1449 5551 1495 5581 ⁸ο
1533 5549 1697 5606 llebr.
1741 5567 1859 5619 xm,
1911 5552 1998 5618 l7,
2037 5551 2123 5607 18.

2121 4677 2367 4732 mulieris
2396 4675 2715 4747 appellatur,
2747 4689 2972 4730 securus
3006 4674 3189 4729 venies
3214 4675 3281 4726 ad
3305 4671 3505 4741 judicii
3532 4673 3677 4727 diem.

2123 4768 2189 4824 Et
2220 4769 2341 4824 idco
2392 4777 2679 4838 surgentes
2714 4780 2956 4834 oremus,
2987 4777 3046 4819 ut
3076 4764 3418 4819 inveniamus
3451 4773 3677 4834 paratum

2121 4875 2336 4930 semper
2363 4861 2525 4914 istum
2557 4857 2792 4928 gladium
2831 4856 3076 4927 spiritus,
3131 4871 3229 4924 per
3253 4869 3419 4924 quem
3444 4852 3679 4909 extermi-

2124 4961 2326 5005 nentur
2371 4960 2424 5005 et
2449 4950 2654 5006 semina
2706 4949 2842 5017 ipsa,
2905 4955 2958 5002 et
3014 4947 3397 5016 conceptacula
3445 4957 3676 5016 peccato-

2124 5057 2268 5106 rum,
2306 5055 2369 5096 ac
2424 5040 2688 5111 propitius
2720 5039 2816 5093 ﬁat
2863 5037 3019 5094 nobis
3045 5037 3186 5094 Deus
3221 5053 3318 5108 per
3360 5053 3549 5093 verum
3575 5036 3676 5090 Plii-

2123 5150 2253 5190 uees
2305 5135 2480 5205 ipsum
2547 5135 2832 5190 Dominum
2880 5144 3123 5187 nostrum
3175 5131 3364 5187 Jesum
3391 5131 3669 5190 Christum.

2114 5229 2198 5281 cui
2241 5237 2326 5281 est
2378 5226 2547 5297 gloria
2589 5237 2641 5282 et
2691 5227 2980 5297 imperium
3024 5225 3077 5280 in
3105 5222 3302 5279 stecula
3349 5221 3668 5280 saeculorum.

2110 5325 2305 5376 Amen.

2203 5551 2246 5582 “
2295 5548 2454 5604 Num.
2493 5563 2619 5616 xxv,
2666 5549 2729 5603 10
2798 5551 2875 5603 ll.

2186 5709 2300 5780 (99)
2327 5707 2617 5779 Utrumque
2643 5724 2736 5776 per
2758 5708 2868 5780 ipsa
2891 5707 3140 5780 pudenda
3159 5704 3514 5780 tragsfodcrit.
3544 5696 3657 5755 Vide

2115 5775 2289 5848 supra
2309 5790 2490 5834 notam
2521 5775 2586 5834 ad
2623 5775 2854 5834 bomilite
2888 5775 3074 5848 prima:
3123 5776 3176 5831 in
3225 5775 3460 5831 Genesim
3487 5783 3652 5826 nunc.

2112 5867 2232 5906 rum
2267 5849 2349 5903 l7.
