3914 6526
199 336 291 395 737
786 290 791 293 ἓ
1330 327 1395 381 IN
1429 320 1720 384 NUMERO

1834 324 2087 383 IOMILIA
2149 330 2290 385 XXI.
3324 342 3389 397 75

724 445 999 503 llOMlLlA
1047 446 1183 502 XXI.

325 540 397 598 De
417 554 477 594 eo
501 539 643 610 guod
670 542 899 593 secundo
923 540 1146 609 populus
1175 548 1479 594 numeratus
1503 551 1597 595 est.

263 639 308 693 l.
340 631 554 688 Numeri
603 642 729 686 sunt
755 648 888 701 quos
927 632 1155 701 legimus
1207 632 1380 704 (ljzet
1406 633 1592 703 priore
1621 636 1743 704 qui-

199 735 306 789 dem
346 726 569 782 lectione
616 733 862 794 tempore
913 725 1119 780 exclusi
1184 740 1391 787 sumus,
1443 741 1511 781 ne
1536 727 1743 797 aliquid

198 827 341 883 etiam
383 820 446 874 de
486 818 726 874 secunda
774 816 1211 872 dinumerationc
1258 818 1589 886 diceremus,
1650 824 1742 876 sed

196 913 503 974 conveniens
547 920 633 967 est
670 910 865 965 omissa
905 911 987 965 vel
1030 912 1251 968 exclusa
1300 928 1446 968 nunc
1488 914 1740 971 reddere.

196 1008 343 1080 Igitur
371 1017 462 1073 per
490 1010 815 1071 praeceptum
851 999 1063 1055 Domini
1090 1003 1269 1072 primo
1312 1016 1632 1061 numeratus
1660 1017 1743 1063 est

192 1096 420 1171 populus,
455 1095 547 1149 sed
574 1093 826 1163 quoniam
856 1091 955 1159 illi,
990 1094 1081 1163 qui
1108 1095 1286 1162 primo
1308 1096 1530 1152 fuerant
1558 1101 1738 1168 asciti,

192 1192 480 1248 ceciderunt
516 1198 734 1258 propter
760 1190 1225 1259 perseverantiam
1255 1188 1597 1255 delictorum,
1645 1209 1734 1248 se-

187 1284 380 1340 cundus
409 1296 551 1337 nunc
580 1282 827 1352 populus,
855 1283 947 1352 qui
998 1283 1053 1338 in
1084 1283 1357 1353 lapsorum
1389 1284 1565 1340 locum
1597 1286 1741 1341 redi-

187 1377 292 1430 viva
320 1373 670 1445 generatione
708 1374 995 1440 successit,
1044 1384 1268 1429 vocatur
1299 1376 1364 1429 ad
1426 1392 1739 1442 numerum,

184 1481 231 1526 et
263 1467 397 1539 quod
427 1468 493 1521 de
523 1465 626 1519 illis
663 1466 938 1535 prioribus
963 1466 1167 1522 dictum
1200 1483 1306 1522 non
1335 1468 1533 1535 fuerat,
1563 1470 1630 1525 de
1671 1472 1738 1526 iis

183 1563 382 1617 dicitur.
415 1557 606 1613 Postea
632 1560 773 1612 enim
800 1574 960 1629 quam
993 1575 1090 1629 per
1126 1561 1301 1615 tribus
1332 1570 1387 1615 et
1417 1562 1618 1631 plebes,
1643 1565 1740 1618 d‘o-

1772 451 1821 507 Α
1848 446 1927 502 eis
1954 455 2009 502 et
2039 448 2329 504 luereditas
2363 465 2482 506 esse
2514 461 2866 510 memoratur.
2900 455 3006 512 Per
3045 456 3146 512 hos
3176 458 3250 515 illi
3290 461 3422 519 mihi

1844 540 2099 595 videntur
2128 540 2379 605 indicari,
2409 543 2500 612 qui
2525 545 2686 601 nullis
2716 563 2991 619 corporeae
3019 557 3425 614 naturaaobsla-

1844 632 1981 688 culis
2011 631 2269 699 hebetati,
2307 635 2404 688 sed
2445 636 2684 691 omnium
2724 640 3018 697 visibilium
3057 645 3288 715 gloriam
3335 667 3424 706 su-

1845 724 2139 795 pergressi,
2181 726 2233 780 in
2277 726 2388 781 sola
2420 728 2523 783 sibi
2577 730 2841 800 sapientia
2885 735 2975 790 Dei
3008 746 3063 792 et
3096 740 3264 795 verbo
3306 744 3424 810 ejus

1844 816 2056 871 vivendi
2092 832 2246 872 usum
2284 820 2713 892 exercitiumque
2742 834 3059 893 pomerunt,
3098 829 3191 897 qui
3230 846 3425 899 corpo-

1846 924 1997 964 reum
2025 909 2157 963 nihil
2192 911 2499 978 requirunt,
2537 915 2669 969 nihil
2723 918 2949 972 rationis
2990 918 3249 978 ahenum.
3282 922 3427 978 Con»

1844 999 2132 1068 cupierunt
2164 1001 2307 1054 enim
2345 1002 2696 1071 sapientiam,
2751 1010 3149 1077 concupierunt
3184 1024 3426 1068 secreto-

1847 1107 1963 1145 rum
1999 1092 2091 1147 Dei
2126 1092 2461 1162 agnitionem
2497 1113 2512 1149 :
2545 1106 2601 1152 et
2633 1098 2723 1153 ubi
2755 1110 2837 1155 est
2868 1116 2964 1156 cur
2990 1117 3203 1169 eorum,
3236 1105 3310 1159 ibi
3339 1118 3422 1160 e5t

1845 1192 1897 1236 et
1930 1184 2215 1239 thesaurus
2259 1200 2447 1239 eorum
2484 1187 2549 1241 ⁸⁵³.
2580 1188 2675 1243 lsti
2724 1205 2855 1259 ergo
2883 1190 3258 1252 hereditatem
3312 1217 3418 1254 non

1844 1275 2045 1330 habent
2076 1276 2126 1330 in
2168 1278 2348 1343 terris,
2392 1280 2486 1334 sed
2537 1285 3031 1352 supergrediunlur
3057 1302 3272 1344 summa
3301 1298 3421 1349 coeli

1843 1366 2079 1437 fastigia,
2115 1378 2168 1423 et
2206 1370 2277 1424 ibi
2310 1385 2527 1439 semper
2562 1371 2615 1425 in
2644 1373 2894 1444 Domino,
2926 1393 3142 1449 semper
3174 1383 3225 1435 in
3259 1387 3423 1442 verbo

1842 1461 1982 1531 ejus,
2012 1476 2227 1531 semper
2256 1462 2306 1516 in
2352 1464 2619 1534 sapientia
2662 1475 2716 1519 et
2763 1468 2816 1522 in
2861 1469 3137 1541 voluptate
3181 1476 3423 1533 scientiae

1842 1553 1961 1622 ejus
1991 1553 2411 1613 deliciabuntur.
2446 1556 2547 1612 llic
2575 1559 2654 1614 eis
2678 1560 2852 1625 cibus,
2878 1563 2979 1619 hoc
3004 1566 3106 1619 erit
3142 1569 3420 1637 poculum,

180 1668 411 1724 mosque,
449 1667 515 1707 ac
564 1651 797 1707 familias
849 1652 1104 1708 collectus
1147 1662 1231 1709 est
1293 1670 1573 1718 numerus.
1609 1657 1724 1711 όίεῑι

1845 1646 1962 1700 ista:
2000 1645 2221 1713 divitire,
2252 1647 2358 1701 hoc
2392 1648 2497 1702 erit
2526 1664 2778 1720 regnum.
2810 1651 2969 1709 Tales
3002 1671 3134 1728 ergo
3162 1668 3345 1727 erunt,
3366 1671 3423 1716 et

179 1746 422 1802 Dominus
454 1742 520 1798 ad
549 1742 767 1813 Moysen
808 1743 919 1798 “‘z
957 1762 977 1795 ι
1010 1743 1080 1799 lis
1112 1745 1465 1800 distribuetur
1509 1757 1650 1802 terra
1686 1749 1724 1801 ir

1844 1738 1895 1792 in
1934 1739 2000 1793 iis
2052 1748 2211 1793 erunt
2262 1739 2365 1807 illi,
2409 1740 2608 1809 quibus
2651 1743 2943 1802 ltzereditas
3001 1750 3116 1818 ipse
3161 1752 3422 1810 Dominus

172 1846 383 1900 sortem,
421 1850 489 1889 ex
528 1848 753 1888 numero
800 1833 1101 1888 nominum.
1142 1834 1393 1891 Pluribus
1435 1838 1589 1908 plura
1644 1840 1724 1893 ἀει·

1841 1834 1965 1889 erit.
2008 1832 2113 1899 Qui
2143 1843 2323 1887 autem
2356 1833 2649 1892 inferiores
2681 1849 2831 1906 sunt,
2867 1856 2970 1897 nec
3004 1842 3057 1897 in
3094 1844 3258 1900 istum
3296 1863 3422 1917 pro-

172 1928 357 1982 buntur
389 1925 443 1979 in
473 1933 697 1990 sortem,
732 1933 788 1979 et
817 1924 1030 1994 exiguis
1070 1924 1324 1996 exiguam
1375 1929 1531 1983 dabis
1562 1932 1737 1985 hmre-
1840 1924 2081 1981 fectuum
2110 1928 2371 1983 verticem
2405 1941 2794 1998 pervenerunt,
2850 1933 3224 1993 hmreditatem
3260 1949 3422 1996 teme

171 2022 407 2075 ditatem.
450 2036 471 2071 ι
507 2018 561 2073 Si
594 2022 662 2073 de
699 2018 971 2089 prioribus
998 2018 1204 2073 dictum
1237 2018 1452 2086 fuisset,
1511 2022 1637 2092 quia
1668 2023 1735 2077 iis
1838 2016 2129 2086 θεεῖρὶοηι,
2160 2016 2287 2072 “cel
2316 2018 2650 2075 SublimiOriS
2702 2020 2931 2093 alicujus
2961 2035 3016 2080 et
3067 2029 3415 2096 potentioris.

164 2112 512 2168 distribuetur
543 2122 683 2166 terra
723 2111 776 2165 in
813 2112 1263 2177 sortem,falsum
1298 2114 1486 2184 utique
1516 2114 1730 2183 fuisset,

166 2208 280 2277 quia
306 2205 627 2260 ceciderunt
657 2204 728 2259 illi
772 2204 825 2257 in
863 2204 1082 2259 deserto
1116 2214 1342 2275 propter
1372 2206 1568 2263 delicta
1607 2223 1729 2264 sua.

164 2299 305 2367 Quod
334 2313 470 2369 ergo
503 2298 695 2369 primis
736 2313 839 2352 non
867 2305 952 2353 est
999 2300 1226 2365 dictum,
1276 2301 1569 2369 postremis
1599 2302 1734 2357 dici-

166 2400 263 2455 tur,
305 2387 507 2457 quibus
539 2394 591 2442 et
625 2396 818 2443 cuncta
879 2404 1000 2458 quae
1048 2389 1459 2458 promittuntur,
1514 2391 1730 2462 impleta

156 2490 298 2537 sunt.
331 2481 463 2536 Haec
507 2491 689 2535 autem
719 2480 844 2536 nolo
894 2491 1054 2551 putes
1094 2482 1264 2538 solius
1313 2484 1555 2540 historiae
1586 2494 1729 2541 textu

160 2574 419 2631 concludi.
485 2573 732 2646 Mysteria
794 2583 920 2629 sunt
946 2590 1066 2645 quae
1114 2590 1213 2645 per
1266 2576 1399 2646 legis
1435 2577 1729 2649 imaginem

158 2670 597 2727 conscribuntur.
624 2669 964 2741 Reprobatur
992 2670 1138 2724 enim
1178 2670 1327 2738 prior
1357 2670 1608 2739 populus,
1636 2672 1728 2742 qui

155 2764 309 2819 estin
363 2764 789 2825 circumcisione
845 2778 856 2810 :
915 2772 970 2817 et
1016 2762 1383 2817 introducitur
1429 2766 1726 2833 secundus,

153 2855 236 2924 qui
270 2864 636 2926 congregatur
668 2869 731 2911 ex
759 2855 1031 2924 gentibus,
1090 2862 1145 2908 et
1176 2853 1292 2924 ipse
1315 2863 1400 2911 est
1435 2857 1525 2925 qui
1552 2856 1727 2912 luere-

153 2947 368 3002 ditatem
392 2946 755 3016 consequitur
784 2955 1088 3015 paternam.
1135 2945 1195 2999 Et
1231 2963 1259 2999 a
1298 2960 1407 3016 quo
1435 2950 1726 3019 consequi-

152 3039 271 3095 tur?
318 3038 437 3095 Non
492 3040 560 3095 ab
605 3039 807 3110 Moyse,
874 3038 967 3093 sed
1017 3038 1085 3093 ab
1131 3038 1282 3093 Jesu.
1335 3038 1469 3094 Nam
1515 3040 1726 3112 Moyses

1839 2108 2010 2162 Terra
2063 2110 2210 2163 enim
2264 2110 2561 2165 viventium
2605 2115 3027 2183 repromittitur,
3085 2136 3205 2189 qua:
3236 2123 3420 2191 utique

1839 2201 2044 2256 ideirco
2080 2212 2223 2256 terra
2253 2202 2546 2258 viventium
2593 2205 2815 2272 dicitur,
2857 2210 3000 2277 quod
3033 2213 3236 2267 nesciat
3273 2232 3422 2270 mor-

1840 2301 1967 2348 tem.
2022 2293 2085 2348 Et
2114 2293 2201 2348 isti
2251 2294 2468 2363 quidem
2506 2297 2707 2367 magni,
2742 2308 2800 2353 et
2832 2300 2917 2354 isti
2946 2301 3122 2368 beati;
3154 2306 3251 2361 sed
3287 2307 3417 2362 bea-

1839 2384 2005 2439 tiores
2039 2384 2113 2438 illi
2142 2385 2231 2454 qni
2254 2383 2366 2453 jam
2402 2401 2506 2441 non
2540 2402 2639 2456 per
2664 2388 2951 2457 speculum
2984 2400 3039 2446 et
3071 2393 3123 2446 in
3156 2395 3421 2466 mnigma-

1837 2483 1908 2543 te,
1945 2493 2122 2548 neque
2149 2478 2199 2531 in
2249 2478 2573 2535 substantiis
2599 2481 2995 2550 corporalibus,
3055 2488 3149 2541 sed
3176 2487 3314 2544 facie
3345 2492 3411 2545 ad

1834 2567 2031 2624 faciem
2069 2568 2232 2623 Deum
2264 2570 2544 2636 videbunt,
2580 2572 2859 2640 sapientiae
2898 2575 3295 2635 illuminatione
3324 2598 3414 2636 ra-

1835 2660 1989 2723 diali,
2032 2654 2086 2713 ei
2129 2675 2287 2726 ,νει-αξ
2334 2661 2644 2719 divinitatis
2688 2680 2919 2736 capaces
2985 2684 3081 2739 per
3124 2673 3415 2740 puritatem

1833 2752 2017 2808 cordis
2051 2752 2225 2808 effecti
2261 2768 2277 2807 :
2306 2755 2724 2827 portionemque
2756 2775 2911 2815 suam
2944 2777 3050 2817 non
3114 2765 3165 2819 in
3196 2776 3414 2823 creatu-

1833 2860 1914 2912 ra,
1942 2845 2038 2903 sed
2069 2846 2120 2900 in
2150 2856 2398 2901 creatore
2432 2847 2716 2916 habentes,
2753 2852 2844 2921 qui
2894 2863 2977 2908 est
3033 2870 3201 2925 super
3228 2860 3414 2914 omnia

1831 2937 1972 2994 Deus
2005 2937 2081 3009 (4)
2118 2936 2437 2994 benedictus
2463 2938 2515 2993 in
2556 2941 2778 3000 saecula.

1898 3064 2059 3137 353
2091 3065 2147 3119 2ο
2171 3064 2259 3119 Ait
2285 3079 2414 3135 ergo
2442 3065 2489 3098 “
2521 3085 2535 3123 :
2571 3085 2590 3119 ι
2627 3068 2703 3121 Ex
2738 3084 2961 3125 numero
2990 3074 3265 3129 nominum
3296 3078 3415 3147 plu-

148 3136 305 3240 ξίίθξη
336 3134 381 3189 Si
417 3134 517 3187 di“
555 3131 824 3234 "liq'ﬁb‘fs
869 3131 1263 3240 l'mf’diuile'?’
1316 3148 1422 3188 "0"
1452 3137 1543 3240 δθξ
1582 3136 1721 3190 im”
1755 3158 1798 3216 C
1833 3131 1994 3212 ribus
2016 3131 2183 3226 plura
2208 3131 2483 3211 dabuntur
2514 3158 2566 3212 in
2593 3168 2816 3224 sortem,
2845 3171 2898 3216 et
2925 3164 3133 3235 exiguis
3164 3131 3413 3240 exiguam

144 3223 468 3290 Jordanem,
495 3238 595 3279 nec
628 3222 822 3277 transit
849 3223 1073 3278 omnino
1098 3222 1417 3290 Iordanem,
1446 3227 1540 3280 sed
1570 3237 1724 3282 extra

143 3315 430 3371 Jordanem
471 3316 559 3370 dat
596 3325 816 3381 terram,
850 3330 955 3371 non
984 3313 1240 3370 ﬂuentem
1272 3316 1414 3373 lacte
1461 3330 1515 3374 et
1545 3320 1722 3388 melle,

140 3411 228 3465 sed
261 3410 565 3481 pecoribus
605 3418 806 3479 aptam,
858 3418 913 3463 et
941 3418 1087 3464 muta
1124 3410 1404 3477 animalia,
1458 3422 1621 3482 atque
1650 3414 1727 3468 ir-

140 3503 435 3559 rationales
475 3502 711 3573 pecudes
758 3500 950 3556 melius
1005 3514 1168 3572 quam
1220 3504 1517 3559 rationales
1549 3506 1725 3560 homi-

136 3611 228 3651 nes
254 3596 626 3651 nutrientem.
678 3594 835 3650 Jesus
887 3610 1019 3651 vero
1056 3611 1210 3650 meus
1258 3596 1495 3651 secundo
1528 3599 1725 3667 populo

140 3697 338 3742 terram
370 3702 547 3758 quam
594 3689 709 3752 dat,
743 3697 885 3741 terra
931 3696 1018 3741 est
1047 3687 1188 3742 lacte
1234 3697 1289 3743 et
1338 3690 1494 3745 melle
1527 3693 1720 3757 fluens,

136 3782 239 3835 imo
290 3779 453 3837 favus
511 3779 687 3834 mellis
738 3789 821 3835 est
873 3794 985 3848 prae
1013 3782 1160 3834 omni
1199 3788 1365 3837 terra.
1416 3782 1482 3837 Et
1512 3783 1724 3854 Moyses

134 3874 515 3929 haereditatem
553 3890 660 3928 non
694 3874 782 3927 dat
809 3876 861 3927 in
892 3873 1064 3938 clero,
1097 3886 1199 3928 nec
1234 3883 1382 3931 sorte
1421 3876 1719 3946 distribuit,

131 3980 227 4020 nec
263 3976 451 4035 potest
476 3982 579 4035 per
612 3964 793 4034 plebes
823 3964 921 4036 (2),
960 3974 1016 4019 et
1047 3965 1257 4031 domos,
1294 3983 1358 4022 ac
1384 3969 1641 4035 familias,
1671 3979 1725 4024 et

130 4058 371 4121 nomina,
402 4068 461 4113 et
490 4058 685 4112 merita
715 4056 1049 4127 singulorum
1077 4057 1257 4113 divina
1281 4068 1428 4115 sorte
1453 4076 1716 4129 pensare:

126 4153 228 4208 hoc
257 4153 415 4209 solus
448 4153 585 4208 facit
614 4152 793 4220 Jesus,
820 4153 905 4208 cui
947 4169 1107 4209 omne
1132 4152 1397 4222 judicium
1421 4154 1584 4210 Pater
1608 4167 1717 4209 tra-

125 4247 259 4301 didit
285 4247 331 4279 “
365 4266 380 4302 :
414 4248 538 4316 ipse
568 4247 670 4302 scit
695 4249 968 4316 quomodo
998 4248 1256 4318 populum
1303 4264 1459 4303 suum
1490 4265 1597 4303 non
1630 4264 1720 4304 so-

122 4338 229 4393 lum
255 4355 355 4409 per
388 4340 599 4405 tribus,
625 4348 681 4393 et
709 4338 965 4404 familias,
997 4350 1052 4394 et
1077 4340 1290 4405 domos,
1327 4355 1513 4395 verum
1545 4350 1599 4396 et
1622 4357 1720 4411 per

123 4435 342 4488 nomina
387 4447 846 4503 unumquemque
894 4433 1055 4500 digna
1091 4440 1145 4487 et
1188 4434 1517 4503 competenti
1574 4450 1721 4489 man-

119 4527 272 4582 sione
299 4527 617 4596 dispenset.
646 4524 785 4580 Sunt
813 4535 995 4579 tamen
1031 4525 1196 4595 aliqui
1230 4525 1282 4578 in
1322 4525 1439 4580 istis
1462 4527 1553 4596 qui
1586 4543 1717 4582 con-

117 4618 324 4674 ditione
357 4618 545 4675 sortis
577 4618 1001 4686 supereminent,
1034 4626 1088 4672 et
1112 4617 1338 4672 omnino
1374 4632 1474 4673 uec
1502 4619 1715 4674 addun-

118 4721 205 4766 tur
225 4715 294 4767 ad
324 4722 550 4769 sortem
582 4712 680 4781 (5).
712 4710 914 4766 Omnes
941 4710 1166 4772 Levitae,
1204 4711 1253 4764 id
1288 4719 1373 4765 est
1402 4726 1592 4766 omnes
1624 4711 1714 4781 qui

113 4808 329 4862 intente
392 4815 455 4861 et
525 4804 894 4859 indesinenter
939 4813 1262 4875 permanent
1307 4805 1360 4858 in
1412 4804 1718 4859 ministerio

110 4899 227 4967 Dei,
268 4909 329 4956 et
371 4898 681 4971 pervigiles
721 4898 772 4952 in
799 4898 1021 4953 servitio
1049 4895 1165 4965 ejus
1192 4897 1459 4953 excubias
1494 4906 1710 4966 gerunt,

108 5003 315 5050 sortem
347 4995 507 5049 inter
538 4999 761 5048 caeteros
795 5007 900 5046 non
934 4991 1212 5061 accipiunt
1245 5010 1259 5044 :
1290 4991 1383 5044 sed
1415 5004 1515 5046 nec
1536 4992 1714 5046 omni-

109 5100 180 5142 no
213 5087 270 5142 in
307 5094 471 5142 terra
508 5094 593 5141 est
624 5100 743 5141 sors
772 5100 984 5150 eorum,
1018 5086 1110 5140 sed
1145 5086 1261 5155 ipse
1298 5085 1562 5141 Dominus
1590 5100 1711 5140 sors

98 5337 125 5343 ,,
176 5275 248 5311 ⁸⁸⁸
274 5277 455 5336 Num.
517 5291 662 5341 xxvi,
702 5275 792 5338 55,
839 5274 930 5330 54.

102 5348 149 5382 ”
190 5349 328 5406 Luc.
390 5367 529 5418 xm,
574 5349 667 5406 25.

1005 5276 1050 5308 "
1078 5276 1233 5333 Joan.
1258 5292 1315 5339 v,
1335 5275 1426 5330 22.

178 5526 260 5603 (l)
300 5530 403 5585 Sic
431 5527 621 5603 Codex
647 5527 831 5583 Sancti
863 5526 1185 5603 Theodorici
1220 5525 1521 5603 Bernensis.
1546 5524 1704 5603 libb.

102 5594 255 5666 editi,
295 5619 317 5652 ι
359 5602 590 5653 numeri
635 5606 760 5652 sunt
788 5609 843 5655 et
874 5599 926 5652 in
957 5598 1023 5652 iis
1058 5612 1195 5666 quos
1226 5596 1473 5665 legimus.
1505 5614 1524 5645 ι
1560 5594 1702 5650 Infra

102 5671 246 5725 idem
281 5686 424 5735 ms.,
474 5686 497 5719 ι
536 5671 769 5725 secundo
791 5683 934 5723 nunc
963 5668 1188 5737 populus
1219 5669 1331 5736 qui,
1371 5685 1390 5719 ι
1417 5677 1520 5721 etc.

172 5741 254 5811 (2)
288 5741 451 5811 Idem
493 5754 618 5807 ms.,
657 5758 675 5791 ι
708 5748 763 5793 et
820 5736 1047 5809 Moyses
1073 5738 1288 5811 quidem
1333 5736 1699 5792 [nereditatem

103 5809 242 5864 non
270 5812 331 5866 in
374 5810 563 5876 clero,
619 5826 795 5880 neque
841 5818 987 5865 sorte
1040 5809 1336 5875 distribuit,
1388 5822 1486 5863 nec
1517 5816 1698 5875 potest

1504 5275 1549 5307 “
1580 5275 1849 5343 Matthm,
1880 5277 1974 5333 2|.

742 5349 787 5381 δ’
819 5346 1009 5403 Matth.
1070 5364 1215 5411 xxrv,
1243 5347 1330 5400 l2.
1405 5348 1451 5379 ⁸⁸
1478 5346 1614 5403 Gen.
1667 5362 1740 5401 vr.

1832 3248 1986 3303 dabis
2018 3246 2410 3310 hiereditatem,
2463 3251 2755 3322 unicuique
2791 3254 2932 3308 sicut
2974 3259 3273 3314 recensitus
3306 3274 3410 3328 est,

1831 3340 2054 3394 dabitur
2104 3339 2394 3394 luereditas
2447 3341 2582 3408 ejus.
2623 3360 2642 3393 ι
2678 3343 2915 3401 llistoria
2972 3349 3075 3405 hoc
3141 3364 3222 3407 est
3270 3355 3412 3423 quod

1828 3433 2009 3498 docet,
2042 3439 2101 3485 ut
2130 3432 2173 3486 si
2204 3445 2308 3499 qua
2369 3431 2541 3486 tribus
2592 3438 2934 3492 numerosior
2970 3440 3199 3496 habetur
3234 3445 3284 3497 in
3315 3460 3411 3514 po-

1829 3524 1990 3595 pulis,
2026 3522 2231 3592 majora
2264 3533 2423 3577 terrae
2457 3526 2628 3593 spatia
2659 3530 2959 3584 sortiatur:
2996 3534 3040 3586 si
3084 3549 3185 3601 qua
3231 3544 3408 3591 autem

1829 3617 2039 3670 minore
2089 3615 2367 3669 hominum
2422 3632 2648 3672 numero
2686 3631 2960 3686 censetur,
2990 3625 3235 3681 breviore
3284 3644 3412 3698 pos-

1827 3708 2072 3763 sessione
2125 3716 2381 3762 contenla
2431 3709 2522 3764 sit.
2578 3708 2685 3765 Sed
2738 3714 2992 3781 quoniam
3031 3725 3187 3771 terra:
3251 3719 3411 3788 hujus

1826 3801 2143 3855 divisionem
2183 3800 2667 3870 hmreditatumque
2716 3813 3010 3871 terrenam,
3040 3812 3272 3878 speciem
3329 3814 3412 3867 di-

1825 3895 1999 3949 cimus
2021 3903 2206 3949 tenere
2236 3893 2314 3965 (5)
2348 3904 2403 3948 et
2431 3894 2717 3965 imaginem
2755 3897 3065 3954 futurorum
3116 3903 3404 3971 bonorum,

1824 4001 1887 4041 ac
1922 3985 2149 4039 formam
2186 3985 2428 4041 caelestis
2464 3987 2630 4052 illius,
2660 4004 2781 4057 quae
2820 4006 2849 4043 a
2903 3991 3148 4047 fidelibus
3179 4003 3233 4048 et
3282 4011 3410 4051 sau-

1824 4081 1929 4136 cris
1964 4089 2238 4149 speratur,
2270 4079 2603 4136 haereditatis
2634 4083 2958 4138 ostendere:
2990 4086 3207 4154 requiro
3233 4087 3284 4142 in
3318 4089 3406 4143 illa

1826 4172 2144 4228 hmreditate
2176 4188 2295 4239 qua:
2330 4174 2595 4243 speranda
2619 4183 2720 4242 est,
2752 4177 2839 4244 qui
2866 4177 2976 4231 sint
3003 4179 3203 4248 plures,
3236 4189 3290 4237 et
3314 4184 3404 4251 qui

1820 4265 1932 4320 sint
1961 4264 2143 4334 pauci,
2179 4274 2233 4317 et
2277 4265 2492 4319 invenio
2528 4266 2600 4321 ibi
2652 4266 2925 4324 beatiores
2970 4286 3173 4338 paucos
3214 4275 3405 4330 haberi

1821 4372 1981 4427 quam
2019 4357 2221 4428 plures.
2246 4356 2378 4411 Nam
2405 4357 2495 4426 qui
2528 4373 2623 4428 per
2643 4360 2787 4415 viam
2819 4361 2978 4416 latam
3006 4373 3059 4418 et
3083 4367 3401 4435 spatiosam,

1818 4465 1942 4519 quae
1981 4450 2128 4504 ducit
2179 4449 2246 4503 ad
2291 4451 2673 4519 perditionem,
2707 4454 2915 4523 egerint
2951 4456 3074 4523 iter,
3121 4457 3272 4511 multi
3315 4459 3403 4514 di-

1824 4554 2021 4597 cuntur
2050 4541 2116 4597 ”.
2144 4543 2245 4611 Qui
2290 4557 2420 4600 vero
2465 4561 2565 4617 per
2608 4552 2813 4600 arctam
2856 4556 2911 4600 et
2941 4557 3220 4613 angustam
3255 4550 3398 4606 viam

1824 4636 2184 4703 perrexeriut,
2208 4651 2329 4706 quae
2356 4637 2506 4694 ducit
2540 4637 2605 4691 ad
2632 4638 2815 4702 vitam,
2843 4639 2999 4706 pauci
3037 4641 3399 4711 appellantur.

1825 4719 1887 4776 Et
1916 4721 2113 4778 iterum
2155 4724 2207 4778 in
2250 4725 2374 4779 aliis
2413 4725 2612 4781 dicitur
2638 4726 2727 4781 ὀδε
2768 4744 2787 4777 ι
2834 4727 3002 4797 Quam
3046 4733 3202 4801 pauci
3250 4744 3401 4800 sunt,

1824 4815 1913 4884 qui
1948 4814 2246 4871 salvantur.
2281 4835 2300 4868 ι
2333 4817 2397 4872 Et
2430 4820 2623 4873 iterum
2659 4819 2715 4874 in
2753 4820 2877 4877 aliis
2903 4821 2987 4876 Mr:
3020 4841 3038 4875 ι
3074 4823 3176 4880 Ubi
3213 4828 3400 4884 multi-

1820 4906 2053 4974 plicatur
2093 4908 2371 4979 iniquitas,
2405 4909 2720 4982 refrigescet
2753 4914 2994 4970 charitas
3027 4917 3343 4985 multonum,
3377 4940 3395 4973 ι

1822 5013 1927 5052 non
1956 5014 2275 5069 paucorum.
2306 4999 2411 5058 Sed
2444 5013 2497 5057 et
2526 5004 2578 5058 in
2612 5018 2758 5069 arca,
2791 5020 2913 5075 quae
2950 5022 2978 5060 a
3004 5007 3117 5064 Noe
3152 5020 3403 5067 constru-

1820 5097 1906 5143 cta
1942 5098 2027 5144 est
2048 5089 2116 5158 ⁸⁸,
2149 5092 2238 5146 ubi
2278 5107 2544 5149 mensura:
2575 5095 2793 5154 coalitus
2822 5099 3038 5166 dantur,
3074 5101 3126 5155 in
3172 5102 3396 5157 inferio-

2051 5277 2100 5311 “
2134 5277 2291 5335 Num.
2331 5296 2478 5348 χιιι,
2506 5282 2595 5350 5⁸5,
2622 5285 2717 5338 δι.
2788 5284 2835 5316 ⁸³
2862 5283 3054 5340 Matth.
3084 5299 3179 5352 vn,
3209 5282 3393 5352 15,“.

1816 5524 2022 5595 plebes,
2062 5547 2080 5579 ι
2120 5536 2225 5584 etc.

1906 5598 1960 5666 5)
1995 5598 2139 5653 Idem
2170 5614 2295 5666 ms.,
2334 5618 2352 5652 ι
2387 5602 2663 5660 ducuntur
2688 5601 2755 5653 ad
2784 5608 3011 5655 sortem.
3042 5619 3063 5650 ο

1909 5668 1940 5719 4
1993 5668 2199 5724 Nomen
2238 5688 2258 5722 ι
2300 5672 2438 5726 Deus
2467 5691 2486 5723 ι
2521 5671 2799 5742 suppletur
2829 5686 2859 5726 e
2894 5684 3029 5724 mss.

1909 5672 2163 5809 (iudex
2219 5740 2407 5799 Sancti
2446 5741 2767 5798 Theoderici
2814 5743 3029 5795 ltetneut

1882 5738 1959 5806 (5)
1985 5739 2163 5795 (iudex
2219 5740 2407 5799 Sancti
2446 5738 2767 5798 Theoderici
2814 5738 3119 5806 ltetneusis,
3146 5757 3166 5792 ι

1808 5824 1926 5863 mus
1958 5821 2160 5865 tenere.
2191 5829 2211 5863 ι
