3914 6520
491 335 598 394 759

1937 329 2260 387 ORIGENIS

3653 333 3755 387 Ἶῑιὶ

490 453 643 511 ribus
677 462 1041 509 trecentorum
1069 449 1377 505 cubitorum
1419 449 1641 519 ponitur
1673 449 1976 519 longitudo,
2012 458 2068 505 et
2095 455 2141 512 Α
2169 450 2352 506 educit
2381 465 2503 506 eum
2533 451 2713 518 foras,
2751 465 2873 506 eum
2913 465 3001 507 res
3030 451 3290 521 postulat,
3323 462 3380 507 et
3417 467 3602 508 rerum
3630 455 3754 507 visi-

488 544 876 616 quinquaginta
926 541 1230 596 cubitorum
1281 540 1528 596 latitudo.
1575 539 1674 596 Ubi
1713 554 1842 596 vero
1890 548 2068 596 textus

488 639 607 710 ejus
639 637 706 691 ad
747 635 938 690 altiora
981 633 1280 704 consurgit,
1326 633 1380 687 in
1424 641 1714 704 angustum
1751 632 1980 704 cogitur,
2016 641 2070 688 et

489 743 788 802 paucorum
838 727 1144 784 cubitorum
1179 726 1534 782 conclusione
1578 725 1868 796 colligitur,
1905 725 1979 780 ita
2013 733 2070 778 ut

489 822 773 877 summitas
801 818 918 889 ejus
949 820 1003 874 in
1041 820 1203 876 unius
1237 819 1405 889 cubiti
1452 817 1686 888 spatium
1731 831 2072 873 consumme-

490 923 619 968 tur:
647 921 1041 983 proptereaque
1073 913 1124 967 in
1166 912 1514 968 inferioribus
1560 911 1796 980 quidem,
1830 911 1917 965 ubi
1961 910 2069 964 lata

487 1014 544 1060 et
580 1005 819 1075 spatiosa
850 1005 1189 1060 habebantur
1210 1005 1348 1070 loca,
1375 1004 1458 1059 vel
1487 1004 1694 1070 bestiae,
1729 1002 1810 1058 vel
1837 1004 2072 1074 pecudes

489 1105 648 1150 erant
683 1096 978 1161 collocata,
1003 1098 1056 1150 in
1091 1097 1464 1167 superioribus
1494 1111 1623 1150 vero
1648 1110 1774 1151 aves
1802 1109 1818 1149 :
1845 1096 1897 1149 in
1928 1109 2072 1150 sum-

492 1189 594 1244 mis
620 1199 822 1255 autem,
847 1206 966 1258 qua:
988 1191 1302 1262 augustiora
1319 1199 1372 1244 et
1397 1189 1586 1244 altiora
1611 1197 1788 1252 erant,
1816 1188 1886 1242 ibi
1910 1187 2072 1242 homo

499 1281 783 1336 rationalis
819 1281 1134 1338 collocatur.
1168 1283 1285 1352 Ipse
1311 1297 1439 1337 vero
1466 1290 1655 1336 vertex
1699 1281 1750 1334 in
1784 1295 1950 1334 unum
1977 1295 2072 1335 cu-

491 1372 662 1427 bitum
687 1373 980 1444 colligitur.
1012 1373 1206 1428 Omnia
1241 1374 1384 1429 enim
1409 1371 1478 1427 ad
1505 1372 1786 1427 monadem
1819 1371 2071 1440 redigun-

492 1476 602 1519 tur.
636 1465 766 1533 Quae
800 1475 980 1520 tamen
1011 1465 1292 1521 Trinitatis
1321 1473 1723 1519 sacramentum
1761 1463 1812 1516 in
1850 1478 2072 1518 numero

493 1567 858 1614 trecentorum
880 1559 1184 1615 cubitorum
1210 1559 1472 1628 designat,
1495 1567 1547 1613 et
1575 1558 1700 1612 huic
1727 1567 2073 1612 sacramento

493 1654 774 1723 proximus
797 1653 1016 1722 ponitur
1043 1651 1204 1706 homo
1241 1660 1430 1720 utpote
1462 1649 1742 1704 rationalis
1773 1657 1827 1703 et
1857 1648 1947 1703 Dei
1978 1664 2070 1702 ca-

491 1759 616 1814 pax.
651 1743 756 1799 Sed
788 1743 928 1798 unde
966 1758 1085 1812 quae
1137 1743 1208 1797 sit
1257 1740 1560 1796 dillerentia
1605 1739 1746 1794 inter
1785 1754 1987 1810 paucos
2017 1749 2070 1794 et

492 1837 708 1901 multos,
744 1836 1056 1907 colligamus
1093 1834 1333 1889 indicia?
1386 1833 1533 1888 Pone
1579 1847 1794 1887 omnem
1841 1833 2065 1888 humani

493 1930 707 1997 generis
739 1942 1047 1992 numerum,
1073 1941 1137 1981 ex
1167 1925 1440 1980 universis
1484 1926 1732 1996 gentibus
1761 1924 1898 1995 elige
1935 1924 2068 1978 ﬁde-

493 2021 597 2086 les,
621 2022 736 2076 sine
767 2021 931 2075 dubio
955 2020 1236 2088 pauciores
1263 2033 1446 2086 erunt,
1470 2033 1632 2087 quam
1659 2028 1783 2073 sunt
1805 2018 2064 2072 universi.

491 2111 644 2166 Tunc
670 2110 866 2164 deinde
908 2123 975 2163 ex
1026 2109 1262 2164 ﬁdelium
1309 2127 1556 2178 numero,
1605 2111 1743 2178 elige
1797 2109 2068 2164 meliores.

487 2203 704 2258 Certum
732 2213 815 2259 est
848 2203 991 2273 quod
1031 2204 1200 2259 multo
1232 2204 1462 2260 inferior
1511 2220 1769 2259 numerus
1822 2219 2071 2259 remane-

488 2295 587 2350 bit.
623 2293 690 2349 Et
718 2295 912 2350 iterum
945 2309 1009 2350 ex
1046 2295 1178 2364 ipsis
1213 2311 1350 2366 quos
1391 2297 1640 2368 elegeris,
1668 2296 1805 2366 elige
1855 2311 2067 2350 rursum

486 2388 860 2459 perfectiores.
899 2391 1187 2458 pauciores
1212 2389 1456 2459 profecto
1491 2390 1746 2458 reperies.
1778 2389 1842 2443 Et
1866 2400 2070 2458 quanto

489 2481 722 2552 amplius
750 2483 997 2553 eligendo
1043 2485 1396 2551 processeris,
1427 2493 1576 2538 tanto
1630 2483 1802 2554 magis
1843 2486 2068 2554 exiguos

489 2583 545 2628 et
594 2577 878 2645 pauciores
930 2578 1174 2632 invenies
1223 2591 1504 2646 usquequo
1546 2577 1736 2630 ultimo
1778 2575 1962 2630 venias
2003 2576 2068 2630 ad

490 2681 655 2720 unum
688 2667 942 2736 aliquem,
973 2669 1063 2739 qui
1098 2668 1432 2723 conlidenter
1471 2668 1617 2722 dicat
1646 2667 1712 2734 δ’,
1743 2667 1867 2737 quia
1896 2685 1915 2717 ‹
1949 2683 2067 2720 am-

493 2750 636 2820 plius
663 2768 826 2823 quam
868 2771 1056 2812 omnes
1107 2756 1184 2810 illi
1219 2756 1482 2812 laboravi.
1521 2775 1541 2809 ›
1579 2755 1640 2810 Hi
1677 2771 1806 2826 ergo
1842 2756 1935 2825 qui
1967 2758 2069 2811 hoc

495 2843 652 2899 modo
688 2845 870 2915 plures
892 2856 1037 2912 sunt,
1077 2848 1196 2916 plus
1227 2856 1387 2902 terrae
1410 2857 1466 2902 et
1494 2847 1613 2916 plus
1645 2861 1924 2917 corporea:
1956 2846 2068 2901 hae-

491 2936 736 2994 reditatis
781 2940 1095 3010 accipiunt:
1133 2940 1288 3010 pauci
1333 2950 1511 2996 autem
1563 2940 1814 3010 exiguum
1862 2939 2066 3010 aliquid

492 3033 560 3086 de
591 3040 734 3087 terra
754 3043 1180 3102 consequuntur,
1209 3034 1303 3104 qui
1333 3036 1453 3105 plus
1481 3035 1532 3088 iu
1569 3035 1795 3091 Domino
1829 3037 2062 3091 habent:

2171 541 2359 597 bilium
2383 543 2522 598 ratio
2549 543 2812 614 deposcit.
2838 541 3028 598 Potest
3054 557 3184 614 ergo
3210 553 3266 598 et
3298 545 3404 600 hoc
3437 545 3602 599 modo
3625 543 3755 598 mul-

2174 637 2244 691 tis
2271 637 2410 703 istis,
2441 638 2532 707 qui
2574 646 2700 691 sunt
2740 639 2880 693 sicut
2915 637 3087 693 stellae
3132 638 3257 692 coeli
3299 638 3352 693 in
3388 637 3756 704 multitudine,

2173 729 2515 799 multiplicari
2550 729 2860 798 haereditas,
2896 741 2951 785 et
2985 731 3197 802 exiguis
3233 730 3340 786 illis
3373 729 3637 786 videlicet
3669 731 3754 800 qui

2174 823 2390 878 etiamsi
2426 836 2656 877 numero
2686 822 2840 876 multi
2878 834 3026 885 sunt,
3070 824 3195 878 vita:
3244 833 3426 879 tamen
3476 837 3599 878 sua
3629 824 3761 878 indi-

2172 913 2378 982 gnitate
2423 925 2476 967 et
2521 912 2724 967 vilitate
2756 912 2937 984 exigui
2970 912 3264 979 habentur,
3297 915 3500 982 exigua
3533 913 3760 968 haeredi-

2177 1017 2258 1061 tas
2303 1005 2450 1075 poni.

2245 1098 2298 1151 5.
2337 1116 2354 1147 ι
2396 1095 2498 1151 Per
2522 1105 2750 1160 sortem,
2781 1095 2959 1167 inquit
2986 1096 3052 1159 “,
3079 1097 3181 1150 erit
3216 1096 3564 1152 hereditatis
3589 1097 3760 1150 distri-

2176 1190 2348 1245 butio.
2385 1209 2403 1241 υ
2446 1188 2556 1242 Hoc
2595 1188 2814 1258 quidem
2846 1189 3176 1258 praecipitur,
3208 1191 3303 1243 sed
3338 1205 3466 1244 cum
3501 1189 3660 1242 venio
3701 1190 3760 1240 ad

2174 1280 2505 1350 Scripturas,
2529 1279 2688 1335 video
2734 1281 2907 1350 ipsum
2942 1280 3181 1351 Moysen.
3211 1282 3300 1335 cui
3340 1281 3448 1336 ista
3505 1281 3760 1334 mandas-

2178 1382 2284 1436 tur,
2313 1382 2460 1428 sorte
2495 1387 2598 1426 non
2649 1373 2725 1425 uti
2774 1373 2826 1426 in
2873 1374 3136 1428 divisione
3178 1374 3522 1428 luereditatis
3558 1372 3760 1437 Balleia,

2173 1475 2227 1521 et
2273 1465 2409 1529 Gad,
2457 1473 2513 1519 et
2547 1463 2783 1520 dimidiae
2827 1466 2997 1520 tribus
3033 1464 3304 1520 Mauasse.
3351 1466 3465 1520 Sed
3519 1476 3572 1519 et
3614 1463 3763 1518 ἕως

2175 1556 2342 1623 Nave,
2370 1566 2524 1612 extra
2555 1566 2759 1611 sortem
2801 1558 2893 1612 dat
2928 1557 3298 1612 hzereditatem
3329 1558 3500 1612 tribui
3528 1556 3689 1619 Juda,
3716 1568 3764 1611 et

2174 1648 2358 1714 Caleb,
2387 1659 2441 1705 et
2463 1659 2617 1705 extra
2659 1657 2859 1704 sortem
2893 1650 2985 1704 dat
3011 1659 3060 1706 et
3099 1651 3262 1704 tribui
3300 1649 3565 1720 Ephrem,
3595 1659 3648 1702 et
3683 1649 3760 1702 di-

2177 1741 2354 1795 midia:
2385 1740 2548 1795 tribui
2580 1740 2827 1796 Manasse
2861 1760 2876 1796 :
2910 1742 2963 1796 in
3003 1741 3217 1796 caeteris
3265 1756 3389 1796 sors
3425 1741 3684 1804 mittitur,
3711 1751 3761 1792 et

2173 1833 2344 1904 prima
2377 1847 2494 1888 sors
2529 1833 2808 1903 Beniamin
2842 1834 3104 1902 procedit,
3131 1844 3185 1888 et
3217 1834 3342 1889 inde
3379 1835 3499 1904 jam
3535 1835 3756 1888 tribuum

2175 1927 2524 1997 reliquarum.
2557 1926 2710 1983 Unde
2742 1939 2870 1997 puto
2909 1927 3050 1995 quod
3089 1935 3146 1979 et
3181 1926 3232 1978 in
3275 1925 3363 1978 illa
3414 1925 3572 1995 regni
3600 1925 3762 1979 ecclo-

2176 2035 2291 2073 rum
2326 2020 2486 2074 beata
2516 2020 2834 2074 hmreditate
2858 2028 3019 2072 erunt
3048 2018 3236 2088 aliqui,
3269 2020 3360 2088 qui
3409 2033 3517 2071 non
3550 2017 3761 2072 veniant

2174 2110 2241 2165 ad
2270 2120 2492 2176 sortem,
2529 2127 2704 2181 neque
2733 2126 2854 2166 eum
2881 2110 3116 2177 caeteris,
3139 2110 3394 2179 quamvis
3431 2109 3546 2164 sint
3572 2110 3756 2168 sancti.

2175 2203 2602 2257 numerabuntur
2639 2221 2653 2257 :
2691 2204 2785 2258 sed
2815 2202 2925 2256 erit
2957 2201 3177 2272 egregia
3200 2202 3451 2271 quautam
3481 2211 3540 2256 et
3572 2200 3759 2253 eximia

2173 2312 2362 2351 eorum
2394 2297 2699 2361 hairedilas,
2721 2296 2864 2354 sicut
2897 2294 3000 2350 fuit
3037 2294 3201 2350 Caleb
3237 2310 3303 2348 ex
3335 2295 3482 2348 tribu
3520 2291 3676 2356 Juda,
3711 2303 3758 2345 et

2170 2388 2296 2444 .lesu
2341 2389 2511 2459 ipsius
2556 2385 2648 2443 lilii
2695 2386 2862 2444 Nave.
2910 2387 3062 2442 Sicut
3109 2387 3278 2453 enim,
3309 2378 3667 2440 verbi'causa
3694 2384 3756 2447 ⁸³.

2165 2495 2293 2534 eum
2340 2488 2460 2548 post
2503 2479 2743 2548 praelium
2795 2480 3092 2534 victoribus
3136 2479 3430 2549 provinciae
3460 2478 3754 2548 partiuntur

2175 2573 2368 2642 spolia,
2397 2575 2601 2644 egregii
2633 2574 2835 2644 quique
2865 2583 2915 2627 et
2956 2573 3136 2628 eximii
3173 2572 3471 2626 bellatores
3508 2586 3614 2624 non
3644 2585 3754 2624 cum

2172 2667 2385 2720 caeteris
2413 2665 2674 2720 militibus
2699 2667 2752 2720 in
2781 2665 3048 2720 divisione
3075 2663 3372 2730 spoliorum
3396 2664 3672 2716 ducuntur
3695 2667 3752 2713 ad

2173 2767 2402 2822 sortem,
2431 2760 2528 2814 sed
2573 2760 2776 2828 optima
2831 2774 3058 2829 quaeque
3093 2767 3146 2812 et
3179 2758 3452 2828 prmcipua
3485 2756 3568 2810 eis
3595 2756 3754 2808 virts-

2173 2858 2285 2902 tum
2316 2851 2508 2905 merito
2550 2851 2937 2917 decernuntur,
2972 2851 3152 2906 caeteri
3187 2864 3318 2904 vero
3355 2857 3590 2902 utuntur
3619 2858 3754 2902 sorte

2172 2939 2285 2994 solo
2324 2938 2449 3008 jure
2500 2942 2740 2997 victoria:
2778 2957 2795 2996 :
2842 2943 2914 2996 ita
2969 2942 3099 2996 mihi
3140 2941 3359 2996 videtur
3409 2953 3463 2997 et
3507 2942 3754 2998 Dominus

2173 3029 2342 3101 355.
2376 3046 2525 3086 meus
2549 3030 2706 3087 Jesus
2727 3032 2977 3087 Christus
3004 3031 3246 3086 facturus
3273 3051 3286 3085 :
3322 3033 3593 3102 quosdam
3619 3033 3751 3086 eni-

491 3125 584 3180 alii
626 3134 803 3181 autem
870 3127 1002 3182 nihil
1045 3129 1268 3182 omnino
1317 3127 1392 3200 (ti)
1447 3137 1677 3184 terrente
1734 3128 2066 3183 litereditalis
2095 3159 2136 3217 ε
2170 3137 2307 3190 quos
2344 3122 2446 3177 scit
2481 3123 2844 3179 abundantius
2891 3139 3056 3193 quam
3096 3133 3330 3179 caeteros
3382 3124 3752 3188 βιωτικά

490 3216 784 3288 accipiunt,
832 3219 874 3273 si
917 3219 1008 3288 qui
1041 3220 1189 3287 digni
1237 3219 1442 3274 fuerint
1485 3221 1794 3275 sacerdotes
1843 3235 1964 3276 esse
2016 3230 2070 3276 et

497 3310 731 3366 ministri
763 3311 879 3378 Dei,
913 3313 1106 3366 horum
1145 3313 1290 3368 enim
1319 3329 1386 3368 ex
1422 3312 1637 3383 integro
1667 3313 1781 3383 ipse
1808 3312 2069 3369 Dominus

491 3400 778 3459 ltazreditas
807 3404 931 3460 erit.
968 3405 1031 3460 Et
1073 3407 1196 3474 quis
1244 3405 1318 3460 ita
1366 3406 1558 3461 beatus
1584 3415 1689 3472 est,
1724 3415 1781 3460 ut
1811 3406 1893 3462 vel
1931 3407 2071 3462 inter

491 3511 694 3564 paucos
715 3497 971 3568 exiguum
998 3507 1157 3553 terrae
1183 3498 1434 3568 accipiat,
1460 3497 1543 3554 vel
1583 3499 1724 3552 inter
1751 3497 1954 3554 electos
1983 3515 2070 3554 sa-

489 3589 738 3644 cerdotes
758 3600 811 3644 et
833 3590 1112 3646 ministros
1129 3591 1301 3646 solum
1329 3590 1497 3646 Deum
1513 3605 1708 3660 capere
1734 3591 2070 3646 lucreditatis

490 3690 638 3736 ssrte
660 3685 977 3738 mereatur?
999 3683 1149 3739 Licet
1171 3684 1339 3739 etiam
1365 3685 1462 3754 ipsi
1479 3688 1953 3754 propterjumenta
1973 3700 2068 3744 sua

489 3775 760 3843 accipiant
785 3774 987 3845 aliquid
1017 3785 1200 3841 terrae,
1232 3778 1326 3832 sed
1354 3775 1496 3831 illius
1522 3785 1680 3830 terrae
1701 3791 1820 3845 quae
1846 3775 2069 3832 urbibus

489 3867 741 3936 contigua
765 3875 916 3921 estet
937 3867 1174 3922 adhaeret
1193 3868 1527 3922 civitatibus.
1554 3867 1738 3923 Potest
1759 3877 1939 3922 tamen
1971 3869 2066 3922 ad-

494 3951 598 4006 huc
631 3961 685 4006 et
713 3952 816 4006 alio
855 3953 1010 4008 modo
1044 3955 1269 4024 intelligi
1324 3971 1507 4010 sermo
1542 3957 1668 4020 iste,
1703 3957 1795 4026 qui
1837 3957 1968 4011 dicit
2014 3967 2071 4011 ut

494 4043 736 4112 pluribus
767 4046 1152 4114 multiplicetur
1187 4047 1500 4102 luereditas.
1535 4046 1684 4103 Unus
1717 4047 1863 4102 enim
1890 4048 2070 4118 justus

493 4137 791 4209 secundum
817 4139 918 4193 hoc
942 4139 1084 4208 quod
1111 4149 1366 4209 acceptus
1395 4148 1477 4194 est
1500 4138 1612 4195 Deo
1638 4140 1736 4212 (7),
1768 4155 1865 4209 pro
1906 4140 2071 4211 pluri-

495 4212 892 4284 bus‘habetur.
945 4230 1184 4298 Denique
1236 4240 1292 4286 et
1335 4232 1600 4301 scriptum
1649 4242 1733 4287 est
1761 4234 1852 4288 '°:
1902 4251 1921 4285 ι
1967 4233 2072 4288 Per

495 4333 659 4372 unum
685 4319 981 4388 sapientem
1015 4320 1411 4376 inhabilabitur
1433 4322 1844 4386 civitas,~tribus
1882 4333 2068 4378 autem

495 4409 801 4480 iniquorum
843 4410 1199 4468 desolabitur.
1239 4432 1258 4466 ι
1295 4413 1360 4468 Ει
1407 4429 1545 4469 unus
1587 4413 1767 4482 justus
1813 4430 1910 4486 pro
1958 4425 2070 4470 toto

2173 3229 2402 3282 quorum
2439 3224 2589 3284 gesta
2626 3217 2908 3286 magniliea
2956 3217 3327 3286 sublimesque
3366 3217 3602 3274 virtutes
3646 3218 3750 3286 ipse

2173 3307 2470 3376 cognoscit,
2492 3307 2596 3362 illis
2619 3309 2922 3378 praecipuos
2942 3324 3184 3379 quosque
3206 3320 3262 3364 et
3292 3311 3550 3376 eximios,
3577 3320 3748 3378 atque.

2174 3405 2231 3450 ut
2261 3396 2334 3451 ita
2369 3397 2592 3452 audeam
2625 3399 2830 3463 dicere,
2869 3399 3073 3454 similes
3109 3401 3212 3455 sibi
3248 3399 3491 3457 honores
3519 3400 3750 3456 decernit

2172 3500 2227 3542 et
2267 3488 2490 3560 glorias.
2541 3493 2736 3546 Annon
2781 3490 2878 3545 tibi
2919 3492 3131 3547 videtur
3163 3492 3353 3563 simile
3400 3492 3608 3563 aliquid
3652 3508 3752 3548 sn:

2174 3581 2523 3636 beatitudinis
2545 3582 2869 3638 clarissimis
2893 3584 3004 3639 suis
3027 3561 3279 3640 conferre
3303 3586 3608 3656 discipulis,
3635 3600 3745 3640 asse

2175 3671 2306 3726 dicit
2338 3673 2424 3724 ’δε
2463 3691 2482 3723 ς
2518 3670 2700 3739 Pater,
2731 3674 2854 3729 volo
2897 3683 2958 3726 ut
3005 3675 3094 3728 ubi
3128 3689 3229 3744 ego
3273 3691 3393 3731 sum
3439 3685 3496 3730 et
3526 3676 3611 3730 isti
3651 3677 3748 3730 sint

2175 3765 2423 3819 meeum?
2453 3785 2471 3816 ι
2499 3765 2566 3819 Et
2618 3781 2740 3820 cum
2786 3766 2979 3821 iterum
3027 3768 3157 3822 dicit
3181 3769 3248 3833 ⁸⁸,
3293 3769 3420 3838 quia
3453 3789 3472 3820 ι
3507 3770 3748 3824 εεάᾱιίιὶς

2172 3867 2227 3910 et
2258 3871 2351 3910 vos
2378 3872 2544 3926 super
2573 3857 2852 3912 duodecim
2885 3857 3108 3914 thronos
3133 3858 3446 3927 judicantes
3473 3863 3744 3917 duodecim

2176 3949 2346 4002 tribus
2380 3946 2578 4003 Israel?
2617 3967 2634 3999 ι
2671 3947 2733 4001 Et
2787 3948 2987 4004 iterum
3019 3949 3111 4002 “z
3153 3966 3172 3999 ι
3212 3946 3368 4003 Sicut
3424 3959 3480 4004 tu
3535 3951 3584 4002 in
3637 3967 3744 4010 me.

2174 4039 2350 4105 Pater,
2379 4049 2434 4096 et
2458 4056 2560 4112 ego
2583 4041 2634 4096 in
2673 4051 2747 4106 te,
2779 4042 2853 4096 ita
2885 4053 2941 4098 et
2968 4042 3056 4096 isti
3088 4042 3140 4096 in
3171 4044 3329 4098 nobis
3366 4060 3532 4098 unum
3559 4045 3701 4099 sint?
3725 4063 3742 4093 ο

2175 4132 2299 4188 llaec
2343 4136 2527 4189 omnia
2579 4150 2684 4190 non
2723 4143 2873 4190 sorte
2921 4136 3310 4200 decernuntur,
3341 4137 3437 4192 sed
3479 4137 3745 4192 electionis

2174 4227 2528 4297 praerogativa
2561 4226 2638 4298 (8)
2670 4227 2940 4282 donantur
2983 4228 3052 4283 ab
3100 4244 3165 4284 eo
3197 4228 3287 4299 qui
3328 4232 3494 4284 corda
3527 4236 3578 4282 et
3606 4243 3747 4283 mes—

2177 4330 2254 4376 tes
2286 4321 2567 4376 hominum
2617 4323 2765 4377 videt
2810 4323 2981 4390 solus,
3012 4325 3102 4395 qui
3149 4340 3249 4380 nos
3284 4341 3501 4395 quoque
3544 4327 3742 4380 etiami

2173 4428 2280 4468 non
2309 4414 2451 4468 inter
2479 4415 2708 4469 eximios
2739 4425 2793 4470 et
2829 4416 3050 4482 electos,
3083 4425 3245 4486 atque
3295 4419 3416 4473 illos
3463 4420 3552 4486 qui
3592 4432 3740 4486 supra

494 4503 693 4558 mundo
725 4513 1029 4574 reputatur,
1063 4506 1233 4576 iniqui
1275 4517 1478 4573 autem,
1502 4507 1715 4563 etiamsi
1751 4508 1904 4562 multi
1938 4508 2068 4576 sint,
2104 4505 2148 4560 D
2177 4517 2378 4561 sortem
2405 4513 2552 4570 sunt,
2587 4505 2638 4558 in
2669 4515 2871 4562 sortem
2926 4517 3103 4562 tamen
3151 4517 3466 4563 sanctorum
3513 4508 3744 4576 dignetur

492 4597 673 4668 exigui
706 4606 760 4655 et
787 4613 886 4668 pro
920 4599 1089 4654 nihilo
1120 4602 1391 4656 ducuntur
1415 4603 1555 4671 apud
1590 4602 1776 4656 Deum.
1813 4601 1910 4657 Est
1937 4619 2066 4672 ergo

486 4699 540 4745 et
597 4689 882 4744 multitudo
936 4690 1256 4757 laudabilis,
1300 4693 1446 4748 sicut
1491 4693 1736 4748 videmus
1788 4694 1951 4748 etiam
1999 4695 2066 4749 ad

483 4777 767 4834 Abraham
797 4781 1020 4847 dictum,
1066 4796 1189 4836 cum
1229 4783 1418 4838 eduxit
1455 4798 1574 4838 eum
1629 4784 1770 4839 Deus
1815 4783 1979 4850 foras,
2012 4795 2068 4840 et

485 4870 626 4924 dixit
659 4871 726 4924 ad
760 4886 883 4926 eum
907 4872 949 4901 ⁵¹
985 4889 998 4925 :
1039 4890 1057 4924 ι
1092 4871 1321 4944 Respice
1355 4877 1422 4932 ad
1449 4878 1672 4944 emtum,
1713 4879 1756 4934 si
1797 4889 1949 4949 potes
1982 4880 2064 4935 di-

485 4976 785 5018 numerare
819 4963 1026 5032 stellas,
1056 4967 1127 5021 ita
1151 4969 1254 5022 erit
1295 4983 1477 5023 semen
1510 4981 1678 5024 tuum.
1715 4989 1732 5023 »
1764 4971 1818 5025 In
1868 4987 1975 5042 quo
2021 4987 2076 5032 et

486 5054 586 5108 hoc
633 5054 866 5121 intuere,
895 5059 1163 5127 quomodo
1199 5057 1380 5126 justus
1414 5063 1562 5118 intus
1604 5073 1709 5127 est,
1745 5073 1800 5117 et
1829 5063 1884 5118 in
1931 5065 2073 5118 inte-

487 5146 726 5201 rioribus
758 5163 970 5219 semper
993 5150 1282 5208 consistit:
1324 5154 1447 5222 quia
1484 5157 1627 5209 intus
1662 5155 1716 5208 in
1752 5155 2072 5211 abscondito

485 5247 606 5291 orat
648 5237 887 5304 Patrem,
935 5253 989 5296 et
1039 5245 1216 5300 omnis
1267 5245 1439 5317 gloria
1489 5246 1611 5302 lilia:
1667 5247 1832 5317 regis,
1861 5247 1913 5302 id
1963 5256 2066 5312 est,

487 5329 683 5385 animae
739 5333 956 5402 regalis,
1012 5334 1340 5390 intrinsecus
1389 5346 1506 5403 est;
1559 5338 1652 5392 sed
1698 5351 1878 5392 tamen
1927 5336 2070 5392 Deus

556 5426 606 5499 “7
639 5428 658 5484 l
703 5429 824 5484 Cor.
859 5446 944 5492 xv,
991 5430 1075 5484 10.
1105 5453 1118 5466 -
1149 5431 1194 5462 '°
1226 5431 1388 5487 Eceli.
1415 5448 1526 5499 va,
1559 5432 1612 5487 5.
1689 5436 1730 5465 ⁵¹
1765 5432 1900 5489 Gen.
1933 5450 2022 5499 xv,
2055 5433 2108 5489 5.

488 5497 532 5529 "
565 5498 751 5554 Matth.
784 5515 893 5564 XIX,
917 5501 1008 5557 28.
1085 5501 1130 5532 “
1161 5500 1316 5556 Joan.
1351 5518 1480 5567 xvn,
1513 5497 1600 5557 ³21.

563 5588 639 5660 (6)
664 5590 767 5642 Alii
795 5601 967 5644 autem
987 5592 1118 5645 nihil
1144 5594 1376 5658 omnino,
1399 5605 1504 5648 etc.
1531 5593 1622 5651 Sic
1647 5596 1847 5650 habent
1875 5611 2065 5650 manu-

492 5659 698 5727 scripti.
738 5659 888 5716 Libri
917 5677 1043 5716 vero
1073 5665 1224 5726 editi,
1261 5683 1276 5714 ι
1313 5666 1398 5717 ubi
1436 5678 1614 5718 autem
1664 5667 1796 5720 nihil
1838 5668 2064 5721 omnino

493 5737 722 5808 terrena:
757 5731 1090 5786 hmreditatis
1129 5735 1418 5808 accipiant,
1451 5736 1494 5789 si
1530 5737 1620 5806 qui
1650 5737 1796 5808 digiti
1840 5737 2060 5804 fuerint,

491 5800 806 5856 sacerdotes
838 5812 963 5857 sunt
987 5814 1041 5858 et
1071 5800 1329 5874 ministri,
1361 5823 1380 5858 ι
1409 5816 1517 5862 etc.

2176 4597 2446 4654 adducere
2490 4616 2503 4651 :
2546 4597 2633 4652 eui
2674 4605 2755 4652 est
2813 4598 2986 4667 gloria
3030 4609 3085 4654 et
3127 4599 3419 4669 imperium
3468 4601 3521 4654 in
3564 4601 3740 4654 scruta

2175 4690 2519 4746 swculorum.
2556 4691 2748 4746 Amen.

2723 4783 3005 4840 llOMILlA
3045 4781 3207 4838 XXII.

2281 4873 2354 4927 De
2381 4873 2590 4942 ﬁliabus
2621 4874 2896 4944 Salpltaat,
2928 4883 2976 4928 et
3003 4874 3066 4929 de
3093 4874 3421 4928 successione
3464 4874 3652 4946 Moysi.

2247 4967 2298 5020 1.
2327 4964 2577 5036 Quinque
2625 4966 2748 5021 lilia:
2789 4967 3026 5031 fuerunt,
3060 4980 3292 5035 quarum
3343 4967 3506 5020 etiam
3542 4967 3732 5020 nomina

2174 5055 2227 5110 in
2269 5057 2552 5128 Scriptura
2591 5058 2982 5128 comprehensa
3033 5066 3183 5122 sunt,
3214 5057 3283 5112 de
3326 5057 3590 5128 Salphaat
3618 5073 3732 5126 quo-

2173 5150 2295 5203 dam
2320 5149 2560 5205 lsraelita
2587 5150 2904 5221 progenita},
2923 5150 3013 5220 qui
3041 5159 3286 5204 mortuus
3313 5158 3399 5204 est
3428 5151 3484 5204 in
3520 5152 3728 5205 deserto.

2173 5242 2317 5298 nulla
2340 5244 2483 5298 virili
2514 5244 2697 5299 sobole
2725 5243 3004 5298 derelicta.
3033 5240 3155 5296 Ista:
3182 5256 3313 5312 ergo
3344 5243 3466 5296 tiliae
3499 5241 3728 5310 Salphsat

2170 5337 2518 5407 interpellant
2545 5337 2786 5407 Moysen,
2816 5346 2872 5390 et
2912 5345 3114 5391 sortem
3151 5344 3393 5403 paterna:
3428 5335 3726 5388 hereditatis

2200 5433 2430 5504 ".Nutn.
2470 5449 2620 5499 xxvn,
2649 5432 2738 5486 55.
2814 5432 2860 5463 ⁸³
2889 5430 3000 5486 Jos.
3027 5447 3137 5485 xlv.
3217 5427 3437 5484 “Joau.
3473 5445 3599 5492 xui,
3649 5426 3721 5480 υ.

2245 5595 2321 5665 (7)
2352 5594 2503 5657 Mss.,
2535 5611 2552 5644 ι
2591 5595 2734 5664 quod
2777 5601 3032 5664 acceptus
3056 5602 3140 5648 est
3183 5592 3314 5649 Deo.
3353 5613 3372 5646 ι
3411 5591 3556 5646 Libb.
3587 5589 3721 5650 editi,

2178 5684 2194 5718 ε
2235 5667 2376 5733 quod
2405 5674 2688 5734 acceptum
2716 5674 2796 5719 est
2826 5666 2953 5719 Deo.
2990 5683 3009 5715 ι

2245 5729 2320 5816 (8)
2379 5729 2732 5816 Ms.,_'c_._sed.
2773 5735 3051 5816 electionis
3092 5735 3463 5816 praerogativa.
3511 5753 3530 5784 ι
3577 5729 3716 5786 libb.

2182 5805 2336 5873 editi,
2375 5826 2392 5859 ι
2431 5807 2530 5862 sed
2554 5805 2859 5863 dilectionis
2885 5807 3260 5877 praerogativa.
3303 5824 3325 5860 ο
