3914 6524
195 383 283 437 7ll
1342 380 1408 434 IN
1448 378 1780 434 NUMEROS
1816 377 2099 433 lIOMlLlA
2138 380 2301 435 XXII.

3334 382 3440 437 743

194 508 484 569 exposcunt
529 499 791 561 ducentes,
830 512 895 551 ne
941 497 1182 552 deleatur
1223 511 1417 550 nomen
1465 497 1636 565 patris
1665 512 1754 551 ea-
1782 498 1829 555 Α
1860 501 2189 561 terpretatur
2219 497 2404 549 umbra
2456 495 2509 547 in
2552 510 2641 548 ore
2691 494 2803 564 ejus
2836 495 2983 565 (ll);
3016 503 3167 565 pater
3210 510 3434 566 operum

194 607 299 645 rum
334 593 398 644 de
435 592 609 645 medio
642 589 810 659 plebis
841 604 972 654 suae,
1013 591 1135 658 quia
1170 603 1273 642 non
1304 599 1385 642 cst
1420 589 1467 642 ei
1503 590 1585 641 vir
1616 589 1756 642 filius

191 672 361 737 natus.
408 682 591 736 Refert
651 698 749 752 pro
796 683 899 736 hoc
944 682 1152 751 Moyses
1201 680 1650 735 consul'atiom-m
1691 681 1755 733 ad

194 773 371 826 Deum.
397 771 794 840 Omnipotentis
826 781 1005 825 autem
1037 771 1127 823 Dei
1159 770 1445 823 clementia
1473 786 1580 825 non
1609 785 1758 839 sper-

192 865 285 927 nit,
350 879 447 919 nec
505 864 730 934 despicit
782 864 1233 919 consultationem
1287 878 1406 933 qua:
1457 862 1682 918 offertur
1726 878 1754 917 a

190 956 397 1026 puellis,
422 965 474 1009 et
521 973 626 1010 non
681 956 850 1012 solum
898 970 1155 1023 responsa
1187 954 1316 1009 dare
1364 954 1633 1024 dignatur,
1663 954 1755 1008 sed

190 1048 451 1100 intantum
503 1048 716 1115 probat,
767 1058 822 1103 et
865 1045 1203 1115 amplectitur
1255 1044 1418 1099 verba
1456 1058 1663 1108 earum,
1699 1054 1756 1099 ut

186 1154 245 1193 ex
282 1140 414 1209 ipsis
439 1144 649 1194 (eterna
684 1142 991 1197 hominibus
1021 1141 1139 1211 jura
1170 1136 1464 1193 constituat
1497 1148 1549 1193 et
1584 1153 1752 1193 Saecu-

184 1234 246 1287 lis
274 1232 523 1286 omnibus
544 1232 896 1287 observanda.
923 1235 1011 1286 Ait
1032 1231 1175 1286 enim
1196 1230 1240 1261 ⁸⁷
1274 1249 1285 1284 :
1316 1250 1333 1280 ι
1369 1229 1618 1299 Loquens
1639 1240 1754 1285 erat

186 1327 439 1381 Dominus
464 1324 528 1378 ad
556 1324 826 1405 Moysen;
849 1325 1018 1380 Recte
1110 1324 1301 1379 locuta:
1327 1336 1448 1379 sunt
1479 1324 1600 1380 filia:
1637 1325 1753 1378 Sal-

182 1419 364 1486 phaat.
398 1416 555 1471 Dahis
586 1416 664 1471 eis
695 1417 1085 1486 possessionem
1119 1416 1170 1471 in
1198 1417 1373 1471 medio
1401 1416 1624 1470 fratrum
1661 1434 1751 1487 [κισ

183 1511 278 1566 tris
315 1510 420 1573 sui,
452 1518 503 1564 et
535 1508 686 1562 dabis
735 1518 933 1563 sortem
978 1510 1147 1577 patris
1202 1510 1439 1578 ipsarum
1498 1510 1647 1579 ipsis,
1697 1522 1751 1565 et

179 1606 308 1659 ﬁliis
332 1602 493 1658 Israel
521 1602 760 1672 loqueris
794 1604 1019 1657 dicens:
1051 1602 1219 1658 Homo
1248 1602 1292 1657 si
1341 1612 1588 1658 mortuus
1637 1603 1752 1657 fue-

178 1699 268 1761 rit,
308 1706 361 1751 et
395 1696 534 1749 ﬁlius
563 1709 666 1749 non
702 1692 863 1747 fuerit
896 1694 971 1757 ei,
1007 1693 1204 1749 dabitis
1235 1695 1607 1749 hmreditatem
1636 1695 1751 1762 ejus

173 1786 302 1868 ﬁlia:
348 1784 483 1854 ejus.
522 1784 672 1851 Quod
726 1784 767 1839 si
807 1800 911 1839 non
955 1783 1118 1840 fuerit
1164 1786 1213 1839 ei
1268 1784 1371 1838 ﬁlia
1404 1786 1502 1855 (A9),
1551 1787 1749 1841 dabitis

1863 589 2165 645 intellectus
2187 598 2289 643 est.
2317 588 2471 653 Saepe
2494 601 2624 655 ergo
2650 589 2867 653 accidit,
2897 597 2951 641 et
2982 602 3083 642 non
3115 589 3271 656 pauci
3295 589 3437 643 inter

1858 683 2058 737 fratres
2084 691 2296 736 nostros
2330 690 2478 745 sunt,
2508 682 2558 735 in
2592 682 2791 750 quibus
2845 680 3147 736 intellectus
3194 681 3353 735 altior
3382 692 3437 735 et

1857 774 2181 844 profundior
2211 772 2405 835 nullus,
2437 774 2531 827 sed
2582 782 2665 828 est
2705 774 2755 827 in
2791 773 2869 827 eis
2900 788 3096 828 sensus
3137 782 3433 839 emortuus,

1858 866 1995 919 sieut
2044 865 2108 919 de
2145 865 2374 933 quodam
2411 864 2671 932 scriptum
2726 872 2807 918 est
2843 864 2887 895 ⁸⁸
2919 880 2932 916 :
2966 883 2983 916 ‹
3022 864 3087 917 Et
3133 874 3433 918 emortuum

1856 966 1939 1010 est
1967 972 2062 1011 cor
2085 955 2207 1023 ejus
2238 957 2289 1010 in
2329 956 2463 1025 ipso.
2505 974 2523 1007 ι
2563 956 2666 1011 Iste
2696 971 2826 1025 ergo
2873 957 3084 1011 etiamsi
3128 958 3193 1011 ad
3234 956 3435 1010 intelli-

1858 1048 2092 1118 gentiam
2129 1049 2431 1117 spiritalem
2486 1048 2621 1101 nihil
2674 1048 2834 1117 sapit,
2868 1049 2960 1103 sed
3003 1056 3085 1103 est
3135 1056 3435 1111 emortuus,

1860 1150 2037 1193 tamen
2085 1140 2129 1192 si
2178 1141 2425 1208 genuerit
2480 1139 2636 1203 ﬁlias,
2687 1140 2740 1193 id
2790 1150 2871 1193 est
2916 1154 3077 1209 opera
3126 1139 3435 1203 ministerii,

1856 1247 2020 1299 opera
2058 1232 2467 1300 obsequiorum,
2503 1247 2669 1301 opera
2703 1233 3080 1287 mandatorum
3119 1232 3235 1295 Dei,
3264 1234 3436 1286 luere-

1856 1322 2076 1375 ditatem
2107 1332 2263 1377 terrm
2296 1340 2415 1377 cum
2464 1324 2621 1393 plebe
2662 1325 2873 1379 Domini
2921 1325 3289 1392 consequitur.
3322 1322 3435 1378 Non

1856 1413 2049 1481 poterit
2084 1413 2299 1482 quidem
2346 1414 2491 1469 inter
2534 1432 2628 1471 eos
2675 1415 2971 1479 numerari,
3000 1428 3226 1484 quorum
3262 1415 3438 1483 portio

1856 1505 2117 1561 Dominus
2145 1517 2250 1572 est,
2280 1524 2509 1577 quorum
2557 1510 2845 1564 hmreditas
2878 1509 3017 1565 Deus
3045 1518 3151 1572 est,
3195 1524 3299 1563 non
3339 1523 3436 1577 po-

1854 1599 1979 1652 terit
2004 1601 2056 1653 in
2089 1600 2463 1655 ministrorum
2492 1611 2545 1656 et
2568 1602 2911 1656 sacerdotum
2945 1615 3175 1656 numero
3201 1600 3436 1668 suscipi,

1856 1691 1907 1744 in
1940 1691 2152 1759 plebeio
2202 1701 2377 1745 tamen
2429 1694 2617 1747 ordine
2665 1695 3031 1749 haereditatem
3064 1704 3222 1748 terra:
3251 1707 3439 1762 repro-

1856 1781 2129 1835 missionis
2162 1782 2433 1849 accipiet:
2470 1802 2488 1835 ι
2523 1783 2673 1838 Multi
2704 1786 2847 1839 enim
2882 1795 3007 1839 sunt
3032 1784 3232 1851 vocati,
3274 1785 3433 1854 pauci

175 1858 549 1931 literedilatcm
582 1876 732 1932 fratri
765 1876 899 1945 ejus.
929 1877 1079 1944 Quod
1110 1877 1156 1931 si
1188 1892 1290 1932 non
1329 1878 1528 1934 fuerint
1563 1881 1610 1934 ei
1643 1881 1749 1935 fra-
1780 1850 1822 1904 Β
1852 1881 2031 1924 autem
2081 1871 2237 1926 ειθεῑῖ
2292 1873 2358 1925 ⁵⁸-
2394 1891 2411 1924 ι
2448 1872 2763 1928 OSIendilur
2812 1884 2990 1929 tamen
3040 1884 3095 1928 el
3149 1888 3311 1928 causa
3368 1886 3435 1926 εκ

175 1976 310 2030 tres,
347 1963 545 2019 dabitis
598 1965 961 2018 hmreditatem
1004 1964 1156 2019 fratri
1192 1969 1361 2034 patris
1407 1967 1541 2035 ejus.
1595 1970 1745 2037 Quod

172 2058 213 2110 si
251 2072 357 2111 non
388 2057 588 2112 fuerint
618 2057 663 2111 ei
700 2057 894 2112 fratres
921 2062 1086 2127 patris
1118 2057 1251 2127 ejus,
1281 2059 1477 2115 dabitis
1524 2061 1747 2117 Incredi-

172 2156 342 2203 tatem
375 2150 693 2213 domestico,
718 2150 809 2219 qui
831 2148 994 2204 fuerit
1027 2151 1379 2221 propiuquior
1411 2151 1481 2205 illi
1507 2166 1571 2206 ex
1605 2152 1745 2207 tribu

168 2256 294 2304 sua,
343 2250 397 2295 et
440 2240 614 2309 capiet
657 2240 1024 2295 haereditatem
1076 2242 1213 2311 ejus,
1261 2254 1313 2298 et
1352 2243 1457 2298 erit
1492 2243 1589 2299 hoc
1627 2244 1749 2301 ﬁliis

164 2331 337 2388 Israel
365 2332 684 2400 justiﬁcatio
726 2331 937 2399 judicii,
982 2333 1123 2388 sicut
1181 2335 1465 2391 constituit
1490 2336 1750 2391 Dominus

166 2422 367 2495 Moysi.
408 2442 426 2476 ι
462 2422 586 2480 Haec
616 2425 911 2480 secundum
943 2426 1229 2481 historiam
1258 2428 1385 2497 quid
1417 2428 1620 2497 vigoris
1648 2432 1748 2483 ha-

164 2516 359 2580 beant,
392 2518 643 2573 omnibus
670 2519 845 2587 palam
875 2527 956 2574 est
986 2521 1074 2589 qui
1105 2521 1282 2575 sciunt
1310 2521 1456 2590 lcgcs
1486 2522 1616 2577 istas
1644 2538 1748 2576 non

163 2609 347 2663 solum
384 2609 521 2680 apud
564 2609 700 2664 ﬁlios
744 2609 907 2664 Israel
950 2612 1229 2675 custodiri,
1262 2613 1355 2667 sed
1393 2614 1533 2681 apud
1562 2628 1751 2670 omnes
1784 2650 1785 2653 η

163 2702 441 2767 homines,
473 2704 567 2773 qui
605 2714 783 2757 tamen
835 2702 1042 2775 legibus
1098 2705 1302 2759 vivunt.
1336 2704 1491 2761 Unde
1530 2718 1752 2777 apparet

164 2798 325 2866 quod
375 2796 599 2853 libertas
648 2798 877 2853 ﬁliarum
930 2798 1187 2868 Salphaat
1238 2814 1342 2853 non
1408 2802 1580 2857 solum
1619 2804 1752 2872 ipsis

158 2889 540 2945 hereditatem
590 2891 914 2957 contulerit,
965 2894 1057 2946 sed
1112 2901 1167 2946 et
1221 2903 1481 2963 perpetua
1532 2895 1750 2951 vivendi

155 2980 287 3049 jura
322 2980 516 3037 sacculo
550 2982 777 3037 dederit.
808 2983 972 3051 Vides
1020 2993 1220 3053 quanta
1258 2986 1329 3038 sit
1372 2987 1533 3040 etiam
1582 2989 1753 3044 histo-

158 3072 262 3125 ria:
305 3072 474 3142 ipsius
510 3072 713 3128 utilitas
762 3075 813 3127 in
878 3074 991 3145 lege
1034 3074 1151 3131 Dei.
1205 3076 1336 3143 Quis
1383 3089 1558 3148 potest
1603 3080 1751 3152 leges

156 3165 307 3218 istas
354 3163 643 3232 aliquando
674 3165 993 3235 dissolvere,
1022 3168 1219 3238 quibus
1269 3171 1553 3227 universus
1582 3174 1753 3229 utitur
1779 3191 1821 3249 ο

154 3258 447 3313 mundus?
478 3257 581 3313 Sed
616 3268 792 3313 tamen
826 3273 923 3315 nos
950 3274 1256 3329 quaeramus
1279 3268 1548 3334 quomodo
1587 3267 1751 3321 etiam

153 3352 490 3421 spiritaliter
523 3353 875 3409 aediﬁcentur.
908 3353 1091 3410 Potest
1127 3358 1273 3411 enim
1326 3358 1441 3412 ﬁeri
1488 3368 1545 3413 ut
1578 3376 1753 3431 neque

151 3446 293 3501 ﬁlia:
324 3445 435 3517 (10)
468 3446 598 3501 mihi
621 3447 730 3501 sint
753 3446 1047 3502 secundum
1075 3463 1317 3514 carnem,
1346 3466 1519 3519 neque
1549 3451 1751 3521 aliquid

153 3540 338 3606 ruris,
370 3538 520 3608 cujus
542 3541 660 3609 capi
691 3540 864 3609 possit
903 3541 1212 3596 haereditas.
1252 3542 1389 3609 Quid
1418 3545 1584 3615 ergo?
1617 3544 1753 3599 nihil

148 3632 312 3702 apud
346 3648 467 3687 eum
508 3633 602 3703 qui
640 3632 943 3701 hujusmodi
1000 3642 1105 3698 est,
1151 3635 1252 3687 ista
1298 3636 1379 3689 lex
1420 3638 1751 3705 Operabitur,

150 3737 208 3777 et
240 3724 359 3778 erit
400 3726 557 3779 alicui
605 3726 837 3781 otiosum
882 3726 1026 3795 quod
1070 3727 1249 3781 divina
1298 3744 1431 3784 voce
1479 3731 1749 3787 sancitum

145 3818 283 3872 est?
315 3817 671 3887 Requiramus
701 3833 831 3889 ergo
860 3819 1021 3873 etiam
1068 3821 1205 3890 apud
1238 3821 1538 3891 spiritalem
1581 3823 1751 3894 legem

144 3926 288 3981 quae
326 3912 431 3965 sint
471 3911 587 3966 ista:
615 3910 737 3966 ﬁliae
788 3911 1047 3979 quinque,
1082 3927 1310 3981 quarum
1354 3915 1565 3970 etiamsi
1598 3926 1753 3986 pater

144 4012 416 4057 mortuus
452 4004 611 4058 fuerit
636 4020 734 4074 pro
765 4003 949 4071 aliquo
973 4013 1218 4071 peccato,
1251 4006 1381 4076 ipsa:
1429 4017 1606 4063 tamen
1642 4008 1752 4063 hae-

144 4095 458 4149 reditatcm
506 4111 571 4150 ex
617 4098 784 4152 verbo
826 4100 919 4154 Dei
976 4102 1210 4170 capiant.
1250 4102 1311 4153 In
1355 4101 1748 4170 superioribus,

148 4205 297 4246 cum
331 4191 396 4245 de
423 4192 753 4261 spiritalibus
780 4192 903 4248 ﬁliis
930 4204 1306 4262 tractaremus,
1327 4195 1557 4251 virtutes
1584 4196 1748 4249 animi

141 4298 203 4341 et
249 4302 451 4341 sensus
482 4288 678 4342 mentis
729 4288 866 4342 filios
902 4287 1009 4343 diei
1060 4289 1361 4344 docuimus.
1403 4289 1751 4359 Consequens

140 4382 283 4436 sine
313 4379 476 4435 dubio
509 4389 563 4436 et
598 4382 930 4436 conveniens
962 4381 1181 4437 videtur
1220 4383 1381 4438 etiam
1414 4382 1552 4438 ﬁlias
1587 4399 1747 4452 opera

142 4490 287 4542 quae
330 4474 573 4541 corporis
611 4475 914 4530 ministerio
958 4475 1276 4543 explentur,
1326 4476 1591 4544 accipere.
1627 4475 1750 4531 ldeo

1849 1962 2017 2031 ipsius
2063 1964 2298 2019 nominis
2351 1965 2824 2035 interpretatione,
2861 1967 2987 2036 quia
3037 1967 3137 2022 iste
3176 1966 3436 2035 Salphaat

1850 2070 1955 2107 non
2008 2056 2245 2123 potuerit
2300 2055 2437 2111 ﬁlios
2496 2072 2787 2127 generare,
2836 2059 2930 2113 sed
2967 2058 3124 2112 ﬁlias.
3171 2059 3437 2125 Interpre'

1863 2151 2008 2198 tatur
2048 2146 2217 2210 enim,
2276 2156 2331 2201 ut
2378 2147 2636 2211 diximus,
2674 2153 2857 2202 umbra
2899 2150 2950 2203 in
2981 2166 3067 2203 ore
3104 2149 3236 2217 ejus.
3276 2147 3439 2202 Vides

1850 2248 1978 2305 ergo
2036 2235 2291 2301 quoniam
2362 2238 2405 2292 si
2479 2239 2603 2307 quis
2664 2239 2910 2295 umbram
2964 2237 3096 2309 legis
3164 2239 3330 2293 habet
3380 2237 3436 2290 in

1849 2341 1965 2392 ore,
1998 2336 2051 2382 et
2079 2342 2184 2382 non
2215 2328 2387 2397 ipsam
2416 2329 2706 2401 imaginem
2759 2346 2965 2397 rerum,
2994 2332 3083 2385 hic
3125 2332 3251 2401 quia
3297 2328 3439 2384 nihil

1851 2419 2011 2491 355
2063 2420 2344 2490 spiritale,
2397 2422 2531 2476 nihil
2578 2421 2828 2491 profundi
2880 2422 3185 2477 intellectus
3234 2422 3440 2477 sentire

1854 2523 2053 2584 poteSI,
2085 2515 2179 2568 sed
2212 2515 2327 2569 sola
2354 2517 2549 2570 umbra
2584 2514 2718 2585 legis
2748 2515 2799 2569 in
2832 2531 2926 2571 ore
2956 2515 3071 2585 ejus
3098 2525 3202 2581 est,
3239 2530 3434 2570 sensus

1853 2606 2004 2661 vivos
2044 2615 2101 2661 et
2145 2607 2423 2677 spiritales
2464 2624 2570 2663 non
2618 2618 2796 2677 potest
2851 2623 3138 2679 generare,
3173 2624 3437 2677 generare

1856 2710 2034 2754 tamen
2072 2708 2252 2769 potest
2279 2714 2443 2769 opera
2480 2708 2531 2753 et
2574 2710 2753 2763 actus,
2782 2715 2902 2769 qua:
2930 2708 3056 2755 sunt
3089 2699 3437 2768 simplicioris

1854 2793 1978 2845 vita:
2026 2791 2350 2845 ministeria.
2395 2790 2461 2844 Et
2497 2791 2619 2846 ideo
2671 2790 2911 2845 ostendit
2957 2791 3009 2843 in
3049 2790 3133 2843 his
3197 2789 3435 2843 clemen-

1855 2885 1928 2939 tia
1960 2883 2073 2948 Dei,
2124 2884 2269 2953 quod
2308 2884 2713 2938 innocentiores
2761 2884 2977 2953 quique,
3013 2884 3223 2938 etiamsi
3274 2898 3435 2937 sensu

1856 2976 2132 3042 deﬁciant,
2174 2975 2377 3030 habent
2417 2984 2594 3030 tamen
2652 2992 2815 3051 opera
2872 2975 3045 3039 bona,
3095 2990 3200 3029 non
3245 2974 3435 3030 exclu-

1856 3068 2057 3123 duntur
2101 3069 2171 3123 ab
2220 3068 2538 3123 haereditate
2575 3077 2909 3121 sanetorum.
2964 3066 3129 3122 Recte
3174 3080 3301 3136 ergo
3347 3067 3397 3120 lo
3424 3094 3429 3103 κ

1856 3170 1994 3215 cutze
2020 3170 2146 3215 sunt
2176 3160 2300 3214 ﬁlize
2332 3159 2613 3229 Salpbaat.

1840 3329 1845 3335 ,
1929 3273 1985 3326 2.
2028 3273 2154 3327 Post
2204 3273 2318 3327 haec
2364 3273 2584 3342 ponitur
2615 3270 2699 3324 lex
2736 3270 2827 3326 Dei
2875 3272 2941 3326 de
2983 3272 3349 3338 successione,
3379 3280 3439 3324 ut

1856 3367 2031 3436 primo
2062 3367 2226 3432 ﬁlius,
2276 3368 2387 3422 ﬁlia
2434 3368 2673 3423 secundo
2705 3369 2756 3423 in
2804 3370 2922 3424 loco
2954 3370 3240 3434 succedat,
3276 3370 3436 3423 tertio

1858 3458 2046 3524 frater,
2094 3469 2290 3529 quarto
2324 3461 2493 3530 patris
2538 3460 2729 3516 frater.
2773 3461 3006 3527 Quintus
3056 3476 3193 3515 vero
3238 3462 3438 3531 gradus

1857 3559 2065 3603 certum
2100 3551 2340 3621 aliquem
2372 3566 2476 3605 non
2504 3552 2773 3621 designat,
2804 3553 2894 3606 sed
2926 3552 3181 3622 quisquis
3214 3553 3289 3605 illi
3319 3568 3437 3622 pro-

1856 3639 2111 3708 pinquior
2141 3656 2204 3695 ex
2253 3642 2400 3696 omni
2442 3640 2647 3696 familia
2685 3640 2876 3709 fuerit,
2911 3653 2967 3696 ut
3005 3643 3120 3711 ipse
3152 3646 3432 3698 succedat.

1856 3730 1910 3785 ln
1962 3732 2046 3787 his
2082 3742 2189 3787 tam
2222 3734 2436 3803 integer
2478 3744 2533 3789 et
2584 3735 2859 3805 perfectus
2906 3746 2990 3792 est
3027 3736 3266 3792 historia:
3310 3752 3435 3792 sen-

1856 3840 1970 3891 sus,
2002 3816 2061 3879 ut
2105 3825 2239 3879 nihil
2290 3827 2573 3897 requirere
2606 3829 2855 3883 videatur
2903 3832 3246 3885 extrinsecus
3295 3830 3432 3901 (l2).

1855 3920 2060 3973 Tamen
2110 3921 2153 3973 si
2205 3919 2330 3988 quis
2366 3920 2503 3973 bene
2552 3920 2603 3974 in
2656 3922 3000 3990 spiritalibus
3048 3922 3257 3992 legibus
3303 3938 3432 3977 eru-

1855 4011 2001 4066 ditus
2040 4020 2155 4075 est,
2195 4020 2249 4065 et
2304 4010 2548 4081 pleniore
2612 4013 2854 4067 scientiae
2906 4014 3113 4069 lumine
3163 4015 3431 4082 radiatus,

1855 4102 1942 4156 ille
1992 4113 2171 4172 potest
2213 4102 2513 4172 intelligere
2553 4104 2797 4160 diversos
2847 4107 2979 4160 istos
3022 4107 3430 4161 successionum

1854 4195 2072 4266 gradus,
2106 4203 2159 4249 et
2207 4195 2476 4264 quomodo
2520 4195 2728 4265 primus
2773 4196 2843 4250 sit
2879 4198 3271 4265 consequentia:
3319 4212 3434 4253 cte-

1854 4290 2009 4345 lestis
2045 4289 2379 4344 hmreditatis
2408 4290 2627 4358 gradus,
2654 4289 2913 4345 doctrina:
2945 4301 3000 4345 et
3031 4292 3277 4346 scientiae
3315 4306 3431 4345 me-

1858 4383 1980 4443 rito,
2029 4382 2118 4451 qui
2167 4390 2248 4435 est
2300 4382 2572 4435 masculus
2632 4382 2789 4435 ﬁlius.
2844 4382 3126 4437 Secundus
3196 4397 3425 4453 operum

1856 4475 2240 4543 prmrogativa,
2293 4491 2412 4545 quae
2460 4476 2569 4528 ﬁlia
2621 4486 2723 4529 est.
2773 4475 2993 4530 Tertius
3031 4477 3430 4545 compassionis

140 4565 399 4633 denique
435 4574 489 4619 et
512 4566 797 4634 quinarius
840 4567 920 4621 eis
951 4581 1205 4621 numerus
1239 4568 1545 4621 ascribitur.
1582 4568 1749 4634 Quin-
1778 4541 1829 4601 D
1853 4567 2085 4637 alicujus
2128 4577 2180 4622 et
2218 4568 2560 4631 imitationis,
2593 4577 2819 4637 propter
2849 4567 2991 4637 quod
3040 4576 3093 4621 et
3129 4566 3298 4622 frater
3329 4583 3431 4621 no-

139 4673 269 4727 que
315 4656 456 4710 enim
483 4658 732 4726 corporei
776 4673 966 4713 sensus
1002 4668 1150 4725 sunt,
1198 4659 1394 4729 quibus
1423 4675 1583 4715 omne
1614 4676 1749 4730 opus

144 4746 414 4817 expletur
444 4748 495 4800 in
522 4762 770 4816 corpore.
808 4748 927 4802 Ista:
960 4764 1088 4819 ergo
1116 4749 1355 4819 quinque
1394 4748 1535 4814 ﬁliae,
1567 4750 1617 4803 id
1665 4761 1750 4806 est

142 4856 389 4910 operum
422 4840 701 4908 perfectio,
729 4841 940 4895 etiamsi
974 4849 1127 4911 patre
1169 4841 1430 4895 orbentur
1464 4850 1516 4895 et
1563 4857 1744 4896 rema-

145 4941 333 4987 .teant
382 4932 657 5001 orplianw,
714 4946 817 4985 non
848 4940 1032 4985 tamen
1082 4930 1371 4998 ejiciuntur
1402 4932 1467 4985 ab
1516 4932 1746 4989 Incredi-

139 5034 300 5084 λειω,
340 5038 513 5093 neque
548 5023 903 5077 excluduntur
934 5038 962 5076 a
992 5037 1179 5089 regno,
1207 5024 1300 5077 sed
1340 5022 1391 5075 in
1424 5022 1601 5085 medio
1635 5023 1746 5091 ple-

140 5118 246 5173 bis
294 5116 386 5169 Dei
438 5116 739 5186 portionem
787 5116 1121 5171 hmreditatis
1174 5115 1469 5184 accipiunt.
1525 5116 1743 5171 Interim

139 5211 450 5265 videamus
492 5211 612 5279 quis
661 5216 742 5263 est
798 5208 901 5263 iste
942 5217 1095 5278 pater
1143 5222 1351 5271 earum,
1380 5209 1469 5277 qui
1504 5218 1748 5263 mortuus

139 5318 289 5360 esse
323 5302 540 5357 dicitur.
577 5302 855 5370 Salphaat,
899 5302 1090 5369 inquit,
1141 5299 1397 5370 Salphaat
1430 5308 1608 5355 autem
1663 5303 1746 5356 in-

233 5418 286 5450 ⁸⁷
311 5414 469 5470 Num.
504 5431 673 5480 xxvii,
704 5415 756 5481 7,
780 5414 832 5483 8,
859 5416 914 5481 9,
948 5414 1037 5481 10,
1071 5415 1156 5469 Η.

238 5509 321 5582 (9)
354 5509 503 5574 Mss,
533 5528 569 5582 ι-
588 5510 731 5577 quod
759 5511 801 5563 si
833 5525 940 5582 non
963 5509 1142 5582 fuerit
1168 5508 1374 5582 eiﬁlia,
1416 5519 1518 5582 {et
1545 5509 1628 5582 ita,
1652 5511 1745 5561 lia-

142 5576 265 5639 δεῖ
288 5576 491 5654 _'tex_tus
533 5576 757 5654 Graecus
799 5579 905 5654 τῶν
943 5581 1017 5654 Of,
1051 5578 1168 5654 seu
1193 5579 1249 5632 δὲ
1300 5580 1372 5650 μὴ
1500 5578 1742 5654 θυγάτηρ

142 5651 344 5735 εὐτῷ.
388 5650 684 5735 Dialelergo
730 5651 859 5707 libb.
907 5651 1036 5705 editi
1085 5650 1303 5711 habent,
1338 5668 1354 5699 ι
1388 5650 1529 5719 qilod
1560 5651 1602 5703 si
1639 5668 1740 5703 non

141 5720 380 5779 fuerint
409 5722 456 5773 ei
488 5720 631 5775 lilia}.
668 5739 685 5770 ι

242 5790 360 5861 (10)
388 5790 542 5853 Mss.,
574 5808 590 5841 I
629 5789 768 5844 filiae.
795 5791 986 5846 iLibb.
1018 5788 1168 5850 editi,
1207 5806 1223 5838 ι
1264 5785 1378 5839 ﬁlii.
1420 5806 1439 5835 ι

276 5793 360 5861 10)
388 5793 542 5853 Mss,
574 5808 590 5841 I
629 5793 768 5844 filiae.
795 5793 986 5846 DLH)“.
1018 5793 1168 5850 editi,
1207 5806 1223 5838 ι
1264 5793 1378 5839 lilii.
1420 5806 1439 5835 ι

241 5793 358 5935 ill)
391 5862 645 5930 Salpltaat
685 5873 856 5915 autem
908 5861 1278 5927 interpretatur
1327 5867 1499 5908 l‘MBRA
1545 5864 1595 5903 ιη
1635 5861 1737 5903 om:

1234 5415 1279 5446 ⁵³
1312 5414 1329 5468 l
1364 5413 1500 5485 Reg.
1535 5431 1666 5482 xxv,
1694 5418 1785 5471 57.

1852 4662 2113 4715 minatur.
2158 4661 2297 4715 Sunt
2342 4660 2487 4715 enim
2533 4660 2801 4724 nonnulli,
2847 4661 2936 4728 qui
2984 4669 3176 4729 sponte
3208 4661 3428 4730 quidem

1847 4767 1965 4817 sua,
1995 4762 2049 4806 et
2090 4752 2310 4821 proprio
2336 4751 2622 4806 intellectu
2665 4751 2799 4806 nihil
2830 4762 3014 4822 agunt,
3045 4753 3202 4823 positi
3249 4762 3427 4808 tamen

1846 4843 1990 4898 inter
2026 4844 2244 4907 fratres,
2276 4859 2341 4898 ex
2385 4845 2690 4901 imitatione
2734 4854 3058 4899 caeterorum
3102 4845 3292 4899 eadem
3343 4846 3428 4897 vi-

1851 4938 2047 4991 dentur
2077 4951 2237 5006 agere
2268 4952 2387 5005 qua:
2415 4946 2469 4991 et
2508 4936 2583 4990 illi
2626 4946 2813 5005 agunt,
2861 4936 2953 5006 qui
2988 4936 3264 4993 intellectu
3300 4952 3427 5006 pro-

1853 5028 1971 5095 prio
2016 5036 2323 5082 moventur.
2362 5028 2534 5080 Datur
2565 5028 2729 5081 etiam
2776 5028 2897 5082 istis
2949 5029 3141 5083 tertius
3191 5027 3427 5080 hteredi-

1854 5120 1983 5174 tatis
2025 5121 2124 5173 sub
2173 5119 2324 5174 titulo
2360 5118 2595 5175 fratrum
2656 5120 2893 5174 nominis
2935 5120 3156 5190 gradus.
3188 5118 3424 5185 Quartus

1851 5225 2001 5277 vero,
2054 5225 2215 5279 quem
2266 5211 2488 5268 fratrem
2536 5214 2708 5284 patris
2764 5214 3042 5282 nominat,
3084 5222 3261 5283 potest
3310 5214 3427 5265 for-

1854 5303 2015 5357 tassis
2062 5302 2286 5373 intelligi
2341 5305 2429 5360 ille
2486 5307 2619 5362 ordo
2673 5306 2989 5373 hominum,
3033 5306 3121 5376 qui
3166 5304 3348 5359 audita
3391 5316 3426 5357 a

1846 5418 1891 5449 ⁸⁹
1923 5415 2111 5469 Matth.
2144 5431 2279 5483 χιιι,
2313 5419 2412 5485 HJ

1854 5508 2055 5560 EJUS.A
2080 5492 2170 5572 Sy,
2200 5528 2217 5560 ‹
2248 5512 2455 5577 umbra,
2486 5531 2503 5562 ι
2533 5523 2587 5565 et
2608 5521 2704 5577 τις),
2743 5532 2761 5564 ‹
2796 5528 2878 5576 os,
2901 5514 3031 5567 oris.
3067 5530 3083 5561 ι

1850 5656 1867 5701 ι
1905 5578 2029 5658 ,(ιὲ)
2071 5580 2250 5636 Codex
2296 5582 2479 5638 Sancti
2524 5583 2847 5639 Theudorici
2899 5581 3205 5648 Remensis,
3251 5599 3270 5633 ι
3329 5582 3415 5636 in-

1876 5664 2140 5703 rmsecus.
2167 5671 2185 5703 ι

1919 5694 2232 5801 {Taifalis}
2286 5741 2305 5774 σ
2334 5722 2461 5777 huic
2506 5722 2809 5793 proximus.
2840 5740 2859 5774 ι
2908 5721 3064 5778 Lihb.
3091 5710 3259 5787 editi,
3300 5738 3320 5773 ι
3352 5721 3422 5779 iis

1846 5802 2147 5857 proxumus.
2174 5811 2193 5843 ι
