3874 6510
541 337 644 392 745
2003 345 2075 400 01

2185 342 2325 398 ΞΝΙΞ
3649 371 3720 427 τη

541 451 804 521 patribus,
845 459 896 505 ct
929 460 1172 506 veterum
1207 453 1526 511 narratione
1563 468 1816 528 suscepta
1847 472 2116 516 conantur
2143 467 2191 522 Α
2221 459 3020 533 ipsetransgressioniscrimen
3043 468 3720 545 incurrit,etiamipsefactu;

541 540 786 611 imp’lere,
830 553 884 598 et
919 559 1023 598 non
1069 556 1176 600 tam
1214 549 1448 617 propriis
1494 551 1747 606 sensibus
1798 553 1966 618 moti,
2013 568 2111 609 nec
2222 561 2302 606 est
2322 552 2420 606 sub
2441 562 2680 623 peccato.
2701 556 2929 623 Idcirco,
2951 561 3275 626 credo,cum
3298 565 3592 621 confidentia
3613 572 3718 627 dice-

538 635 821 699 praeseutis
848 636 1110 691 doctrinae
1135 641 1651 697 commonitionibus
1670 641 1916 707 excitati,
1945 659 2108 714 quam
2219 646 2612 716 batApostolus
2632 646 2698 713 ⁶’,
2716 649 2842 718 quia
2865 667 2883 701 ε
2912 653 3157 722 regnavit
3181 667 3327 709 mors
3351 655 3419 709 ab
3438 656 3587 712 Adam
3603 678 3722 734 usque

535 734 777 780 veterum
821 727 906 782 vel
953 729 1264 799 traditione,
1308 734 1392 788 vel
1433 738 1826 792 consuetudine
1875 739 1987 794 sola
2030 739 2111 792 in-
2219 738 2284 792 ad
2316 737 2555 810 Moysen.
2582 759 2600 793 ι
2641 740 2890 797 Accessit
2917 744 3061 798 enim
3101 746 3168 798 ad
3201 745 3441 818 Moysen,
3465 760 3516 804 et
3542 768 3627 808 nec
3651 757 3720 826 ipt'

530 817 727 882 stituti,
762 819 891 874 boni
941 830 1122 876 tamen
1173 823 1376 894 aliquid
1426 839 1645 896 gerunt.
1698 831 1934 887 Ultimus
1983 847 2075 888 ver

2218 830 2476 898 pepercit.
2504 830 2569 884 Et
2590 831 2730 898 ideo,
2759 833 2974 902 opinor,
3002 817 3304 903 dicebat“,
3328 839 3447 908 quia
3465 859 3484 891 ‹
3510 817 3717 910 peccatur

536 911 736 978 gradus
770 913 1034 970 scribitur
1065 916 1176 982 ille,
1211 920 1305 989 qui
1338 921 1584 989 quolibet
1630 934 1786 993 pacto
1823 926 1946 980 huic
1988 941 2108 994 pro-
2218 921 2462 976 introivit
2492 921 2545 976 iu
2581 923 2724 978 hunc
2761 926 3042 991 mundum,
3068 937 3124 982 et
3169 943 3266 996 per
3300 942 3572 999 peccatum
3600 952 3705 993 mors

530 1000 708 1057 ximus
738 1005 850 1074 (15)
885 1007 1092 1064 fuerit:
1122 1013 1280 1082 quasi
1326 1014 1370 1068 si
1411 1015 1643 1081 diceret,
1663 1016 1790 1072 Sive
1822 1020 2108 1072 occasione
2216 1009 2270 1064 ίη
2314 1024 2420 1079 quo
2447 1027 2642 1068 οῐηηθε
2683 1027 3066 1082 Ρθεθθνθνυιιιο
3090 1036 3110 1068 ι
3148 1019 3215 1072 El
3251 1020 3446 1075 ilerum
3481 1024 3558 1078 “z
3587 1027 3721 1084 «Coa-

521 1093 640 1147 sive
666 1099 896 1153 veritate
939 1101 1203 1159 doctrinae
1231 1108 1274 1160 si
1322 1108 1446 1176 quis
1479 1107 1681 1179 aliquid
1727 1109 1855 1164 boni
1885 1111 2102 1177 fecerit,

525 1199 632 1238 non
667 1188 862 1255 peribit
893 1191 1017 1246 boui
1050 1195 1234 1263 Operis
1283 1211 1514 1261 merces,
1559 1200 1650 1253 sed
1700 1201 1961 1270 largiente
2003 1205 2105 1258 Do-

524 1278 672 1332 mino
708 1280 881 1335 locum
933 1285 1271 1344 haereditatis
1321 1291 1576 1358 accipiet.
1626 1291 1752 1346 llaec
1806 1294 2022 1362 quidem
2072 1313 2100 1349 a

522 1372 679 1425 nobis
733 1377 990 1430 audacter
1045 1376 1292 1434 fortassis
1355 1392 1714 1452 prmsnmpta,
1762 1393 1816 1438 et
1869 1386 1922 1438 in
1986 1401 2103 1442 me-

523 1460 674 1514 dium
716 1464 927 1532 prolata
957 1467 1266 1532 videantur,
1304 1486 1410 1536 non
1451 1482 1624 1527 tamen
1663 1474 1768 1528 erit
1806 1476 2100 1531 absurdum

525 1553 574 1607 si
632 1555 968 1623 spiritalibus
1021 1560 1286 1628 spiritalia
1346 1574 1741 1631 proponentes,
1789 1569 2102 1626 secretioris

523 1658 618 1698 eos
659 1645 1028 1718 intelligentiae
1050 1651 1413 1716 aemulatores,
1434 1654 1767 1724 cupidosque
1789 1657 2097 1715 reddamus.

588 1735 642 1789 5.
687 1737 815 1792 Post
849 1739 960 1794 haec
994 1741 1220 1796 historia
1265 1742 1518 1806 refertur,
1556 1756 1609 1800 et
1642 1749 1958 1805 narratione
2000 1752 2099 1806 nti-

2215 1103 2378 1158 clusit
2408 1104 2552 1160 Deus
2583 1121 2772 1162 omnes
2817 1109 2919 1163 sub
2965 1121 3208 1180 peccato,
3253 1122 3314 1166 ut
3343 1116 3582 1171 omnibus
3606 1124 3702 1176 raise

2212 1204 2415 1250 reatur.
2439 1213 2461 1250 ι
2499 1194 2603 1251 Sed
2635 1199 2836 1267 gratias
2869 1199 3095 1256 Domino
3122 1199 3248 1256 Jesu
3280 1203 3516 1270 Christo,
3547 1210 3625 1276 qui
3658 1228 3718 1269 aut

2215 1281 2466 1339 liberavit
2497 1286 2562 1340 de
2591 1301 2818 1357 corpore
2852 1291 3040 1344 mortis
3068 1291 3249 1361 huius,
3283 1305 3343 1347 ut
3373 1296 3461 1350 ubi
3495 1299 3722 1357 abundari,

2209 1386 2514 1444 peccatum,
2565 1378 3035 1447 superabundaret
3081 1385 3254 1453 gratia
3284 1385 3352 1440 ³⁸.
3396 1386 3525 1442 Nam
3569 1391 3721 1465 Moyses

2210 1471 2479 1536 quomodo
2535 1469 2766 1539 aliquem
2829 1470 3065 1526 liberare
3115 1475 3389 1543 potuisset
3436 1494 3466 1532 a
3524 1489 3721 1551 peccatis,

2208 1577 2329 1616 cum
2353 1563 2515 1617 etiam
2545 1563 2644 1631 ipsi
2674 1563 2905 1627 dicatur,
2932 1565 3058 1635 quia
3097 1583 3116 1616 ι
3154 1571 3482 1639 transgressi
3506 1575 3622 1628 estis
3641 1591 3722 1631 ver-

2208 1655 2332 1709 bum
2385 1671 2563 1711 meum
2610 1659 2662 1711 in
2712 1659 2929 1714 deserto
2974 1659 3070 1712 Sin
3098 1699 3114 1725 ,
3155 1668 3212 1715 et
3257 1677 3367 1715 non
3421 1679 3502 1718 me
3539 1673 3722 1722 sanctifi-

2206 1750 2371 1803 castis
2395 1749 2447 1803 in
2471 1764 2608 1818 aqua
2632 1763 2817 1805 coram
2845 1750 2971 1806 filiis
2995 1751 3193 1806 lsrael?
3217 1770 3235 1803 ι
3265 1761 3322 1807 ut
3347 1756 3658 1812 manifestum
3677 1768 3722 1814 sit

517 1828 726 1891 rabilis,
751 1839 806 1883 et
837 1830 1109 1887 intellectu
1161 1835 1468 1903 magnifica.
1502 1836 1727 1894 Ponitur
1770 1844 1914 1897 enim
1959 1859 2096 1914 quo-
2130 1835 2172 1890 B
2205 1842 2454 1896 omnibus
2476 1841 2618 1911 quod
2645 1841 2734 1898 ille
2758 1843 2951 1899 debeat
2973 1844 3118 1898 solus
3143 1845 3370 1914 requiri,
3392 1849 3483 1918 qui
3506 1851 3722 1923 soluspec-

515 1918 677 1973 modo
725 1919 862 1974 Deus
906 1920 1104 1977 dixerit
1140 1923 1206 1977 ad
1260 1924 1516 1995 Moysen,
1565 1939 1623 1984 ut
1673 1935 1994 1988 ascenderet
2041 1935 2093 1989 in

515 2019 774 2076 montem,
794 2020 848 2066 et
882 2012 1003 2068 inde
1030 2029 1154 2069 cum
1176 2021 1569 2086 proSpexisset,
1591 2031 1643 2077 et
1659 2023 1883 2082 intuitus
1903 2027 2096 2085 fuisset

513 2113 732 2156 omnem
755 2110 954 2156 terram
984 2106 1443 2174 repromissionis,
1470 2111 1542 2165 ibi
1565 2113 1965 2185 defungeretur.
1988 2119 2092 2176 Sed

509 2189 599 2246 ille
655 2194 745 2261 qui
805 2195 982 2264 pepuli
1031 2213 1215 2251 curam
1275 2203 1445 2270 magis
1492 2220 1652 2274 quant
1699 2209 1782 2262 sui
1839 2224 2090 2286 gereret,

506 2292 628 2338 orat
663 2285 730 2338 ad
770 2284 937 2339 Deum
975 2298 1031 2341 ut
1064 2290 1347 2359 provideat
1383 2295 1652 2352 hominem
1685 2300 1776 2368 qui
1808 2284 1962 2372 regat
1991 2321 2088 2376 po-

506 2376 691 2445 pulum
742 2377 954 2434 lsrael:
995 2399 1013 2432 t
1044 2381 1122 2438 Ne
1171 2385 1301 2452 llat,
1351 2388 1526 2456 inquit
1551 2390 1618 2455 ⁸ο,
1668 2407 1938 2467 synagoga
1975 2397 2089 2454 haec

505 2468 649 2524 sicut
680 2486 811 2527 oves
840 2475 1038 2542 quibus
1070 2491 1176 2532 non
1209 2489 1291 2535 est
1328 2491 1565 2550 pastor.»
1593 2483 1728 2540 Vide
1752 2502 1880 2559 ergo
1906 2489 2087 2558 primo

502 2562 745 2617 omnium
780 2569 1050 2634 quomodo
1081 2572 1172 2640 qui
1211 2573 1485 2641 perfectus
1525 2586 1582 2631 et
1616 2577 1806 2635 beatus
1835 2592 1940 2648 est,
1976 2599 2083 2638 non

506 2652 559 2707 itt
595 2654 750 2723 valle,
800 2672 900 2713 nec
934 2660 986 2713 in
1018 2659 1200 2730 aliqua
1239 2672 1398 2720 terrae
1431 2666 1677 2736 planitie,
1711 2682 1806 2726 aut
1841 2674 1892 2728 in
1946 2676 2086 2731 colle

501 2747 704 2817 aliquo,
750 2750 841 2804 sed
877 2767 931 2804 tn
980 2763 1182 2822 monte,
1226 2755 1277 2810 id
1337 2766 1424 2813 est
1467 2761 1520 2814 in
1559 2761 1670 2816 alto
1701 2771 1756 2817 et
1807 2764 1861 2818 in
1913 2769 2082 2824 arduo

500 2838 806 2906 defungitur
835 2840 970 2896 loco.
1004 2843 1138 2898 Viue
1171 2862 1400 2917 namque
1431 2851 1546 2920 ejus
1584 2858 1992 2912 consummatio
2025 2867 2082 2914 et

499 2927 762 2998 perfectio
793 2931 1097 2990 habebatur
1135 2935 1190 2991 in
1239 2939 1478 2996 excelso.
1522 2939 1628 2997 Sed
1658 2953 1715 3000 et
1756 2947 1934 3004 oculis
1964 2952 2080 3008 suis

498 3023 745 3076 contueri
783 3022 1007 3093 iubetur
1029 3041 1244 3082 omnem
1282 3039 1481 3086 terram
1521 3037 1984 3111 repromissionis,
2018 3054 2076 3098 et

501 3113 792 3184 diligenter
817 3133 883 3172 ex
932 3119 1192 3175 eminenti
1239 3124 1472 3182 statione
1501 3139 1700 3184 cuncta
1739 3134 2072 3204 perspicere.

500 3204 804 3276 Oportebat
835 3209 978 3264 enim
1024 3225 1290 3266 summam
1324 3216 1676 3282 perfectionis
1717 3235 2076 3282 consecutura

499 3297 640 3352 nihil
688 3299 1020 3370 incognitum
1085 3318 1392 3372 remanere,
1439 3308 1531 3363 sed
1585 3321 1906 3369 cunctorum
1954 3332 2076 3386 quae

492 3389 747 3447 videntur
793 3403 849 3447 et
896 3395 1192 3450 audiuntur
1249 3398 1453 3457 habere
1505 3404 1805 3460 notitiam:
1849 3407 1919 3462 ob
1970 3410 2073 3465 hoc

494 3484 677 3551 caedo,
707 3493 765 3538 ut
798 3485 1039 3540 omnium
1072 3504 1194 3556 qua:
1231 3490 1282 3544 in
1324 3506 1487 3550 carne
1529 3497 1759 3566 positus,
1795 3503 2066 3571 corporali

491 3576 657 3646 coepit
701 3585 954 3645 aSpectu,
994 3578 1045 3632 in
1091 3580 1285 3648 spiritu
1335 3584 1580 3653 effectus,
1623 3598 1679 3642 et
1713 3591 1859 3644 nuda
1895 3603 2075 3650 mente

492 3669 560 3727 ac
591 3670 861 3724 auditoria
893 3679 950 3725 et
979 3671 1366 3742 discipulatum
1416 3679 1698 3749 sapientia:
1748 3699 2064 3753 properans,

492 3762 752 3818 velociter
777 3778 963 3818 eorum
993 3765 1235 3823 rationes
1256 3781 1579 3839 assequatur
1601 3782 1657 3828 et
1685 3790 1900 3833 causas.
1934 3779 2066 3834 Nam

495 3855 626 3924 qttid
658 3855 933 3911 videbitur
969 3859 1223 3913 utilitatis
1257 3871 1314 3914 ut
1339 3862 1632 3920 decessuro
1663 3867 1728 3922 dc
1763 3871 1984 3937 saeculo,
2015 3884 2069 3928 et

489 3947 654 4001 finem
693 3949 822 4002 vitae
851 3947 1012 4017 huius
1053 3952 1302 4020 protinus
1328 3965 1615 4024 accepturo
1645 3963 2070 4018 ostenderentur

489 4047 650 4094 terra;
695 4049 750 4095 et
798 4041 917 4096 loca
973 4057 1202 4112 quorum
1262 4060 1362 4101 nec
1415 4048 1654 4106 laborem
1707 4068 2068 4123 perpessurus

484 4145 634 4189 esset
669 4134 802 4205 (l4),
836 4149 934 4190 nec
970 4139 1196 4206 gratiam
1233 4144 1624 4210 suscepturus?
1652 4144 1932 4202 Perterret
1976 4166 2063 4205 me

485 4241 618 4282 sane
660 4243 838 4284 sermo
884 4231 974 4299 qui
1025 4234 1290 4302 sequitur,
1337 4247 1393 4290 et
1428 4237 1494 4291 ad
1535 4236 1826 4293 dicendum
1877 4243 2058 4296 reddit

489 4318 732 4374 timidum
771 4337 836 4378 ac
886 4325 1150 4394 trepidum
1177 4367 1191 4391 ,
1238 4344 1344 4397 quo
1400 4330 1467 4384 de
1512 4345 1707 4400 magno
1748 4333 1838 4388 illo
1880 4334 2062 4405 Moyse

485 4413 686 4467 l‘amulo
727 4425 781 4468 et
815 4417 993 4472 amico
1040 4419 1158 4486 Dei,
1189 4424 1279 4477 cui
1331 4423 1470 4478 facie
1515 4425 1580 4478 ad
1617 4426 1810 4482 faciem
1850 4428 2060 4486 locutus

2199 1942 2378 1987 catum
2421 1947 2525 1986 non
2548 1931 2710 1999 fecit,
2750 1949 2849 1990 nec
2880 1935 3133 1993 inventus
3157 1947 3242 1993 est
3268 1939 3429 1995 dolus
3452 1942 3504 1994 in
3526 1957 3607 1998 ore
3626 1947 3719 2013 q'us.

2264 2025 2321 2079 ’4.
2366 2024 2471 2080 Sed
2501 2025 2715 2080 interim
2740 2027 3018 2083 videamus
3043 2029 3244 2101 Moysis
3290 2033 3715 2103 magniﬁcentiam.

2196 2115 2535 2171 Rccessurus
2580 2118 2647 2172 de
2693 2117 2894 2173 saeculo
2951 2131 3074 2174 orat
3134 2120 3334 2187 Deum,
3382 2133 3448 2177 ut
3507 2127 3720 2194 provideat

2194 2205 2386 2260 ducem
2430 2207 2649 2275 populo.
2693 2206 2831 2275 Quid
2862 2209 3001 2280 agis,
3027 2225 3060 2265 ο
3100 2211 3350 2284 Moyses?
3381 2213 3619 2286 Nunquid
3655 2219 3718 2272 lilii

2195 2296 2292 2351 tibi
2321 2311 2425 2352 non
2463 2307 2611 2362 sunt,
2634 2297 2864 2353 Gersum
2887 2311 2941 2355 et
2965 2301 3177 2359 Eliezer
3213 2303 3366 2377 (15)?
3405 2307 3562 2380 356
3586 2312 3716 2367 Antsi

2191 2389 2396 2458 aliquid
2425 2389 2491 2444 de
2519 2390 2653 2460 ipsis
2682 2391 2920 2459 dubitas,
2947 2408 3054 2448 non
3081 2405 3208 2449 sunt
3241 2395 3339 2452 filii
3381 2396 3563 2453 fratris
3587 2405 3716 2472 magni

2190 2493 2246 2536 et
2271 2482 2473 2552 egregii
2502 2483 2640 2537 viri?
2677 2482 2963 2552 Quomodo
3001 2500 3104 2539 non
3132 2501 3258 2542 oras
3287 2488 3460 2543 Deum
3499 2507 3587 2559 pro
3609 2494 3714 2561 ipsis,

2189 2581 2248 2628 ut
2269 2589 2366 2629 eos
2409 2575 2705 2630 constituat
2736 2575 2933 2647 populo
2959 2579 3158 2634 duces?
3197 2580 3302 2635 Sed
3333 2582 3560 2646 discant,
3586 2585 3716 2641 Eccit-

2187 2665 2388 2721 siarum
2419 2667 2691 2737 principes
2716 2682 3061 2726 successores
3085 2671 3189 2726 sibi
3231 2688 3338 2728 non
3371 2689 3493 2736 eos.
3518 2679 3599 2745 qui
3622 2693 3693 2732 eoa

2184 2759 2554 2827 sanguinitate
2575 2761 2791 2830 generis
2808 2760 2983 2831 juncti
3011 2771 3158 2832 sunt,
3186 2779 3286 2819 nec
3311 2768 3411 2833 qui
3442 2771 3609 2824 carnis
3625 2785 3712 2840 pro-

2184 2853 2492 2922 pinquitate
2538 2854 2838 2920 sociantur,
2915 2863 3240 2912 testamento
3300 2859 3553 2930 signare,
3591 2879 3714 2931 neque

2183 2946 2597 3002 ltzereditarium
2647 2949 2866 3005 tradere
2916 2948 3176 3006 Ecclesia:
3232 2956 3619 3024 principatum,
3649 2961 3712 3010 sed

2184 3039 2392 3096 referre
2415 3039 2482 3094 ad
2501 3039 2765 3109 judicium
2801 3040 2917 3104 Dei,
2947 3036 3002 3094 et
3033 3057 3136 3097 non
3162 3045 3374 3114 eligere
3411 3047 3577 3110 illum,
3600 3063 3712 3116 quon

2183 3129 2452 3184 humanus
2487 3132 2831 3184 commendat
2873 3127 3119 3197 allectus,
3156 3136 3250 3187 sed
3297 3135 3394 3190 Dei
3437 3137 3625 3204 judicio
3657 3150 3710 3190 to-

2183 3229 2298 3275 tum
2337 3221 2404 3276 de
2444 3221 2784 3276 successoris
2822 3223 3091 3279 electione
3123 3227 3478 3294 permittere.
3520 3227 3711 3298 Nunquid

2180 3332 2285 3370 non
2316 3323 2530 3384 poterat
2574 3315 2788 3386 Moyses
2832 3314 3032 3386 eligere
3081 3319 3397 3390 principem
3454 3323 3646 3393 populo,
3675 3334 3712 3375 rt

2180 3427 2307 3466 vero
2329 3409 2535 3480 judicio
2561 3410 2786 3482 eligere,
2813 3421 2868 3467 et
2911 3423 3052 3466 recta
3089 3414 3347 3484 iustaque
3375 3419 3648 3478 sententia,
3667 3417 3712 3468 ad

2177 3520 2336 3575 quem
2381 3507 2592 3560 dixerat
2633 3506 2778 3562 Deus
2810 3506 2897 3562 “t
2939 3525 2958 3559 ι
2987 3507 3138 3578 Elige
3178 3515 3528 3580 presbyteros
3569 3509 3711 3580 populo

2176 3614 2314 3668 quos
2359 3607 2412 3652 tu
2448 3599 2561 3668 ipse
2593 3600 2702 3654 scis
2743 3604 3096 3673 presbyteros
3120 3617 3263 3668 esse,
3296 3620 3318 3654 ι
3345 3611 3406 3658 et
3433 3603 3588 3673 elegit
3614 3602 3712 3656 tales

2177 3692 2231 3746 in
2281 3693 2479 3761 quibus
2523 3693 2782 3748 continuo
2834 3693 2924 3748 Dei
2976 3696 3207 3764 spiritus
3259 3696 3710 3764 requiesceret,et

2179 3785 2571 3854 propltetarent
2598 3787 2825 3842 omnes?
2851 3787 2986 3855 Quis
3030 3801 3162 3858 ergo
3215 3787 3290 3840 ita
3338 3787 3519 3855 potuit
3553 3786 3709 3856 eligere

2176 3877 2475 3947 principent
2504 3879 2710 3948 populi,
2738 3892 2798 3935 ut
2843 3881 3056 3951 Moyses
3095 3879 3351 3949 poterat?
3387 3878 3496 3934 Sed
3524 3879 3708 3933 hoeuon

2176 3968 2328 4032 facit,
2359 3983 2462 4023 non
2491 3969 2665 4039 eligit,
2695 3983 2801 4023 non
2848 3971 3034 4025 audet.
3061 3968 3173 4022 Cur
3201 3984 3309 4022 non
3339 3969 3538 4022 audet?
3559 3968 3623 4022 Ne
3643 3983 3711 4037 po-

2174 4060 2336 4116 steris
2407 4063 2847 4130 prazsumptionis
2917 4062 3189 4131 relinquat
3255 4061 3584 4130 esetnplum.
3631 4061 3708 4114 Sed

2171 4151 2414 4205 ausculta
2445 4151 2572 4219 quid
2601 4152 2769 4206 dicit:
2807 4171 2824 4204 t
2851 4151 3165 4215 Provideat,
3197 4152 3465 4221 inquit",
3500 4151 3710 4206 Dominus

2172 4241 2314 4297 Deus
2345 4244 2632 4312 spirituum
2683 4255 2739 4298 et
2777 4245 2954 4300 omnis
2999 4246 3206 4310 carnis,
3263 4243 3542 4296 hominem
3585 4257 3708 4310 super

2170 4352 2498 4408 synagogam
2546 4338 2706 4400 hanc,
2745 4338 2836 4407 qui
2883 4340 3196 4409 egrediatur
3241 4351 3372 4393 ante
3418 4341 3603 4396 faciem
3637 4353 3706 4391 eo.

2172 4446 2310 4496 rum,
2337 4440 2389 4484 et
2416 4431 2508 4499 qui
2545 4429 2900 4499 ingrediatur,
2931 4441 2985 4485 et
3009 4432 3100 4501 qui
3126 4435 3398 4501 producat
3419 4449 3540 4498 eos,
3566 4443 3614 4486 et
3639 4430 3704 4498 qui

481 4515 566 4559 est
591 4507 754 4573 Deus,
786 4526 880 4579 per
906 4528 1068 4582 quem
1103 4515 1254 4587 signa
1283 4527 1338 4572 et
1368 4518 1599 4573 virtutes
1644 4520 1890 4578 miriﬁca}
1939 4539 2063 4593 per-
2095 4525 2138 4579 D
2173 4520 2413 4574 reducm.
2441 4539 2458 4572 ι
2497 4519 2555 4574 Si
2602 4536 2732 4590 ergo
2777 4529 2958 4576 tantus
2987 4522 3075 4577 ille
3103 4539 3165 4577 ac
3208 4526 3333 4580 talis
3381 4525 3591 4597 Moyses
3627 4537 3704 4576 non

483 4608 703 4666 petratae
729 4615 875 4668 sunt,
902 4613 1007 4658 tam
1038 4609 1245 4676 gravia,
1275 4617 1380 4662 tam
1405 4611 1705 4680 periculosa
1729 4613 2060 4674 referuntur.

483 4689 619 4756 Quid
649 4692 794 4746 enim
829 4694 876 4749 ei
909 4697 1045 4751 dicit
1087 4698 1262 4755 Deus?
1298 4719 1318 4753 ι
1345 4701 1416 4758 Ει
1459 4706 1765 4773 apponeris,
1799 4706 1971 4776 inquit
1995 4709 2061 4773 υ,

480 4781 548 4835 ad
585 4784 838 4853 populum
870 4797 1018 4843 tuum
1048 4801 1104 4844 et
1134 4801 1212 4862 tu,
1248 4794 1390 4848 sicut
1437 4797 1717 4866 appositus
1760 4807 1842 4853 est
1880 4800 2061 4854 Aaron

490 4873 660 4928 frater
683 4884 804 4931 tuus
837 4877 889 4931 in
927 4889 1109 4936 monte
1141 4882 1234 4938 0r.
1265 4903 1284 4937 ι
1321 4887 1389 4940 Ει
1418 4888 1580 4956 quasi
1608 4903 1830 4944 causam
1867 4892 2059 4948 mortis

480 4967 700 5032 cit-ponit
719 4967 906 5024 dicens
933 4988 948 5026 :
973 4990 992 5024 ι
1024 4971 1252 5043 Propter
1280 4977 1420 5046 quod
1438 4982 1762 5050 transgressi
1784 4982 1915 5036 estis
1933 4997 2053 5037 vcr-

479 5054 605 5109 bum
636 5072 816 5113 meum
848 5061 901 5116 in
926 5063 1141 5119 deserto
1165 5067 1282 5132 Sin,
1307 5083 1429 5122 cum
1459 5072 1658 5126 reStitit
1685 5087 1956 5142 synagoga
1988 5088 2056 5126 ne

477 5163 565 5203 tne
597 5152 983 5210 sanctificaret.
1016 5157 1133 5213 Non
1177 5176 1263 5216 me
1305 5165 1684 5220 sanctificastis
1721 5165 1773 5219 in
1796 5180 1936 5234 aqua
1968 5180 2058 5219 co-

472 5253 592 5294 ram
624 5243 724 5300 eis.
749 5265 768 5299 ι
808 5247 1022 5319 Ergone
1052 5251 1105 5306 itt
1129 5253 1285 5323 culpa
1305 5264 1385 5310 est
1409 5258 1571 5310 etiam
1607 5257 1857 5329 Moyses?
1881 5256 2055 5311 Etiam

544 5379 788 5456 θξ-Νυιη.
833 5400 1012 5451 xxv",
1059 5388 1144 5442 17.
1219 5393 1259 5422 σι
1305 5392 1434 5445 ibid.
1476 5393 1563 5456 13,
1609 5395 1696 5447 14,

473 5448 522 5485 ⁸⁸
571 5449 733 5506 Num.
770 5471 848 5521 χι,
888 5448 1009 5510 16(
1055 5461 1097 5492 ⁸⁷
1136 5458 1300 5515 Νυιη.
1334 5477 1505 5527 xxvn,
1550 5448 1634 5528 16,
1670 5464 1748 5519 17.

545 5588 656 5660 (14)
697 5591 860 5652 Mss..
919 5614 938 5645 ι
983 5609 1341 5665 perpessurus
1393 5608 1560 5654 esset.
1592 5619 1611 5653 ι
1670 5599 1827 5655 Libb.
1874 5601 2044 5669 editi,

527 5672 813 5728 perpessus
841 5674 944 5719 est.
967 5686 985 5718 ι

546 5731 658 5805 (l5)
697 5733 865 5789 Recte
909 5754 1040 5792 mss.
1069 5739 1295 5804 habent,
1342 5759 1360 5791 ‹
1386 5739 1617 5794 Gersum
1660 5750 1715 5796 et
1762 5741 1995 5805 Eliezcr,
2024 5763 2041 5792 ι

475 5803 617 5857 male
646 5819 775 5860 vero
809 5806 930 5862 libri
961 5819 1118 5866 antea
1155 5811 1320 5878 editi,
1364 5830 1381 5864 t
1410 5809 1615 5868 Gerson
1655 5821 1708 5868 et
1750 5803 1991 5868 Eleazar.
2021 5833 2041 5864 ›

1786 5395 1830 5426 θ’
1871 5394 2098 5476 Rom.v,
2129 5393 2216 5447 14.
2309 5393 2354 5425 ⁸³
2406 5395 2444 5448 il

1833 5465 1876 5496 ⁵⁸
1916 5465 2074 5526 lbtd..
2111 5463 2199 5530 18,
2243 5465 2444 5532 19,Ξο.

2159 5602 2291 5658 Vide
2320 5603 2490 5658 Exod.
2519 5620 2579 5671 tt,
2605 5604 2698 5666 22,
2725 5615 2778 5659 et
2809 5605 2978 5659 Exod.
3009 5619 3166 5667 xvm,
3193 5603 3247 5657 ι.

2165 4611 2662 4681 permittitiudicio
2709 4628 2806 4667 suo
2848 4614 2914 4668 de
2952 4614 3204 4685 eligendo
3237 4619 3487 4688 principe
3524 4617 3702 4687 populi.

2165 4704 2231 4757 de
2273 4705 2659 4759 constituendo
2705 4720 3044 4774 successore,
3092 4710 3216 4778 quis
3253 4709 3360 4765 erit
3399 4711 3490 4780 qui
3518 4710 3702 4772 aud-cat,

2161 4795 2245 4850 vel
2288 4811 2357 4850 ex
2384 4797 2535 4866 plebe
2559 4811 2680 4865 quae
2708 4814 2852 4869 saepe
2891 4801 3228 4856 clamoribus
3253 4805 3321 4856 ad
3368 4804 3611 4870 gratiam,
3634 4810 3703 4853 aut

2161 4889 2337 4956 pretio
2373 4889 2621 4946 fortassis
2668 4891 2907 4947 excitata
2955 4892 3070 4963 (l6)
3102 4895 3310 4949 moveri
3337 4895 3507 4960 solet,
3548 4893 3621 4946 vel
3652 4906 3700 4944 ﬂ

2167 4981 2299 5050 ipsis
2324 4983 2488 5037 etiam
2514 4985 2889 5041 sacerdotibus
2915 4985 3038 5056 quis
3063 4987 3167 5040 erit
3189 4987 3277 5055 qui
3308 5002 3368 5042 se
3393 4988 3628 5040 idoneum
3650 4987 3699 5034 ad

2164 5074 2265 5130 hoc
2287 5075 2515 5142 iudicet,
2544 5077 2646 5132 nisi
2687 5079 2731 5133 si
2763 5079 2848 5133 cui
2880 5080 3080 5148 oranti,
3118 5089 3173 5134 et
3201 5080 3405 5147 petenti
3449 5095 3478 5130 a
3507 5075 3700 5131 Domino

2166 5167 2470 5222 reveletur?
2515 5169 2670 5224 Sicut
2704 5181 2757 5224 et
2789 5169 2931 5226 Deus
2958 5172 3090 5224 dicit
3115 5172 3181 5225 ad
3224 5170 3439 5240 Moysen
3468 5168 3552 5222 "z
3582 5186 3596 5218 ι
3622 5167 3700 5217 As-

2165 5273 2317 5312 sutne
2341 5259 2405 5312 ad
2451 5261 2798 5331 temetipsum
2843 5259 3028 5315 Jesum
3058 5261 3228 5315 filium
3257 5261 3420 5326 Nave,
3454 5258 3694 5313 hominem

2309 5393 2354 5425 °'
2406 5395 2534 5449 ibid.
2576 5395 2663 5452 l2.
2741 5396 2786 5429 “
2821 5397 2976 5452 llom.
3006 5413 3084 5464 ιι,
3119 5396 3210 5452 52.
3291 5398 3335 5430 ⁸⁵
3361 5396 3518 5452 Rom.
3545 5411 3594 5460 ν,
3622 5390 3694 5446 ω.

2226 5674 2338 5746 (16)
2380 5673 2535 5739 Mss.,
2565 5668 2589 5727 ’ς
2617 5687 2710 5728 aut
2747 5676 2924 5744 pretio
2957 5674 3207 5729 fortassis
3231 5673 3514 5746 excitata.»
3547 5668 3687 5725 Libb.

2151 5746 2308 5813 editi,
2347 5764 2366 5798 t
2394 5755 2489 5800 aut
2515 5748 2580 5800 ad
2614 5748 2849 5816 pretium
2881 5747 3113 5801 fortasse
3140 5745 3442 5802 excitatis.»
