3874 6512
151 359 243 418 7&5

147 578 318 622 manus
343 572 459 618 tuas
487 578 651 630 super
675 581 820 630 enim,
843 575 898 620 et
919 576 1128 623 statues
1153 584 1274 623 eum
1308 585 1494 625 coram
1539 571 1692 625 Elea-

144 670 258 712 zaro
294 653 589 715 sacerdme.
626 665 680 708 et
722 666 991 726 prtecepta
1033 658 1160 712 dato
1203 659 1251 714 ei
1299 659 1350 713 in
1397 671 1690 730 conSpectu

145 747 292 802 totius
327 759 628 816 synagogas,
655 755 708 802 et
735 747 968 817 praecipe
1006 749 1070 803 de
1117 750 1233 816 ipso
1272 765 1457 827 coram
1505 752 1608 814 eis,
1637 759 1693 808 et

141 838 282 895 dabis
305 837 604 893 claritatem
645 848 788 893 tuam
815 854 974 909 super
1000 840 1172 905 illum,
1201 850 1259 896 ut
1283 843 1502 897 audiant
1537 844 1688 898 illum

143 931 223 985 lilii
253 929 436 983 Israel.
466 949 484 982 ι
516 931 685 986 Audis
708 929 985 986 evidenter
1009 933 1402 989 ordinationem
1430 937 1690 1006 principis

141 1021 306 1093 populi
343 1031 454 1075 tam
491 1023 777 1079 manifeste
819 1025 1169 1094 descriptam,
1209 1036 1265 1078 ut
1306 1042 1443 1096 pene
1483 1029 1693 1098 exposi-

141 1113 272 1165 tione
297 1126 400 1164 non
429 1121 605 1182 egeat.
631 1111 786 1167 Nulla
816 1114 906 1169 hic
931 1116 1111 1184 populi
1150 1117 1498 1183 acclamatio,
1546 1120 1688 1174 nulla

139 1204 616 1270 consanguinitatis
644 1207 806 1272 ratio,
849 1209 992 1262 nulla
1038 1211 1459 1282 propinquitatis
1503 1213 1689 1268 habita

138 1297 506 1362 contemplatio
543 1307 644 1352 est.
693 1298 1022 1369 Pr0pinquis
1067 1318 1321 1372 agrorum
1367 1314 1422 1360 et
1467 1307 1692 1376 praedio-

137 1403 243 1441 rum
286 1386 624 1457 relinquatur
668 1389 958 1447 haereditas
985 1411 998 1447 :
1029 1396 1349 1464 gubernatio
1395 1398 1575 1467 populi
1613 1398 1689 1453 illi

137 1480 392 1542 tradatur,
420 1496 582 1550 quem
611 1481 751 1536 Deus
776 1482 1001 1552 elegerit
1029 1504 1043 1539 :
1075 1487 1279 1542 homini
1309 1489 1518 1544 scilicet
1565 1489 1687 1557 tali,

135 1577 214 1640 qtti
257 1572 437 1637 habet,
489 1575 634 1629 sicut
679 1575 940 1645 scriptum
987 1581 1248 1646 audistis,
1295 1582 1348 1636 in
1392 1583 1690 1651 semetipso

132 1662 384 1730 Spiritqu
433 1664 529 1719 Dei
581 1675 638 1721 et
685 1678 954 1737 prazcepta
1001 1669 1094 1724 Dei
1145 1672 1198 1725 in
1233 1682 1524 1742 conSpcctu
1572 1673 1691 1740 ejus

129 1767 258 1826 sunt,
283 1769 335 1814 et
374 1760 463 1829 qui
503 1759 670 1829 Moysi
703 1761 856 1815 valde
898 1773 1060 1818 notus
1099 1772 1154 1818 et
1187 1764 1472 1820 lamiliaris
1512 1765 1602 1830 sit,
1635 1765 1687 1819 id

1285 360 1350 415 IN
1387 359 1718 419 NUMEBOS
1749 361 2033 420 IIOMILIA
2063 363 2252 419 XXIII.

147 473 228 543 qui
268 469 422 525 habet
471 467 733 540 Spiritum
783 473 876 530 Dei
919 475 972 529 in
1020 475 1333 547 semetipso,
1363 488 1416 531 et
1451 480 1694 549 impones
1723 485 1768 540 Α

3265 371 3372 427 πθ

2330 477 2609 536 1101111.ῐὰ
2649 479 2834 537 XXIII.

1794 570 1872 626 De
1918 587 1978 625 eo
2027 571 2165 640 quod
2191 571 2468 642 _scriptum
2518 583 2592 627 est
2632 589 2651 628 :
2695 591 2714 625 ι
2758 573 2981 628 Munera
3034 591 3188 642 mea,
3235 579 3364 635 data

2022 639 2135 694 mea
2159 639 2227 704 ⁷³,
2253 660 2272 693 ι
2302 652 2349 696 et
2379 642 2442 695 de
2469 642 2772 697 diversitate
2803 644 3170 713 festivitatum.

1868 755 1919 808 I.
1960 752 2016 808 Si
2061 753 2372 810 observatio
2421 757 2855 823 sacrificiorum,
2903 768 2955 812 et
3004 761 3249 818 instituta
3280 762 3364 820 Ie-

1793 849 1954 920 galia,
1990 863 2110 917 quae
2139 848 2194 903 in
2231 858 2354 920 typo
2389 850 2510 906 data
2555 859 2684 906 sunt
2724 852 2921 920 populo
2957 852 3146 921 Israel,
3193 873 3365 927 usque

1793 942 1858 994 ad
1891 954 2132 1009 praesens
2176 949 2389 1010 tempus
2421 953 2574 997 stare
2617 943 2952 1012 potuissent,
2999 949 3365 1006 exclusissent

1793 1031 1912 1086 sine
1947 1031 2113 1085 dubio
2158 1030 2432 1102 Evangelii
2481 1033 2637 1086 ﬁdem
2688 1049 2784 1100 per
2821 1050 2981 1102 quam
3019 1050 3085 1090 ex
3127 1040 3360 1095 adventu

1795 1124 2005 1178 Domini
2038 1124 2207 1178 nostri
2246 1123 2372 1178 Jesu
2409 1124 2611 1180 Christi
2658 1135 2846 1194 gentes
2873 1141 3267 1185 Convertuntur
3294 1134 3362 1187 ad

1793 1214 1983 1270 Deum.
2012 1214 2139 1268 Erat
2165 1215 2308 1269 enim
2349 1216 2399 1270 in
2435 1217 2542 1271 illis
2567 1232 2690 1286 qum
2739 1225 2866 1271 tunc
2904 1219 3358 1292 observabantur,

1794 1306 2076 1375 magniﬁca
2104 1305 2375 1375 quaedam,
2416 1316 2469 1361 et
2502 1308 2668 1362 totius
2707 1309 3030 1364 reverentiae
3069 1310 3226 1378 plena
3273 1329 3364 1368 re-

1793 1397 1940 1467 ligio,
1985 1411 2105 1467 quae
2131 1413 2197 1451 ex
2229 1397 2348 1466 ipso
2382 1399 2543 1452 etiam
2577 1399 2753 1469 primo
2782 1411 3004 1469 aspectu
3050 1402 3366 1473 obstupefa-

1792 1501 1945 1546 ceret
1983 1493 2267 1546 intuentes.
2301 1491 2433 1559 Quis
2464 1493 2607 1547 enim
2653 1494 2843 1549 videns
2890 1495 3048 1562 illud,
3088 1498 3230 1566 quod
3267 1515 3366 1567 ap-

1793 1583 2094 1653 pellabatur
2163 1585 2536 1639 sanctuarium
2566 1586 2682 1640 sive
2709 1589 3038 1655 sacrarium,
3067 1601 3120 1644 et
3150 1591 3364 1646 intuens

1791 1675 1983 1740 altare,
2011 1683 2248 1730 astantes
2274 1676 2436 1730 etiam
2467 1679 2784 1734 sacerdotes
2808 1681 3076 1736 sacriﬁcia
3107 1696 3365 1737 consum-

1793 1776 2024 1831 mautes,
2049 1782 2373 1836 omnemque
2412 1771 2658 1824 ordinem
2694 1785 2806 1839 qun
2834 1781 3027 1827 cuncta
3071 1773 3162 1827 illa
3205 1789 3363 1844 gere.

129 1860 222 1912 est,
253 1849 302 1901 in
343 1864 452 1918 quo
478 1851 548 1904 sit
583 1851 803 1904 claritas
836 1851 968 1922 legis
995 1863 1050 1908 et
1094 1854 1346 1922 scientia,
1391 1863 1446 1908 ut
1477 1855 1686 1924 possint
1717 1846 1760 1901 Β
1789 1856 1988 1912 bantur
2004 1857 2291 1925 aspiciens,
2311 1873 2413 1912 non
2442 1867 2653 1927 putaret
2678 1860 3051 1930 plenissimum
3079 1863 3219 1918 hunc
3242 1880 3362 1918 esse

129 1956 237 1995 eum
276 1942 466 1995 audire
501 1941 594 1996 lilii
638 1942 824 1997 Israel.
870 1942 1068 1998 Verum
1109 1945 1362 2014 quoniam
1409 1946 1687 2018 mysteriis

128 2043 308 2088 cuncta
342 2033 544 2089 referta
583 2045 730 2100 sunt,
757 2052 860 2090 non
891 2053 1176 2108 possumus
1211 2053 1331 2108 quae
1361 2039 1686 2107 pretiosiora

127 2135 238 2180 sunt
290 2126 574 2193 omittere,
626 2129 836 2183 etiamsi
895 2131 1006 2184 haec
1059 2145 1180 2199 qua:
1241 2131 1537 2186 secundum
1598 2132 1689 2187 lit-

129 2226 283 2270 teram
321 2221 674 2288 mandantur,
727 2222 1034 2276 necessaria
1086 2224 1372 2278 videantur
1412 2233 1466 2279 et
1508 2225 1682 2280 utilia.

124 2307 530 2364 Consideremus
555 2326 684 2380 ergo
709 2327 827 2380 qua:
863 2314 932 2367 sit
959 2312 1159 2383 Moysis
1204 2329 1371 2380 mors,
1404 2313 1526 2368 ﬁnis
1571 2316 1688 2370 sine

123 2402 272 2457 dubio
306 2402 445 2472 legis
473 2425 484 2458 :
512 2405 603 2458 sed
634 2405 764 2475 legis
799 2405 940 2460 illius
969 2422 1085 2476 quze
1119 2407 1412 2462 secundum
1453 2408 1683 2462 litteram

121 2497 322 2550 dicitur.
371 2498 502 2564 Quis
547 2507 729 2552 autem
777 2497 893 2568 ejus
938 2499 1062 2552 linis
1105 2500 1224 2554 est?
1281 2499 1682 2556 Sacriﬁciornm

120 2587 312 2642 scilicet
362 2588 709 2658 interruptio,
739 2601 795 2644 et
841 2600 1165 2645 cmterorum
1219 2607 1338 2662 qua:
1382 2592 1555 2646 simili.
1585 2595 1683 2648 ob-

121 2679 384 2734 servantia
417 2681 746 2734 mandantur
773 2682 823 2735 in
869 2681 1006 2750 lege.
1049 2683 1172 2738 llzec
1215 2699 1344 2754 ergo
1383 2685 1473 2739 ubi
1520 2684 1680 2740 linem

120 2771 401 2842 accipiunt.
430 2771 590 2826 Jesus
617 2774 843 2843 suscipit
871 2774 1232 2844 principatum
1261 2795 1274 2829 :
1315 2794 1332 2827 ι
1361 2777 1511 2833 Finis
1536 2779 1679 2832 enim

119 2861 239 2930 legis
281 2861 540 2916 Christus
586 2863 653 2917 ad
686 2863 956 2932 justitiam
997 2865 1141 2919 omni
1191 2866 1431 2921 credenti
1456 2869 1521 2920 ³³.
1551 2886 1571 2920 t-
1616 2868 1684 2924 Et

117 2953 246 3006 sicut
265 2954 327 3007 de
351 2951 631 3023 prioribus
656 2955 856 3008 dictum
887 2963 985 3020 est,
1011 2957 1135 3026 quia
1161 2975 1179 3007 ι
1202 2974 1391 3012 omnes
1418 2960 1469 3012 in
1497 2959 1683 3031 Moyse

119 3046 364 3115 baptizati
401 3056 526 3102 sunt
554 3048 605 3102 in
635 3048 775 3102 nube
805 3058 859 3102 et
891 3049 943 3102 in
982 3052 1112 3103 mari
1140 3051 1216 3117 7°;
1245 3070 1263 3102 ι
1297 3052 1366 3104 ita
1389 3062 1442 3105 et
1466 3052 1532 3107 de
1557 3052 1682 3109 Jesu

114 3137 470 3214 ὀπυίῃ-(17),
495 3141 620 3210 quia
647 3157 838 3196 onmes
887 3143 937 3196 in
979 3140 1102 3196 Jesu
1153 3142 1410 3213 baptizati
1456 3155 1584 3199 sunt
1629 3147 1678 3200 in

115 3231 302 3298 Spiritu
331 3241 528 3287 sancto
547 3243 600 3288 et
622 3249 781 3302 aqua.
801 3232 959 3290 Jesus
984 3251 1216 3305 namque
1244 3239 1457 3306 est,qui
1490 3240 1682 3294 transit

116 3337 270 3390 aquas
291 3321 571 3388 Iordanis,
596 3334 651 3379 et
677 3324 728 3379 in
755 3326 889 3394 ipsis
909 3327 1432 3396 quodammodojam
1461 3339 1568 3384 tum
1595 3346 1682 3399 po-

116 3412 285 3480 pulum
313 3415 564 3483 baptizat
589 3429 604 3468 :
631 3424 685 3469 et
719 3415 831 3485 ipse
857 3427 939 3472 cst
980 3418 1070 3486 qui
1103 3428 1300 3473 terram
1326 3421 1677 3488 ba2reditatis,

116 3514 298 3560 terram
317 3519 566 3562 sanctam
588 3509 822 3577 partitur
840 3511 1128 3573 universis.
1147 3527 1250 3566 non
1273 3513 1437 3582 priori
1457 3517 1678 3585 populo,

113 3602 196 3654 sed
239 3602 502 3656 secundo.
545 3602 700 3655 Prior
733 3601 875 3655 enim
904 3602 1133 3672 pupulus
1173 3613 1393 3673 propter
1421 3608 1680 3673 prtevari-

113 3693 369 3748 cationem
415 3708 570 3748 suam
619 3693 818 3748 cecidit
862 3694 913 3748 in
944 3695 1183 3750 deserto.
1221 3697 1295 3750 De
1331 3695 1458 3752 Jesu
1499 3709 1677 3754 autem

114 3786 448 3856 temporibus
472 3787 693 3851 dicitur,
717 3787 847 3855 quia
878 3804 896 3837 ι
929 3795 1073 3840 terra
1099 3787 1308 3855 quievit
1329 3803 1358 3842 a
1388 3789 1621 3856 bellis“;
1652 3810 1671 3844 ι

111 3879 241 3944 quod
275 3876 451 3948 Moysi
487 3885 729 3948 tempore
755 3878 864 3932 dici
912 3893 1017 3932 non
1069 3880 1264 3947 potuit.
1297 3880 1403 3935 Sed
1448 3884 1513 3936 de
1552 3881 1677 3937 Jesu

109 3970 203 4024 hac
242 3968 445 4022 dicitur
473 3983 592 4022 meo
617 3969 864 4032 Domino,
907 3985 1014 4023 non
1043 3970 1137 4023 illo
1162 3968 1328 4024 Nave.
1365 3972 1543 4041 Atque
1571 3974 1680 4027 uti-

111 4082 223 4120 nam
256 4082 376 4122 mea
411 4075 555 4120 terra
584 4074 759 4120 cesset
785 4080 814 4118 a
846 4065 1020 4119 bellis.
1065 4066 1130 4119 Et
1171 4080 1385 4121 cessare
1417 4078 1599 4136 posset
1631 4067 1676 4122 si

105 4178 197 4230 ego
222 4159 346 4216 Iesu
374 4151 610 4230 principi
651 4173 772 4212 meo
800 4157 1031 4211 ﬁdeliter
1072 4158 1387 4213 militarem.
1425 4158 1480 4213 Si
1529 4160 1673 4213 etum

109 4269 317 4322 paream
364 4268 488 4308 meo
526 4252 753 4306 Domino
776 4249 934 4315 Jesu,
963 4265 1237 4317 nnnrpiam
1279 4263 1410 4304 caro
1448 4265 1566 4304 mea
1598 4250 1677 4305 in-

106 4357 281 4417 surget
307 4348 577 4400 adversus
613 4345 862 4414 spiritum
907 4358 1109 4406 meum,
1139 4357 1238 4397 nec
1268 4341 1676 4412 impugnabitnr

109 4451 246 4494 terra
278 4455 398 4495 mea
443 4440 510 4494 ab
535 4435 864 4492 adverSariis
893 4435 1168 4504 gentibus,
1198 4434 1432 4488 diversis
1469 4434 1676 4488 scilicet

103 4533 562 4602 concupiscentiis
605 4530 900 4585 stimulata.
951 4527 1181 4582 Oremus
1221 4541 1373 4596 ergo,
1419 4537 1477 4580 ut
1517 4524 1673 4580 Jesus
1707 4559 1754 4617 Β

108 4636 286 4694 regnet
326 4639 495 4694 super
531 4638 650 4688 nos,
694 4631 748 4675 et
780 4629 959 4674 cesset
1005 4629 1150 4675 terra
1199 4628 1386 4673 nostra
1428 4634 1456 4672 a
1496 4618 1672 4682 bellis,

103 4728 271 4772 cesset
316 4719 386 4772 ab
440 4713 939 4786 impugnationibus
1002 4710 1304 4766 carnalium
1373 4710 1674 4764 desiderio-

103 4825 214 4863 rum
251 4827 264 4862 :
307 4819 364 4862 et
409 4823 533 4862 cum
585 4808 690 4861 ista
735 4804 1255 4869 cessaverint,tunc
1305 4800 1678 4870 unusquisque

107 4903 406 4970 requiescet
434 4901 532 4953 sub
557 4901 666 4952 vite
690 4913 807 4960 sua,
832 4907 885 4951 et
913 4897 1012 4951 sub
1037 4896 1142 4948 ﬁcu
1169 4909 1289 4958 sua,
1317 4903 1374 4946 et
1401 4891 1502 4946 sub
1529 4890 1673 4944 oliva

103 5009 190 5047 sua
215 4997 284 5048 τ’.
314 4994 434 5050 Sub
461 4993 764 5047 velamento
801 4990 947 5044 enim
976 4989 1176 5054 Patris,
1213 4995 1267 5040 et
1294 4985 1440 5049 Filii,
1469 4994 1524 5039 et
1553 4984 1674 5050 Spi-

106 5087 236 5144 ritus
283 5088 458 5142 saneli
499 5085 803 5154 requiescet
852 5083 1071 5145 anima,
1108 5095 1228 5150 quae
1277 5093 1466 5148 pacem
1513 5077 1568 5130 in
1616 5091 1675 5130 se

106 5183 504 5250 recuperaverit
533 5179 717 5234 carnis
761 5191 825 5231 ac
873 5174 1119 5244 spiritus.
1168 5171 1274 5240 Ipsi
1327 5177 1534 5224 aeterno
1565 5167 1674 5222 Deo

103 5271 268 5342 gloria
291 5272 350 5327 in
375 5271 570 5328 saecula
598 5267 939 5324 szeculorum.
966 5265 1161 5320 Amen.

170 5575 214 5609 "
256 5575 419 5630 Rom.
462 5590 514 5635 κ,
546 5573 600 5627 4.
678 5571 724 5603 ⁷⁸
763 5567 938 5622 ICor.
971 5582 1024 5630 ι,
1059 5565 1114 5618 2.
1190 5565 1235 5597 τί
1276 5561 1387 5618 Jus.
1439 5578 1530 5628 ιι,
1577 5560 1671 5615 25.

128 5660 212 5712 nt,
241 5651 292 5713 I,
314 5649 373 5701 2.
468 5646 512 5677 ⁷⁸
536 5644 694 5698 Num.
724 5655 914 5704 xxvnt,
936 5637 985 5702 l,
1013 5637 1066 5701 2,
1095 5638 1148 5690 3.

179 5834 288 5907 (17.)
332 5831 396 5886 Ili.
419 5848 485 5894 s.,
521 5851 538 5883 ι
570 5830 821 5886 dicitur.»
857 5825 1012 5880 Libb.
1039 5823 1190 5890 editi,
1225 5840 1242 5875 ι
1275 5821 1510 5877 dicatur.
1534 5834 1553 5867 ι
1586 5865 1587 5868 η

428 5928 694 5988 Parnm.
741 5925 857 5985 Gn.
905 5921 1047 5983 XII.

1791 1949 1972 2011 ritum,
2001 1964 2109 2018 quo
2135 1946 2277 2002 Deus
2302 1958 2518 2004 creator
2541 1951 2782 2004 ornnium
2805 1949 2874 2003 ab
2898 1953 3133 2005 humano
3162 1967 3363 2023 genere

1789 2039 1890 2095 coli
1913 2040 2167 2095 deberet?
2184 2039 2288 2094 Sed
2307 2041 2512 2110 gratias
2530 2041 2781 2096 adventui
2803 2043 3028 2106 Christi,
3047 2047 3135 2114 qui
3153 2047 3361 2101 animas

1790 2142 2006 2187 nostras
2036 2131 2274 2188 avellens
2297 2133 2364 2186 ab
2391 2133 2492 2186 hoc
2521 2133 2739 2198 intuitu,
2771 2134 2834 2188 ad
2865 2136 3359 2191 considerationem

1787 2222 1948 2293 357
1986 2222 2288 2277 cmlestium
2334 2230 2388 2277 et
2431 2223 2938 2292 contemplationem
2975 2241 3157 2280 rerum
3202 2226 3366 2295 spiri-

1790 2313 1975 2366 talium
2009 2313 2261 2378 contulit,
2291 2321 2344 2366 et
2374 2313 2640 2368 destruxit
2670 2315 2891 2383 quidem
2915 2315 3000 2370 illa
3027 2331 3144 2385 qua:
3167 2331 3363 2383 magna

1789 2404 2112 2460 videbantur
2160 2407 2215 2460 in
2269 2405 2467 2468 terris,
2514 2405 2830 2476 cultumque
2867 2407 2957 2463 Dei
2993 2424 3021 2462 a
3057 2411 3364 2465 visibilibus

1787 2499 1854 2553 ad
1887 2498 2182 2552 invisibilia
2221 2497 2520 2561 transtulit,
2546 2507 2601 2552 et
2632 2513 2660 2550 a
2688 2499 3080 2570 temporalibus
3107 2502 3173 2556 ad
3201 2513 3366 2560 atter-

1787 2607 1877 2645 na.
1913 2591 2016 2646 Sed
2063 2606 2254 2645 revera
2309 2591 2424 2659 ipse
2482 2592 2742 2645 Dominus
2801 2589 2958 2646 Jesns
3009 2591 3259 2649 Christus
3305 2606 3364 2650 et

1787 2698 1948 2738 aures
1988 2683 2218 2751 requirit
2250 2698 2370 2753 quae
2401 2684 2516 2737 lucc
2553 2684 2775 2736 audiant
2823 2691 2879 2736 et
2909 2682 3096 2737 oculos
3126 2686 3216 2753 qui
3247 2686 3365 2743 haec

1788 2775 2022 2831 videant.
2059 2774 2214 2830 Unde
2240 2786 2291 2832 et
2323 2789 2421 2829 nos
2455 2788 2598 2828 nunc
2643 2773 2813 2842 legem
2862 2773 3044 2827 datam
3082 2789 3179 2843 per
3207 2775 3367 2849 May--

1785 2882 1897 2923 sem
1925 2867 2186 2922 habentes
2215 2867 2267 2920 in
2305 2865 2576 2931 manibus,
2599 2874 2652 2919 et
2675 2864 2918 2920 volentes
2935 2881 3053 2921 eam
3078 2871 3368 2926 ostendero

1787 2963 1959 3030 legem
1995 2975 2115 3015 esse
2145 2959 2444 3030 spiritalem
2475 2997 2489 3022 ,
2527 2973 2687 3012 aures
2724 2974 2753 3012 a
2802 2959 2957 3015 vobis
2985 2971 3039 3015 et
3067 2962 3255 3018 oculos
3285 2972 3365 3016 ta-

1785 3047 1863 3105 les
1895 3051 2242 3121 requirimus,
2287 3051 2379 3119 qui
2422 3063 2526 3104 non
2561 3048 2624 3101 ad
2664 3048 2754 3103 illa
2786 3065 2904 3119 quae
2934 3061 3060 3106 sunt
3083 3053 3364 3109 destructa

1789 3142 2106 3213 respiciant,
2133 3143 2226 3196 sed
2256 3141 2348 3210 qui
2387 3138 2456 3194 ibi
2490 3141 2603 3194 lucc
2635 3141 2937 3211 requirant,
2983 3140 3070 3196 ubi
3113 3141 3364 3199 Christus

1790 3246 1874 3290 est
1927 3236 1980 3288 in
2015 3235 2201 3289 dextra
2247 3233 2341 3287 Dei
2394 3233 2613 3297 sedens,
2643 3241 2699 3286 et
2725 3247 2844 3301 qua:
2875 3247 3089 3288 sursum
3121 3245 3245 3288 sunt
3276 3250 3363 3289 sa-

1789 3329 1960 3398 piant,
1998 3343 2102 3381 non
2132 3342 2252 3396 qua:
2285 3335 2413 3380 sunt
2447 3339 2616 3393 supra
2655 3333 2833 3379 terras
2859 3325 2925 3379 ⁷⁵.
2961 3324 3203 3379 SuIIieiat
3233 3341 3361 3395 ergo

1790 3420 1890 3473 ista
1936 3419 2270 3488 prazl'ationis
2318 3417 2438 3472 loco
2483 3431 2583 3486 pro
2629 3416 2694 3471 iis
2732 3431 2856 3485 quas
2888 3416 3118 3472 dicenda
3147 3428 3295 3484 sunt,
3329 3434 3364 3474 τι

1790 3510 1946 3564 nobis
1975 3524 2095 3564 esse
2128 3506 2426 3578 praemissa.

1858 3601 1912 3654 2.
1944 3599 2096 3654 Nunc
2121 3610 2301 3654 autem
2339 3602 2407 3654 ad
2433 3612 2495 3654 ea
2521 3597 2652 3666 jam,
2700 3612 2821 3666 quae
2855 3597 3056 3666 scripta
3080 3606 3232 3663 sunt,
3269 3611 3364 3654 vc-

1789 3693 2024 3746 niamus.
2082 3709 2100 3742 ί
2138 3691 2203 3745 Ει
2246 3693 2460 3746 locutus
2511 3698 2636 3752 est,
2697 3688 2873 3756 inquit
2900 3689 2968 3754 ⁷⁸,
3008 3689 3264 3742 Dominus
3296 3689 3363 3742 ad

1788 3787 2010 3856 Moysen
2041 3785 2229 3839 dicens
2260 3801 2274 3837 :
2309 3783 2555 3851 Praccipe
2608 3780 2732 3836 ﬁliis
2791 3780 2978 3848 Israel,
3017 3789 3072 3836 et
3116 3782 3265 3835 dices
3297 3783 3366 3836 ad

1786 3894 1884 3933 eos
1913 3894 1926 3930 :
1964 3877 2184 3932 Munera
2224 3891 2364 3940 mea,
2409 3876 2530 3931 data
2561 3888 2701 3939 mea,
2739 3873 2948 3928 hostias
2971 3887 3121 3927 meas
3150 3873 3200 3926 in
3233 3872 3365 3926 odo-

1786 3985 1898 4026 rem
1955 3970 2242 4025 suavitatis
2287 3969 2598 4032 observate,
2628 3974 2686 4019 ut
2718 3964 2959 4019 oll‘eratis
2996 3963 3128 4018 mihi
3162 3964 3214 4018 in
3251 3964 3366 4018 die-

1787 4065 1888 4120 bus
1907 4065 2057 4120 festis
2083 4063 2233 4123 meis,
2254 4071 2308 4115 et
2323 4061 2470 4115 dices
2494 4059 2559 4121 ad
2584 4073 2712 4113 eos:
2737 4055 2827 4110 Hae
2845 4064 2968 4111 sunt
2996 4055 3186 4110 hostiae
3203 4071 3361 4120 meat,

1786 4173 1920 4226 quas
1956 4155 2201 4211 offeratis
2229 4154 2478 4208 Domino.
2513 4171 2531 4203 ι
2569 4149 2739 4205 Nemo
2769 4163 2922 4204 suum
2969 4147 3172 4218 aliquid
3206 4147 3364 4202 oti‘ert

1784 4250 1916 4316 Deo,
1953 4251 2046 4303 sed
2083 4247 2226 4317 quod
2263 4244 2418 4299 nﬁ‘ert
2453 4241 2662 4297 Domini
2699 4250 2823 4305 est,
2870 4249 2924 4294 et
2965 4255 3069 4293 non
3121 4249 3229 4293 tam
3262 4255 3360 4293 sua

1783 4342 1906 4412 quis
1958 4339 2115 4395 offert
2167 4338 2296 4401 Deo,
2333 4350 2494 4406 quam
2535 4334 2635 4403 ipsi
2680 4347 2800 4402 qua:
2849 4345 2944 4384 sua
2999 4339 3127 4385 sunt
3161 4332 3358 4385 reddit.

1783 4436 2082 4504 Propterea
2124 4446 2254 4501 ergo
2310 4429 2496 4482 volens
2546 4427 2810 4480 Dominus
2860 4424 3260 4478 sacriﬁciorum
3303 4435 3360 4476 et

1785 4539 2067 4581 nmnerum
2116 4521 2516 4576 olIerendorum
2566 4517 2670 4570 sibi
2725 4515 2794 4569 ab
2851 4513 3164 4568 hominibus
3211 4513 3358 4583 leges

1783 4619 2043 4680 scribere,
2102 4614 2278 4684 primo
2327 4611 2568 4666 onmium
2604 4608 2867 4677 ipsorum,
2909 4619 3030 4673 quae
3082 4602 3358 4659 oﬂ‘erenda

1781 4718 1960 4772 erant,
2021 4707 2196 4776 aperit
2252 4703 2516 4756 rationem
2559 4709 2614 4754 et
2662 4699 2795 4752 dicit
2831 4715 2845 4752 :
2881 4715 2900 4748 ‹
2939 4696 3159 4751 Munera
3213 4712 3355 4758 tnea,

1783 4801 1906 4854 data
1940 4812 2083 4862 mea,
2114 4794 2382 4850 sacriﬁcia
2412 4805 2530 4845 mea
2587 4790 2638 4843 in
2681 4789 2902 4844 odorem
2943 4787 3223 4842 suavitatis
3256 4788 3360 4839 ob-

1781 4899 2032 4954 servate,
2081 4897 2140 4942 ut
2185 4885 2429 4942 olTeratis
2478 4882 2608 4937 mihi
2645 4881 2696 4935 in
2731 4880 2920 4935 diebus
2948 4879 3100 4935 festis
3144 4878 3297 4934 meis.
3331 4891 3353 4929 ς

1783 4983 1930 5046 Ilaec,
1966 4981 2160 5049 inquit,
2205 4991 2429 5032 munera
2475 4975 2541 5030 de
2574 4973 2770 5044 quibus
2803 4973 2954 5027 vobis
2991 4980 3358 5042 praeceptor-ns

1778 5091 1900 5131 sum
1933 5084 1992 5128 ut
2017 5071 2262 5128 oll'eratis
2313 5069 2444 5122 mihi
2496 5069 2546 5122 in
2603 5068 2796 5123 diebus
2836 5066 2992 5121 {estis
3037 5065 3192 5126 meis,
3227 5062 3355 5114 data

1779 5184 1896 5223 mea
1936 5175 2087 5231 sunt,
2118 5166 2220 5219 hoc
2247 5173 2362 5229 est,
2403 5177 2432 5216 a
2468 5176 2553 5215 me
2581 5160 2739 5216 vobis
2769 5160 2980 5214 dantur.
3019 5155 3060 5210 A
3097 5170 3181 5208 me
3210 5152 3355 5206 enim

1778 5269 1976 5314 cuncta
2027 5273 2148 5327 quze
2195 5257 2354 5310 habet
2407 5254 2702 5308 humanum
2755 5250 2987 5321 percipit
3043 5258 3233 5313 genus.
3277 5239 3356 5294 Ne

1778 5348 1899 5410 quis
1929 5363 2058 5411 ergo
2091 5347 2146 5400 in
2186 5344 2484 5401 oﬁerendis
2531 5342 2849 5397 muneribus
2878 5336 3129 5394 beneﬁcii
3161 5346 3219 5387 se
3247 5328 3352 5383 alio

1769 5561 1815 5595 "
1869 5557 1935 5613 IlI
1995 5555 2126 5632 ιιι-ε,
2159 5570 2246 5623 1v,
2283 5553 2373 5608 25.
2450 5551 2499 5584 ⁷³
2545 5546 2853 5613 Nummi",
2889 5544 2981 5600 40.
3057 5539 3102 5572 ⁷⁸
3138 5535 3352 5594 Coloss.
