3874 6516
413 315 418 326 ’
483 363 584 420 747

1954 359 2207 418 ORIGEN
2217 364 2277 419 ES

3648 359 3741 415 7i!

482 485 612 553 quid
663 482 909 538 conferre
937 482 1190 537 crederet
1228 481 1356 546 Deo,
1409 490 1463 538 et
1502 496 1599 552 per
1637 483 1741 538 hoc
1776 483 1972 554 impius
2003 483 2054 538 in
2087 486 2132 544 A
2161 484 2319 553 cujus
2353 485 2560 541 scilicet
2611 483 2773 540 verba
2823 500 2928 540 non
2977 485 3138 542 audio
3165 528 3178 552 ,
3216 491 3480 553 tanquam
3517 484 3732 537 mortui.

480 593 548 632 eo
578 578 692 647 ipso
719 593 826 646 quo
848 577 1011 632 Deum
1043 575 1222 632 colere
1251 577 1533 632 videbatur
1573 577 1864 633 exsisteret
1904 576 2058 650 (quid

479 671 624 726 cnim
654 679 761 724 tam
793 669 1016 736 impium
1052 684 1216 739 quam
1252 670 1294 724 si
1330 679 1482 740 putet
1535 671 1648 740 (18)
1705 671 1867 726 homo
1910 670 2060 726 velut

479 763 742 830 indigenti
781 762 985 833 aliquid
1019 779 1078 818 se
1101 774 1360 833 praestare
1394 764 1501 820 Deo
1523 764 1596 834 ?),
1633 764 1970 829 necessario,
2000 771 2062 819 ut

479 856 737 918 diximus,
762 855 915 921 prius
948 855 1142 909 edocet
1180 855 1482 916 hominem,
1514 871 1623 924 quo
1650 855 1784 909 sciat
1813 870 1871 910 se
1903 854 2060 924 quid-

477 947 606 1016 quid
639 945 834 1001 obtulit
875 945 1008 1013 Deo,
1045 946 1275 999 reddere
1308 945 1359 998 id
1391 946 1438 998 ei
1482 947 1658 1014 potius
1689 961 1854 1015 quam
1890 945 2057 1000 offer-

479 1054 558 1094 re.
593 1039 699 1094 Sed
728 1049 782 1094 et
811 1038 942 1092 illud
977 1038 1260 1092 videamus
1287 1038 1562 1106 quomodo
1587 1039 1662 1090 ait
1701 1055 1713 1092 :
1751 1055 1770 1089 ι
1811 1036 1940 1102 Qum
1972 1035 2057 1089 of-

478 1129 671 1186 feratis
701 1131 828 1185 mihi
859 1130 910 1184 in
935 1131 1126 1184 diebus
1159 1127 1309 1183 festis
1341 1128 1530 1182 meis.»
1559 1128 1727 1182 Habet
1756 1145 1885 1200 ergo
1919 1129 2058 1185 Deus

478 1221 594 1278 dies
627 1222 793 1277 festos
817 1221 982 1276 suos?
1011 1220 1200 1275 Habet.
1233 1220 1325 1274 Est
1349 1221 1494 1274 enim
1521 1221 1568 1273 ei
1613 1235 1806 1290 magna
1843 1221 2056 1275 festivi-

478 1322 564 1366 tas
615 1312 853 1366 humana
907 1311 1074 1366 salus.
1135 1310 1247 1380 Ego
1301 1321 1433 1380 puto
1477 1311 1620 1378 quod
1667 1325 1763 1379 per
1815 1310 2058 1379 singulos

453 1417 724 1474 quosque
757 1402 1122 1465 credentium,
1177 1416 1272 1470 per
1312 1400 1556 1470 singulos
1610 1401 1699 1468 qui
1731 1409 2058 1454 convertun-

481 1506 571 1551 tur
609 1497 678 1552 ad
720 1496 913 1560 Deum,
940 1495 1030 1564 qui
1061 1493 1351 1563 proficiunt
1385 1492 1436 1545 in
1474 1491 1602 1556 fide,
1642 1491 1911 1546 feetivitas
1942 1493 2056 1546 ori-

478 1603 570 1644 tur
602 1590 834 1645 Domini.
869 1589 1155 1656 Quomodo
1187 1596 1348 1656 putas
1387 1586 1624 1639 laetificat
1655 1601 1802 1647 eum,
1839 1603 1959 1640 cum
2009 1587 2056 1643 is

476 1681 568 1752 qui
599 1680 774 1736 fuerat
807 1680 1132 1749 impudicus,
1179 1677 1236 1730 lit
1274 1687 1487 1738 castus,
1526 1685 1581 1731 et
1610 1677 1700 1747 qui
1752 1675 1932 1731 fuerat
1967 1679 2054 1732 in-

470 1772 673 1843 justus,
694 1771 963 1843 juStitiam
991 1771 1140 1834 colit,
1173 1779 1227 1823 et
1249 1769 1338 1838 qui
1375 1767 1550 1824 fuerat
1578 1769 1796 1839 impius,
1825 1769 2056 1826 ellicitur

2161 577 2269 633 Sed
2319 589 2374 634 et
2422 579 2509 634 illa
2557 581 2855 636 humanum
2890 594 3060 649 genus
3093 577 3452 632 Iamentautis
3496 577 3590 630 Dei
3647 590 3740 629 vos

2158 680 2243 725 est
2279 687 2384 740 qua
2418 672 2618 726 dicitur
2652 687 2748 742 per
2778 673 3099 741 prophetam
3134 672 3180 705 ⁷⁸
3209 689 3225 726 :
3264 687 3284 720 ι
3323 668 3436 723 Heu
3473 683 3583 730 me,
3611 683 3740 735 quo-

2160 764 2304 817 niam
2350 763 2530 820 factus
2563 781 2682 820 sum
2719 765 2862 820 sicut
2906 766 2994 834 qui
3042 771 3343 834 congregat
3390 761 3650 832 stipulam
3697 761 3740 812 in

2160 869 2359 920 messe,
2391 864 2444 908 et
2479 856 2623 909 sicut
2657 869 2902 910 racemos
2939 855 2990 908 in
3025 854 3324 916 vindemia,
3355 854 3487 921 quia
3535 867 3641 906 non
3670 866 3742 906 est

2159 949 2329 1016 spica,
2368 962 2547 1018 neque
2600 949 2791 1002 botrus
2841 946 2910 1000 ad
2966 945 3177 1000 edenda
3232 943 3624 1014 primogenita.
3657 941 3736 999 Hei

2159 1040 2290 1093 mihi
2336 1040 2538 1106 anima,
2569 1039 2827 1110 quoniam
2879 1039 3041 1109 periit
3095 1047 3385 1093 revertens
3418 1052 3450 1091 a
3485 1045 3661 1100 terra,
3693 1050 3740 1092 et

2159 1132 2248 1201 qui
2298 1133 2536 1203 corrigat
2577 1132 2631 1186 in
2675 1132 2988 1186 hominibus
3033 1146 3139 1185 non
3173 1141 3279 1186 est.
3307 1149 3327 1183 ι
3362 1129 3584 1184 Domini
3631 1143 3740 1184 nat

2161 1223 2276 1278 istae
2300 1238 2480 1286 voces,
2517 1239 2690 1295 genus
2726 1224 3019 1277 humanum
3051 1222 3306 1294 lugentis.
3335 1221 3458 1289 Ipse
3484 1223 3634 1277 enim
3662 1237 3719 1276 ve

2159 1317 2239 1370 nit
2265 1315 2330 1369 ad
2353 1315 2713 1386 colligendam
2748 1333 3002 1382 messem,
3036 1328 3090 1372 et
3123 1316 3334 1370 invenit
3362 1316 3628 1386 stipulam
3655 1330 3740 1383 pro

2159 1422 2357 1472 messe,
2390 1417 2445 1461 et
2475 1408 2623 1462 venit
2650 1410 2716 1462 ad
2746 1409 3107 1481 colligendam
3141 1407 3506 1472 vindemiam,
3543 1409 3639 1462 sed
3671 1406 3742 1461 inp

2158 1499 2304 1551 Vt'ttit
2337 1513 2582 1554 racemos
2613 1515 2815 1568 paucos
2848 1515 2947 1570 pro
2983 1499 3253 1553 vindemia
3279 1538 3295 1564 ,
3330 1499 3617 1566 apostolos
3641 1500 3739 1554 sci-

2158 1588 2284 1645 licet
2325 1611 2336 1646 :
2381 1605 2516 1660 quos
2558 1609 2576 1642 (
2613 1592 2715 1646 nisi
2751 1592 3009 1647 Dominus
3046 1591 3285 1646 Sabaoth
3314 1593 3632 1662 reliquisset
3659 1608 3742 1648 no-

2159 1682 2242 1738 bis
2273 1698 2459 1739 semen
2491 1685 2571 1748 “,
2612 1694 2706 1739 iet
2733 1701 2961 1755 granum
3003 1685 3263 1740 frumenti
3310 1687 3415 1740 nisi
3456 1686 3740 1740 cecidisset

2159 1773 2212 1828 in
2251 1783 2450 1829 terram
2493 1785 2551 1830 ut
2597 1776 2835 1832 fructum
2892 1777 3186 1847 plurimum
3236 1778 3447 1834 faceret
3485 1819 3502 1842 ,
3558 1795 3579 1829 ι
3615 1781 3739 1832 sicut

476 1871 638 1941 pius?
689 1870 810 1925 Istae
849 1882 1041 1922 oumes
1075 1865 1408 1935 singulorum
1441 1879 1782 1934 quorumque
1817 1881 2052 1920 convcr~
2088 1853 2131 1911 Β
2162 1867 2395 1921 Sodoma
2433 1866 2557 1922 facti
2603 1884 2853 1924 essemus
2891 1881 2945 1925 et
2989 1870 3130 1926 sicut
3182 1870 3499 1926 Gomorrha
3545 1872 3740 1926 similes

476 1964 702 2027 siones,
769 1958 1092 2014 festivitates
1169 1964 1433 2026 generant
1484 1955 1612 2009 Deo.
1667 1954 1778 2011 Nec
1827 1956 2049 2011 dubium

475 2067 655 2110 autem
696 2053 826 2124 quin
867 2061 920 2106 et
971 2050 1236 2106 Dominus
1289 2060 1478 2104 noster
1531 2048 1694 2104 Jesus
1748 2048 2003 2105 Christus
2033 2089 2048 2113 ,

475 2147 568 2217 qui
595 2161 692 2216 pro
723 2145 898 2199 salute
929 2151 1112 2198 nostra
1144 2142 1307 2195 etiam
1355 2142 1674 2212 sanguinem
1704 2158 1861 2197 suum
1890 2143 2049 2207 fudit,

473 2248 599 2307 agat
633 2236 986 2293 festivitatem
1029 2235 1320 2288 maximam
1351 2275 1366 2300 ,
1427 2250 1549 2290 cum
1591 2249 1768 2304 opera:
1817 2237 2048 2304 pretium

474 2330 620 2384 videt
673 2343 796 2383 esse
840 2327 983 2397 quod
1032 2341 1090 2379 se
1135 2325 1478 2392 humiliavit,
1527 2335 1582 2382 et
1629 2327 1861 2382 formam
1905 2327 2050 2382 servi

471 2423 773 2492 suscipiens
826 2419 1001 2475 factus
1048 2427 1130 2474 est
1172 2418 1431 2473 obedieus
1469 2434 1640 2489 usque
1676 2420 1742 2474 ad
1796 2431 2048 2476 mortem.

469 2514 597 2584 Agit
644 2511 778 2566 festa
825 2511 1032 2581 pariter
1070 2521 1124 2567 et
1173 2509 1415 2580 Spiritus
1462 2520 1716 2575 sanctus,
1761 2512 1849 2566 ubi
1897 2512 2048 2580 plura

469 2605 572 2660 sibi
606 2604 751 2657 videt
782 2603 833 2656 iu
871 2602 936 2655 iis
963 2602 1053 2672 qui
1094 2609 1492 2657 convertuntur
1519 2589 1586 2656 a‘d
1619 2601 1808 2666 Deum,
1851 2602 2047 2672 templa

470 2707 794 2768 praeparata.
827 2694 963 2749 Nam
994 2696 1061 2748 de
1089 2696 1293 2766 angelis
1325 2695 1452 2766 quid
1481 2695 1683 2760 dicam,
1717 2696 1782 2750 ad
1816 2711 2045 2764 quorum

471 2789 817 2844 festivitatem
855 2786 1156 2840 luctantium
1184 2828 1201 2852 ,
1235 2787 1493 2842 dicuntur
1543 2788 1809 2842 accedere
1857 2802 2046 2843 onmes

469 2881 561 2950 qui
597 2887 990 2935 convertuntur
1022 2878 1086 2930 ad
1134 2878 1455 2932 Dominum?
1488 2877 1596 2938 Aut
1651 2894 1756 2931 non
1803 2887 1886 2932 est
1942 2877 2046 2933 illis

473 2990 667 3046 magna
705 2971 1009 3035 festivitas,
1047 2985 1168 3024 cum
1227 2970 1484 3026 ltetautur
1519 2990 1536 3022 ‹
1576 2974 1628 3026 in
1681 2971 1820 3026 ctelo
1880 2986 2046 3041 super

470 3084 578 3122 uno
642 3078 932 3138 peccatore
987 3067 1357 3138 paenitentiam
1414 3074 1609 3133 agente
1663 3066 1833 3134 magis
1882 3081 2042 3134 quam

466 3175 632 3230 super
679 3161 973 3229 nonaginta
1027 3173 1220 3214 novem
1259 3159 1423 3225 justis
1480 3158 1570 3226 qui
1626 3172 1732 3210 non
1799 3157 2046 3228 indigent

468 3225 787 3324 pdmitentia
815 3225 906 3306 'i‘?
942 3272 960 3304 ι
991 3252 1171 3322 Agunt
1203 3264 1336 3320 ergo
1385 3225 1550 3304 etiam
1582 3247 1760 3316 angeli
1790 3225 1938 3303 diem
1969 3245 2049 3302 fe-
2075 3225 2118 3283 Ο

465 3353 636 3409 stum,
675 3343 922 3399 laetantes
957 3357 1120 3413 super
1155 3342 1220 3397 iis
1280 3342 1372 3410 qui
1409 3339 1738 3411 refugientes
1776 3341 2046 3395 consortia

467 3438 797 3503 dmmonum,
840 3452 937 3507 per
970 3435 1231 3491 exercitia
1277 3435 1543 3490 virtutum
1579 3434 1844 3502 angelicis
1875 3448 1933 3488 se
1966 3434 2048 3490 fe-

461 3528 671 3588 stinant
699 3531 915 3582 sociare
948 3525 1264 3582 consortiis.
1289 3524 1486 3578 Mirum
1520 3521 1755 3578 fortasse
1780 3523 1874 3588 sit,
1904 3523 2047 3593 quod

458 3622 650 3678 dicere
687 3621 812 3677 volo
848 3639 860 3674 :
901 3635 1122 3684 causas,
1155 3627 1217 3674 ut
1242 3617 1477 3682 videtur,
1511 3614 1825 3671 festivitatis
1858 3627 1913 3671 et
1953 3615 2046 3669 la:-

465 3714 596 3770 titiae
644 3729 750 3770 nos
807 3713 916 3768 Deo
951 3722 1005 3768 et
1037 3712 1248 3778 angelis
1298 3710 1491 3765 damus
1521 3724 1534 3762 :
1567 3722 1668 3762 nos
1700 3707 2046 3764 occasionem

461 3807 664 3863 laetitia
704 3815 758 3861 et
804 3804 1184 3860 exsultationis
1218 3803 1270 3856 in
1305 3799 1466 3856 terris
1518 3799 1682 3870 positi
1729 3798 1868 3854 caalo
1904 3813 2046 3869 pra:-

461 3902 675 3964 bemus,
701 3898 829 3954 dum
862 3911 1026 3965 super
1053 3903 1228 3950 terras
1259 3892 1624 3959 ambulantes,
1663 3891 2044 3948 conversatio-

461 4007 585 4049 nem
617 3992 880 4046 habemus
915 3990 968 4042 in
1000 3987 1180 4053 caelis,
1215 3995 1269 4041 et
1296 4001 1393 4055 per
1428 3986 1532 4040 hoc
1562 3985 1678 4040 sine
1706 3984 1870 4039 dubio
1900 3985 2040 4040 diem

461 4086 663 4142 festum
701 4081 1015 4138 cmlestibus
1055 4079 1347 4134 virtutibus
1373 4093 1718 4150 generamus.
1767 4079 1873 4134 Sed
1901 4079 2042 4134 sicut

461 4178 593 4235 boni
642 4185 801 4230 actus
834 4172 1009 4229 nostri
1064 4181 1120 4226 et
1152 4171 1417 4225 virtutum
1451 4169 1760 4240 profectus,
1797 4171 2038 4226 laetitiam

460 4269 926 4336 festivitatcmque
959 4265 1067 4320 Deo
1097 4273 1151 4320 et
1177 4263 1387 4334 angelis
1419 4265 1670 4333 gignunt,
1728 4263 1803 4318 ita
1847 4279 2041 4320 vereor

461 4379 528 4420 ne
557 4363 698 4418 mala
725 4359 1070 4417 conversatio
1096 4369 1277 4412 nostra
1314 4373 1419 4410 non
1450 4357 1623 4411 solum
1655 4357 1836 4422 terris,
1861 4357 1957 4412 sed
1985 4367 2040 4413 et

457 4457 596 4514 coelo
631 4454 1050 4510 lamentationes
1097 4451 1322 4505 inducat
1357 4459 1412 4504 et
1454 4449 1630 4504 luctus
1652 4489 1667 4512 ,
1705 4459 1759 4504 et
1793 4449 2039 4506 fortassis

455 4549 620 4605 etiam
654 4545 754 4617 ipsi
801 4546 910 4599 Deo
951 4544 1163 4597 luctum
1209 4541 1478 4596 incutiant
1518 4542 1754 4595 humana
1791 4551 2031 4611 peccata.

455 4639 564 4695 Aut
597 4654 700 4693 non
735 4634 974 4705 lugentis
1001 4641 1084 4688 est
1117 4631 1203 4685 illa
1247 4647 1351 4685 vox
1383 4647 1504 4685 cum
1530 4631 1727 4686 dicitur
1751 4631 1795 4663 ⁷⁷
1821 4649 1834 4686 :
1865 4649 1885 4683 ι
1913 4631 2036 4686 Pce-

455 4731 594 4786 nitet
625 4743 732 4794 me,
759 4729 884 4798 quia
916 4726 1021 4782 feci
1052 4724 1326 4782 hominem
1357 4723 1802 4794 superterram?»
1843 4721 1949 4777 Sed
1980 4733 2036 4778 et

455 4823 546 4881 illa
582 4823 791 4877 Domini
827 4831 881 4876 et
909 4819 1210 4875 Salvatoris
1245 4817 1420 4872 nostri
1469 4815 1522 4869 in
1572 4815 1883 4884 Evangelio,
1940 4818 2028 4872 ubi

452 4917 588 4973 dicit
615 4915 661 4948 ⁷⁸
696 4929 710 4969 :
751 4932 769 4965 ι
803 4913 1126 4979 Jerusalem,
1151 4909 1476 4975 Jerusalem,
1504 4923 1626 4980 quae
1659 4908 1870 4978 lapidas
1907 4924 2032 4980 pro-

452 5011 667 5080 phetas,
701 5017 756 5062 et
791 5007 997 5060 occidis
1037 5018 1133 5059 eos
1179 5003 1376 5059 missos
1406 5003 1470 5058 ad
1504 5013 1590 5070 te,
1635 5002 1852 5072 quoties
1885 5001 2028 5057 volui

449 5115 787 5173 congregare
823 5099 964 5154 filios
987 5110 1127 5164 tuos,
1156 5096 1614 5167 quemadmodum
1661 5094 1857 5164 gallina
1898 5109 2032 5150 con-

454 5200 645 5265 gregat
677 5190 852 5261 pullos
884 5203 1012 5245 suos
1068 5187 1167 5243 sub
1221 5187 1323 5243 alis
1362 5187 1496 5251 suis,
1539 5195 1596 5242 et
1628 5184 1890 5241 noluisti?
1916 5203 1934 5237 ι
1960 5183 2033 5241 Ει

449 5302 520 5344 ne
549 5297 707 5358 putes
745 5283 870 5355 quia
914 5283 981 5339 de
1011 5279 1259 5352 antiquis
1304 5280 1680 5334 tantummodo
1715 5277 1916 5332 dictum
1942 5286 2028 5332 est
2072 5327 2076 5332 .

447 5379 591 5450 quod
621 5374 983 5447 lapidaverint
1024 5373 1320 5445 praphotas
1350 5389 1364 5426 :
1393 5379 1454 5425 et
1478 5384 1581 5441 ego
1614 5369 1777 5425 hodie
1815 5369 1861 5424 si
1902 5382 2028 5439 pro-

447 5471 624 5543 pheta:
655 5468 817 5524 verba
863 5482 971 5522 non
1008 5466 1253 5531 audiam,
1282 5465 1326 5520 si
1364 5463 1568 5519 monita
1599 5462 1720 5532 ejus
1744 5474 2020 5532 spernam,

446 5559 626 5631 lapido
678 5559 1020 5629 prophetam,
1057 5566 1115 5613 et
1148 5564 1413 5628 quantum
1451 5555 1502 5610 in
1537 5569 1624 5609 me
1658 5562 1772 5619 est,
1808 5553 2018 5620 occido,

519 5675 566 5710 "
605 5677 740 5732 Luc.
780 5691 879 5743 xv,‘
903 5677 957 5732 7.
1033 5677 1078 5709 "’
1104 5675 1242 5732 Gen.
1270 5691 1342 5740 vt,
1371 5675 1425 5732 6.

448 5745 496 5781 ι’
529 5747 636 5800 lsa.
676 5764 712 5806 ι.
747 5748 829 5802 id.

1519 5674 1568 5706 ⁷⁸
1601 5673 1790 5729 Matth.
1817 5688 1975 5738 nm,
2008 5673 2097 5728 57.

2160 1957 2475 2013 fuissemus.
2509 1979 2528 2012 ι
2571 1960 2788 2030 Angelis
2822 1976 3040 2030 quoque
3080 1961 3194 2026 Dei,
3237 1963 3384 2017 sicut
3417 1978 3586 2031 supra
3614 1963 3738 2016 dixi-

2160 2065 2300 2115 mus,
2332 2050 2390 2104 fit
2424 2052 2678 2122 gaudium
2728 2053 2779 2108 in
2819 2055 2957 2110 caelo
2985 2071 3152 2124 super
3177 2071 3285 2110 uno
3313 2065 3610 2125 peccatore
3637 2070 3738 2122 pc—

2159 2141 2446 2196 nitentiam
2483 2154 2695 2216 agente.
2731 2145 2954 2200 Certum
2989 2157 3072 2202 est
3119 2147 3265 2217 quod
3315 2147 3406 2202 ubi
3453 2161 3555 2214 pro
3593 2147 3737 2200 bonis

2159 2233 2351 2302 gaudia
2404 2245 2664 2306 aguntur,
2703 2236 2774 2291 ibi
2811 2253 2911 2306 pro
2947 2240 3244 2294 contrariis
3282 2221 3625 2293 lamentetur
3657 2241 3734 2292 :si

2158 2337 2288 2394 ergo
2322 2327 2560 2397 gaudent
2599 2343 2697 2398 pro
2728 2343 3014 2396 converso,
3047 2345 3274 2385 necesse
3305 2341 3391 2385 est
3431 2340 3495 2384 ut
3528 2331 3737 2400 lugeam

2157 2431 2257 2486 pro
2305 2430 2589 2489 peccante.
2616 2421 2911 2492 Propterea
2959 2437 3090 2491 ergo
3128 2423 3272 2492 quod
3327 2421 3502 2494 358
3543 2423 3738 2494 grande

2163 2527 2182 2561 ι
2219 2521 2500 2580 peccatum
2550 2515 2798 2582 peccavit
2841 2514 3166 2576 Jerusalem,
3197 2533 3216 2566 ι
3250 2517 3560 2568 secundum
3602 2518 3734 2585 quod

2156 2603 2418 2671 scriptum
2439 2612 2522 2658 est
2546 2604 2599 2658 in
2623 2602 3052 2667 Lamentatione,
3070 2624 3090 2658 ί
3118 2608 3168 2661 in
3195 2607 3572 2663 commotione
3604 2610 3731 2663 facta

2155 2696 2301 2750 est‘n
2323 2736 2338 2763 ,
2379 2714 2394 2747 ι
2429 2705 2482 2750 et
2505 2697 2783 2766 perierunt
2809 2715 3000 2754 omnes
3043 2698 3371 2754 festivitates
3394 2701 3518 2769 ejus
3544 2712 3599 2755 et
3631 2701 3735 2756 dies

2155 2787 2429 2843 solemnes
2459 2788 2576 2858 ejus
2609 2831 2623 2856 ,
2674 2791 2932 2858 quoniam
2990 2806 3170 2846 meum
3217 2791 3407 2847 Jesum
3468 2792 3733 2847 Christum

2152 2880 2492 2936 occiderunt.
2531 2880 2596 2936 Et
2630 2892 2917 2952 propterea
2951 2882 3081 2939 dicit
3111 2878 3176 2937 a'd
3211 2899 3307 2940 eos
3333 2885 3379 2916 "
3421 2908 3433 2941 :
3469 2904 3488 2936 ι
3513 2885 3733 2940 Νεοκεω

2156 2973 2273 3028 nias
2308 2984 2518 3029 vestras
2549 2984 2605 3030 et
2637 2975 2875 3030 Sabbata
2910 2984 2965 3031 et
3003 2978 3120 3032 dies
3164 2978 3338 3034 festos
3377 2989 3598 3032 vestros
3628 2980 3734 3033 odit

2152 3065 2331 3119 anima
2359 3080 2499 3119 mea.
2535 3085 2552 3117 ι
2597 3065 2694 3120 llic
2736 3065 2981 3136 quidem,
3016 3068 3104 3123 ubi
3135 3071 3200 3123 de
3230 3072 3556 3125 muneribus
3592 3087 3729 3124 man-

2155 3156 2336 3222 datur,
2391 3157 2479 3211 ubi
2519 3158 2697 3213 adhuc
2744 3158 2890 3212 nulla
2927 3169 3146 3228 peccata
3201 3170 3362 3225 sunt,
3408 3163 3528 3218 dies
3571 3162 3728 3217 festos

2153 3263 2302 3304 meos
2326 3249 2494 3315 dicit;
2527 3251 2616 3305 ubi
2646 3260 2827 3307 autem
2851 3262 3130 3320 peccatum
3163 3265 3272 3318 est,
3303 3270 3415 3309 non
3446 3271 3620 3319 meos,
3645 3257 3728 3309 sed

2152 3349 2364 3396 vestros
2401 3341 2515 3396 dies
2551 3340 2718 3405 festos
2743 3342 2876 3396 dicit
2908 3342 3190 3399 Dominus.
3229 3343 3358 3400 Haec
3392 3356 3578 3400 autem
3617 3362 3726 3400 on-

2151 3431 2236 3485 nia
2275 3431 2327 3485 in
2375 3431 2572 3501 quibus
2621 3431 2703 3486 vel
2746 3432 2953 3502 lugere,
2992 3433 3079 3488 vel
3109 3435 3381 3504 gaudere,
3412 3437 3500 3491 vel
3531 3438 3723 3502 odisse,

2149 3525 2231 3578 vel
2272 3523 2442 3578 lmtari
2483 3524 2686 3579 dicitur
2721 3525 2894 3590 Deus,
2942 3525 3153 3595 tropico
3206 3537 3262 3581 et
3297 3527 3539 3584 humano
3586 3545 3725 3584 inore

2150 3615 2464 3686 accipienda
2503 3625 2628 3671 sunt
2661 3616 2730 3670 ab
2756 3616 3036 3684 Scriptura
3072 3619 3203 3673 dici.
3240 3618 3438 3674 Aliena
3469 3637 3631 3692 porro
3652 3635 3723 3678 est

2148 3707 2329 3763 divina
2365 3717 2555 3762 natura
2593 3709 2663 3762 ab
2691 3709 2839 3764 omni
2887 3710 3160 3779 passionis
3209 3721 3267 3766 et
3311 3717 3724 3782 permutationis

2145 3797 2364 3863 affectu,
2407 3799 2458 3854 in
2494 3799 2584 3854 illo
2623 3813 2842 3868 semper
2867 3799 3220 3855 beatitudinis
3249 3801 3406 3870 apice
3439 3801 3723 3857 immobil's

2145 3900 2198 3946 et
2236 3892 2556 3946 inconcussa
2594 3892 2918 3961 perdurans.

2215 3983 2270 4038 5.
2305 3982 2442 4050 Quia
2471 3997 2604 4055 ergo
2637 3983 2900 4039 festorum
2949 3983 3097 4053 leges
3142 3984 3408 4042 habemus
3447 3988 3503 4042 in
3551 3989 3719 4041 mani-

2143 4075 2262 4138 bus,
2297 4084 2350 4130 et
2401 4076 2526 4131 inde
2572 4091 2716 4130 nunc
2763 4091 2946 4133 sermo
2977 4087 3083 4144 est,
3118 4079 3465 4148 requiramus
3504 4081 3719 4150 diligen-

2147 4172 2257 4222 tius
2286 4168 2380 4237 qui
2418 4168 2490 4222 sit
2518 4168 2652 4223 ordo
2684 4167 3064 4235 festivitatum,
3095 4179 3155 4224 ut
3181 4184 3248 4225 ex
3276 4170 3411 4240 ipsis
3442 4172 3718 4226 ordinibus

2141 4269 2195 4313 et
2248 4259 2640 4314 sacrificiorum
2693 4260 2800 4314 ritu
2865 4261 3120 4332 colligere
3165 4263 3443 4333 pos$imus
3496 4265 3720 4333 qualiter

2141 4355 2515 4424 unusquisque
2560 4371 2622 4410 ex
2680 4357 2794 4411 suis
2844 4357 3057 4410 actibus
3105 4365 3162 4412 et
3213 4361 3718 4414 conversationibus

2141 4449 2350 4505 sanctis
2388 4448 2496 4503 Deo
2537 4446 2892 4504 festivitatem
2931 4450 3101 4518 possit
3134 4465 3355 4520 parare.
3385 4449 3568 4506 Prima
3596 4468 3718 4522 ergo

2141 4549 2223 4596 est
2263 4540 2533 4596 festivitas
2577 4540 2706 4607 Dei,
2738 4556 2861 4611 qua:
2900 4541 3208 4611 appellatur
3245 4543 3566 4599 indesinens
3591 4585 3608 4607 ,
3658 4549 3718 4598 de

2140 4635 2209 4689 iis
2252 4633 2397 4689 enim
2438 4635 2756 4701 mandatur,
2808 4651 2929 4703 qua:
2981 4636 3359 4692 indesinenter
3389 4650 3443 4694 et
3468 4639 3590 4696 sine
3619 4641 3716 4695 ulla

2139 4743 2365 4798 prorsus
2400 4727 2800 4798 interruptione
2836 4729 3121 4782 matutinis
3159 4740 3214 4783 et
3260 4732 3598 4801 vespertinis
3639 4750 3718 4788 sa-

2139 4819 2366 4875 criﬁciis
2393 4819 2712 4874 offerantur.
2742 4819 3002 4875 Mandans
3032 4821 3195 4892 igitur
3235 4821 3601 4878 festivitatum
3649 4828 3718 4878 ri-

2137 4921 2249 4978 tus,
2281 4929 2388 4968 non
2423 4913 2600 4982 primo
2625 4914 2810 4968 statim
2833 4914 2980 4969 venit
3003 4918 3070 4968 ad
3094 4915 3445 4972 festivitatem
3475 4918 3716 4984 Paseba,

2135 5018 2314 5074 neque
2345 5005 2412 5059 ad
2441 5005 2803 5074 Azymorum,
2837 5020 3013 5076 neque
3047 5007 3114 5060 ad
3148 5005 3526 5079 Scenopegize,
3557 5012 3717 5066 alias-

2134 5113 2241 5168 que
2271 5099 2337 5152 de
2358 5098 2552 5169 quibus
2587 5099 2928 5169 praecipitur,
2960 5100 3055 5154 sed
3080 5100 3225 5156 hanc
3251 5102 3487 5171 primam
3517 5106 3710 5177 posuit.

2133 5191 2188 5246 in
2231 5205 2336 5260 qua
2383 5191 2710 5246 sacrificium
2747 5190 3064 5245 indesinens
3091 5194 3313 5248 mandat
3341 5192 3527 5250 oﬂ’erri
3557 5211 3575 5250 :
3609 5212 3713 5267 quo

2130 5282 2342 5337 scilicet
2367 5290 2630 5351 agnoscat
2668 5280 2757 5336 ille
2783 5283 2873 5352 qui
2903 5281 3018 5336 vult
3044 5297 3167 5338 esse
3204 5283 3489 5352 perfectus
3507 5296 3560 5342 et
3590 5302 3710 5342 san-

2131 5384 2274 5441 ctus,
2319 5373 2445 5443 quia
2492 5389 2600 5430 non
2645 5373 2940 5444 aliquando
2971 5374 3188 5444 quidem
3214 5377 3425 5446 agenda
3452 5388 3535 5433 est
3561 5378 3702 5438 Dea.

2131 5466 2420 5538 aliquando
2458 5480 2592 5522 vero
2623 5481 2730 5522 non
2770 5466 2981 5529 agenda
3018 5465 3326 5533 festivitas,
3357 5470 3454 5526 sed
3493 5484 3706 5541 semper

2131 5566 2186 5612 et
2239 5555 2613 5613 indesinenter
2641 5555 2823 5626 justus
2867 5571 3034 5629 agere
3077 5556 3239 5614 debet
3284 5559 3426 5615 diem
3484 5559 3700 5616 festum

2177 5675 2222 5707 ⁷⁸
2247 5675 2411 5731 Mieh.
2442 5690 2538 5741 vn,
2590 5674 2642 5740 Ι,
2687 5673 2742 5728 2.
2819 5674 2868 5708 '°
2911 5673 3016 5734 lsa.
3073 5690 3110 5741 I,
3139 5675 3194 5732 9.
3273 5677 3318 5710 ⁸¹
3351 5677 3546 5735 Tbm.
3575 5672 3695 5738 1.8.

521 5839 630 5912 (l8)
659 5840 809 5909 “35.,
844 5864 860 5896 ι
890 5857 1046 5912 quam
1072 5843 1114 5897 si
1142 5851 1309 5913 putet.
1334 5862 1350 5894 ι
1392 5841 1545 5896 Libb.
1593 5840 1746 5906 editi,
1785 5857 1803 5890 ι
1829 5839 1931 5892 nisi
1967 5841 2008 5892 si
2034 5843 2204 5908 putet.
2242 5861 2260 5892 ι
