3874 6516
93 390 182 447 749

1222 393 1291 448 IN
1325 392 1660 450 NUMEROS
1693 390 1979 448 HOMILIA
2005 391 2195 448 XXIII.

3219 392 3333 451 τευ

92 508 413 568 Sacriﬁcium
451 525 703 581 namque,
736 514 882 583 quod
932 513 1305 570 indesinenter
1336 526 1389 572 et
1444 516 1495 571 in
1528 531 1647 570 ma-
1676 522 1721 578 Α
1752 514 1977 578 habeas,
2015 528 2119 568 non
2155 512 2416 581 respicias
2449 513 2513 568 ad
2544 515 2834 584 praesentia
2865 521 2920 568 et
2947 511 3204 577 visibilia,
3236 513 3330 567 sed

91 602 263 659 tutinis
291 612 345 657 et
375 603 431 657 in
462 605 788 674 vespertinis
834 611 1126 661 mandatur
1168 608 1372 674 offerri,
1422 610 1525 664 hoc
1562 611 1645 663 in-

89 698 311 761 dicatur,
352 698 489 751 utin
527 698 644 768 lege
698 716 761 756 ac
803 702 1108 771 prophetis.
1147 718 1268 772 qua:
1320 704 1646 758 matutinum

88 804 282 860 tempus
321 793 645 858 ostendunt,
671 794 803 847 etin
837 795 1148 865 evangeliea
1184 797 1458 860 doctrina,
1491 796 1542 849 id
1567 806 1648 851 est

84 885 218 938 enim
266 886 653 952 vespertinum,
700 901 821 954 qua:
890 902 1114 957 vespera
1165 889 1354 942 mundi
1406 888 1651 942 Salvato-

85 978 154 1030 ris
187 976 421 1029 ostendit
459 976 778 1042 adventum,
816 976 1143 1032 indesinenti
1188 978 1485 1031 intentione
1527 992 1649 1046 per-

81 1069 252 1124 sistat.
310 1066 417 1121 llas
459 1083 589 1136 ergo
630 1068 954 1124 festivitates
999 1070 1260 1125 Dominus
1312 1072 1492 1125 dicit:
1528 1090 1545 1122 ι
1587 1071 1649 1125 Et

80 1158 432 1213 observabitis
457 1159 574 1213 dies
606 1158 776 1213 festos
804 1175 973 1215 meos.
1007 1179 1025 1212 ι
1058 1161 1182 1215 Dies
1209 1177 1338 1232 ergo
1372 1162 1542 1218 festus
1566 1172 1650 1217 est

82 1250 309 1315 Domini,
343 1250 387 1304 si
426 1261 481 1306 et
512 1252 838 1315 sacrificium
895 1254 1209 1308 indesinens
1252 1254 1569 1319 offeramus,
1602 1255 1648 1309 si

78 1345 194 1399 sine
244 1345 650 1401 intermissione
700 1362 918 1401 oremus
946 1388 961 1409 ,
994 1348 1066 1401 ita
1098 1357 1155 1403 ut
1184 1350 1446 1403 ascendat
1472 1349 1650 1403 oratio

76 1448 258 1491 nostra
304 1438 447 1491 sicut
480 1437 758 1493 incensum
802 1440 855 1493 in
902 1450 1196 1508 conspectu
1228 1442 1342 1508 ejus
1379 1456 1557 1506 mane,
1598 1452 1650 1497 ct

76 1530 304 1582 elevatio
359 1546 616 1583 manuunt
683 1544 989 1587 nostrarum
1049 1534 1143 1588 fiat
1203 1536 1251 1588 ei
1316 1534 1649 1589 sacrificium

76 1620 444 1686 vespertinum
471 1621 561 1673 3“.
596 1621 687 1675 Est
720 1621 884 1693 igitur
917 1626 1086 1693 prima
1124 1624 1440 1679 solemnitas
1474 1624 1652 1678 sacri-

74 1713 179 1766 ficii
235 1713 593 1769 indesinentis
621 1757 637 1782 ,
690 1732 810 1784 qua:
850 1732 878 1769 a
926 1717 1227 1772 cultoribus
1271 1717 1545 1789 Evangelii
1585 1733 1652 1773 eo

74 1805 234 1861 modo
280 1823 388 1876 quo
420 1823 580 1876 snpra
616 1809 968 1877 exposuimus
995 1852 1009 1875 ,
1061 1811 1222 1865 debet
1274 1813 1499 1879 eXpIeri.
1542 1813 1647 1866 Sed

69 1901 352 1970 quoniam,
397 1902 536 1954 sicut
570 1902 921 1970 propheticus
968 1919 1147 1958 sermo
1189 1906 1493 1973 perdocuit,
1530 1907 1647 1960 dics
1683 1884 1726 1942 Β

69 1993 199 2049 festi
245 2006 595 2064 peccatorum
638 2007 1039 2051 convertuntur
1091 1998 1143 2051 in
1182 1998 1408 2064 luctum,
1443 2007 1496 2053 et
1527 2014 1651 2053 can-

69 2089 175 2141 tica
205 2103 394 2141 eorum
443 2088 495 2140 in
537 2086 841 2156 planctum,
886 2100 1093 2144 certum
1132 2099 1213 2145 est
1241 2092 1365 2160 quia
1397 2093 1489 2160 qui
1533 2108 1650 2161 pec-

65 2190 159 2233 cat
223 2191 279 2234 et
330 2182 442 2249 agit
495 2180 635 2233 diem
687 2182 929 2250 peccati,
965 2197 1126 2252 agere
1157 2198 1262 2237 non
1298 2193 1476 2253 potest
1508 2184 1649 2239 diem

66 2272 274 2327 festum
305 2293 317 2327 :
346 2284 399 2327 et
426 2274 546 2326 ideo
575 2274 679 2327 illis
711 2274 905 2328 diebus
939 2274 1135 2343 quibus
1181 2284 1406 2343 peccat,
1454 2274 1651 2330 offerre

64 2381 172 2418 non
208 2373 388 2434 potest
417 2365 730 2419 indesinens
764 2366 1093 2420 sacrificium
1130 2365 1257 2421 Deo.
1296 2366 1402 2422 Sed
1447 2368 1533 2423 ille
1576 2369 1654 2423 of-

63 2458 216 2512 ferre
248 2467 453 2526 potest,
487 2457 576 2526 qui
604 2457 977 2513 indesinenter
1010 2458 1251 2514 custodit
1279 2457 1569 2528 justitiam,
1600 2467 1653 2514 ct

63 2561 369 2605 conservat
416 2550 769 2618 semetipsum
808 2566 838 2604 a
886 2561 1128 2621 peccato.
1177 2551 1289 2618 Qua
1338 2553 1426 2607 die
1471 2562 1652 2607 autem

64 2641 433 2709 interruperit
469 2650 525 2695 et
559 2642 888 2709 peccaverit,
924 2652 1133 2697 certum
1169 2653 1253 2699 est
1296 2646 1437 2713 quod
1470 2644 1521 2698 in
1562 2644 1651 2698 illa

63 2734 153 2788 die
210 2748 322 2788 non
366 2733 523 2788 offert
572 2734 901 2790 sacrilicium
936 2735 1250 2791 indesinens
1282 2737 1410 2790 Deo.
1450 2737 1654 2792 Vereor

63 2828 284 2897 aliquid
314 2829 494 2883 dicere
538 2830 681 2899 quod
728 2844 792 2884 ex
842 2831 1188 2886 sermonibus
1230 2831 1540 2901 apostolicis
1574 2833 1651 2885 in-

63 2923 243 2993 telligi
305 2924 469 2979 datur
493 2965 508 2989 ,
545 2937 612 2977 ne
660 2922 797 2979 forte
826 2923 1011 2977 videar
1044 2922 1255 2994 aliquos
1295 2925 1650 2980 contristare.

63 3016 201 3070 Nam
238 3018 284 3071 si
313 3018 492 3073 oratio
516 3015 645 3085 justi
672 3017 815 3072 sicut
849 3018 1128 3073 incensum
1158 3016 1389 3072 offertur
1429 3018 1480 3071 in
1524 3033 1653 3072 eon-

63 3123 265 3181 spectu
293 3111 528 3176 Domini,
554 3119 607 3165 et
628 3110 860 3167 elevatio
889 3126 1144 3163 manuum
1173 3109 1290 3178 ejus
1321 3109 1655 3165 sacrificium

63 3215 142 3261 est
186 3206 599 3275 vespertinum,
642 3204 778 3259 dicit
813 3214 993 3258 autem
1022 3204 1322 3273 Apostolus
1360 3205 1423 3259 iis
1466 3205 1556 3274 qui
1602 3206 1654 3258 in

64 3298 350 3370 :onjugiis
384 3309 513 3353 sunt
539 3298 585 3329 ⁸³
617 3316 630 3351 :
669 3316 689 3348 ‹
722 3296 899 3351 Nolite
950 3295 1207 3350 fraudare
1247 3297 1514 3363 invicem,
1555 3298 1658 3352 nisi

63 3395 211 3451 ’orte
250 3410 319 3448 ex
357 3409 624 3448 consensu
670 3394 736 3447 ad
773 3401 1016 3462 tempus,
1065 3401 1126 3445 ut
1157 3393 1357 3446 vacetis
1398 3393 1656 3457 orationi,

63 3498 105 3542 et
150 3488 367 3540 iterum
412 3487 462 3538 in
499 3485 726 3555 idipsmn
762 3485 912 3549 sitis;
949 3502 966 3535 ι
1005 3495 1214 3537 certum
1255 3494 1339 3538 est
1379 3484 1503 3553 quia
1559 3484 1661 3537 im-

63 3579 295 3633 wditur
342 3577 671 3633 sacrificium
707 3577 1022 3631 indesinens
1056 3576 1120 3630 iis
1155 3576 1244 3644 qui
1280 3575 1659 3645 conjtigalihus

64 3672 503 3727 necessitatibus
551 3671 822 3725 serviunt.
876 3669 1026 3725 Unde
1070 3670 1285 3723 videtur
1345 3670 1476 3722 mihi
1513 3670 1659 3737 quod

64 3767 215 3821 ilius
267 3776 352 3820 est
402 3766 572 3819 solius
608 3764 809 3819 offerre
839 3764 1169 3818 sacrificium
1204 3763 1539 3827 indesinens,
1569 3764 1660 3833 qui

64 3861 410 3914 ndesinenti
462 3868 516 3912 et
555 3867 826 3927 perpetuae
858 3870 915 3909 se
942 3855 1220 3909 devoverit
1249 3853 1509 3908 castitati.
1554 3853 1660 3907 Sed

72 3961 191 4005 nnt
224 3961 286 4005 et
312 3951 405 4003 alii
439 3950 556 4005 dies
584 3948 700 4004 festi
735 3949 819 4013 iis,
849 3948 938 4017 qui
973 3947 1115 4000 forte
1163 3961 1267 3999 non
1311 3954 1536 4013 possunt
1580 3944 1663 3997 iu-

64 4046 397 4100 lesineuter
438 4043 720 4098 innnolare
762 4041 1030 4096 sacrificia
1067 4041 1359 4094 castitatis.

116 4138 187 4193 4.
239 4138 495 4191 Secunda
549 4151 681 4205 ergo
727 4133 997 4190 festivitas
1028 4143 1153 4201 post
1189 4131 1546 4187 indesinentis
1576 4145 1663 4183 sa-

74 4231 275 4287 rilicii
324 4230 678 4283 festivitatem
736 4226 958 4296 ponitur
1014 4224 1277 4289 Sabbati,
1334 4233 1389 4278 et
1446 4232 1663 4292 oportet

64 4332 397 4379 auctorum
429 4335 699 4391 quemque
727 4328 781 4373 et
806 4318 1017 4387 justum
1059 4333 1220 4388 agere
1244 4317 1407 4371 etiam
1435 4315 1659 4371 Sabbati

64 4417 455 4473 estivitatem.
492 4413 624 4479 Qua:
658 4420 743 4465 est
773 4419 957 4464 autem
1000 4408 1269 4463 festivitas
1302 4407 1524 4461 Sabbati
1559 4406 1661 4459 nisi

74 4514 168 4569 la.
218 4510 293 4563 de
328 4523 433 4577 qua
481 4503 775 4573 Apostolus
821 4501 956 4555 dicit
985 4499 1063 4565 3",
1104 4499 1499 4568 «Relinquetur
1534 4511 1662 4567 ergo

1753 608 1818 660 ad
1852 605 2145 662 invisibilia
2175 615 2229 660 et
2257 605 2459 671 futura,
2495 606 2612 662 hcce
2647 616 2730 661 est
2756 607 3068 661 observatio
3104 604 3327 659 Sabbati

1750 698 2070 753 Christiani.
2118 698 2224 754 Sed
2268 700 2383 753 lucc
2422 709 2475 753 et
2513 699 2684 754 Judmi
2721 701 3014 755 observare
3045 698 3328 754 deberent.

1754 793 1997 861 Denique
2027 793 2189 847 etiam
2232 793 2374 862 apud
2407 794 2556 861 ipsos
2587 794 2630 849 si
2666 793 2839 859 faber,
2879 794 2925 849 si
2961 804 3201 848 structor
3226 831 3241 857 ,
3275 800 3331 845 et

1750 884 1795 938 si
1842 884 1966 951 quis
2014 884 2325 953 hnjustnodi
2366 884 2620 954 Opificutn
2674 886 2860 949 fuerit,
2905 885 3108 939 otiatur
3156 884 3208 938 in
3247 884 3335 939 die

1751 975 1994 1029 Sabbati.
2030 976 2224 1029 Lector
2254 986 2434 1030 autem
2479 977 2610 1045 legis
2643 978 2861 1040 divinzc,
2892 977 2977 1031 VcI
3008 977 3195 1032 doctor
3226 992 3330 1031 non

1752 1071 1953 1125 desinit
1981 1071 2048 1125 ab
2072 1086 2238 1139 opere
2270 1086 2395 1133 suo,
2423 1081 2477 1126 et
2515 1084 2692 1126 tamen
2729 1071 3023 1127 Sabbatum
3059 1086 3165 1125 non
3200 1085 3335 1125 con-

1754 1164 1984 1218 taminat
2019 1181 2032 1216 :
2071 1165 2148 1218 sic
2172 1164 2314 1217 enim
2341 1174 2394 1218 et
2422 1165 2679 1217 Dominus
2714 1179 2863 1219 mens
2885 1163 3015 1217 dicit
3044 1162 3108 1216 ad
3126 1178 3223 1217 eos
3249 1162 3331 1215 “2

1757 1276 1775 1308 ι
1805 1260 1912 1312 Aut
1950 1273 2055 1311 non
2098 1257 2307 1327 legistis
2334 1298 2349 1321 ,
2382 1257 2508 1327 quia
2564 1266 2617 1309 et
2670 1255 2981 1310 sacerdotes
3030 1254 3083 1309 in
3134 1253 3334 1323 templo

1753 1351 2053 1405 Sabbatum
2084 1350 2312 1413 violant,
2338 1360 2391 1403 et
2425 1352 2543 1404 sine
2571 1348 2799 1402 crimine
2833 1358 2959 1399 sunt
2982 1346 3140 1417 (.19)?
3176 1366 3193 1399 ι
3231 1346 3334 1413 Qui

1753 1462 1881 1518 ergo
1902 1455 2082 1501 cessat
2115 1446 2181 1500 ab
2211 1445 2468 1515 operibus
2495 1443 2678 1497 szcculi
2717 1451 2771 1497 ct
2797 1441 3132 1511 spiritalibus
3155 1449 3337 1503 vacat,

1744 1526 1859 1594 iste
1892 1547 1973 1593 est
2015 1539 2103 1608 qui
2136 1536 2463 1592 sacrificium
2498 1535 2718 1590 Sabbati
2764 1543 2814 1589 et
2842 1534 2985 1588 diem
3010 1532 3205 1588 festum
3227 1533 3339 1602 agit

1755 1634 2142 1689 Sabbatormn.
2168 1629 2349 1698 Neque
2374 1642 2541 1683 onera
2568 1636 2747 1697 portat
2778 1627 2829 1680 in
2866 1627 2972 1681 via.
3012 1624 3165 1680 Onus
3189 1624 3334 1678 enim

1753 1736 1836 1782 cst
1887 1740 2047 1780 omne
2091 1731 2400 1793 peccatum,
2452 1719 2908 1791 quemadmodum
2945 1719 3077 1773 dicit
3117 1728 3171 1772 et
3208 1717 3338 1772 Pro-

1754 1826 1912 1893 pheta
1930 1823 2004 1874 ":
2032 1841 2050 1873 ι
2075 1821 2229 1876 Sicut
2250 1834 2387 1873 onus
2415 1830 2579 1888 grave
2597 1825 2832 1885 gravatm
2857 1824 2983 1869 sunt
3007 1829 3171 1884 super
3190 1830 3294 1867 me.
3313 1832 3331 1865 ι

1758 1917 1945 1986 Neque
1976 1916 2157 1984 ignem
2190 1911 2461 1975 accendit,
2490 1910 2640 1964 illum
2674 1909 2882 1964 scilicet
2916 1908 3120 1977 ignem,
3144 1907 3336 1975 dequo

1761 2011 1958 2071 dicitur
1986 2009 2029 2040 ⁸⁷
2064 2025 2076 2060 :
2110 2027 2127 2057 ι
2166 2006 2238 2061 Ite
2267 2007 2319 2058 in
2367 2004 2569 2058 lumine
2605 2002 2743 2074 ignis
2773 2002 2961 2065 vestri,
2987 2011 3043 2054 et
3085 2001 3137 2054 in
3181 1998 3339 2053 flam-

1761 2118 1847 2157 ma
1896 2116 2058 2172 quam
2110 2096 2460 2152 accendistis.
2496 2114 2515 2147 ι
2565 2095 2619 2148 ln
2675 2092 2913 2148 Sabbato
2966 2092 3339 2162 unusquisque

1759 2195 1917 2251 sedet
1949 2194 2066 2246 loco
2098 2206 2217 2254 suo,
2244 2200 2296 2241 et
2326 2204 2433 2243 non
2459 2187 2704 2258 procedit
2732 2202 2795 2241 ex
2830 2201 2914 2240 eo.
2946 2184 3079 2252 Quis
3108 2200 3235 2255 ergo
3255 2194 3341 2240 est

1762 2288 1913 2341 locus
1947 2282 2210 2353 spiritalis
2236 2280 2479 2335 animae?
2517 2278 2738 2333 Iustitia
2780 2288 2863 2333 est
2896 2278 3045 2332 locus
3087 2276 3204 2344 ejus
3230 2319 3245 2345 ,
3285 2286 3342 2331 et

1760 2380 1925 2451 359
1947 2378 2172 2441 veritas,
2198 2374 2487 2445 sapientia,
2518 2371 2899 2436 sanctificatio,
2934 2380 2990 2426 et
3015 2371 3193 2425 omnia
3219 2384 3341 2439 quae

1760 2474 2008 2528 Christus
2030 2480 2132 2535 est,
2166 2470 2314 2523 locns
2337 2468 2529 2521 animae
2551 2474 2653 2519 est.
2684 2465 2760 2518 Ex
2793 2478 2900 2532 quo
2936 2462 3056 2517 loco
3076 2476 3196 2517 eam
3233 2475 3343 2515 non

1759 2575 1974 2636 Oportet
2025 2566 2198 2626 exire,
2232 2573 2290 2616 ut
2338 2576 2464 2616 vera
2496 2559 2735 2613 Sabbata
2780 2556 3076 2621 custodiat,
3112 2564 3167 2610 et
3192 2554 3340 2609 diem

1764 2654 1961 2711 festum
2001 2656 2053 2708 in
2094 2653 2380 2707 sacrificiis
2436 2651 2621 2718 exigat
2668 2647 3073 2703 Sabbatorum:
3110 2648 3251 2699 sicut
3287 2652 3346 2698 et

1762 2749 2027 2802 Dominus
2061 2745 2277 2799 dicebat
2307 2742 2351 2774 ⁸³
2384 2759 2399 2798 :
2431 2761 2447 2792 ι
2480 2740 2580 2807 Qui
2626 2740 2678 2794 in
2722 2752 2807 2793 me
2837 2745 3038 2802 manet,
3071 2746 3126 2791 et
3153 2749 3253 2806 ego
3285 2735 3340 2788 in

1762 2839 1875 2895 illo.
1913 2858 1931 2891 ι
1968 2839 2120 2905 Quod
2150 2848 2330 2891 autent
2370 2835 2608 2889 diximus
2639 2846 2767 2885 vera
2800 2830 3064 2895 Sabbata,
3100 2829 3145 2884 si
3181 2828 3344 2882 altius

1762 2939 2073 3000 repetamus
2101 2943 2219 2997 quce
2243 2927 2353 2981 sint
2387 2938 2514 2978 vera
2550 2922 2807 2987 Sabbata,
2842 2919 2980 2973 ultra
3012 2919 3153 2973 hunc
3185 2932 3345 2970 mun-

1765 3023 1891 3077 dum
1918 3030 1999 3076 est
2029 3020 2138 3076 veri
2190 3018 2417 3073 Sabbati
2465 3015 2796 3071 observatio.
2840 3012 2993 3079 Quod
3030 3011 3177 3065 enim
3203 3010 3340 3065 scri-

1765 3122 1915 3183 ptum
1943 3122 2028 3167 est
2054 3112 2111 3166 in
2151 3110 2352 3167 Genesi
2389 3110 2458 3174 ⁸³,
2490 3107 2615 3177 quia
2646 3126 2663 3159 ι
2699 3105 2966 3177 requievit
2998 3105 3137 3159 Deus
3167 3102 3222 3157 in
3258 3103 3344 3157 die

1770 3203 1993 3260 Sabbati
2026 3205 2093 3257 ab
2142 3203 2397 3272 operibus
2429 3201 2568 3265 suis,
2610 3219 2628 3251 ι
2663 3216 2767 3255 non
2804 3198 3049 3252 videmus
3100 3195 3183 3250 vel
3215 3204 3345 3250 tunc

1767 3298 1969 3353 factum
2023 3314 2144 3353 esse
2177 3300 2225 3349 in
2272 3296 2359 3349 die
2405 3294 2658 3363 septima,
2693 3294 2771 3346 vel
2808 3293 2973 3346 etiam
3027 3304 3168 3343 nunc
3201 3286 3343 3344 fieri.

1769 3394 2001 3461 Semper
2052 3391 2194 3446 enim
2238 3391 2480 3443 videmus
2529 3388 2696 3441 Deum
2736 3384 2984 3454 operari,
3036 3392 3088 3437 et
3140 3380 3343 3435 nullum

1765 3484 2067 3540 Sabbatum
2093 3495 2172 3536 est
2201 3485 2251 3535 in
2282 3497 2389 3550 quo
2417 3481 2556 3533 Deus
2583 3494 2687 3533 non
2712 3488 2990 3547 operetur,
3025 3476 3075 3529 in
3110 3490 3216 3542 quo
3240 3489 3344 3528 non

1764 3578 2031 3649 producat
2082 3576 2248 3629 solem
2297 3589 2454 3627 suum
2509 3586 2671 3640 super
2729 3569 2899 3623 bonos
2950 3575 3005 3621 et
3051 3567 3238 3632 malos,
3294 3576 3351 3621 et

1764 3668 1914 3738 plnat
1945 3665 2305 3736 superjnstos
2336 3675 2388 3717 ct
2420 3662 2668 3730 injustos,
2708 3661 2759 3713 in
2789 3675 2895 3730 quo
2925 3675 3028 3715 non
3080 3660 3349 3728 producat

1766 3761 1820 3815 in
1850 3758 2125 3812 montibus
2162 3757 2370 3821 fenum,
2412 3764 2466 3808 et
2497 3752 2720 3807 herbam
2765 3751 3011 3806 servituti
3038 3751 3346 3811 hominum,

1768 3854 1819 3908 in
1863 3868 1969 3921 quo
2006 3866 2110 3905 non
2143 3848 2412 3919 percutiat
2439 3859 2485 3901 et
2515 3854 2691 3908 sanet,
2716 3844 2949 3898 deducat
2986 3843 3038 3896 in
3075 3842 3349 3895 infernum

1765 3957 1819 4000 et
1848 3946 2089 4005 reducat,
2122 3944 2174 3996 in
2210 3958 2316 4011 quo
2345 3939 2686 3995 non-occidat
2709 3945 2763 3991 et
2797 3937 2977 3991 vivere
3006 3935 3170 3990 faciat
3202 3932 3348 3988 "'7'.

1766 4039 1927 4095 Unde
1964 4048 2015 4094 et
2054 4037 2316 4092 Dominus
2346 4037 2396 4089 in
2428 4032 2739 4103 Evangeliis
2761 4046 2883 4086 cum
2906 4029 3073 4085 Judaei
3100 4030 3352 4100 prmscri-

1768 4134 1960 4187 herent
1991 4131 2095 4183 sibi
2126 4130 2190 4181 de
2218 4128 2538 4195 operatione
2569 4134 2624 4178 et
2664 4125 2948 4178 curatione
2980 4121 3227 4183 Sabbati,
3264 4138 3350 4175 re-

1768 4226 1983 4293 spondit
2011 4224 2091 4277 eis
2116 4224 2161 4253 ⁷¹
2198 4240 2210 4274 :
2252 4240 2269 4272 ι
2305 4221 2467 4275 Pater
2496 4234 2648 4273 meus
2671 4232 2841 4288 usque
2876 4217 3037 4271 modo
3068 4229 3347 4284 operatur,

1769 4326 1823 4372 et
1852 4331 1952 4385 ego
1981 4331 2209 4385 operor;
2251 4334 2267 4365 ι
2302 4313 2595 4369 ostendens
2625 4327 2721 4380 per
2757 4312 2869 4364 haec
2899 4311 2951 4363 in
2983 4309 3129 4363 nullo
3160 4307 3349 4363 szeculi

1769 4407 1929 4476 hujus
1964 4409 2209 4462 Sabbato
2256 4406 2602 4475 requiescere
2651 4404 2816 4457 Deum
2861 4418 2888 4455 a
2927 4400 3351 4470 dispensationi-

1768 4502 1869 4555 bus
1894 4501 2079 4554 mundi
2109 4510 2161 4553 et
2189 4516 2215 4552 ιι
2249 4498 2650 4566 provisionibus
2683 4495 2898 4565 generis
2942 4493 3183 4548 humani.
3215 4491 3351 4545 Nam

64 4601 468 4662 altbatismuS,
502 4614 520 4648 ι
579 4594 682 4649 hoc
713 4600 830 4655 εει.
870 4589 1093 4644 Sabhali
1125 4588 1435 4643 Obset‘VaUO
1466 4586 1664 4656 ροριιιο
1695 4603 1745 4661 D
1774 4604 2083 4648 creaturam
2129 4593 2346 4660 quidem
2401 4591 2531 4645 fecit
2575 4604 2641 4642 ex
2680 4589 2837 4642 initio
2862 4627 2879 4652 ,
2926 4594 2980 4641 et
3017 4586 3353 4641 substantias

64 4696 197 4749 >ci?
248 4690 645 4760 Relinquentes
674 4700 803 4757 ergo
833 4683 1090 4738 Judaicas
1138 4682 1362 4737 Sabbati
1401 4681 1660 4734 observa-

74 4801 284 4849 ones,
320 4783 499 4853 qualis
546 4781 741 4836 debeat
789 4793 911 4833 esse
961 4774 1277 4839 Christiano
1309 4770 1533 4826 Sabbati
1565 4769 1665 4825 ob-

64 4880 344 4943 ervatio,
382 4877 684 4931 videamus.
736 4873 832 4927 Die
884 4869 1109 4925 Sabbati
1146 4864 1284 4921 nihil
1314 4879 1381 4918 ex
1412 4863 1664 4919 omnibus

63 4971 270 5027 tundi
302 4969 514 5024 actibus
545 4975 762 5036 oportet
803 4963 1045 5034 Operari.
1090 4959 1148 5014 Si
1187 4974 1323 5029 ergo
1346 4957 1568 5012 desinas
1598 4957 1666 5010 ab

63 5068 340 5124 mnibus
366 5063 716 5118 saecularibus
741 5059 1024 5128 operibus,
1061 5064 1116 5111 et
1155 5053 1289 5109 nihil
1328 5053 1665 5107 mundanum

63 5178 263 5225 eras,
292 5160 389 5214 sed
423 5155 759 5228 spiritalibus
783 5151 1043 5220 Operibus
1068 5164 1252 5213 vaces,
1286 5147 1352 5201 ad
1377 5144 1666 5202 ecclesiam

64 5253 400 5313 Juvenias,
434 5247 761 5304 lectionibus
793 5246 992 5299 divinis
1019 5252 1075 5296 et
1123 5240 1443 5295 tractatibus
1479 5251 1665 5290 aurem

64 5351 346 5412 haebeas,
382 5353 439 5399 et
482 5344 550 5397 de
597 5339 920 5396 ccclestibus
952 5336 1165 5406 cogites
1190 5373 1205 5397 ,
1255 5333 1322 5387 de
1352 5330 1534 5384 futura
1574 5341 1670 5397 spe

63 5438 506 5502 illicitudinem
534 5450 710 5506 geras,
740 5442 1029 5488 venturum
1051 5428 1319 5498 judicium
1353 5440 1464 5496 pra:
1497 5422 1671 5479 oculis

76 5613 186 5645 ι’*
235 5605 381 5660 Psal.
411 5619 557 5669 CXLI,
584 5599 640 5653 2.
716 5598 805 5652 ⁸³1
838 5597 964 5652 Cor.
996 5608 1093 5669 v_n,
1223 5585 1482 5669 μεχιιει).
1513 5599 1585 5647 tv,

98 5681 313 5738 Joan.
347 5692 434 5739 xv,
462 5666 553 5729 5.'
593 5669 871 5743 “.Genes.
916 5683 976 5733 ιι,
1015 5666 1074 5719 2.

89 5754 308 5810 Junii.
340 5763 394 5813 ν,
418 5748 504 5801 17.

95 5852 169 5923 (ι
188 5844 271 5923 9)
297 5845 397 5897 Ant
434 5860 535 5923 non
558 5838 917 5923 legistisquia
939 5843 997 5923 et
1014 5822 1664 5923 .saccrd-olesui‘nmtent‘pfg

63 5898 381 5980 ακᾶιῖιῖιιιηι
413 5898 632 5977 violant:
657 5922 704 5967 et
735 5898 845 5966 sine
874 5906 1092 5963 crimine
1130 5910 1275 5959 sunt.
1319 5898 1524 5957 ﬂorum
1559 5905 1678 5967 quae

1745 5582 1790 5614 ⁸³
1828 5579 1986 5635 Joan.
2012 5595 2114 5645 vn,
2151 5579 2243 5632 22.

1148 5640 1269 5695 35-"
1309 5640 1498 5716 Matth.
1529 5640 1584 5721 v,
1611 5655 1719 5722 45;
1746 5654 1889 5709 Psal.
1912 5640 2184 5719 cxcvr,’8;
2211 5648 2331 5704 .lob.
2354 5665 2406 5717 v,
2434 5650 2499 5704 18
2523 5663 2537 5712 ;
2564 5648 2581 5700 l
2610 5647 2741 5716 lteg.
2770 5660 2833 5708 ιι,
2857 5644 2923 5707 6;
2954 5640 3018 5695 ιν
3044 5641 3179 5710 lteg.
3212 5640 3268 5707 5,
3300 5640 3353 5695 ϐ.

1775 4687 2018 4755 protulit,
2066 4696 2300 4756 quantas
2327 4684 2535 4738 sciebat
2561 4689 2747 4751 utpote
2782 4695 2961 4733 rerum
2996 4680 3250 4735 conditor
3286 4678 3355 4733 ad

1774 4779 2162 4846 perfectionem
2200 4776 2389 4829 mundi
2420 4788 2580 4844 posse
2612 4771 2890 4837 sufficere,
2929 4772 3020 4826 sed
3070 4788 3238 4840 usque
3282 4771 3354 4825 ad

1776 4868 2302 4921 consummationem
2352 4862 2532 4918 saeculi
2587 4863 2654 4917 ab
2689 4878 2877 4916 earum
2932 4862 3241 4931 provisione
3298 4872 3356 4917 et

1777 4959 2183 5028 dispensatione
2199 4974 2305 5013 non
2325 4964 2522 5011 cessat.
2541 4954 2659 5008 Erit
2679 4969 2808 5025 ergo
2825 4969 3009 5009 verum
3027 4954 3352 5019 Sabbatum,

1780 5053 1832 5107 in
1867 5069 1974 5122 quo
2009 5053 2311 5123 requiescet
2335 5050 2478 5103 Deus
2519 5048 2586 5102 ab
2618 5048 2874 5101 omnibus
2906 5048 3160 5118 operibus
3201 5049 3351 5113 suis,

1778 5145 2036 5199 sarculum
2070 5143 2335 5205 futurum,
2362 5151 2487 5195 tunc
2519 5156 2638 5195 eum
2665 5139 2909 5208 aufugiet
2940 5139 3112 5207 dolor,
3141 5149 3197 5194 et
3251 5140 3352 5192 tri-

1776 5237 1950 5299 stitia,
1976 5245 2027 5292 ct
2061 5236 2312 5306 gemitus,
2333 5244 2385 5289 et
2417 5236 2520 5290 erit
2542 5233 2723 5289 omnia
2754 5234 2881 5287 etin
2907 5232 3158 5286 omnibus
3190 5230 3353 5285 Dens.

1774 5329 1829 5383 In
1872 5344 1979 5399 quo
2021 5330 2262 5383 Sabbato
2312 5328 2577 5383 concedat
2610 5326 2773 5381 etiam
2830 5327 2986 5379 nobis
3036 5323 3175 5378 Deus
3208 5323 3353 5377 diem

1780 5421 1982 5476 festum
2016 5434 2179 5485 agere
2231 5435 2415 5475 secum
2496 5428 2550 5475 et
2594 5434 2717 5473 cum
2761 5417 2964 5472 sanctis
3014 5413 3219 5483 angelis
3245 5412 3357 5468 suis

2322 5578 2369 5610 ⁸⁸
2398 5576 2540 5632 Psal.
2568 5590 2800 5639 xxxviii,
2842 5573 2896 5627 5.
2972 5572 3015 5603 ⁸⁷
3047 5570 3149 5625 Isa.
3180 5586 3232 5626 ι..
3265 5570 3353 5629 Η.

1778 5835 1840 5875 ex
1874 5814 2135 5873 memoria
2171 5811 2515 5884 citantur‘ab
2540 5808 2764 5884 Origine
2790 5818 3020 5881 sensus,
3057 5818 3164 5875 non
3192 5801 3358 5860 verba

1787 5889 2060 5949 habentur
2086 5885 2244 5958 Ioan,
2276 5899 2373 5955 vn,
2405 5881 2497 5938 22.

3384 5973 3411 5991 μ
