3874 6504
565 373 665 432 731

1997 367 2319 424 ORIGENIS
3636 383 3700 442 τε,

565 495 706 553 festa
761 493 1037 550 celebrare
1060 531 1074 554 ,
1129 489 1422 544 offerentes
1474 491 1806 546 sacrificium
1855 491 2054 557 laudis,
2099 500 2153 546 et
2183 497 2224 553 Α
2260 491 2480 546 Pascha:
2508 489 2846 554 solemnitas,
2882 487 2934 542 in
2965 503 3069 558 qua
3102 488 3386 547 festivitate
3408 509 3547 562 agnus
3566 505 3699 556 oet-illi-

566 587 857 645 neddentes
888 586 1168 640 Altiss'mo
1202 592 1327 636 vota
1366 593 1576 646 nostra,
1615 598 1735 652 qua:
1760 583 1849 639 hic
1889 583 2150 638 distinxe-

569 691 695 738 runt
727 681 866 736 labia
897 691 1104 735 nostra.
1135 679 1286 732 Tunc
1311 677 1561 730 fortassis
1602 687 1655 729 et
1687 677 2023 731 sacrificium
2063 678 2148 731 in-

567 774 842 836 desinens,
876 774 940 826 de
965 787 1074 842 quo
1101 783 1260 840 supra
1297 767 1685 838 exposuimus,
1719 769 1912 823 melius
1950 768 2146 824 offere-

567 877 678 921 tur.
702 866 856 920 Tunc
899 866 1043 918 enim
1075 864 1270 916 melius
1321 865 1700 918 indesinenter
1729 865 1931 932 poterit
1966 865 2147 919 anima

565 960 821 1014 assistere
848 959 956 1012 Deo
985 967 1036 1011 et
1063 955 1258 1010 oﬂerre
1287 956 1618 1010 sacriticitnn
1655 956 1829 1009 laudis
1888 971 1984 1027 per
2018 972 2152 1025 pon-

565 1053 766 1107 tificem
803 1066 1080 1121 magnum,
1116 1051 1206 1119 qui
1249 1059 1335 1103 est
1383 1050 1638 1104 sacerdos
1684 1049 1736 1102 itt
1765 1061 2030 1104 mternunt
2060 1066 2148 1106 se-

567 1146 802 1199 cundum
836 1141 1078 1196 ordinem
1109 1141 1501 1195 Melchisedech
1528 1142 1596 1194 τ’.

637 1239 694 1293 5.
740 1236 925 1291 Tertia
977 1235 1247 1288 festivitas
1313 1234 1531 1302 ponitur
1580 1232 1887 1288 Ncomenia:
1935 1234 2052 1289 dies
2093 1235 2145 1288 in

567 1349 672 1403 qua
699 1330 927 1384 oﬂ‘ertur
957 1342 1008 1383 et
1045 1327 1240 1382 hostia.
1269 1325 1562 1380 Neontenia
1590 1337 1766 1380 autem
1792 1326 1988 1381 dicitur
2011 1343 2144 1381 nova

567 1427 713 1480 luna.
749 1424 842 1478 Est
874 1438 1006 1493 ergo
1036 1433 1089 1475 et
1129 1421 1226 1474 ista
1273 1418 1547 1473 festivitas
1591 1435 1710 1472 eunt
1754 1419 1878 1472 luna
1929 1420 2149 1473 innova-

573 1530 679 1572 tur.
713 1516 858 1569 Nova
899 1525 1078 1567 autent
1107 1513 1331 1574 dicitur,
1368 1526 1488 1563 cum
1533 1511 1632 1565 soli
1684 1511 1928 1578 proxima
1984 1505 2149 1566 fuerit

515 1622 522 1629 °
565 1610 776 1672 effecta,
819 1616 872 1660 et
905 1605 1062 1658 valde
1107 1605 1160 1658 ei
1198 1601 1521 1670 conjuncta,
1557 1602 1628 1679 ita
1668 1613 1720 1654 ut
1759 1601 1858 1655 sub
1899 1602 2149 1659 claritate

564 1703 680 1771 ejus
722 1701 909 1754 lateat.
948 1695 1054 1751 Sed
1092 1697 1286 1750 mirum
1329 1695 1558 1748 fortasse
1591 1695 1873 1762 videatur,
1920 1696 2027 1750 imo
2057 1713 2148 1750 su-

567 1796 828 1866 perfluum
882 1794 965 1847 lex
997 1791 1176 1846 divina
1209 1792 1492 1845 mandare.
1541 1791 1680 1857 Quid
1719 1791 1864 1844 enim
1899 1791 2142 1861 religioni

566 1890 842 1952 conducit,
873 1887 1008 1941 lunze
1042 1900 1217 1949 novre,
1260 1885 1310 1938 id
1344 1895 1428 1939 est
1455 1900 1577 1940 cum
1621 1883 1978 1952 conjungitur
2020 1885 2141 1951 soli,

564 1996 619 2041 ct
651 1985 890 2038 adhaeret
918 1981 991 2046 ei,
1043 1981 1338 2034 observare
1369 1977 1761 2033 festivitatem?
1813 1977 1938 2032 Ilaec
1987 1979 2029 2032 si
2064 1994 2147 2031 se-

563 2078 800 2133 cundum
831 2075 1067 2129 litteram
1110 2071 1554 2136 cousiderentur,
1589 2086 1696 2125 non
1747 2079 1856 2124 tam
1894 2072 2143 2142 religiosa

563 2185 725 2241 quam
759 2167 1141 2237 superstitiosa
1175 2163 1523 2228 videbuntur,
1557 2163 1650 2218 sed
1677 2179 1717 2218 s:
1741 2164 1886 2218 iebat
1936 2174 2148 2232 aposto-

562 2260 649 2314 lus
689 2259 915 2322 Paulus,
945 2258 1069 2326 quia
1109 2271 1214 2309 non
1243 2255 1308 2308 de
1339 2253 1407 2308 iis
1452 2254 1692 2324 loquitur
1725 2254 1829 2319 lex,
1871 2271 1968 2308 nec
1996 2255 2144 2308 illum

565 2354 727 2409 ritum
753 2351 842 2423 qui
875 2367 903 2404 a
928 2349 1130 2406 Iudaeis
1170 2350 1452 2406 observari
1480 2352 1712 2414 videtur,
1745 2349 1982 2421 Spiritus
2015 2366 2142 2405 san-

560 2458 682 2503 ctus
710 2445 1009 2516 praecepit;
1049 2455 1103 2498 et
1133 2445 1254 2498 ideo
1291 2445 1358 2500 ad
1388 2459 1484 2500 eos
1510 2446 1599 2513 qui
1638 2444 1798 2498 ﬁdem
1830 2443 1921 2497 Dei
1959 2458 2144 2498 susce»

561 2547 765 2610 perunt
799 2536 1013 2592 dicebat
1035 2537 1082 2567 ⁷³
1124 2553 1137 2590 :
1171 2555 1188 2586 ι
1215 2535 1384 2591 Nemo
1424 2551 1552 2607 ergo
1574 2537 1892 2605 vosjudiect
1923 2537 1974 2589 in
1999 2535 2139 2604 cibo,

562 2639 656 2684 aut
689 2640 840 2698 potu,
871 2638 963 2682 aut
993 2637 1146 2698 parte
1187 2629 1292 2683 diei
1326 2629 1478 2697 festi,
1515 2638 1606 2682 aut
1645 2628 1934 2683 Neomenia
1986 2627 2097 2699 (‘20)
2124 2669 2140 2696 ,

562 2732 655 2776 aut
687 2721 944 2786 Sabbato,
985 2736 1105 2790 quia
1130 2730 1258 2774 sunt
1285 2722 1473 2774 umbra
1514 2721 1838 2776 futurorum.
1881 2741 1900 2774 ι
1931 2722 1987 2776 Si
2013 2738 2141 2793 ergo

565 2816 755 2870 umbra
798 2813 1101 2868 futurorum
1127 2825 1208 2868 est
1237 2815 1558 2877 Sabbatttnt,
1591 2815 1656 2868 de
1681 2831 1787 2883 quo
1810 2831 1910 2884 pro
1936 2814 2142 2869 viribus

563 2923 726 2976 supra
765 2907 1130 2971 explicuimus
1153 2945 1166 2968 ,
1197 2916 1245 2959 et
1283 2904 1574 2960 Ncotnenia
1611 2907 1799 2961 umbra
1831 2909 2137 2962 futurorum

560 3011 668 3063 est,
707 3011 915 3053 certum
965 3008 1046 3052 est
1075 3001 1216 3069 quod
1241 3008 1526 3053 etetetera:
1551 2999 1869 3054 festivitates
1887 2977 2141 3054 similiter

559 3093 764 3147 umbrae
801 3102 925 3146 sunt
993 3091 1322 3144 futurorum.
1381 3090 1488 3144 Sed
1552 3107 1696 3145 nunc
1748 3094 2027 3147 videamus
2072 3093 2140 3148 de

2255 597 2361 640 tttr.
2398 585 2504 641 Sed
2530 586 2650 639 vide
2682 592 2734 638 tu
2776 599 2976 651 agnum
3001 600 3215 647 Verum,
3248 600 3430 654 agnum
3460 585 3552 648 ῡιιὶ.
3578 609 3700 662 πειιιιω

2255 681 2345 750 qui
2385 679 2524 733 tollit
2581 689 2802 748 peccata
2856 679 3038 732 mundi
3067 678 3136 742 ⁷⁸,
3165 687 3218 730 et
3240 676 3412 741 dicito,
3445 683 3546 747 quia
3575 692 3701 754 pm;

2254 785 2371 827 nost
2386 790 2500 827 rum
2534 773 2853 827 immolatus
2891 781 2975 825 est
3010 771 3266 824 Christus
3297 771 3361 824 τ’.
3407 769 3547 824 Judaei
3571 783 3703 836 rami

2251 881 2414 920 sensu
2459 869 2751 920 tentedant
2802 877 3000 916 carnes
3046 864 3194 929 agni,
3235 877 3327 916 nos
3356 875 3515 915 autem
3540 870 3705 921 comta...

2253 975 2374 1014 ntus
2409 975 2630 1014 carnem
2663 957 2825 1012 Verbi
2876 956 2988 1010 Dei.
3038 956 3157 1023 lpse
3199 956 3338 1006 enim
3369 955 3487 1006 dixit
3511 956 3579 1008 7':
3604 977 3616 1007 t
3642 960 3703 1014 liii

2251 1053 2601 1107 comederitis
2634 1067 2829 1108 carnes
2877 1065 3061 1108 utens,
3098 1063 3202 1100 non
3255 1045 3500 1098 habebitis
3539 1049 3656 1101 vitam
3677 1055 3705 1105 ὴ

2257 1147 2411 1200 vobis
2435 1147 2584 1216 ipsis.
2613 1168 2630 1200 ι
2657 1147 2770 1201 Hoc
2797 1147 2938 1216 quod
2965 1143 3125 1196 modo
3151 1141 3436 1208 loquimur,
3469 1157 3706 1196 earnesstm

2253 1241 2414 1295 Verbi
2452 1242 2568 1307 Dei,
2620 1242 2663 1296 si
2703 1250 2884 1294 tamen
2919 1255 3022 1292 non
3075 1238 3230 1306 quasi
3268 1235 3482 1286 infirmis
3505 1234 3708 1298 oiera,aut

2249 1334 2404 1401 quasi
2441 1336 2624 1403 pueris
2669 1333 2827 1388 lactis
2867 1331 3181 1386 alimoniam
3214 1325 3546 1398 proferamus.
3577 1328 3615 1378 Si
3641 1345 3696 1396 per

2253 1425 2390 1478 ferta
2423 1425 2717 1496 loquimur,
2749 1423 2793 1477 si
2827 1425 3074 1484 robusta,
3102 1420 3146 1472 si
3178 1417 3420 1480 fortiora,
3444 1432 3602 1473 carnes
3623 1425 3711 1475 tota,

2253 1514 2410 1569 Verbi
2441 1516 2532 1572 Dei
2567 1516 2887 1585 apponimus
2910 1513 3294 1569 eomedendas.
3336 1508 3428 1564 Ubi
3451 1512 3569 1562 enim
3591 1505 3710 1581 Intuli

2250 1623 2346 1662 cus
2367 1622 2569 1672 sermo,
2603 1606 2690 1660 ubi
2715 1606 3055 1676 dogmaticus
3108 1613 3161 1658 et
3200 1600 3475 1656 Trinitatis
3498 1601 3580 1653 lide
3606 1606 3712 1671 reple-

2251 1707 2336 1753 ltIS
2369 1700 2644 1769 profertur
2691 1713 2753 1751 ac
2795 1698 3031 1760 solidus,
3077 1696 3167 1749 ubi
3211 1693 3376 1748 futuri
3416 1693 3569 1743 szet'uli
3602 1709 3712 1746 δηίοιο

2251 1792 2518 1845 velamine
2550 1792 2745 1844 littera:
2776 1790 2905 1858 legis
2931 1788 3196 1858 Spiritalis
3217 1802 3536 1842 sacramen'a
3557 1788 3713 1854 partitus

2251 1893 2357 1946 tur,
2412 1884 2501 1938 ubi
2560 1898 2689 1950 spes
2725 1881 2919 1934 anima:
2950 1881 3135 1934 avulsa
3180 1881 3249 1932 de
3297 1881 3451 1932 terris
3477 1879 3657 1947 iactatur
3685 1881 3712 1929 ia

2248 1978 2440 2042 ecelos,
2464 1988 2516 2032 et
2553 1978 2603 2030 in
2638 1977 2742 2030 illis
2774 1972 3090 2037 COiiOCnllll‘,
3132 1989 3253 2041 qua:
3286 1973 3468 2026 oculus
3515 1986 3599 2025 non
3620 1969 3712 2028 vidit.

2249 2088 2347 2127 nec
2375 2072 2522 2125 auris
2551 2070 2777 2135 audivit,
2800 2084 2896 2124 nec
2916 2070 2968 2123 itt
2996 2066 3347 2121 corhontinis
3371 2065 3717 2129 ascenderunt”,
3806 2107 3807 2112 η

2248 2165 2363 2219 hate
2391 2166 2573 2220 omnia
2608 2179 2800 2217 carnes
2837 2172 2962 2215 sunt
3006 2159 3167 2214 Verbi
3211 2159 3306 2212 Dei
3337 2175 3351 2210 :
3384 2158 3557 2224 quibus
3575 2157 3638 2225 qui
3661 2170 3716 2224 po

2250 2267 2354 2311 test
2400 2255 2643 2327 perfecto
2693 2255 2964 2308 intellectu
3012 2252 3161 2307 vesci
3197 2261 3247 2306 et
3284 2253 3448 2304 corde
3494 2252 3714 2318 puriﬁcato,

2251 2350 2340 2405 ille
2373 2365 2498 2403 vere
2529 2349 2843 2402 festivitatis
2881 2346 3104 2403 Pascha:
3149 2345 3398 2398 immolat
3448 2343 3715 2404 sacriﬁcium,

2243 2443 2410 2515 360
2441 2452 2495 2497 et
2521 2442 2662 2496 diem
2694 2440 2890 2494 festum
2938 2439 3048 2508 agit
3084 2453 3206 2492 eum
3236 2438 3348 2492 Deo
3371 2447 3419 2490 et
3446 2438 3614 2505 angelis
3633 2437 3718 2503 ein.

2318 2537 2368 2590 7.
2406 2534 2534 2589 Post
2563 2533 2726 2600 hanc,
2762 2533 2870 2586 imo
2899 2531 3218 2586 continuata
3271 2529 3401 2584 huic
3437 2529 3649 2581 festivitas
3670 2543 3718 2578 sc-

2243 2629 2430 2698 quitur
2452 2630 2804 2698 Azymornm,
2833 2639 2994 2691 quam
3022 2625 3219 2678 merito
3247 2621 3563 2682 eeb-brabis,
3602 2625 3634 2672 sl
3662 2637 3717 2670 n-

2245 2724 2503 2778 termines
2526 2735 2688 2775 omne
2724 2720 3048 2773 fermentum
3101 2718 3326 2772 malitim
3369 2727 3421 2769 et
3464 2715 3719 2784 ηεηυὶιίεκιο

2244 2813 2422 2866 anima
2454 2821 2564 2874 tua,
2594 2821 2854 2882 etazyma
2881 2808 3212 2863 sinceritatis
3262 2808 3589 2874 veritatisque
3609 2815 3722 2858 custo-

2241 2907 2382 2959 dias.
2441 2905 2626 2972 Neque
2681 2905 2825 2958 enim
2883 2903 3179 2970 putandum
3240 2910 3351 2966 cst,
3404 2901 3720 2967 omnipotentes.

2246 3001 2411 3052 Deum
2441 2998 2588 3066 leges
2625 2997 2826 3051 homini
2861 3011 2960 3064 pro
3009 2994 3276 3049 fermento
3313 2994 3544 3049 scribere
3582 3001 3621 3045 et
3646 3005 3722 3058 pro-

2244 3102 2429 3161 pterea
2456 3091 2648 3160 jubere
2673 3089 3025 3144 exterminari
3067 3089 3310 3141 animam
3345 3087 3414 3140 de
3451 3086 3614 3155 popqu
3648 3097 3721 3142 ευρ,

558 3184 875 3238 Nromenia.
915 3183 1159 3239 Diximus
1197 3182 1339 3252 quod
1373 3182 1676 3238 Nconteniaa
1725 3185 1995 3241 festivitas
2037 3200 2131 3254 ap-
2163 3211 2204 3266 ρ
2240 3187 2284 3238 si
2311 3200 2415 3254 qua
2445 3183 2584 3238 forte
2609 3198 2796 3253 parum
2833 3181 3036 3250 aliquid
3067 3180 3324 3234 ferntcnti
3364 3179 3515 3249 hujus
3539 3194 3590 3231 ex
3614 3176 3722 3229 [πίω

559 3277 812 3347 pellatur,
841 3293 963 3332 cum
996 3275 1118 3330 luna
1152 3276 1397 3330 innovari
1419 3277 1667 3346 ρωυοιὶι,
1697 3277 1865 3331 etsoli
1887 3278 2131 3346 proxima

558 3371 726 3426 fuerit
785 3370 1108 3441 penitusque
1138 3369 1448 3438 conjuncta.
1486 3368 1576 3422 Sol
1623 3370 1846 3436 justitite
1887 3371 2134 3425 Chrisws

553 3473 678 3518 est:
713 3463 837 3516 huic
879 3462 921 3516 si
972 3462 1124 3524 luna,
1154 3461 1204 3514 id
1237 3471 1320 3515 est
1352 3461 1592 3516 Ecclesia
1631 3477 1750 3527 sua,
1781 3478 1900 3532 qua:
1931 3463 2133 3519 lumine

553 3555 728 3624 ipsius
754 3552 1010 3623 repletur,
1036 3552 1224 3621 juncta
1255 3553 1422 3608 fuerit
1459 3564 1511 3608 et
1544 3558 1756 3623 penitus
1805 3555 1852 3608 ei
1888 3555 2130 3611 adhmse-

555 3645 647 3709 rit,
702 3644 775 3698 ita
825 3652 882 3696 ut
933 3643 1232 3698 secundum
1285 3645 1510 3698 verbum
1555 3645 1796 3714 Apostoli
1827 3646 1895 3711 ⁷⁸,
1945 3648 2131 3715 quise

546 3735 724 3806 jungit
758 3734 985 3790 Domino
1013 3750 1153 3790 unus
1181 3750 1302 3790 eum
1334 3750 1400 3790 eo
1427 3735 1650 3805 spiritus
1687 3738 1799 3799 fiat,
1832 3749 1958 3792 tunc
1981 3736 2132 3793 festi-

555 3830 780 3882 vitatem
828 3827 1140 3882 Neomenize
1191 3829 1342 3898 agit:
1376 3837 1502 3882 tunc
1538 3829 1684 3883 enim
1733 3844 1868 3883 nova
1899 3828 2131 3884 efﬁcitur

556 3936 678 3972 cum
715 3918 974 3986 abjeccrit
1006 3928 1246 3972 veterem
1298 3917 1596 3983 hominem,
1636 3929 1690 3972 et
1723 3919 1911 3973 induta
1966 3919 2131 3975 fuerit

557 4027 781 4073 novum,
830 4014 920 4079 qui
973 4011 1272 4066 secundum
1307 4011 1475 4065 Deum
1519 4021 1734 4065 creatus
1763 4013 1937 4079 est";
1965 4022 2130 4083 atque

558 4104 631 4158 ita
657 4105 852 4158 merito
878 4105 1247 4158 innovationis
1282 4104 1710 4172 solemnitatem,
1741 4121 1859 4176 quae
1891 4106 2130 4162 estNeo—

555 4196 749 4252 menia:
786 4196 1094 4263 festivitas,
1128 4207 1302 4269 geret.
1335 4197 1490 4252 Tunc
1528 4198 1760 4267 denique
1789 4209 1871 4252 est
1912 4199 2128 4268 quando

555 4304 732 4359 neque
760 4289 953 4355 videri,
981 4307 1156 4360 neque
1183 4290 1574 4362 comprehendi
1610 4291 1861 4346 humanis
1894 4293 2128 4362 aspecti-

552 4380 650 4435 bus
680 4388 879 4450 potest.
915 4381 1113 4436 Anitna
1145 4382 1290 4436 enim
1318 4397 1438 4435 cum
1478 4391 1588 4436 tota
1613 4396 1671 4435 se
1699 4381 1986 4436 sociaverit
2021 4383 2125 4438 Do~

551 4473 719 4540 mino,
745 4483 800 4527 et
831 4473 1108 4542 splendori
1141 4474 1280 4529 lucis
1304 4475 1422 4543 ejus
1450 4483 1557 4528 tota
1583 4473 1936 4539 concesserit,
1964 4474 2128 4527 nihil-

2238 3276 2520 3346 conspersi
2549 3277 2601 3329 in
2622 3276 2783 3329 domo
2799 3289 2892 3328 sua
2914 3273 3170 3328 habuisse
3195 3273 3723 3342 deprehenditurzrti-

2236 3385 2342 3438 que
2376 3385 2561 3422 ettram
2590 3381 2923 3438 tnagttOpere
2959 3363 3126 3420 fuisse
3161 3366 3366 3420 divina:
3401 3363 3724 3434 majestati,qttt

2235 3462 2486 3518 fertncnti
2509 3463 2666 3532 hujus
2681 3477 2843 3515 causa
2865 3461 2917 3513 itt
2941 3469 3145 3513 tantum
3163 3476 3220 3513 se
3235 3457 3725 3518 dicatoﬂendi,utani-

2235 3575 2404 3619 mam.
2432 3574 2592 3626 quant
2614 3558 2728 3626 ipse
2757 3555 2823 3608 ad
2847 3555 3138 3625 imaginem
3157 3563 3212 3608 et
3228 3554 3616 3608 similitudinem
3630 3565 3724 3602 suam

2235 3653 2388 3718 fecit,
2413 3649 2763 3706 exterminari
2791 3665 2888 3718 pro
2923 3649 3022 3704 hoc
3047 3647 3235 3716 jubeat
3261 3657 3320 3700 et
3345 3646 3527 3707 everti,
3552 3660 3631 3696 non
3645 3638 3726 3693 mili

2233 3745 2449 3798 videtur
2467 3743 2581 3797 hate
2610 3742 2810 3796 divinis
2839 3741 3047 3810 legibus
3079 3741 3237 3809 digna
3269 3754 3396 3794 esse
3420 3736 3725 3806 intelligentia.

2234 3837 2326 3890 sed
2360 3835 2489 3888 illud
2525 3834 2698 3903 magis
2728 3841 2810 3886 est
2841 3833 2984 3901 quod
3017 3829 3311 3894 horrescit,
3345 3839 3400 3884 et
3450 3827 3618 3882 merito
3647 3826 3726 3876 hor-

2235 3927 2400 3981 rescit
2435 3927 2575 3980 Deus
2622 3925 2666 3978 si
2703 3923 2947 3989 malitiae,
2978 3923 3023 3977 si
3060 3923 3171 3984 ira},
3221 3922 3267 3974 si
3319 3921 3560 3990 nequitia:
3600 3915 3726 3984 spiritu

2234 4015 2648 4072 infertnentetur
2670 4015 2850 4069 anima
2885 4023 2937 4067 et
2973 4015 3305 4068 intumescat
3333 4013 3400 4066 ad
3438 4011 3626 4080 ﬂagitia.
3652 4006 3726 4060 11η

2233 4123 2339 4162 non
2371 4108 2482 4161 vult
2513 4107 2708 4161 essein
2735 4107 2914 4161 anima
2945 4105 3108 4172 Deus,
3129 4116 3180 4160 et
3211 4105 3324 4161 tale
3349 4106 3641 4159 fermentum
3664 4099 3727 4151 nisi

2232 4203 2602 4273 abjeceritnus
2629 4203 2696 4258 de
2723 4203 2886 4256 domo
2921 4201 3115 4254 anlmae
3145 4208 3374 4263 nostrai,
3414 4197 3589 4252 merito
3610 4203 3729 4246 exter-

2233 4295 2588 4349 tninabimur.
2643 4292 2748 4348 Sed
2782 4309 2850 4346 ne
2880 4300 3198 4347 contemnas
3229 4290 3456 4346 etiamsi
3487 4285 3729 4358 parvamn-

2231 4388 2376 4443 deris
2402 4386 2514 4456 (2i)
2549 4387 2686 4439 intra
2717 4396 2770 4440 te
2799 4385 3112 4440 fermentari
3156 4384 3445 4444 malitiam,
3473 4381 3583 4450 quia
3616 4376 3729 4430 mod:-

2230 4496 2353 4535 cum
2392 4479 2644 4533 fermenti
2681 4487 2848 4532 totam
2908 4492 3138 4531 massam
3185 4475 3532 4545 corrumpit:
3569 4482 3612 4526 et
3651 4468 3726 4520 ἰδέη

548 4580 654 4633 qua
708 4567 931 4621 omnino
989 4577 1266 4623 terrenum
1320 4567 1546 4634 cogitat,
1597 4566 1728 4620 nihil
1791 4567 2121 4622 mundanum
2157 4552 2200 4606 D
2231 4584 2403 4640 neque
2438 4570 2502 4624 de
2533 4584 2697 4640 parvo
2741 4578 2966 4639 peccato
3001 4569 3264 4637 negligas,
3299 4567 3551 4637 quoniam
3578 4578 3631 4617 ex
3663 4573 3729 4610 υιιο

547 4659 797 4725 requirit,
829 4675 926 4714 nec
969 4662 1280 4716 hominibus
1316 4662 1530 4732 placere
1563 4660 1742 4714 studet
1769 4675 1780 4710 :
1811 4661 1904 4714 sed
1956 4672 2122 4715 totam

545 4763 605 4802 se
633 4751 934 4819 sapientiae,
967 4761 1134 4806 totam
1165 4755 1376 4816 lumini,
1405 4764 1570 4807 totam
1597 4751 1762 4807 calori
1796 4753 1971 4806 sancti
2001 4753 2124 4824 Spio

548 4840 688 4894 ritus
719 4844 1127 4910 mancipaverit,
1161 4845 1373 4900 subtilis
1402 4857 1454 4900 et
1477 4843 1968 4914 spiritalisetl‘ecta,
1990 4861 2126 4914 quo-

546 4932 709 4987 modo
757 4934 905 4988 cerui
935 4933 1002 4988 ab
1059 4936 1390 5000 hominibus,
1427 4947 1522 4990 aut
1551 4935 1618 4990 ab
1669 4935 1921 4990 humanis
1947 4945 2123 5006 potest.

541 5026 929 5095 eonspectibus
962 5027 1329 5098 apprehendi?
1375 5027 1639 5082 Animalis
1681 5043 1914 5097 namque
1957 5029 2119 5082 homo

541 5118 845 5189 intelligere
873 5129 927 5176 et
966 5121 1278 5178 discernere
1311 5137 1414 5176 non
1452 5130 1632 5190 potest
1684 5120 2004 5188 Spiritalem.
2047 5121 2114 5176 Et

540 5208 663 5264 ideo
687 5211 1002 5280 dignissime
1035 5213 1174 5267 diem
1206 5213 1403 5268 festum
1435 5222 1577 5282 aget,
1611 5221 1665 5266 et
1706 5211 1937 5265 hostiam
1974 5211 2121 5267 Neo-

540 5302 732 5358 menia’.
750 5306 999 5370 Domino,
1025 5316 1212 5376 utpote
1234 5323 1328 5377 per
1350 5307 1522 5374 ipsum
1541 5305 2112 5376 innovata,jugulabit.

608 5397 663 5450 ϐ.
712 5397 920 5464 Quarto
959 5400 1012 5453 in
1049 5399 1166 5456 loco
1222 5400 1443 5472 ponitur
1489 5399 1630 5454 inter
1662 5398 1982 5454 festivitates
2016 5399 2111 5454 Dei

605 5531 650 5564 "
684 5531 825 5599 Psal.
860 5551 969 5596 cut,
1012 5536 1061 5591 4.
1165 5537 1210 5567 ⁷³
1232 5536 1440 5592 Coloss.
1475 5552 1535 5599 tt,
1579 5538 1666 5600 l5,
1701 5537 1789 5591 'l‘l.

535 5615 589 5668 ν,
623 5601 675 5656 7.
750 5605 794 5637 ⁷⁸
817 5604 975 5665 Joan,
1011 5615 1083 5672 vt,
1121 5607 1211 5662 55.
1285 5608 1329 5641 "
1360 5606 1381 5661 Ι
1412 5611 1538 5662 Cor.
1564 5624 1625 5676 tt,
1657 5608 1710 5664 9.

609 5740 721 5816 (20)
761 5741 961 5816 Omnes
989 5743 1145 5816 codd.
1185 5747 1561 5816 manuscripti,
1591 5765 1608 5799 t
1640 5745 1734 5801 aut
1755 5746 2099 5804 Neomenia.»

538 5814 695 5870 Libb.
722 5815 870 5878 editi,
903 5833 920 5866 t
956 5826 1047 5869 aut
1077 5814 1405 5871 Neomcnite.
1439 5835 1458 5871 ι

1868 5537 1914 5569 ⁷⁸
1950 5537 2125 5595 lCor.
2159 5555 2237 5604 vt,
2272 5541 2359 5596 l7.

2228 4671 2454 4732 peccato
2500 4672 2792 4729 generatur
2823 4669 2877 4714 et
2905 4662 3072 4716 aliud.
3102 4661 3255 4714 Sicut
3285 4662 3435 4714 enim
3477 4673 3540 4712 ex
3583 4655 3729 4722 justi“:

2226 4763 2524 4825 generatur
2566 4752 2803 4822 justitia,
2837 4762 2892 4806 et
2919 4766 2983 4806 ex
3021 4751 3272 4806 castitate
3315 4753 3536 4805 castitas
3573 4745 3627 4818 (si
3649 4743 3730 4811 qni!

2232 4847 2377 4904 enim
2406 4845 2580 4914 primo
2609 4847 2843 4898 tenuiter
2871 4857 3057 4900 castus
3091 4861 3211 4900 esse
3254 4845 3522 4914 coeperit,
3569 4851 3727 4905 accepit!

2232 4939 2504 4996 castitatis
2535 4938 2804 4994 fermento
2831 4939 3073 5007 quotidie
3105 4938 3311 4992 castior
3337 4936 3598 4998 eﬂicitur),
3624 4935 3677 4984 ita
3695 4937 3730 4978 τί

2225 5033 2315 5103 qui
2346 5033 2509 5088 semel
2548 5034 2687 5088 intra
2717 5049 2776 5088 se
2808 5031 2934 5086 licet
2979 5048 3204 5102 parvum
3235 5033 3463 5086 malitia:
3503 5023 3728 5099 reposuit

2225 5128 2576 5190 fermentum,
2606 5127 2849 5196 quotidie
2878 5127 3171 5196 semetipso
3212 5126 3450 5194 nequior
3475 5122 3668 5177 edicitur
3689 5131 3729 5167 κ

2223 5219 2483 5276 deterior.
2513 5219 2576 5274 Et
2608 5221 2732 5274 ideo
2762 5219 2808 5275 si
2847 5221 2930 5274 vis
2959 5235 3119 5288 agere
3150 5221 3479 5288 Azymorum
3523 5211 3722 5266 festivita-

2223 5318 2332 5364 tem
2358 5324 2482 5363 cum
2530 5309 2662 5376 Deo,
2695 5330 2762 5366 ne
2809 5327 3037 5382 parvum
3061 5308 3275 5377 quidem
3307 5304 3528 5358 malitia
3550 5302 3726 5355 ferm-

2222 5413 2334 5456 tum
2363 5401 2501 5456 intra
2538 5411 2590 5458 te
2613 5405 2848 5460 residere
2877 5403 3122 5474 patiaris.

2455 5540 2502 5573 "
2531 5539 2730 5611 Ephes.
2765 5554 2838 5605 tv,
2867 5539 2961 5594 24.
3043 5539 3089 5571 ⁷⁸
3123 5537 3280 5594 .loan.
3310 5553 3349 5602 ι,
3375 5537 3467 5592 ‘29.
3538 5534 3577 5564 "
3599 5532 3613 5586 l
3633 5529 3722 5583 (λετ.

2287 5747 2396 5816 (2|)
2434 5745 2613 5802 Codex
2663 5746 2844 5800 Sancti
2875 5747 3218 5812 Tbeodoriei,
3254 5766 3270 5796 σ
3305 5739 3719 5798 exterminabiter,

2219 5823 2315 5875 sed
2347 5834 2414 5872 ne
2430 5828 2744 5873 coittetnnas
2759 5819 2970 5872 etiamsi
3006 5834 3193 5883 parum
3227 5817 3446 5872 videris.
3470 5832 3488 5864 ι
