3874 6512
109 335 199 393 755
1207 333 1274 388 1N
1307 333 1639 391 NUMEROS
1670 335 1957 392 HOMILIA
1997 338 2185 397 XXIII.

3221 340 3318 396 751

161 456 211 510 8.
239 452 362 509 Post
399 454 538 510 hanc
566 452 814 524 sequitur
847 459 1002 508 sexta
1037 449 1303 506 festivitas
1322 491 1338 515 ,
1369 467 1488 520 qua:
1513 452 1650 506 diei-
1679 456 1724 513 A
1755 455 1972 522 festum,
1995 456 2099 512 nisi
2120 455 2428 514 alliictionis
2452 473 2643 529 panem
2667 457 3144 514 manducaveritet
3170 473 3324 513 mau-

93 558 174 606 tur
199 545 488 614 Novorum,
523 547 573 601 id
610 557 712 612 est,
747 561 869 600 cum
904 545 1157 616 primitia:
1188 545 1253 599 de
1279 545 1431 599 novis
1462 543 1648 600 fructi-

91 643 179 696 bus
201 638 520 694 ol’feruntur.
550 638 652 694 Ubi
689 641 833 696 enim
885 640 1183 694 seminatus
1227 637 1388 692 fuerit
1430 653 1560 708 ager
1595 648 1648 694 et

90 732 359 801 diligenter
384 734 654 798 excultus,
677 743 837 806 atque
855 733 923 785 ad
955 731 1323 784 maturitatem
1344 733 1648 800 pervenerit

91 837 248 890 seges,
282 831 407 878 tunc
425 827 474 878 iu
494 823 760 878 fructnmn
781 821 1115 892 perfectione
1142 819 1411 875 festivitas
1438 820 1646 875 Domini

88 914 303 982 geritur.
351 913 408 968 Si
430 930 559 983 ergo
573 924 627 970 et
647 925 701 968 tu
718 916 796 969 vis
811 913 1080 969 Novormn
1105 913 1244 967 diem
1265 912 1457 967 festum
1489 927 1651 981 agere

89 1021 198 1060 cum
221 1004 591 1071 Domino,vide
611 1008 882 1076 quomodo
897 1006 1150 1070 semines,
1171 1012 1262 1057 aut
1283 1002 1370 1056 ubi
1389 1003 1647 1069 semines,

86 1098 320 1165 ntpossis
341 1101 472 1153 tales
495 1108 694 1152 metere
715 1096 942 1163 fructus,
970 1112 1033 1150 ex
1057 1095 1254 1163 quibus
1277 1093 1448 1148 lmtari
1482 1092 1650 1148 facias

89 1188 269 1250 Deum,
313 1197 367 1244 et
399 1205 561 1260 agere
610 1190 750 1244 diem
781 1189 997 1245 festum.
1033 1189 1186 1256 Quod
1221 1188 1380 1242 aliter
1427 1185 1652 1254 implere

84 1294 180 1332 non
237 1282 458 1348 poteris,
513 1281 616 1336 nisi
666 1281 858 1334 audias
907 1280 1225 1350 Apostolum
1250 1279 1520 1333 dicentem
1551 1277 1646 1331 ³ος

90 1391 104 1421 ι
142 1370 242 1438 Qui
284 1373 517 1427 seminat
572 1374 623 1428 in
668 1375 887 1442 spiritu,
935 1374 1000 1427 de
1045 1373 1238 1442 spiritu
1271 1380 1436 1426 metet
1486 1369 1648 1422 vitam

75 1478 350 1518 reternam.
390 1485 407 1517 ι
446 1465 501 1520 Si
532 1466 610 1521 sic
642 1467 878 1521 semines
915 1477 968 1522 et
1022 1467 1102 1521 sic
1127 1475 1322 1529 metas,
1356 1477 1481 1518 vere
1508 1463 1648 1515 diem

76 1553 266 1608 festum
308 1571 436 1624 ages
474 1554 766 1612 Novarum.
809 1556 1103 1627 Propterea
1154 1557 1388 1625 denique
1427 1564 1479 1609 ct
1523 1568 1648 1621 pro-

72 1648 227 1709 pheta
264 1647 540 1712 admonet,
570 1649 756 1706 dicens
781 1650 824 1681 ⁸¹
853 1666 866 1702 :
904 1669 922 1700 ‹
947 1650 1202 1704 Innovate
1227 1647 1378 1701 vobis
1411 1643 1647 1707 novalia,

70 1745 119 1788 et
141 1736 308 1790 nolite
327 1737 598 1792 seminare
615 1751 776 1807 super
801 1737 1009 1806 spinas.
1037 1756 1055 1789 ι
1084 1736 1184 1804 Qui
1210 1752 1338 1806 ergo
1374 1751 1466 1789 cor
1495 1746 1650 1788 suum

1759 546 2039 603 dueaverit
2071 547 2270 618 pascha
2321 565 2442 604 cum
2491 551 2877 606 amaritudine.
2933 550 3324 606 Mandncabitis

1753 639 1919 706 cnim,
1959 641 2134 709 inquit
2163 639 2230 705 ⁸³,
2263 656 2451 712 azyma
2487 657 2608 697 cum
2645 643 3031 706 amaritudine,
3088 642 3202 697 sive
3252 643 3326 710 pi-

1751 730 1904 785 criis.
1936 730 2108 786 Audis
2139 747 2272 803 ergo
2311 732 2436 801 quid
2473 745 2655 787 essent
2692 733 3013 789 festivitates
3052 733 3140 787 Dei
3173 750 3185 785 :
3217 747 3322 786 non

1752 822 2021 891 recipiunt
2052 824 2392 880 dulcedinem
2422 827 2795 895 corporalem,
2828 827 2960 881 nihil
2992 827 3276 881 remissmn
3307 865 3322 888 ,

1755 913 1890 966 nihil
1925 915 2445 984 voluptuosum,ant
2476 917 2808 970 luxuriosum
2834 917 3041 981 volunt,
3069 918 3160 971 sed
3191 913 3325 969 alni-

1753 1004 1990 1058 ctionem
2038 1007 2230 1060 anima:
2280 1015 2336 1060 et
2391 1007 2807 1061 amaritudinem
2858 1008 3324 1076 lmmilitatemque

1752 1098 2075 1166 deposcunt,
2111 1099 2237 1168 quia
2274 1101 2364 1169 qui
2403 1115 2462 1154 se
2512 1100 2784 1163 lmmiliat,
2839 1101 2951 1168 ipse
2977 1099 3324 1153 'exaltabilnr

1752 1191 1891 1258 apud
1951 1191 2134 1245 Deum.
2172 1191 2286 1248 Hoc
2338 1208 2468 1263 ergo
2515 1193 2760 1262 deposcit
2813 1203 2868 1246 et
2923 1193 3324 1260 prepitiationis

1751 1280 1891 1334 dies.
1919 1279 2054 1335 Cum
2088 1284 2231 1335 enim
2268 1282 2464 1337 alllicta
2514 1283 2676 1337 fuerit
2717 1283 2896 1338 anima
2959 1293 3012 1336 et
3043 1283 3321 1336 humiliata

1753 1373 1805 1426 in
1835 1383 2126 1442 conspectu
2173 1375 2405 1441 Domini,
2437 1385 2562 1431 tunc
2584 1376 2632 1432 ei
2673 1375 3056 1446 rcpropitiatur
3089 1375 3246 1440 Dens,
3271 1385 3324 1428 et

1747 1475 1881 1528 tunc
1917 1464 1983 1518 ad
2009 1479 2125 1518 eam
2161 1467 2306 1520 venit
2333 1467 2442 1530 ille,
2483 1485 2500 1518 ι
2537 1481 2694 1536 quem
2725 1467 3005 1536 proposuit
3032 1465 3172 1520 Deus
3198 1481 3323 1534 pro-

1753 1557 2062 1624 pitiatorem
2101 1572 2197 1625 per
2221 1559 2378 1611 fidem
2415 1560 2464 1612 in
2503 1559 2764 1629 sanguine
2799 1572 2897 1614 suo
2926 1557 2994 1624 ⁸⁵,
3025 1576 3043 1610 ι
3079 1557 3325 1612 Christus

1751 1643 1912 1700 Jesus
1952 1646 2210 1701 Dominus
2235 1657 2288 1701 et
2318 1649 2626 1718 redemptor
2659 1650 2798 1718 ejus.

1828 1739 1906 1791 ll.
1930 1737 2047 1792 Jam
2075 1754 2203 1793 vero
2232 1741 2456 1796 ultimus
2487 1743 2602 1798 dies
2639 1741 2805 1799 festus
2837 1743 2928 1798 Dei
2967 1745 3091 1815 quis
3116 1744 3186 1800 sit
3220 1757 3326 1812 quo

67 1835 117 1878 et
151 1826 468 1881 interiorem
499 1827 771 1882 hominem
800 1839 1027 1882 renovat
1056 1828 1122 1880 de
1157 1826 1244 1880 die
1279 1827 1330 1878 in
1362 1824 1525 1887 diem,
1552 1820 1654 1874 istc
1687 1815 1726 1870 Β
1759 1830 1899 1885 Deus
1925 1832 2137 1885 ιωιοιυι-
2158 1834 2210 1887 in
2246 1834 2806 1901 hominenvidcamus.
2858 1836 3325 1909 scenopegiaﬁ..-

66 1920 167 1971 sibi
199 1918 421 1971 innovat
441 1918 742 1983 novalia,et
763 1934 867 1974 non
891 1919 1123 1973 seminat
1143 1933 1306 1986 super
1324 1912 1639 1986 spinas.sed

62 2023 231 2076 super
251 2019 453 2062 terram
477 2009 693 2074 bonam,
723 2024 844 2079 quae
876 2009 1065 2064 reddat
1086 2011 1134 2063 ei
1171 2009 1404 2064 fructum
1433 2007 1646 2061 tricesi-

66 2118 236 2166 mum,
264 2110 354 2154 aut
381 2102 801 2170 sexagesimum,
839 2112 930 2156 aut
963 2104 1342 2158 centesimum.
1382 2098 1489 2154 Iste
1517 2115 1646 2169 ergo

66 2203 169 2258 est,
199 2194 369 2262 quiin
405 2195 596 2262 spiritu
633 2196 884 2257 seminat,
919 2205 976 2248 et
1015 2193 1224 2264 colligit
1258 2193 1493 2246 fructum
1535 2193 1644 2260 spi-

62 2300 225 2352 ritus.
260 2299 490 2353 Fructus
529 2307 708 2352 antem
743 2299 986 2368 spiritus,
1017 2299 1248 2368 prinmm
1292 2298 1532 2352 omnium
1563 2307 1644 2351 est

59 2393 326 2461 gaudium
352 2391 417 2446 ⁸⁸.
461 2391 525 2445 Et
572 2393 768 2445 merito
811 2393 950 2446 diem
999 2393 1194 2446 festum
1243 2406 1502 2445 novorum
1536 2389 1645 2442 fru-

59 2492 256 2536 ctuum
295 2485 425 2554 agit,
458 2483 547 2552 qui
589 2483 845 2553 gaudium
880 2484 1070 2548 metit;
1103 2483 1372 2551 praecipue
1407 2482 1450 2536 si
1486 2481 1644 2536 simul

59 2584 234 2627 mctat
268 2585 323 2629 et
375 2591 582 2643 pacem,
615 2586 667 2629 et
726 2575 1064 2645 patientiam,
1121 2585 1173 2630 et
1227 2577 1544 2639 bonitatem,
1593 2585 1648 2629 et

59 2668 564 2728 mansuetudinem,
629 2667 870 2736 aliosque
923 2669 1116 2721 horum
1169 2657 1378 2722 similes
1436 2667 1647 2721 fructus

59 2760 94 2813 si
135 2759 382 2828 colligat,
418 2760 736 2829 dignissime
771 2776 1034 2815 novorum
1071 2759 1345 2816 fructuum
1385 2759 1647 2815 festivita-

59 2869 163 2904 .cm
202 2851 436 2905 Domino
469 2859 610 2921 aget.

119 2978 180 3034 9.
203 2975 563 3034 Tuncdeinde
575 2978 1090 3048 sequiturfestivitas
1106 2978 1648 3050 Septimormn.Sicut

60 3073 208 3125 ‘nim
233 3071 376 3125 inter
395 3072 508 3126 dies
529 3072 793 3141 septimus
808 3073 1032 3140 quisque
1049 3072 1163 3125 dies
1178 3072 1496 3127 observatur
1515 3075 1642 3128 Sal:-

58 3176 283 3230 Jatum,
302 3173 358 3218 et
383 3174 464 3218 est
493 3165 866 3230 fcstivitas,ita
886 3175 939 3220 et
966 3166 1106 3219 inter
1132 3180 1349 3220 menses

58 3259 523 3327 prisquemensis
562 3257 857 3312 Sabbatum
889 3269 970 3310 est
995 3259 1495 3327 meusium.Agitur
1521 3273 1650 3328 ergo

66 3371 98 3405 ιι
119 3367 196 3405 eo
219 3351 513 3416 festivitas,
528 3368 646 3420 quae
662 3351 855 3405 dicitur
875 3349 1108 3406 Sabbata
1135 3351 1506 3417 sabbatorum,
1523 3362 1575 3406 et
1595 3352 1652 3404 lit

62 3463 96 3500 η
123 3447 155 3498 ι]
169 3446 224 3498 ie
243 3445 415 3512 prima
432 3447 628 3499 mensis
645 3446 766 3498 tuba
778 3460 891 3498 rmn
914 3444 1306 3500 memoria.Sed
1324 3445 1444 3514 quis
1463 3443 1650 3513 estqui

57 3549 423 3602 'estivitatem
450 3549 599 3613 gerat
619 3537 890 3593 memoria:
916 3539 1188 3602 tubarum,
1225 3538 1324 3592 nisi
1359 3539 1448 3606 qui
1475 3545 1647 3606 potest

57 3641 388 3708 Scripturas
440 3635 782 3706 prOphetieas
825 3643 879 3690 et
911 3633 1275 3704 evangelicas,
1329 3646 1448 3700 qua:
1480 3628 1646 3682 veluti

58 3740 323 3795 roelcsds
382 3738 628 3807 qutr'dam
678 3745 967 3807 personant
1019 3736 1144 3789 tuba
1183 3733 1333 3803 (22),
1393 3732 1652 3786 mandare

58 3833 357 3886 nemon-ia:
391 3841 445 3886 et
489 3831 632 3884 intra
661 3831 975 3884 thesaurum
999 3829 1177 3882 cordis
1201 3827 1281 3881 sui
1321 3825 1654 3881 recondere?

57 3925 160 3992 )ui
201 3939 343 3992 ergo
376 3922 488 3975 hare
525 3922 720 3975 facitet
753 3922 804 3974 in
842 3919 957 3990 lege
1004 3920 1094 3973 Dei
1132 3920 1422 3974 meditatur
1457 3918 1544 3973 die
1584 3935 1648 3973 ac

57 4028 257 4080 mete,
312 4016 414 4072 iste
462 4015 810 4069 festivitatem
865 4014 1004 4084 gerit
1058 4014 1334 4068 memoria:
1373 4013 1646 4070 tubarum.

57 4109 164 4164 Sed
211 4108 344 4162 etsi
378 4107 500 4175 quis
535 4116 715 4175 potest
764 4106 970 4173 gratias
1018 4105 1141 4160 illas
1189 4107 1361 4162 sancti
1409 4103 1650 4174 Spiritus

57 4200 377 4255 irornereri
419 4199 618 4268 quibus
657 4197 905 4265 inspirati
938 4207 1062 4252 sunt
1091 4200 1388 4269 propheta},
1417 4209 1471 4254 et
1507 4199 1652 4269 psal-

57 4309 178 4348 ens
219 4292 414 4346 dicere
451 4308 464 4344 :
497 4310 514 4342 ι
555 4291 745 4345 Canite
772 4289 985 4342 initium
1013 4291 1214 4346 mensis
1263 4292 1410 4355 tuba,
1465 4293 1515 4346 in
1565 4292 1652 4348 die

57 4386 310 4456 nsignis
340 4385 700 4440 solemnitatis
727 4385 899 4450 ejus,»
919 4397 974 4440 et
998 4383 1209 4453 quiscit
1233 4383 1286 4438 in
1313 4384 1536 4451 psalmis
1556 4384 1647 4453 ju-

58 4479 249 4532 »ilare
279 4477 352 4540 ei,
388 4477 545 4547 digne
576 4477 685 4546 agit
717 4477 1112 4532 solemnitatem
1140 4476 1434 4530 Tubarum.

110 4607 232 4661 10.
271 4606 366 4660 Est
395 4606 570 4661 adhuc
596 4617 646 4659 et
667 4606 766 4658 alia
805 4605 1089 4666 festivitas,
1113 4618 1234 4656 cum
1263 4602 1504 4672 afﬂigunt
1534 4603 1654 4657 ani-

65 4718 171 4754 ias
220 4714 355 4751 suas
381 4709 434 4751 et
461 4698 747 4752 humiliant
801 4712 858 4751 se
896 4698 1004 4750 Deo
1042 4695 1178 4750 festa
1211 4695 1574 4749 celebrantes.
1609 4696 1652 4750 Ο

61 4794 204 4844 ιῑττι
259 4789 548 4844 festivitas!
573 4789 687 4844 dies
723 4788 891 4842 festus
930 4797 1154 4841 vocatur
1181 4786 1402 4840 alllietio
1429 4785 1646 4841 animae.

57 4885 153 4938 lic
192 4882 380 4945 enim,
409 4881 599 4949 inquit,
628 4881 741 4935 dies
774 4890 854 4934 est
885 4881 1290 4950 propitiationis
1325 4882 1536 4936 decima
1565 4882 1652 4935 die

58 4973 287 5030 tensis
317 4973 554 5040 septimi.
586 4973 720 5027 Vide
755 4987 907 5039 ergo,
945 4973 987 5025 si
1015 4973 1094 5026 vis
1118 4974 1257 5027 diem
1296 4971 1488 5026 festum
1520 4987 1648 5040 age-

57 5083 122 5128 e,
164 5065 231 5118 si
277 5063 358 5117 vis
390 5070 448 5115 ut
480 5061 691 5116 Iretctnr
731 5061 870 5116 Dens
906 5063 1065 5131 s'uper
1095 5073 1166 5126 te,
1205 5061 1376 5132 afllige
1410 5066 1648 5116 animam

57 5173 229 5215 Jmn
284 5165 342 5210 et
387 5153 606 5208 humilia
648 5169 789 5208 eam.
831 5153 944 5208 Non
989 5155 1036 5207 ei
1097 5155 1381 5222 permittas
1429 5156 1650 5224 explere

58 5249 355 5306 esideria
385 5262 503 5308 sua,
529 5261 625 5300 nec
659 5246 927 5300 concedas
951 5246 1002 5299 ei
1039 5246 1272 5299 lasciviis
1295 5249 1538 5314 evagari.
1558 5247 1650 5301 sed

58 5350 404 5414 iquantum
443 5338 558 5392 fieri
589 5347 785 5408 potest,
818 5338 990 5406 alll‘ge
1021 5349 1074 5392 et
1104 5337 1324 5391 hnrnilia
1353 5353 1494 5392 eam.
1546 5340 1647 5393 De-

59 5440 250 5504 ique
278 5429 503 5485 Paschze
535 5430 800 5484 festivitas
826 5439 880 5483 et
909 5433 1233 5500 Azyinorum
1253 5468 1268 5493 ,
1297 5444 1490 5498 panem
1517 5431 1650 5483 aﬂli-

57 5522 284 5581 tionis
322 5521 520 5578 habere
542 5521 782 5577 dicitur:
814 5537 911 5575 nec
945 5531 1122 5591 potest
1151 5522 1273 5590 quis
1304 5537 1464 5594 agere
1511 5523 1652 5578 diem

89 5647 164 5680 8°
209 5643 394 5698 Galat.
431 5614 501 5703 Vl,
533 5643 584 5696 8.
658 5641 702 5674 ⁸⁸
739 5639 938 5694 Jerem.
971 5656 1041 5704 tv,
1073 5640 1124 5693 5.

57 5723 115 5775 5.
245 5714 292 5744 "
327 5715 427 5768 lsa.
463 5731 582 5780 xxx,
611 5715 698 5769 26.

1225 5640 1270 5672 θ’
1299 5639 1468 5694 Galat.
1525 5659 1577 5706 v,
1609 5641 1696 5695 22.

1747 1923 1890 1991 quit.
1905 1920 2142 1976 Laetatur
2157 1938 2287 1993 ergo
2302 1937 2468 1992 super
2485 1930 2556 1992 te,
2569 1942 2690 1982 cum
2713 1936 2764 1981 te
2781 1927 2974 1982 viderit
2990 1931 3042 1981 in
3063 1929 3162 1984 hoc
3179 1945 3328 1981 mun-

1748 2019 1814 2071 do
1849 2016 1897 2068 in
1937 2015 2294 2069 tabernaculis
2315 2017 2470 2088 361
2511 2019 2870 2086 habitantem,
2898 2038 3019 2078 cum
3054 2031 3104 2076 te
3130 2021 3326 2075 viderit

1748 2124 1850 2161 non
1903 2109 2104 2162 habere
2149 2107 2313 2162 fixum
2351 2121 2404 2163 et
2437 2108 2715 2165 fundatum
2755 2113 2994 2166 animum
3028 2127 3092 2168 ac
3127 2127 3324 2182 propo-

1746 2201 1908 2254 situm
1942 2214 2101 2268 super
2134 2209 2342 2262 terras,
2371 2215 2471 2254 nec
2501 2200 2901 2258 desiderantem
2939 2218 3060 2273 qua:
3107 2211 3322 2256 terrena

1747 2304 1905 2361 sunt,
1958 2310 2055 2348 nec
2081 2295 2328 2347 umhram
2359 2294 2482 2346 vita:
2532 2293 2690 2363 hujus
2736 2297 2886 2365 quasi
2924 2297 3323 2365 possessionem

1751 2389 2020 2457 propriam
2053 2397 2105 2441 et
2143 2397 2460 2458 perpetuam
2507 2389 2888 2459 deputantem,
2944 2392 3039 2444 sed
3089 2391 3232 2445 velut
3274 2393 3323 2444 in

1751 2482 1980 2534 transitu
2015 2483 2247 2552 positum
2280 2521 2294 2546 ,
2328 2493 2382 2538 et
2415 2481 2479 2534 ad
2512 2497 2693 2536 veram
2746 2482 2888 2536 illam
2919 2484 3150 2553 patriam
3186 2485 3326 2536 unde

1748 2587 2000 2643 egressus
2027 2590 2087 2629 es
2112 2615 2125 2639 ,
2158 2575 2397 2644 paradisi
2455 2573 2796 2630 festinantem
2845 2591 2905 2629 ac
2935 2576 3204 2630 dicentem
3234 2578 3280 2607 ⁸³
3306 2593 3320 2628 :

1754 2691 1770 2723 ι
1811 2669 1987 2725 lncola
2015 2685 2114 2738 ego
2146 2685 2263 2724 sum
2293 2679 2347 2722 ct
2378 2671 2720 2737 peregrinus,
2750 2667 2890 2721 sicut
2922 2681 3109 2721 onmes
3141 2675 3325 2736 patres

1751 2765 1875 2818 mei.
1905 2783 1924 2816 ι
1963 2765 2016 2818 In
2053 2763 2420 2819 tabernaculis
2455 2763 2596 2816 enim
2627 2760 3012 2814 habitaverunt
3037 2768 3090 2813 et
3123 2771 3323 2828 patres,

1749 2869 1801 2913 et
1831 2859 2102 2911 Abraham
2135 2858 2186 2912 in
2219 2857 2416 2911 casulis
2439 2898 2450 2920 ,
2484 2858 2534 2910 id
2581 2867 2664 2911 est
2688 2901 2700 2921 ,
2736 2859 2788 2910 in
2825 2852 3192 2908 tabernaculis
3226 2853 3326 2906 hao

1751 2949 1945 3006 bilavit
1976 2967 2094 3004 cum
2131 2950 2280 3004 Isaae
2328 2960 2380 3005 et
2413 2948 2580 3006 Jacoh
2619 2947 2990 3004 eohzeredibus
3033 2947 3327 3016 repromis-

1750 3044 1919 3098 sionis
1949 3043 2211 3113 ejusdem.
2243 3043 2375 3098 Cum
2411 3058 2541 3113 ergo
2577 3042 2750 3098 incola
2799 3041 2965 3096 fueris
3000 3049 3054 3093 et
3089 3037 3326 3109 peregri-

1385 3162 1646 3234 Scplimus-
1675 3155 1715 3211 ο
1755 3153 1852 3191 nus
1884 3137 1936 3189 in
1975 3136 2132 3190 terris
2158 3177 2171 3200 ,
2205 3144 2258 3190 et
2289 3151 2395 3190 non
2428 3145 2509 3189 est
2559 3151 2710 3190 mens
2741 3146 2828 3188 tua
2862 3135 2964 3188 fixa
2993 3143 3047 3187 et
3086 3131 3322 3185 radicata

1755 3229 1806 3282 in
1847 3226 2132 3282 desideriis
2179 3236 2516 3280 terrenorum
2547 3267 2560 3290 ,
2595 3227 2686 3280 sed
2732 3234 2955 3295 paratus
3000 3238 3058 3278 es
3114 3233 3174 3277 ut
3217 3222 3327 3276 Cilu

1754 3332 2018 3385 transeas,
2047 3330 2098 3375 et
2129 3329 2348 3388 paratus
2373 3334 2429 3372 es
2462 3321 2753 3373 extendere
2792 3327 2842 3370 te
2885 3330 3096 3385 semper
3127 3316 3195 3370 ad
3242 3314 3326 3367 iu-

1755 3414 1982 3476 teriora,
2011 3425 2296 3479 usquean
2326 3408 2608 3476 pervenias
2641 3405 2706 3458 ad
2741 3417 2938 3458 terram
2966 3401 3219 3457 liuentem
3245 3398 3327 3452 lac

1754 3515 1806 3561 et
1841 3505 1980 3570 mel,
2035 3513 2086 3557 et
2135 3501 2504 3556 hatreditalem
2552 3499 2734 3568 capias
2782 3497 3124 3551 futurorum:
3167 3492 3211 3546 si
3252 3499 3323 3555 te,

1753 3598 1970 3666 inquam
1998 3637 2011 3658 ,
2047 3596 2280 3662 positum
2311 3592 2363 3645 in
2412 3592 2493 3644 his
2526 3590 2701 3644 videat
2741 3587 2914 3650 Deus,
2947 3587 3156 3640 la:tatur
3185 3585 3238 3637 in
3271 3593 3321 3636 te

1753 3698 1802 3744 et
1835 3689 1974 3742 diem
2005 3687 2198 3741 festum
2228 3683 2336 3754 agit
2378 3697 2540 3752 super
2588 3691 2659 3736 te.
2697 3679 2821 3734 lbec
2849 3679 3064 3748 quidem
3108 3677 3161 3731 in
3192 3692 3328 3745 pra:-

1753 3781 1888 3837 senti
1916 3823 1931 3845 ,
1967 3781 2017 3833 in
2054 3779 2234 3832 futuro
2268 3793 2394 3831 vero
2421 3817 2434 3841 ,
2469 3776 2512 3829 si
2550 3775 2631 3829 vis
2671 3773 3016 3828 considerare
3057 3769 3327 3840 quomodo

1755 3883 1986 3944 agantur
2023 3873 2136 3927 dies
2164 3871 2306 3935 festi,
2337 3871 2484 3940 erige
2516 3869 2810 3940 paululum,
2853 3867 2896 3920 si
2931 3875 3105 3935 potes,
3135 3877 3327 3918 sensus

1756 3977 1875 4020 tuos
1909 3981 1937 4018 a
1973 3973 2116 4019 terra
2139 4003 2154 4028 ,
2187 3971 2240 4018 et
2269 3961 2592 4016 obliviscere
2620 3960 2896 4029 paulEsper
2926 3959 3040 4012 haec
3076 3970 3194 4025 qua:
3224 3955 3324 4008 ha-

1753 4059 1949 4113 bcntnr
1977 4058 2028 4110 in
2058 4055 2217 4109 facie.
2251 4053 2506 4108 Describe
2541 4067 2667 4106 vero
2698 4052 2793 4105 tibi
2827 4049 3098 4120 quomodo
3129 4046 3324 4102 etelum

1754 4161 1808 4207 et
1865 4161 2006 4204 terra
2050 4157 2364 4215 transeant,
2409 4156 2464 4201 et
2514 4146 2707 4201 transit
2747 4144 2924 4199 omnis
2972 4143 3062 4197 hic
3107 4139 3326 4195 habitus

1756 4242 2177 4305 mundi,c(elum
2211 4256 2337 4296 vero
2369 4256 2583 4298 novum.
2617 4248 2671 4294 et
2703 4247 2845 4293 terra
2880 4251 3018 4292 nova
3050 4234 3321 4289 fundetur.

1754 4339 1958 4392 Amnve
1981 4337 2046 4390 de
2072 4334 2450 4404 conspectibus
2482 4335 2584 4388 tuis
2605 4335 2765 4388 etiam
2792 4332 2919 4388 solis
2945 4329 3105 4398 hujus
3130 4328 3323 4390 lucem,

1755 4439 1811 4484 et
1837 4429 1900 4482 da
1937 4427 2007 4482 illi
2045 4427 2242 4481 mundo
2270 4428 2360 4496 qui
2396 4435 2655 4480 venturus
2687 4435 2769 4479 est
2795 4466 2810 4488 ,
2851 4424 2984 4478 solis
3022 4419 3326 4491 septuplurn

1685 4509 1730 4564 Ῑ)
1761 4521 1936 4574 lumen
1967 4519 2034 4573 ⁸⁸.
2069 4517 2180 4572 lmo
2213 4518 2391 4586 potius
2419 4519 2712 4571 secundum
2755 4516 3052 4583 Scriptura:
3089 4511 3328 4565 auctori-

1759 4622 1922 4666 tatem
1971 4610 2143 4679 ipsum
2179 4608 2228 4661 ei
2265 4609 2330 4661 da
2364 4607 2648 4660 Dominum
2683 4605 2881 4659 lucem.
2911 4602 3057 4656 Pone
3085 4608 3327 4655 astantes

1758 4700 1978 4770 angelos
2003 4699 2208 4769 gloriie,
2239 4711 2376 4767 pone
2406 4697 2657 4758 virtutes,
2683 4701 3000 4765 potestates,
3026 4692 3204 4756 sedes,
3233 4690 3328 4746 tio-

1759 4793 2112 4852 minationes,
2146 4799 2308 4856 atque
2337 4803 2496 4842 omne
2529 4802 2725 4841 nomen
2766 4785 3186 4840 clarissimarum
3215 4795 3326 4836 caa-

1756 4884 2079 4951 lestiumquc
2112 4880 2368 4933 virtntmn
2391 4921 2405 4946 ,
2461 4895 2565 4934 non
2612 4878 2781 4933 solum
2814 4876 2953 4946 quod
2990 4876 3043 4928 in
3073 4874 3324 4943 prmsenti

1758 4978 1952 5034 smculo
1989 4977 2320 5036 nominatur,
2351 4973 2443 5026 sed
2477 4972 2617 5041 quod
2647 4971 2808 5025 etiam
2851 4971 2902 5023 in
2945 4967 3152 5024 futuro.
3182 4965 3329 5020 inter

1757 5071 1856 5124 hos
1901 5082 2089 5123 omnes
2131 5065 2414 5120 c'onsidera
2443 5074 2496 5119 et
2539 5061 2743 5132 conjice
2789 5060 3057 5131 quomodo
3086 5059 3168 5130 agi
3203 5071 3328 5126 pos-

1758 5163 1864 5216 sint
1889 5163 2006 5217 dies
2037 5161 2156 5216 festi
2187 5159 2430 5214 Domini:
2465 5173 2586 5227 qua:
2616 5157 2686 5212 ibi
2719 5157 3016 5221 festivitas,
3049 5168 3169 5224 qua:
3196 5166 3328 5221 gau-

1758 5257 1867 5322 dia,
1907 5269 2026 5324 qua:
2060 5253 2257 5307 lzetitite
2286 5251 2616 5323 magnitudo.
2645 5249 2778 5304 Nam
2810 5249 2874 5304 de
2902 5249 2967 5302 iis
2998 5261 3134 5316 quos
3163 5257 3326 5312 supra

1757 5346 1990 5400 diximus
2024 5342 2357 5412 spiritalibus
2405 5339 2823 5404 festivitatibus,
2855 5336 3071 5394 etiamsi
3119 5346 3327 5403 magna

1758 5439 1867 5492 sint
1899 5444 1952 5491 et
1982 5452 2143 5501 verte,
2182 5436 2450 5505 praecipue
2476 5452 2596 5492 cum
2629 5433 2944 5506 spiritaliter
2977 5434 3242 5500 geruntur
3272 5426 3325 5476 in

1762 5528 1964 5593 anima,
1994 5542 2184 5596 magna
2224 5535 2398 5582 tamen
2430 5542 2497 5581 ex
2525 5535 2677 5598 parte
2702 5534 2845 5590 sunt,
2867 5536 2972 5576 non
2997 5533 3062 5573 ex
3097 5517 3324 5583 integro.

1795 5641 1839 5673 ⁸³
1872 5642 2038 5697 Exod.
2072 5659 2167 5707 xu,
2197 5642 2250 5696 8.
2333 5643 2380 5676 ⁸⁸
2407 5643 2562 5698 Rom.
2597 5657 2678 5697 ιιι.
2707 5640 2796 5694 25.
2865 5638 2910 5671 ⁸⁵
2941 5637 3080 5692 Psal-
3118 5653 3339 5705 XXXVIII.

99 5811 268 5883 (Ξῖ)
303 5809 446 5864 Idem
479 5805 896 5875 manuscriptus,
935 5822 952 5854 ‹
989 5818 1105 5871 qum
1139 5803 1285 5856 velut
1317 5802 1522 5857 coelcsti
1554 5803 1784 5872 quadam
1821 5813 2114 5873 personant
2148 5803 2293 5877 tuba.
2336 5822 2352 5853 ι
