3874 6502
550 358 659 415 73S

1987 361 2304 421 ORIGEMS
3639 359 3710 420 756

552 485 708 539 Sicut
731 483 876 539 enim
913 483 1046 539 dixit
1077 484 1366 555 Apostolus
1390 474 1475 556 '7‘,
1509 480 1638 559 quia
1677 508 1694 542 ι
1734 503 1796 543 ex
1845 497 1996 559 parte
2021 489 2129 542 sci-
2164 491 2206 549 Α
2241 496 2322 540 ter
2353 482 2588 538 famulus
2612 482 2705 538 Dei
2741 481 2795 534 in
2827 479 3046 535 cantico
3072 475 3240 532 Exodi
3270 475 3492 547 designat
3507 477 3710 542 dicens";

553 593 693 641 mus,
731 585 783 632 et
833 591 898 632 ex
931 587 1088 647 parte
1133 581 1525 650 prephetamus
1565 599 1579 647 ;
1621 601 1637 634 ι
1682 583 1753 636 ita
1799 595 2140 650 consequens

550 677 654 735 est,
702 677 761 722 ut
805 683 870 722 ex
914 679 1067 739 parte
1096 672 1238 726 diem
1288 672 1483 727 festum
1531 689 1804 744 geramus.
1855 672 1924 729 Ut
1957 683 2136 728 autem

550 759 694 813 scias
721 759 837 814 hzec
867 761 938 815 ita
966 777 1106 826 esse,
1133 764 1420 820 redeamus
1448 768 1512 820 ad
1551 765 1720 836 ipsius
1752 765 1902 819 Pauli
1931 780 2137 820 sermo-

552 868 674 906 nem
701 891 718 917 ,
750 866 910 921 quem
945 858 1011 908 de
1063 855 1254 911 diebus
1283 857 1435 912 festis
1475 868 1530 913 ct
1579 860 1882 914 neomeniis
1915 859 2134 928 posuit;

548 954 603 998 et
635 946 758 1001 vide
792 951 1063 1016 quomodo
1102 952 1464 1006 observanter
1497 953 1675 1009 dixit:
1719 971 1738 1004 ι
1776 953 1948 1009 Nemo
1986 968 2135 1023 ergo,

551 1037 627 1090 ait
659 1039 723 1103 ⁸⁸,
763 1054 860 1093 vos
882 1040 1090 1109 judicet
1116 1041 1169 1096 in
1203 1044 1346 1110 cibo,
1383 1055 1475 1099 aut
1510 1047 1560 1100 in
1589 1056 1753 1115 potu,
1781 1059 1868 1100 aut
1900 1046 1955 1100 in
1989 1056 2138 1114 parte

551 1131 658 1186 diei
695 1133 842 1188 festi.
883 1152 900 1184 ι
954 1135 1186 1191 Attende
1217 1151 1345 1208 ergo
1389 1139 1703 1210 diligentius
1728 1137 2002 1208 quomodo
2033 1154 2135 1191 non

551 1225 691 1281 dixit
730 1228 782 1280 in
820 1228 905 1281 die
939 1226 1078 1282 festo
1102 1271 1119 1295 ,
1151 1230 1242 1283 sed
1275 1231 1326 1284 in
1360 1242 1512 1301 parte
1545 1232 1650 1285 diei
1687 1231 1833 1284 feSIi.
1865 1231 1938 1284 Ex
1987 1239 2139 1300 parte

553 1320 697 1374 enim
731 1328 785 1373 et
822 1305 936 1374 onon
969 1336 1034 1375 ex
1069 1321 1281 1393 integro
1313 1324 1453 1378 diem
1490 1323 1685 1378 festum
1719 1325 1770 1377 in
1809 1327 1909 1377 hoc
1939 1323 2138 1376 mundo

551 1413 712 1481 positi
743 1413 1105 1470 celebramus.
1140 1413 1552 1485 lnterpcllamur
1592 1417 1738 1472 enim
1783 1416 1996 1470 etiamsi
2038 1431 2129 1468 no-

553 1504 732 1559 lumus
760 1507 827 1558 ab
852 1521 1020 1560 onere
1053 1508 1269 1571 carnis,
1301 1508 1578 1576 pulsamur
1603 1523 1631 1561 a
1683 1507 2138 1576 concupiscentiis

553 1597 693 1662 ejus,
719 1598 973 1668 curisque
989 1607 1043 1652 et
1074 1600 1527 1654 sollicitudinibus
1551 1600 1916 1656 terebramur.
1956 1619 1973 1652 ι
2005 1599 2140 1654 Cor-

551 1705 653 1759 pus
676 1692 820 1744 enim
847 1693 1214 1762 corruptibile,
1248 1713 1265 1744 ι
1298 1702 1355 1746 ιιι
1388 1694 1463 1747 ait
1497 1694 1584 1749 ille
1614 1695 2046 1762 sapientissimus
2067 1694 2134 1761 3°,

557 1799 575 1830 ι
614 1792 875 1850 aggravat
911 1783 1169 1849 animam,
1214 1793 1269 1836 et
1300 1785 1555 1855 deprimit
1594 1801 1813 1842 sensum
1848 1787 2014 1840 multa
2045 1803 2138 1842 eo-

2254 594 2270 626 ι
2308 575 2476 629 Indue
2523 583 2575 628 et
2607 572 2788 641 planta
2833 584 2928 624 eos
2960 568 3013 622 in
3047 575 3230 620 monte
3259 564 3554 618 hereditatis
3577 571 3711 630 tum.

2245 677 2545 740 praeparata
2584 663 2920 720 habitatione
2951 671 3038 715 tua
3068 702 3083 726 ,
3112 673 3271 729 quam
3317 658 3621 726 preparasti,
3647 658 3714 711 Do-

2245 761 2408 813 mine.
2447 777 2465 810 ι
2506 756 2707 810 Paulus
2745 768 2960 823 quoque
2995 749 3269 819 apostolus
3313 749 3478 803 sciens
3504 762 3600 801 esse
3621 764 3716 816 qu:-

2243 856 2364 908 dam
2396 853 2567 924 prima
2599 850 2875 906 imbuendi
2909 848 3089 910 initia,
3118 856 3245 898 tunc
3269 843 3452 897 deinde
3472 857 3550 912 per
3574 853 3715 911 tempus

2244 949 2407 1001 etiam
2450 946 2515 999 ad
2552 944 2944 1016 perfectionem
2980 940 3178 1003 veniri,
3207 938 3444 994 scribens
3484 938 3714 1006 quibusdam

2243 1041 2563 1096 diccbat":
2615 1056 2634 1090 ι
2669 1038 2882 1093 Etenim
2932 1051 3056 1090 cum
3099 1031 3368 1088 deberetis
3408 1030 3506 1100 jam
3549 1033 3714 1100 magistri

2242 1147 2360 1186 esse
2395 1140 2618 1201 pr0pter
2647 1139 2882 1200 tempus,
2909 1143 3123 1183 rursum
3158 1123 3408 1194 indigetis
3432 1133 3483 1175 ut
3503 1125 3716 1177 doceatniui

2244 1241 2362 1294 quae
2397 1224 2506 1278 siut
2533 1223 2801 1277 elementa
2831 1219 3038 1278 exordii
3082 1232 3389 1273 sermonum
3417 1215 3499 1268 Dei
3519 1254 3531 1277 ,
3569 1225 3611 1268 ct
3639 1217 3716 1268 iacti

2241 1319 2372 1373 estis
2404 1319 2600 1388 quibus
2650 1318 2792 1371 lacte
2838 1332 2970 1386 opus
3017 1315 3087 1369 sit
3113 1354 3129 1379 ,
3163 1327 3266 1366 non
3296 1312 3413 1365 cibo
3438 1309 3564 1363 forti.
3595 1309 3718 1364 Omnis

2242 1414 2382 1468 enim
2415 1413 2506 1482 qui
2540 1413 2677 1466 lacte
2707 1412 2870 1464 alitur
2906 1423 3105 1479 expers
3138 1416 3220 1462 est
3255 1403 3509 1460 sermonis
3545 1400 3718 1470 justitit,

2241 1504 2496 1574 parvulus
2525 1503 2666 1557 enim
2701 1510 2803 1556 est.
2851 1499 3226 1554 Pcrfectornm
3274 1510 3403 1549 vero
3433 1494 3564 1548 cibus
3585 1495 3720 1548 solidas

2241 1608 2346 1662 est,
2379 1597 2470 1666 qui
2519 1612 2616 1666 pro
2669 1594 3024 1664 possibilitate
3068 1590 3314 1645 sumendi
3361 1587 3634 1642 exercitatos
3664 1588 3722 1640 lu-

2241 1691 2367 1746 bent
2395 1705 2588 1746 sensus
2620 1690 2688 1744 ad
2715 1689 3097 1743 discretionem
3135 1685 3259 1738 boni
3290 1683 3373 1737 vel
3398 1683 3534 1736 mali.
3555 1702 3569 1731 ι
3593 1681 3641 1735 Et
3663 1683 3722 1736 itc-

2239 1799 2360 1836 rum
2395 1782 2449 1836 in
2479 1781 2598 1836 aliis
2625 1822 2640 1847 ,
2676 1782 2911 1836 litteram
2941 1779 3073 1848 legis
3098 1819 3111 1841 ,
3141 1789 3465 1844 omnemque
3507 1773 3720 1839 bitjusmoii

552 1872 836 1942 gilaltlem.
872 1895 891 1927 ι
938 1876 1016 1929 Ex
1073 1887 1228 1945 parte
1264 1850 1393 1948 ergo
1450 1879 1498 1932 in
1559 1880 1662 1935 hoc
1711 1882 1912 1937 mundo
1960 1883 2134 1937 sancti
2170 1850 2210 1904 Β
2241 1875 2566 1944 scripturam
2615 1874 2882 1928 clen'tenta
2935 1869 3120 1924 mundi
3160 1882 3285 1922 esse
3333 1865 3719 1920 commemorat".

553 1975 719 2032 agunt
747 1967 885 2020 diem
921 1965 1141 2034 festmn,
1187 1970 1310 2038 quia
1343 1980 1398 2024 et
1435 1987 1498 2026 ex
1533 1982 1686 2042 parte
1724 1975 1937 2040 sciunt,
1987 1987 2040 2030 et
2069 1991 2136 2030 ex

551 2067 702 2125 parte
727 2059 1078 2128 prophetam.
1105 2061 1238 2114 Cum
1271 2073 1450 2117 autem
1479 2065 1727 2120 venerint
1749 2082 1868 2136 quae
1895 2066 2135 2136 perfecta

551 2158 715 2215 sum,
763 2152 1114 2206 destrueutur
1159 2153 1261 2207 ista
1299 2170 1419 2224 quae
1463 2172 1528 2211 ex
1583 2167 1734 2226 parte
1785 2170 1930 2216 sunt.
1984 2161 2138 2215 Sicut

548 2239 697 2292 enim
730 2240 982 2308 perfecta:
1013 2243 1255 2298 scientia:
1289 2247 1432 2300 cedit
1476 2247 1572 2301 ista
1607 2264 1724 2318 quae
1752 2265 1814 2303 ex
1853 2260 2006 2317 parte
2029 2259 2133 2317 est,

550 2341 604 2386 et
637 2332 888 2400 perfectae
924 2337 1221 2405 prophetiae
1250 2340 1394 2393 cedit
1440 2341 1538 2393 ista
1569 2356 1686 2410 quae
1718 2359 1782 2396 ex
1830 2352 1984 2412 parte
2013 2355 2132 2397 est:

552 2425 630 2478 ita
658 2435 710 2480 et
745 2427 998 2494 perfectae
1027 2429 1308 2484 festivitati
1336 2433 1477 2486 cedit
1509 2433 1609 2486 ista
1637 2449 1755 2502 quae
1787 2451 1850 2487 ex
1887 2445 2038 2504 parte
2055 2444 2136 2490 est

553 2515 848 2576 festivitas.
884 2519 1071 2591 Neque
1118 2524 1262 2576 enim
1299 2525 1443 2592 quod
1482 2526 1779 2594 perfectum
1805 2528 2136 2581 cstniundus

553 2611 658 2666 iste
691 2627 889 2680 capere
917 2623 1111 2681 potest,
1149 2616 1270 2681 ubi,
1301 2625 1359 2669 ut
1391 2619 1650 2684 diximus,
1682 2620 1981 2674 necessitas
2012 2635 2133 2674 cor-

552 2705 700 2771 poris
729 2721 873 2760 nunc
903 2708 1106 2775 cibum,
1139 2727 1282 2765 nunc
1309 2722 1515 2781 potum,
1550 2728 1691 2766 nunc
1729 2728 1976 2767 somnum
2004 2728 2132 2784 sug-

551 2796 722 2866 gerit,
759 2814 900 2853 nunc
947 2800 1109 2853 etiam
1151 2813 1631 2874 quantamcunque
1675 2806 1986 2860 necessario
2013 2807 2136 2860 vita:

553 2889 840 2955 praesentis
889 2891 1308 2946 sollicitudinem
1361 2906 1558 2959 movet,
1594 2911 1715 2964 quae
1740 2898 1922 2949 omnia
1964 2898 2135 2952 inter-

556 2991 814 3049 rumpunt
839 2981 958 3035 sine
986 2981 1149 3037 dubio
1181 2985 1648 3040 continuationem
1677 2989 1986 3043 festivitatis
2016 2988 2131 3047 Dei.

552 3070 687 3124 Cum
717 3082 896 3127 autem
923 3076 1135 3129 venerit
1164 3075 1289 3150 illud
1322 3079 1465 3146 quod
1500 3079 1703 3132 dictum
1735 3090 1816 3134 est.
1849 3081 1916 3135 de
1946 3081 2011 3136 iis
2041 3081 2132 3150 qui

550 3166 917 3221 restituuntur
951 3168 1005 3222 in
1040 3180 1228 3224 sancta
1252 3211 1265 3234 ,
1295 3172 1338 3226 si
1375 3181 1551 3226 tamen
1585 3182 1636 3227 ct
1669 3189 1766 3228 nos
1796 3189 1862 3228 ex
1905 3175 1971 3230 iis
2014 3190 2134 3231 esse

551 3271 861 3312 mereamur
884 3260 974 3328 qui
1014 3263 1334 3316 restituendi
1359 3274 1506 3330 sunt,
1537 3265 1628 3333 qui
1659 3280 1834 3334 neque
1867 3267 2131 3334 esurient,

551 3361 727 3418 eque
758 3347 978 3417 sitient,
1025 3367 1199 3421 neque
1246 3351 1652 3422 dormitahunt,
1694 3371 1867 3425 neque
1915 3357 2136 3412 labora—

548 3439 708 3506 bunt,
732 3441 824 3495 sed
850 3451 1012 3497 erunt
1035 3445 1345 3514 pervigiles,
1375 3448 1513 3501 sicut
1536 3447 1850 3517 angelorum
1879 3449 1988 3502 vita
2015 3464 2135 3518 per-

547 3531 678 3602 vigil
713 3534 910 3589 dicitur
945 3554 958 3589 :
999 3551 1124 3592 cum
1160 3538 1210 3590 in
1244 3538 1397 3592 illum
1427 3539 1674 3594 ordinem
1711 3540 1920 3594 restitui
1960 3556 2134 3596 mereo

548 3625 771 3692 bimur,
825 3637 953 3683 tunc
1001 3629 1106 3682 erit
1152 3644 1275 3685 vera
1337 3641 1393 3686 et
1454 3633 1766 3702 incorrupta
1828 3635 2132 3702 festivitas,

547 3715 704 3784 cujus
756 3719 1071 3774 festivitatis
1124 3721 1376 3791 princeps
1426 3731 1481 3777 et
1550 3739 1780 3793 sponsus
1838 3734 1892 3780 et
1949 3726 2132 3780 domi-

545 3824 651 3863 nus
707 3809 813 3863 erit
886 3811 1002 3879 ipse
1072 3810 1230 3868 Jcsus
1280 3815 1528 3870 Christus
1587 3815 1844 3872 Salvator
1899 3828 2129 3886 noster,

547 3900 636 3954 cui
677 3910 763 3955 est
800 3901 972 3971 gloria
1013 3911 1070 3959 et
1108 3905 1395 3974 imperium
1437 3906 1490 3962 in
1527 3908 1728 3965 saecula
1783 3912 2128 3967 smculorum.

546 3993 744 4048 Amen.

1083 4111 1364 4170 IIOMILIA
1405 4116 1601 4172 XXIV.

551 4199 985 4282 DeOsncriﬁciiﬂ
1012 4222 1131 4282 qua:
1190 4223 1286 4282 per
1333 4226 1753 4282 unamquamque
1791 4212 2130 4281 festivitatem

609 4273 870 4342 jubentur
902 4273 1118 4343 oﬂ'erri,
1147 4289 1194 4330 et
1223 4279 1286 4331 de
1321 4281 1450 4332 votis
1488 4273 1605 4348 quae
1641 4273 1887 4336 v'oven'tur
1914 4284 2024 4338 Deo
2060 4285 2129 4338 9°.

621 4365 679 4419 1.
712 4364 916 4422 Omnes
942 4368 1034 4437 qui
1068 4369 1344 4425 imbuendi
1376 4381 1503 4426 sunt
1532 4375 1987 4453 eminentioribus
2015 4377 2126 4431 dis-

548 4456 810 4528 ciplinis,
864 4459 1048 4513 tandiu
1104 4461 1388 4516 molestum
1437 4464 1644 4518 ducunt
1695 4467 2127 4522 rudimentorum

549 4551 814 4618 laborem,
840 4555 1030 4618 donec,
1061 4555 1184 4625 quis
1213 4556 1282 4609 sit
1303 4567 1356 4611 et
1383 4557 1680 4627 disciplina:
1711 4560 1854 4651 illius
1875 4562 1940 4614 ad
1965 4577 2125 4631 quam
2163 4596 2208 4651 υ

551 4646 969 4700 introducuntur
1003 4646 1125 4700 finis
1153 4657 1209 4702 et
1239 4647 1470 4712 fructus,
1521 4650 1790 4719 ignorant.
1834 4650 1968 4705 Cum
1996 4667 2128 4708 vero

550 4735 789 4790 imbutos
839 4753 933 4806 per
981 4740 1226 4793 ordinem
1298 4741 1562 4810 perfectio
1623 4757 1915 4799 consecuta
1963 4744 2132 4800 fuerit

547 4828 874 4895 disciplinm,
906 4839 1032 4885 tunc
1057 4831 1346 4887 delectabit
1377 4835 1805 4890 rudimentorum
1839 4837 2132 4906 pertulisse

548 4921 849 4976 molestias.
880 4921 1018 4977 Sunt
1049 4939 1177 4995 ergo
1207 4934 1260 4979 et
1297 4927 1348 4979 in
1380 4929 1586 4983 sanctis
1617 4945 1681 4984 ac
1722 4931 1918 4985 divinis
1968 4931 2131 4988 rebus

549 5013 724 5082 prima
757 5015 1005 5091 quaedam
1051 5018 1355 5072 rudimenta
1383 5019 1579 5090 quibus
1605 5021 1933 5077 inducuntur
1965 5024 2001 5078 ii
2034 5025 2128 5094 qui

547 5106 616 5163 ad
646 5107 1038 5178 perfectionem
1067 5109 1421 5168 beatitudinis
1449 5114 1696 5170 tendunt.
1719 5114 1877 5183 Quod
1906 5117 2129 5172 eviden-

615 5301 662 5335 ⁸¹⁷
695 5304 862 5363 ICor.
895 5303 1015 5372 xiii,
1049 5305 1108 5361 9.
1166 5305 1214 5338 ⁸⁸
1242 5303 1448 5359 Coloss.
1479 5321 1538 5370 ιι,
1570 5306 1654 5360 16».

545 5387 596 5438 v,
638 5374 726 5443 12,
768 5379 857 5441 15,
904 5377 991 5431 14.
1072 5378 1119 5408 ⁸³
1147 5375 1328 5432 Galat.
1359 5377 1488 5441 tv,5
1525 5379 1774 5443 ;Co|oss.
1802 5374 1937 5444 n,8.

616 5470 729 5542 (25)
757 5471 938 5525 Codex
974 5472 1159 5526 Sancti
1185 5472 1530 5538 Thcodoriei,
1561 5491 1578 5524 ι
1608 5473 2071 5543 purificationum,
2101 5494 2121 5527 ι

545 5540 891 5597 Ebroieensis
928 5543 1131 5596 habet:
1171 5561 1188 5594 ι
1225 5540 1636 5609 purificatiqnis.
1679 5567 1696 5597 ι

480 5613 485 5650 '-
617 5612 731 5683 (Ἣ)
775 5611 874 5666 Per
906 5610 1152 5666 meritum
1180 5607 1474 5683 sanguinis
1503 5607 1723 5683 Christi.
1759 5613 1884 5671 Haec
1911 5617 2124 5673 deside-

544 5681 735 5736 rantur
753 5683 804 5736 in
832 5684 1020 5737 codice
1039 5683 1269 5735 ahhatia:
1295 5682 1478 5735 Sancti
1505 5681 1822 5739 Theoderici
1851 5686 2121 5743 Rhemen-

545 5754 644 5822 sis,
675 5762 728 5806 et
764 5755 815 5806 in
863 5754 1034 5808 altero
1068 5751 1404 5807 Ebroieeusi.
1456 5752 1721 5809 Caeterum
1753 5757 2116 5816 conferendus

546 5822 636 5876 hic
666 5823 817 5879 locus
841 5838 964 5879 cum
998 5824 1174 5880 altero
1199 5822 1291 5895 qui
1320 5831 1502 5880 exstat
1530 5824 1631 5883 sub
1661 5825 1822 5885 finem
1851 5827 2116 5886 Exhorta-

1731 5307 1776 5339 ⁸⁸
1807 5306 1934 5376 Sap.
1969 5323 2019 5362 Ix
2047 5349 2062 5373 ,
2095 5309 2182 5367 15.
2259 5311 2305 5344 ⁹⁰
2339 5310 2446 5364 Νιιιι

1731 5393 1774 5432 s.
1802 5395 1860 5444 ιι,
1882 5379 1937 5434 8.
2014 5378 2060 5410 “
2089 5377 2248 5437 Joan.
2291 5399 2327 5449 ι,
2353 5382 2446 5437 29.

2229 5479 2388 5532 tionis
2412 5478 2480 5530 ad
2507 5477 2823 5550 martyrium
2851 5486 3074 5550 numero
3099 5470 3292 5550 ultimo
3315 5469 3406 5550 his
3420 5459 3740 5550 verbisiTiz:

2223 5549 2281 5602 δὲ
2313 5551 2408 5602 καὶ
2439 5548 2627 5619 ὥσπερ
2649 5535 2820 5617 ἓιμίῳ
2848 5540 3167 5619 αἴματιλτρῦ
3185 5613 3194 5619 ι
3214 5540 3389 5619 Ἰησρῦ
3413 5535 3738 5619 ᾑγοράςθτιμενῖ

2243 1970 2308 2024 Ει
2341 1983 2483 2022 nunc.
2510 1983 2640 2037 ergo
2667 1984 2730 2021 ea
2762 1981 2882 2036 quae
2914 1964 3296 2035 pertinuerunt
3325 1961 3389 2014 ad
3425 1958 3548 2020 illos,
3564 1959 3634 2028 qui
3656 1960 3722 2028 pri-

2243 2062 2344 2115 tuis
2374 2062 2754 2114 imbuebantur
2799 2056 3086 2112 elementis
3110 2095 3125 2121 ,
3181 2051 3410 2107 molesta
3447 2051 3578 2105 nobis
3613 2051 3723 2118 primo

2242 2155 2490 2208 videntur
2519 2155 2726 2218 auditu,
2761 2149 2965 2206 volenti
3009 2149 3154 2205 enim
3185 2145 3477 2212 unicuique
3505 2143 3721 2196 auditorum

2239 2250 2400 2322 362
2429 2251 2639 2303 discere
2670 2249 2738 2302 de
2765 2247 2829 2302 iis
2861 2262 2981 2316 (pta:
3009 2246 3075 2300 ad
3107 2243 3341 2299 salutem
3371 2243 3628 2312 pertinent,
3648 2255 3723 2292 cum

2241 2346 2306 2398 de
2358 2343 2645 2397 sacrificiis
2699 2341 2929 2396 arietum
2981 2349 3033 2394 et
3085 2339 3367 2393 hircorum
3424 2335 3722 2401 vitulorumque

2241 2435 2536 2498 recitatur,
2589 2433 2722 2487 nihil
2773 2432 2875 2486 sibi
2931 2430 3188 2486 utilitatis
3229 2428 3480 2484 conferre
3507 2426 3723 2493 hujusmodi

2241 2528 2447 2581 litteras
2470 2525 2718 2593 judicaut
2746 2562 2761 2588 ,
2792 2533 3060 2594 quantum
3093 2523 3160 2576 ad
3201 2521 3384 2592 ipsum
3431 2529 3610 2589 Spectat
3631 2517 3725 2570 aufi-

2243 2629 2373 2674 tmn.
2427 2617 2483 2672 Si
2521 2633 2646 2672 vero
2699 2617 2822 2686 quis
2867 2614 3175 2669 inveniatur
3220 2613 3316 2682 qui
3362 2612 3521 2682 possit
3561 2611 3725 2663 velamen

2238 2711 2382 2782 quod
2415 2721 2498 2767 est
2532 2711 2841 2780 impositum
2877 2708 2927 2762 in
2954 2707 3188 2762 lectione
3223 2705 3438 2761 Veteris
3463 2703 3726 2765 Testaineuu,

2240 2819 2542 2871 removere,
2575 2815 2739 2872 atque
2783 2803 2905 2856 imle
2945 2801 3261 2871 perquirere
3289 2815 3412 2869 qua!
3439 2798 3538 2852 sint
3565 2811 3656 2849 vera
3676 2812 3727 2849 Sa-
3818 2811 3819 2820 η

2239 2897 2463 2962 crificia,
2490 2912 2609 2966 qua:
2637 2893 2924 2966 purificcnt
2968 2892 3225 2964 populum
3281 2891 3337 2944 in
3390 2890 3562 2944 diebus
3601 2887 3727 2941 fesus:

2242 3001 2368 3045 tunc
2401 2991 2598 3044 videbit
2625 3004 2788 3059 quam
2823 2987 2958 3041 mira
2995 2997 3049 3040 et
3082 2984 3374 3056 magnifica
3411 2994 3528 3036 sunt
3565 2997 3653 3052 quae
3672 2995 3729 3048 per

2239 3083 2354 3138 haec
2387 3082 2732 3145 indicantur,
2767 3095 2885 3149 quae
2922 3076 3187 3143 snperflua
3221 3076 3587 3144 ignorantibus
3608 3089 3654 3126 ac
3676 3088 3729 3124 sa-

2240 3175 2548 3245 perstitiosa
2580 3174 2870 3226 ducuntur.
2903 3171 3007 3225 Sed
3043 3171 3157 3224 lucc
3193 3169 3419 3238 quidem
3462 3165 3626 3220 Paulus
3643 3165 3726 3217 etsi

2241 3269 2330 3336 qui
2382 3267 2430 3321 ei
2482 3265 2690 3321 similes
2733 3274 2895 3331 sunt,
2939 3263 3151 3332 plenius
3188 3262 3256 3314 ab
3304 3263 3421 3330 ipsa
3469 3259 3728 3328 sapientiae!

2243 3361 2422 3414 Verbo
2470 3359 2560 3412 Dei
2597 3355 3001 3427 perfectiusque
3039 3355 3402 3425 cognoverint
3439 3372 3453 3408 :
3496 3367 3582 3406 nos
3616 3359 3730 3403 auten

2240 3461 2503 3521 quantum
2534 3466 2600 3505 ex
2635 3451 2875 3518 ipsorum
2907 3448 3102 3501 litteris
3127 3447 3392 3516 colligere
3420 3460 3674 3514 possumus,
3698 3443 3729 3490 is

2237 3545 2435 3614 quibus
2458 3543 2613 3598 nobis
2640 3542 2785 3596 velut
2813 3556 2907 3608 per
2933 3541 3178 3594 umbram
3207 3549 3260 3592 et
3301 3539 3576 3608 imaginem
3599 3534 3731 3588 indta

2237 3638 2482 3706 quasdam
2529 3634 2839 3696 dederunt,
2889 3632 2955 3686 ad
3005 3630 3430 3686 :cdificationem
3479 3640 3730 3683 commune

2237 3730 2512 3784 discutere
2561 3726 2876 3781 summatim
2927 3726 2992 3780 de
3043 3724 3446 3778 sacrificiorum
3494 3723 3584 3774 ritu
3619 3721 3730 3780 aliqui

2241 3823 2585 3878 tentabimus.
2615 3819 2670 3873 In
2715 3819 2938 3875 Paschae
2987 3816 3287 3873 festivitate
3342 3830 3512 3885 agnus
3554 3815 3733 3867 suum

2237 3932 2357 3970 esse
2401 3915 2490 3984 qui
2527 3913 2777 3983 purificat
2803 3910 3081 3980 populum,
3111 3909 3166 3962 in
3215 3909 3345 3962 aliis
3375 3907 3580 3971 vitulus,
3605 3904 3733 3960 inata-.3

2238 4009 2421 4061 hircus
2452 4013 2544 4057 aut
2571 4003 2738 4067 aries,
2773 4003 2852 4057 vel
2887 4017 3046 4071 capra
3069 4041 3083 4067 ,
3118 4000 3202 4054 vel
3235 4000 3434 4065 vitula,
3477 3999 3598 4054 sicut
3621 4010 3668 4050 ex
3697 3997 3734 4044 iis

2235 4114 2354 4166 quae
2387 4096 2612 4150 recitata
2647 4104 2772 4149 sunt
2809 4093 3095 4148 didicistis.
3140 4091 3292 4147 Unus
3339 4107 3471 4164 ergo
3506 4106 3566 4145 ex
3591 4091 3642 4142 iis
3662 4087 3734 4137 au.-

2237 4191 2488 4253 malihus,
2526 4204 2647 4258 qua:
2677 4188 2742 4240 ad
2778 4187 3175 4256 purificandqu
3217 4186 3481 4256 populum
3512 4195 3735 4238 somnum.

2235 4299 2354 4340 esse
2399 4284 2599 4338 dicitur
2648 4282 2910 4336 Dominus
2939 4291 2989 4334 et
3025 4279 3277 4334 Salvator
3319 4290 3519 4332 noster.
3552 4277 3625 4331 Sic
3644 4274 3734 4328 enim

2237 4377 2503 4434 intellexit
2533 4375 2771 4431 Joannes
2799 4377 2889 4444 qui
2919 4386 3004 4430 est
3035 4372 3206 4442 major
3235 4375 3484 4428 omnium
3526 4369 3737 4438 propheta-

2236 4486 2378 4537 rum,
2423 4479 2477 4523 et
2524 4469 2762 4537 signavit
2809 4471 2875 4522 de
2912 4469 3028 4539 ipso
3066 4469 3254 4522 dicens
3279 4467 3372 4521 ’δε
3413 4484 3434 4518 ι
3472 4464 3592 4519 Ecce
3613 4466 3735 4530 Agnus

2236 4562 2350 4626 Dei,
2371 4576 2498 4616 ecce
2531 4561 2621 4630 qui
2657 4560 2795 4614 tollit
2829 4569 3048 4630 peccata
3085 4559 3292 4614 mundi.
3335 4578 3356 4610 ι
3388 4555 3534 4624 Quod
3563 4557 3600 4608 si
3626 4561 3737 4618 agnas

2237 4657 2328 4725 qui
2356 4656 2420 4709 ad
2447 4653 2836 4725 purificandum
2863 4651 3116 4722 populum
3139 4652 3301 4705 datus
3321 4661 3429 4715 est,
3448 4651 3510 4703 ad
3533 4653 3734 4718 personam

2239 4749 2450 4803 Domini
2497 4758 2552 4803 et
2600 4747 2901 4802 Salvatoris
2947 4746 3116 4799 nostri
3159 4744 3445 4809 refertur,
3483 4747 3738 4806 consequens

2240 4842 2454 4895 videtur
2498 4840 2642 4909 quod
2686 4838 2852 4892 etiam
2886 4847 3082 4896 caetera
3135 4837 3394 4890 animalia
3422 4877 3438 4901 ,
3471 4849 3579 4904 qua:
3600 4828 3735 4883 eisdem

2241 4920 2603 5004 purificativis
2629 4932 2742 5004 (23)
2776 4931 2966 4986 usibus
2991 4933 3244 5000 deputata
3293 4939 3462 4993 sunt,
3510 4923 3662 4980 referri
3683 4923 3740 4970 dr-

2239 5029 2404 5083 beant
2433 5026 2682 5082 similiter
2709 5025 2776 5080 ad
2805 5025 3018 5095 aliquas
3051 5036 3313 5092 personas
3335 5063 3350 5087 ,
3385 5035 3504 5092 qua:
3532 5033 3614 5089 per
3634 5012 3738 5067 ωιιί-

2244 5132 2356 5178 tum
2385 5121 2666 5192 sanguinis
2693 5118 2896 5176 Christi
2920 5116 3034 5191 (24)
3063 5116 3467 5188 purificationi:
3493 5110 3662 5182 aliquid
3679 5110 3740 5160 lui-

2259 5311 2305 5344 ”
2339 5310 2497 5364 Num.
2531 5321 2724 5371 xxvttl,
2751 5306 2840 5370 ‘29,
2873 5306 2964 5364 '50.
3041 5305 3083 5337 ⁹¹
3105 5303 3272 5361 Exod.
3297 5319 3394 5370 xv,
3422 5304 3507 5358 17.
3574 5294 3738 5351 "Hebr.

2237 5599 2412 5701 διηέδδ
2447 5599 2988 5701 ξ;αδέςξτος·τδ’δείοὶια
3015 5614 3071 5668 τὸ
3105 5613 3246 5696 ὑπὲρ
3275 5599 3740 5701 eaeeae:

2224 5669 2311 5761 τῷΙ
2351 5691 2516 5762 τιμίῳ
2559 5669 2752 5761 αἴμιίτι
2817 5669 2926 5740 nlui
2984 5669 3274 5762 μαρτύρών
3320 5677 3740 5762 ,ἁγοραςθήπιῖξε

2217 5745 2634 5826 τιῖθες.ἰ.ί)ειιε’
2669 5771 2893 5829 uterque
2952 5745 3090 5812 alter
3149 5745 3217 5809 ex
3285 5745 3469 5808 altero.
3510 5745 3736 5813 est'ell'il‘

2213 5835 2437 5888 candus.
