3874 6516
129 351 214 406 757
1202 334 1270 389 IN
1304 330 1638 389 NUMEROS
1671 329 1953 387 iiOMlLIA
1984 328 2175 387 XXIV.

3224 324 3326 379 758

125 473 259 519 manu
296 453 477 526 generi
524 453 821 508 conferant
862 450 995 505 Vide
1038 464 1170 519 ergo
1215 463 1282 502 ne
1332 448 1471 503 forte
1514 447 1655 502 sicut
1684 453 1728 509 Α
1758 450 1921 503 situm
1947 444 2207 516 iugulari,
2232 443 2324 499 sed
2353 442 2640 496 mansisset
2669 439 2773 495 hoc
2805 438 2949 509 quod
2984 437 3034 491 in
3069 437 3332 507 principio

127 549 349 610 Dominus
378 553 428 600 et
476 543 724 599 Salvator
762 550 964 606 noster,
1015 541 1170 611 quasi
1208 556 1376 610 agnus
1410 540 1476 594 ad
1515 539 1655 596 occi-

122 648 297 702 sionem
323 637 517 692 ductus
542 676 558 700 ,
589 647 646 692 et
681 637 732 691 in
769 635 1099 692 Sacriﬁcium
1140 633 1327 687 altaris
1358 634 1472 703 (25)
1508 632 1656 688 obla-

123 749 226 798 tus,
267 739 604 799 peccatorum
659 730 1029 782 remissionem
1087 727 1337 779 universo
1404 726 1657 793 priestitit

122 821 321 880 mnndo:
362 818 434 872 ita
466 817 709 871 fortassis
739 826 788 870 et
824 826 1139 870 carterorum
1159 824 1469 868 sanctorum
1490 814 1656 883 acju-

120 926 296 971 storum
345 912 603 981 sanguis,
636 912 725 981 qui
767 910 967 965 effusus
1017 918 1099 963 est
1150 924 1179 962 a
1232 909 1495 979 sanguine
1523 907 1657 961 Abel

115 1007 245 1077 justi,
280 1019 444 1072 usque
472 1007 537 1057 ad
564 1003 875 1071 sanguinem
908 1002 1185 1055 Zachariae
1210 1000 1486 1069 prophetae
1518 998 1651 1069 (26),

115 1100 190 1170 qui
223 1095 527 1151 interfectus
573 1106 655 1150 est
690 1096 829 1149 inter
856 1097 1023 1148 aedem
1076 1102 1131 1145 et
1174 1093 1382 1146 altare:
1436 1092 1658 1146 alterius

116 1190 305 1257 quidem
338 1188 562 1255 sanguis
609 1186 748 1240 sicut
782 1185 963 1238 vitulre
989 1225 1001 1245 .
1035 1183 1257 1237 alterius
1309 1183 1449 1238 sicut
1494 1182 1654 1247 hirci,

112 1290 192 1335 aut
218 1291 387 1345 capra).
429 1286 520 1330 aut
550 1275 776 1344 alicujus
808 1276 998 1330 horum
1033 1273 1184 1328 fusus
1225 1282 1309 1329 est
1337 1274 1403 1327 ad
1432 1273 1656 1341 expian-

110 1374 218 1425 dum
244 1384 338 1438 pro
369 1380 520 1437 parte
547 1368 726 1436 aliqua
758 1366 1037 1436 populum.
1075 1366 1203 1420 Sive
1248 1366 1362 1419 haec
1394 1365 1460 1417 ad
1488 1365 1662 1433 justo-

107 1481 210 1518 rum
244 1462 733 1531 prophetarumque
775 1473 1054 1529 personas,
1084 1459 1173 1527 qui
1226 1460 1276 1510 in
1321 1458 1425 1511 hoc
1456 1458 1661 1510 mundo

100 1552 305 1627 jugulati
339 1560 502 1616 sunt,
535 1552 616 1606 vel
649 1566 835 1605 eorum
869 1550 957 1619 qui
1003 1550 1188 1603 dicunt
1211 1548 1296 1602 9':
1340 1567 1357 1599 ε
1392 1548 1658 1614 Quoniam

101 1655 305 1716 propter
340 1655 388 1699 te
419 1655 592 1699 morte
624 1642 888 1697 aliicimur
917 1651 1023 1695 tota
1057 1642 1164 1707 die,
1194 1640 1447 1695 mstimati
1472 1656 1660 1694 sumus

101 1738 226 1790 sicut
257 1748 389 1788 oves
432 1732 758 1795 occisionis,
802 1750 820 1783 ι
858 1730 1137 1785 referenda
1176 1731 1502 1785 videantur:
1548 1730 1660 1783 sive

96 1830 246 1884 etiam
279 1826 350 1880 ad
378 1826 693 1896 superiores
720 1824 969 1887 virtutes,
1001 1824 1199 1891 quibus
1223 1822 1535 1892 proeuratio
1564 1822 1661 1874 hu-

100 1920 230 1973 mani
255 1920 472 1989 generis
501 1919 623 1972 data
652 1924 759 1983 est,
782 1917 907 1986 quis
942 1916 1100 1970 facile
1133 1917 1328 1969 audeat
1351 1914 1661 1969 affirmare?

97 2012 266 2082 Neque
290 2011 436 2065 enim
480 2010 597 2065 haac
627 2008 887 2062 animalia
930 2023 1026 2078 per
1052 2007 1284 2077 speciem
1312 2049 1327 2073 ,
1358 2008 1449 2061 sed
1481 2022 1575 2075 per
1602 2005 1663 2059 fi-

95 2119 269 2173 guram
322 2100 517 2157 referri
558 2102 625 2155 ad
679 2100 825 2156 illam
893 2100 976 2154 vel
1043 2099 1187 2153 illam
1233 2099 1469 2169 putanda
1515 2107 1657 2153 sunt.

95 2194 217 2247 Nam
241 2202 294 2246 et
322 2193 439 2262 ipse
470 2192 727 2248 Dominus
758 2190 915 2247 Iesus
931 2191 1200 2255 Christus,
1223 2205 1328 2244 non
1356 2190 1473 2243 ideo
1492 2204 1661 2260 agnus

90 2288 280 2341 dicitur
306 2287 461 2353 quasi
487 2288 574 2355 qui
607 2296 847 2341 mutatus
876 2286 944 2340 sit
971 2294 1023 2339 et
1046 2284 1406 2339 conversnsin
1425 2283 1660 2352 speciem

89 2381 226 2448 agni.
266 2380 480 2433 Dicitur
510 2390 687 2433 tamen
716 2394 906 2448 agnus,
937 2378 1061 2446 quia
1086 2376 1336 2430 voluntas
1360 2386 1414 2430 et
1447 2376 1661 2431 bonitas

86 2474 199 2541 ejus
220 2488 325 2542 qua
365 2473 535 2527 Deum
568 2472 942 2543 repropitiavit
966 2471 1294 2536 hominibus,
1323 2481 1377 2523 et
1406 2480 1660 2538 peccato-

88 2576 199 2615 rum
232 2562 626 2630 indulgentiam
679 2562 860 2627 dedit,
900 2560 1021 2615 talis
1057 2560 1265 2615 exstitit
1299 2559 1535 2613 humano
1570 2574 1664 2629 ge-

89 2655 196 2707 neri
223 2653 385 2722 quasi
417 2655 543 2722 agni
577 2655 755 2709 hostia
791 2653 1133 2708 immaculata
1165 2665 1221 2707 et
1252 2653 1533 2716 innocens,
1558 2667 1661 2722 qua

86 2744 279 2812 placari
317 2745 634 2801 homimbus
666 2747 848 2801 divina
876 2745 1194 2800 creduntur.
1251 2744 1340 2799 Sic
1384 2760 1512 2815 ergo
1554 2745 1663 2799 for-

81 2839 239 2892 tassis
265 2847 323 2893 et
352 2838 401 2891 si
435 2840 556 2907 quis
588 2847 670 2891 est
702 2838 1038 2909 angelorum,
1095 2839 1505 2907 cmlestiumqne
1555 2838 1665 2891 vir-

79 2940 245 2984 tutum
270 2969 285 2996 ,
324 2939 427 2984 aut
468 2931 510 2985 si
543 2930 666 2998 quis
705 2930 979 2997 justorum
1012 2929 1288 2983 hominum
1317 2969 1333 2994 ,
1366 2931 1450 2983 vel
1496 2931 1661 2983 etiam

77 3032 395 3074 sanctorum
446 3022 831 3090 prophetarum
890 3028 1054 3089 atque
1113 3021 1524 3089 apostolorum,
1570 3021 1661 3090 qui

1757 554 1873 601 erat
1902 546 2038 598 Deus
2065 541 2300 596 Verbum
2330 557 2343 593 :
2376 552 2561 591 vcrum
2591 535 2847 606 quoniam
2890 533 3093 588 introiit
3134 547 3332 602 pecca-

1759 648 1869 691 tum
1922 637 1972 689 in
2022 636 2163 690 hunc
2211 631 2500 693 mundum,
2548 629 2755 699 peccati
2805 638 2985 682 autem
3038 625 3334 681 necessitas

1758 727 2192 799 propitiationcm
2229 722 2495 791 requirit,
2529 730 2583 773 et
2626 720 2940 791 propitiatio
2971 736 3076 774 non
3126 720 3184 773 fit
3227 719 3331 773 nisi

1758 838 1853 891 per
1884 820 2133 881 hostiam,
2164 814 2528 871 necessarium
2558 812 2655 866 fuit
2681 813 2951 883 provideri
2980 814 3210 867 hostiam
3239 826 3335 883 pro

1759 920 1997 981 peccato.
2030 906 2367 977 thuoniam
2400 906 2604 974 peccati
2643 906 2813 975 ipsius
2843 905 3069 959 diversae
3094 914 3143 960 et
3173 906 3336 958 variae

1759 999 2044 1069 qualitates
2084 996 2322 1059 fuerunt,
2348 996 2687 1048 diversorum
2717 995 3034 1049 animalium
3068 996 3335 1049 mandan-

1761 1101 1847 1145 tur
1870 1089 2078 1151 hostize,
2115 1085 2299 1155 procul
2323 1086 2484 1140 dubio
2516 1101 2637 1152 quae
2666 1087 3024 1142 convenirent
3050 1088 3333 1142 varietati-

1760 1182 1860 1236 bus
1907 1188 2275 1249 peccatorum.
2330 1178 2418 1233 Sic
2470 1195 2601 1249 ergo
2645 1178 2876 1233 efficitur
2923 1181 3059 1234 alius
3118 1190 3334 1237 sancto-

1762 1287 1877 1325 rum
1905 1271 2016 1340 (28)
2042 1310 2056 1334 ,
2103 1270 2215 1325 sive
2239 1270 2551 1337 angelorum
2579 1311 2592 1332 ,
2628 1279 2686 1323 ut
2718 1271 2955 1325 diximus
2982 1312 2997 1336 ,
3025 1272 3138 1326 sive
3167 1274 3338 1329 homi-

1762 1379 1887 1417 num
1926 1362 2142 1427 vitulus,
2177 1361 2265 1431 qui
2308 1361 2360 1415 in
2404 1362 2492 1415 illa
2525 1362 2822 1417 festivitate
2866 1364 3189 1417 interveniat
3242 1381 3339 1435 pro

1761 1452 1938 1524 populi
1982 1454 2190 1509 delictis
2229 1472 2243 1509 :
2294 1454 2433 1508 alius
2483 1462 2660 1506 autem
2706 1453 2848 1507 aries
2894 1453 2947 1507 in
2989 1454 3092 1507 alia
3132 1454 3339 1509 festivi-

1764 1556 1873 1601 tate
1906 1562 2167 1616 :quormn
2202 1546 2587 1603 intercessione
2637 1545 2727 1599 fiat
2759 1546 3063 1615 puriﬁcatio
3091 1562 3187 1616 pro
3219 1561 3341 1617 pec-

1763 1640 1916 1694 catis.
1985 1638 2135 1706 Quod
2205 1639 2249 1693 si
2321 1636 2598 1708 purificari
2667 1636 2943 1705 potuerint
2999 1638 3247 1692 homines
3307 1653 3339 1692 a

1762 1733 2030 1800 peccatis,
2060 1740 2117 1787 et
2165 1746 2287 1786 esse
2328 1729 2575 1799 puriores
2601 1770 2617 1794 ,
2666 1729 2982 1784 minuuntur
3023 1740 3079 1785 et
3124 1730 3336 1787 hostiae.

1766 1824 1822 1879 Si
1853 1828 1994 1879 enim
2034 1838 2130 1894 pro
2168 1823 2407 1892 peccatis
2451 1828 2581 1876 sunt
2613 1820 2839 1887 hostiae,
2887 1831 2941 1878 et
2969 1838 3065 1893 pro
3100 1823 3338 1878 multitu-

1764 1917 1887 1971 dine
1941 1924 2288 1987 peccatorum
2349 1912 2718 1983 multiplicatae
2778 1924 2906 1969 sunt
2962 1915 3081 1970 sine
3137 1917 3339 1985 dubio‘,

1763 2019 1817 2065 ct
1852 2025 1951 2080 pro
1990 2009 2287 2078 exiguitate
2328 2008 2669 2062 minuuntur.
2723 2006 2895 2075 llujus
2943 2022 3125 2066 autem
3166 2010 3243 2064 rei
3286 2011 3340 2065 in

1765 2100 2120 2171 prasentibns
2174 2099 2306 2153 locis
2346 2098 2643 2169 Scriptura:
2685 2100 2945 2156 habemus
3005 2102 3205 2155 indicia
3232 2143 3248 2168 ,
3291 2102 3341 2157 id

1763 2191 1923 2262 363
1966 2200 2047 2244 est
2097 2190 2147 2244 in
2196 2188 2381 2243 ultima
2438 2188 2733 2244 festivitate
2780 2188 3150 2261 Sccnopegize,
3220 2207 3343 2247 cum

1763 2300 1861 2354 per
1893 2294 2015 2340 octo
2065 2284 2181 2337 dies
2240 2279 2725 2348 hostimjubcntur
2783 2282 2985 2337 offerri.
3044 2284 3110 2337 Et
3172 2285 3342 2353 prima

1765 2376 1980 2445 quidem
2010 2375 2097 2429 die
2124 2374 2277 2444 quasi
2304 2375 2479 2430 adhuc
2516 2376 2568 2430 in
2590 2375 2920 2429 abundantia
2969 2386 3341 2445 peccatorum,

1764 2466 2174 2537 quatuordecim
2213 2466 2366 2519 vituli
2401 2464 2660 2534 jubentnr
2692 2461 2897 2520 offerri.
2950 2464 3196 2519 Secunda
3248 2480 3345 2518 au-

1768 2567 1874 2612 tem
1925 2559 2013 2613 die
2062 2558 2362 2613 imminutis
2421 2567 2606 2628 utpote
2642 2557 2880 2627 peccatis
2932 2557 3251 2611 minuuntur
3291 2564 3346 2612 et

1768 2650 1979 2717 hostiae,
2021 2658 2075 2703 et
2139 2650 2393 2705 tredecim
2448 2648 2604 2703 vituli
2656 2646 2976 2703 offeruntur.
3031 2646 3213 2703 Tertia
3257 2646 3345 2702 die

1766 2744 2070 2807 duodecim,
2112 2752 2165 2798 et
2195 2753 2316 2813 post
2338 2744 2454 2798 haec
2484 2744 2735 2800 undecim
2772 2762 2785 2797 :
2816 2752 2869 2799 et
2904 2742 2977 2797 ita
3009 2741 3166 2812 quasi
3195 2741 3348 2810 puri-

1767 2835 2110 2891 ficationibus
2160 2836 2296 2905 (29),
2353 2836 2642 2892 deficiente
2688 2853 2784 2907 per
2831 2837 2947 2891 dies
2997 2833 3343 2889 multitudine

1766 2936 2139 2995 peccatorum,
2173 2927 2435 2982 minuitur
2465 2938 2864 2999 consequenter
2889 2927 3050 2982 etiam
3082 2942 3343 2983 numerus

1770 3020 2091 3074 hostiarum.
2133 3019 2222 3076 Sic
2252 3022 2415 3076 etiam
2447 3038 2542 3091 pro
2575 3021 2982 3091 dispensatione
3016 3020 3129 3091 ('50)
3178 3022 3344 3078 totius
3430 3034 3433 3039 '

77 3114 287 3167 enixius
349 3114 682 3167 interveniat
733 3130 830 3183 pro
893 3113 1127 3182 peccatis
1195 3113 1471 3166 hominum
1516 3127 1532 3166 :
1572 3114 1732 3187 hicc
1770 3111 1955 3165 mundi
2011 3112 2277 3167 rationem
2324 3113 2726 3183 purificationis
2773 3112 3055 3183 intelligis.
3101 3112 3347 3182 lndigent

76 3220 166 3273 pro
192 3204 649 3275 rcpropitiatione
682 3203 886 3266 divina,
924 3202 1066 3256 velut
1096 3203 1238 3256 aries
1260 3243 1273 3264 ,
1311 3211 1407 3255 aut
1442 3202 1661 3266 vitulus,

74 3305 161 3348 aut
196 3295 416 3358 hircus,
449 3293 663 3347 oblatus
689 3308 808 3346 esse
850 3293 901 3346 in
946 3292 1277 3346 sacrificium
1312 3294 1380 3344 ob
1413 3292 1665 3361 purifica-

74 3386 274 3438 tionem
324 3383 535 3453 populo
588 3383 984 3450 impetrandam
1032 3384 1200 3452 accipi
1240 3392 1435 3451 potest.
1470 3385 1664 3437 Annon

74 3478 284 3530 videtur
318 3486 382 3531 ut
419 3477 565 3530 aries
588 3516 602 3539 ,
635 3487 727 3528 aut
776 3476 958 3529 hircus
1010 3474 1383 3531 holocaustum
1416 3490 1474 3530 se
1505 3477 1665 3529 obtu-

73 3567 193 3624 lisse
254 3568 471 3622 Paulus
518 3584 615 3637 pro
659 3569 856 3639 p0pnlo
906 3567 1107 3633 Israel,
1157 3585 1279 3623 cum
1327 3569 1539 3623 dicebat
1578 3569 1662 3623 "z

73 3678 87 3709 ι
122 3661 401 3729 Optabam
433 3670 608 3713 autem
641 3676 741 3729 ego
766 3660 881 3729 ipse
916 3664 1203 3717 anathema
1238 3677 1360 3717 esse
1393 3678 1421 3716 a
1451 3663 1667 3718 Christo

73 3768 162 3819 pro
195 3752 479 3806 fratribus
515 3752 677 3818 meis,
710 3753 801 3823 qui
835 3764 961 3808 sunt
994 3754 1206 3823 cognati
1240 3756 1339 3808 mei
1370 3756 1664 3809 secundum

74 3859 285 3897 L'arnem
309 3845 334 3897 ἲ
370 3864 389 3895 ι
435 3844 526 3898 Vis
555 3855 731 3899 autem
762 3846 919 3913 scire,
946 3846 1068 3913 quia
1104 3860 1162 3900 se
1188 3846 1420 3899 hostiam
1454 3846 1661 3900 Paulus

74 3935 252 3990 )lferat
275 3935 649 4006 jugulandum
675 3935 697 3989 ?
725 3936 859 3989 Audi
890 3951 1015 3990 eum
1047 3936 1098 3989 in
1133 3937 1255 3991 aliis
1285 3937 1551 3991 dicentem
1575 3937 1621 3969 ⁹⁷
1651 3955 1663 3990 :

73 4050 81 4081 l
118 4030 240 4084 1am
288 4031 448 4085 enim
493 4045 593 4100 ego
642 4029 893 4085 immolor
921 4038 976 4084 et
1005 4040 1213 4100 tempus
1243 4030 1613 4097 resolutionis,
1644 4050 1662 4083 ι

73 4123 163 4189 vel,
187 4134 249 4176 nt
282 4123 339 4175 in
375 4120 590 4177 Graecis
616 4122 841 4177 codibus
869 4122 1096 4192 legimus
1124 4123 1257 4194 (27),
1283 4142 1300 4174 ι
1337 4124 1667 4178 reversionis

74 4226 194 4265 nea:
249 4212 456 4268 instat.
498 4230 517 4263 ι
573 4211 663 4265 Slc
707 4228 836 4282 ergo
891 4212 1192 4282 figuraliter
1243 4222 1418 4282 potest
1471 4215 1666 4279 videri,

74 4303 204 4372 lnod
244 4304 401 4357 alius
435 4318 536 4373 pro
569 4304 861 4358 festivitate
892 4302 1183 4368 Novorum,
1214 4305 1352 4359 alius
1382 4320 1479 4375 pro
1514 4304 1668 4359 festi~

74 4399 225 4452 ritate
250 4396 521 4461 Sabbati,
547 4396 685 4451 alius
706 4412 802 4466 pro
827 4395 1124 4452 festivitate
1144 4397 1665 4462 Tabernaculorum,

1768 3204 1910 3258 enim
1947 3204 2348 3273 puriﬁcatione,
2401 3220 2506 3259 non
2544 3206 2715 3261 solum
2753 3220 2873 3275 qum
2921 3207 2973 3259 in
3014 3214 3159 3259 terra
3196 3212 3346 3269 sunt,

1770 3295 1862 3349 sed
1890 3310 2007 3365 quae
2033 3295 2084 3349 in
2114 3296 2287 3351 caelis.
2329 3296 2578 3352 Imminet
2627 3313 2861 3368 namque
2891 3307 2947 3352 et
2974 3298 3124 3353 caelis
3169 3297 3348 3366 perdi-

1772 3385 1865 3450 tio,
1895 3386 1973 3439 sic
2002 3387 2147 3440 enim
2179 3387 2312 3442 dicit
2350 3386 2619 3457 Propheta
2642 3388 2690 3420 "
2722 3406 2735 3441 :
2778 3406 2795 3439 ι
2825 3387 2960 3443 (Ζωιί
2988 3388 3260 3457 peribunt,
3294 3393 3349 3440 et

1770 3492 1959 3534 omnes
1999 3487 2057 3533 ut
2083 3480 2469 3535 vestimentum
2524 3490 2862 3537 veterascent
2887 3520 2902 3545 ,
2936 3490 2991 3535 et
3031 3481 3172 3535 sicut
3207 3481 3345 3533 ami-

1769 3577 1913 3623 ctum
1947 3569 2189 3625 involves
2215 3585 2329 3635 eos,
2363 3578 2417 3625 et
2454 3573 2827 3627 mutabuntur.
2872 3591 2890 3624 ›
2927 3570 3141 3625 intuere
3181 3571 3349 3640 igitur

1775 3660 1939 3714 totius
1967 3662 2172 3728 mundi,
2213 3662 2265 3717 id
2303 3671 2386 3717 est
2435 3661 2735 3717 cmleslium
2779 3678 2845 3717 ac
2890 3664 3229 3718 terrestrium
3286 3671 3341 3715 et

1771 3752 2109 3807 infernorum
2136 3755 2570 3823 puriﬁcationem
2605 3772 2619 3809 :
2655 3756 2775 3811 vide
2820 3756 3040 3825 quantis
3066 3756 3345 3825 indigeant

1714 3916 1721 3921 .
1772 3845 1874 3898 ista
1907 3845 2087 3899 Omnia
2114 3845 2327 3909 hostiis,
2359 3854 2592 3915 quantos
2620 3847 2901 3917 requirant
2930 3847 3148 3911 vitulos,
3174 3862 3348 3916 quan-

1777 3948 1861 3993 tos
1894 3939 2115 4005 arietes,
2146 3947 2378 4008 quantos
2404 3938 2604 3995 hircos.
2651 3937 2758 3995 Sed
2805 3950 2860 3995 et
2890 3940 2942 3994 in
2983 3940 3065 3995 his
3096 3938 3348 3994 omnibus

1774 4046 1915 4085 unus
1948 4044 2034 4085 est
2081 4047 2274 4100 agnus,
2310 4033 2403 4103 qui
2450 4032 2615 4086 totius
2665 4034 2849 4088 mundi
2900 4033 3075 4103 potuit
3129 4031 3347 4087 auferre

1773 4133 2078 4192 peccatum,
2102 4135 2157 4179 et
2184 4126 2302 4181 ideo
2332 4137 2684 4182 cessaverunt
2710 4137 2918 4182 caetera:
2950 4125 3138 4181 hostia:
3176 4140 3191 4179 :
3221 4126 3346 4194 quia

1772 4217 1896 4271 talis
1941 4217 2055 4272 hzcc
2108 4217 2211 4273 fuit
2264 4220 2461 4285 hostia,
2518 4232 2576 4278 ut
2638 4238 2744 4276 una
2779 4220 2892 4275 sola
2934 4218 3207 4274 sulliceret
3251 4232 3348 4288 pro

1775 4310 1938 4364 totius
1972 4309 2155 4364 mundi
2184 4310 2374 4365 salute.
2408 4312 2600 4366 Caneri
2650 4312 2795 4366 enim
2825 4311 3076 4381 precibus
3102 4318 3345 4377 peccata,

1773 4405 1858 4459 hic
1888 4406 2036 4461 solus
2066 4414 2330 4475 potestate
2362 4406 2587 4461 dimisit.
2625 4405 2848 4461 Dicebat
2875 4404 3019 4460 enim
3049 4404 3094 4435 ”
3126 4420 3140 4457 :
3171 4421 3189 4453 ι
3219 4400 3343 4465 Fili,

73 4492 213 4561 luasi
252 4493 484 4557 hircus,
517 4500 610 4545 aut
642 4490 865 4558 vitulus,
900 4504 992 4546 aut
1016 4496 1159 4548 aries
1191 4492 1450 4548 offeratur
1480 4492 1546 4546 ad
1583 4508 1665 4546 re-
1699 4490 1743 4544 D
1775 4497 1994 4550 remissa
2025 4505 2153 4551 sunt
2187 4497 2282 4553 tibi
2318 4509 2539 4569 peccata
2575 4506 2688 4550 tua.
2726 4516 2743 4549 ι
2786 4497 2877 4552 Sic
2922 4510 3051 4567 ergo
3083 4493 3345 4556 imbuitur

74 4583 486 4637 oneiliandum
542 4581 848 4638 hominibus
893 4584 1082 4639 Deum.
1137 4586 1315 4638 Donec
1361 4584 1501 4638 enim
1535 4595 1664 4639 sunt

74 4686 312 4739 peccata,
344 4690 585 4730 necesse
614 4687 695 4729 est
722 4677 923 4744 requiri
953 4687 1006 4730 et
1037 4676 1244 4730 hostias
1272 4691 1369 4745 pro
1400 4676 1661 4745 peccatis.

73 4768 186 4821 lam
231 4784 418 4838 pone,
460 4768 607 4822 verbi
637 4769 806 4838 gratia
835 4810 848 4832 ,
884 4786 987 4823 non
1043 4769 1209 4822 fuisse
1246 4776 1523 4836 peccatum
1567 4784 1581 4819 :
1621 4767 1666 4822 si
1704 4838 1710 4844 _

74 4878 154 4915 ton
197 4862 423 4917 fuisset
457 4873 761 4931 peccatum,
811 4880 915 4916 non
970 4877 1197 4917 necesse
1256 4861 1433 4916 fuerat
1468 4861 1663 4916 Filium

73 4956 139 5009 lei
170 4970 403 5025 agnum
439 4954 582 5019 fieri,
611 4970 711 5009 nec
740 4970 874 5023 Opus
906 4953 1085 5009 fuerat
1128 4969 1253 5009 eum
1286 4953 1336 5007 in
1364 4968 1529 5008 carne
1566 4969 1660 5022 po-

114 5071 165 5104 "
208 5070 374 5126 Psal.
424 5085 589 5136 xuv,
623 5070 713 5123 22.
790 5070 835 5102 ’θ
877 5070 1030 5125 Rom.
1068 5086 1117 5124 Ix
1144 5109 1159 5133 ,
1200 5070 1255 5123 5.

114 5233 242 5314 (25)
274 5232 489 5287 Codex
522 5230 705 5287 Sancti
737 5230 1061 5285 Theudorici
1087 5275 1101 5298 ,
1155 5250 1174 5282 ‹
1235 5232 1287 5285 in
1334 5232 1665 5287 sacrificium

73 5308 585 5455 ’ἶξὲξίέασὴανὶω
624 5372 909 5441 prop/reue.
945 5373 1079 5427 Vide
1123 5382 1234 5428 not.
1288 5373 1341 5426 in
1387 5370 1555 5440 Epist.
1602 5375 1670 5426 ad

74 5447 418 5513 tfriranum.

109 5516 232 5585 (27)
273 5513 352 5569 Ut
388 5514 454 5565 in
485 5508 681 5585 Gro’cis
710 5513 977 5585 codicibus
1017 5512 1254 5585 legimus.
1294 5512 1668 5570 Parenthesim

76 5582 185 5639 anc
228 5587 305 5638 de
346 5598 467 5635 suo
497 5583 703 5636 addidit
731 5583 1000 5650 interpres
1031 5582 1278 5638 Rufinus.

112 5655 240 5727 (28)
300 5655 509 5709 Codex
556 5652 739 5706 Sancti
792 5652 1158 5718 Theudorici,
1204 5672 1223 5706 ς
1282 5653 1481 5709 dicitur
1528 5652 1667 5708 alius

75 5728 277 5779 lliliClll
330 5734 693 5776 sanctorum.
731 5742 749 5774 ι

108 5797 237 5868 (29)
290 5792 818 5861 Puriﬁcationibus.
862 5793 1019 5850 Decst
1046 5794 1099 5850 in
1128 5792 1279 5850 libris
1306 5799 1465 5848 antea
1490 5793 1665 5862 editis,

1336 5071 1380 5102 9’
1408 5069 1451 5123 ll
1486 5070 1625 5125 Tim.
1659 5087 1729 5137 Iv,
1763 5072 1816 5128 6.
1870 5076 1915 5108 ⁸⁸
1952 5075 2095 5132 Psal.
2137 5092 2234 5142 cn,
2262 5077 2353 5144 27,
2382 5077 2469 5132 28.

1775 4588 2011 4643 mundus
2033 4630 2048 4655 ,
2091 4589 2264 4659 primo
2299 4604 2396 4660 per
2429 4591 2672 4645 diversas
2707 4588 2914 4643 hostias
2967 4587 3345 4643 remissionem

1773 4696 2017 4748 qumrere
2046 4693 2413 4750 peccatorum,
2445 4682 2616 4735 donec
2644 4679 2827 4734 veniat
2857 4678 2926 4733 ad
2960 4679 3190 4733 hostiam
3219 4694 3343 4748 per-

1774 4768 1994 4836 fectam,
2020 4773 2084 4825 ad
2115 4773 2343 4827 hostiam
2387 4781 2819 4827 consummatam
2842 4815 2856 4839 ,
2891 4786 3085 4841 agnum
3116 4771 3345 4825 annicu-

1772 4863 1905 4929 lmn,
1966 4866 2286 4934 perfectum,
2326 4866 2415 4935 qui
2449 4866 2594 4920 tollat
2641 4874 2863 4935 peccata
2903 4866 3069 4922 totius
3106 4863 3287 4919 mundi
3326 4882 3345 4920 :,

1774 4971 1867 5025 per
1900 4973 2056 5027 quem
2086 4958 2411 5014 festivitates
2446 4970 2571 5029 agat
2594 4958 2890 5030 spiritales,
2926 4973 3031 5013 non
3074 4957 3141 5013 ad
3176 4957 3343 5013 satie-

2545 5080 2589 5111 ⁰⁹
2619 5075 2805 5132 Matth.
2835 5090 2913 5141 Ix,
2937 5072 2991 5128 2.

1778 5236 1871 5288 sed
1900 5234 2179 5303 suppletur
2211 5249 2273 5287 ex
2307 5233 2558 5287 omnibus
2587 5249 2715 5289 mss.

1853 5300 1978 5374 (50)
1997 5304 2085 5357 Sic
2120 5306 2275 5358 etiam
2307 5322 2401 5373 pro
2432 5305 2820 5374 dispensatione
2843 5345 2858 5369 ,
2890 5312 2995 5358 etc.
3037 5302 3111 5355 lla
3149 5300 3345 5355 habent

1781 5373 1940 5429 codd.
2004 5374 2336 5429 Turonensis
2390 5386 2442 5429 et
2486 5373 2854 5439 Ebroicensis,
2903 5390 2932 5427 a
2986 5373 3184 5442 quibus
3238 5387 3343 5425 non

1782 5445 2012 5499 multum
2062 5447 2266 5498 recedit
2324 5446 2494 5499 codex
2555 5444 2738 5498 Sancti
2800 5444 3160 5504 Theodorici,
3220 5442 3347 5495 «sic

1781 5516 1945 5569 etiam
1996 5531 2092 5584 per
2147 5516 2604 5583 dispensationem
2660 5514 2822 5568 totius
2855 5512 3038 5566 mundi
3083 5512 3344 5584 rationem

1780 5581 2453 5707 pttrilicationisiritellige.
2485 5603 2504 5636 ι
2558 5586 2611 5638 In
2663 5584 2817 5637 libris
2846 5598 2973 5635 vero
3003 5591 3158 5635 antea
3187 5581 3347 5635 editis

1801 5656 1977 5707 coitur
2032 5674 2045 5707 :
2106 5674 2124 5707 ι
2177 5657 2255 5707 sic
2314 5658 2475 5707 etiam
2528 5670 2622 5707 ne:-
2674 5653 3129 5707 disuensationem
3185 5652 3347 5707 totius

1801 5656 1977 5725 cgiltlr
2032 5674 2045 5710 :
2106 5674 2124 5707 ι
2177 5657 2255 5710 sic
2314 5652 2475 5709 etiam
2528 5653 3129 5725 peruispensationem
3185 5652 3347 5707 totius

1780 5722 1964 5781 niundi
2003 5728 2141 5783 ratio
2175 5739 2258 5782 est
2303 5723 2695 5798 purificationis
2728 5736 2780 5777 et
2814 5722 3201 5779 intellectuum.
3250 5740 3268 5773 ι
