3874 6516
534 345 640 402 759

1949 340 2279 433 omcsms
3606 353 3676 413 ιιι

534 474 701 519 tatem
738 465 943 534 carnis,
980 465 1074 523 sed
1122 464 1189 522 ad
1228 466 1531 537 profectum
1562 464 1786 536 spiritus
1817 461 2101 520 sacrillciis
2131 468 2177 522 Α
2206 461 2272 514 ab
2299 474 2364 516 eo
2392 450 2811 517 auferatomnes
2840 460 3211 517 immunditias
3233 503 3249 528 ,
3281 463 3429 520 citius
3446 478 3571 523 eruat
3593 486 3680 529 eu

529 555 871 625 spiritalibus
941 558 1316 628 puriﬁcatione
1389 560 1584 615 mentis
1642 556 1857 613 oblatis.
1940 555 2103 609 Decet

529 644 674 698 enim
722 644 833 701 Deo
866 647 1132 721 immolari
1184 650 1457 706 victimam
1512 649 1710 715 cordis,
1770 657 1824 703 et
1870 645 2099 702 hostiam

530 736 881 793 contribulati
917 742 1162 810 spiritus,
1197 759 1303 799 non
1359 744 1537 797 carnis
1558 754 1611 797 et
1644 741 1919 813 sanguinis
1942 738 2102 808 iugu'

531 825 628 881 lari
661 844 673 878 :
708 832 833 899 quia
904 850 921 885 ι
949 842 998 889 et
1036 834 1081 890 si
1135 835 1455 904 agnovimus
1504 836 1778 890 Christum
1806 836 2100 907 aliquando

530 921 827 976 secundum
857 938 1114 992 carnem;
1156 926 1247 981 sed
1287 941 1429 981 nunc
1456 925 1567 996 jam
1596 943 1699 981 non
1729 928 1977 983 novimus
2006 930 2023 960 ¹
2054 943 2099 993 ς»

530 1012 800 1069 ctideoin
835 1015 1028 1085 spiritu
1057 1017 1196 1072 diem
1240 1017 1433 1073 festum
1464 1034 1708 1090 agamus,
1742 1029 1798 1075 et
1833 1023 2098 1090 spiritalia

528 1106 797 1161 sacriﬁcia
839 1109 1169 1179 jugulemus.
1226 1110 1349 1166 Haec
1382 1128 1477 1182 pro
1525 1113 1731 1168 viribus
1782 1117 1985 1170 nostris
2033 1118 2098 1171 de

528 1197 846 1256 diversitate
879 1202 1272 1258 sacriﬁciorum
1304 1205 1551 1260 discussa
1586 1208 1693 1260 sint
1718 1248 1731 1268 ,
1769 1223 1998 1277 quorum
2030 1209 2096 1263 ad

527 1289 791 1360 liquidum
821 1292 1233 1365 intelligentiam
1263 1296 1364 1350 scit
1399 1296 1507 1361 ille,
1547 1298 1633 1351 cui
1664 1299 1803 1352 nuda
1845 1310 1899 1353 et
1946 1317 2098 1356 reve-

525 1382 632 1436 lata
658 1392 782 1438 sunt
812 1386 1017 1451 omnia,
1047 1400 1149 1443 nec
1177 1396 1260 1440 est
1287 1386 1391 1441 ulla
1418 1396 1665 1442 creatura
1713 1387 1764 1441 in
1802 1400 2096 1460 conspectu

525 1473 643 1544 ejus
683 1475 990 1532 invisibilis.

594 1563 652 1620 2.
696 1565 823 1620 Post
855 1568 966 1623 licec
997 1576 1244 1623 votorum
1283 1567 1367 1622 lex
1415 1568 1655 1640 ponitur,
1683 1579 1735 1624 et
1768 1585 1906 1625 novo
1948 1572 2098 1641 prin-

524 1653 669 1721 cipio
699 1656 871 1711 utitur
903 1658 956 1711 in
983 1659 1085 1713 bac
1118 1658 1457 1727 Iegislatione
1488 1658 1683 1713 Moses.
1714 1659 1802 1715 Ait
1851 1661 1992 1714 enim
2024 1663 2045 1693 '
2077 1678 2093 1715 :

528 1764 547 1799 ι
575 1744 767 1812 llomo,
803 1749 964 1804 homo
994 1751 1304 1820 quicunque
1334 1749 1542 1805 voverit
1573 1758 1753 1805 votum
1792 1752 2040 1807 Domino.
2070 1773 2088 1806 ι

523 1837 652 1905 οηιὲ
680 1852 762 1895 est
790 1842 889 1896 ista
933 1842 1206 1911 repetendi
1250 1843 1484 1898 nominis
1526 1843 1732 1897 causa?
1777 1843 1939 1911 Quasi
1988 1860 2091 1898 non

523 1930 795 1985 snlliceret
824 1934 1043 1999 dixisse,
1082 1933 1243 1988 homo
1271 1934 1361 2006 qui
1394 1935 1603 1991 voverit
1634 1946 1815 1991 votum
1845 1935 2091 1991 Domino.

521 2019 660 2089 Quid
691 2033 773 2077 est
824 2040 952 2093 ergo
1003 2027 1145 2096 quod
1180 2028 1275 2092 ait,
1313 2027 1473 2082 homo
1506 2030 1689 2094 homo,
1750 2036 1805 2083 et
1835 2030 1963 2098 quid
1992 2028 2094 2083 sibi

526 2114 654 2168 vi-lit
707 2115 1036 2186 ingeminata
1094 2116 1328 2175 hominis
1384 2120 1720 2189 appellatio,
1797 2137 1902 2175 non
1964 2122 2092 2176 mihi

519 2203 734 2259 silentio
793 2210 1227 2275 praetereundum
1293 2212 1521 2266 videtur.
1590 2211 1882 2281 Apostolus
1938 2211 2094 2266 docet

518 2296 680 2349 alium
712 2312 832 2351 esse
865 2298 1183 2356 interiorem
1230 2303 1501 2357 hominem
1523 2344 1538 2370 ,
1581 2312 1633 2357 et
1665 2303 1826 2357 alium
1859 2303 2094 2359 exterio-

516 2402 631 2442 rem
675 2406 688 2443 :
731 2400 786 2445 et
815 2391 961 2447 illum
1014 2408 1136 2450 esse
1179 2397 1268 2467 qui
1327 2407 1619 2451 renovatur
1646 2399 1711 2452 de
1744 2397 1829 2452 die
1863 2398 1914 2452 in
1947 2399 2088 2453 diem

515 2482 814 2536 secundum
867 2483 1156 2555 imaginem
1192 2486 1308 2555 ejus
1349 2489 1439 2557 qui
1482 2489 1684 2545 creavit
1732 2505 1892 2556 eum;
1947 2491 2090 2545 hunc

517 2586 648 2628 vero
677 2588 800 2630 esse
835 2575 1129 2642 visibilem,
1171 2580 1261 2648 qui
1295 2581 1665 2650 corrumpitur
1696 2581 1738 2636 ⁸.
1789 2580 1921 2635 Cum
1962 2597 2091 2653 ergo

515 2665 732 2719 venitur
764 2665 828 2720 ad
864 2668 1019 2722 istum
1044 2669 1153 2737 jam
1185 2669 1486 2739 profectum
1512 2712 1526 2736 ,
1575 2681 1627 2725 ut
1668 2671 1751 2725 lex
1791 2672 1881 2727 Dei
1914 2673 2090 2727 susci-

512 2760 717 2827 piatur,
751 2768 806 2814 ct
836 2770 957 2816 vota
986 2761 1211 2818 Domino
1236 2761 1574 2831 oll‘erantur;
1609 2773 1729 2820 vota
1764 2775 1946 2819 autem
1982 2767 2088 2822 Do-

514 2850 664 2905 mino
709 2851 904 2909 oll'erre
947 2870 1102 2910 nemo
1142 2865 1341 2926 potest,
1372 2857 1475 2911 nisi
1506 2857 1593 2927 qui
1625 2858 1783 2913 habet
1809 2858 2010 2927 aliquid
2035 2859 2087 2914 in

512 2944 806 3014 semetipso
844 2954 899 3001 et
959 2947 1011 3000 in
1044 2948 1342 3003 substantia
1384 2965 1479 3004 sua
1525 2952 1669 3021 quod
1705 2950 1898 3007 olferat
1937 2953 2084 3008 Deo:

512 3048 621 3088 non
654 3037 851 3091 sufficit
881 3038 986 3093 iste
1008 3041 1246 3094 exterior
1275 3042 1436 3098 homo
1459 3044 1629 3113 legem
1660 3043 1752 3100 Dei
1785 3045 2082 3115 suscipere,

2203 556 2270 609 ab
2302 557 2448 609 omni
2482 558 2892 625 inquinamento
2917 560 3097 615 carnis
3125 569 3177 615 et
3211 563 3488 633 sanguinis,
3514 580 3681 626 conm.

2208 654 2350 701 tatur
2379 647 2669 717 aliquando
2691 651 2755 703 ad
2779 651 3176 720 ptenitcntiam,
3210 664 3417 708 revocet
3452 656 3513 712 ad
3536 673 3583 714 se
3607 676 3682 718 me

2202 740 2428 794 muriam
2462 742 2577 805 Dei,
2607 751 2824 798 revocet
2854 758 3001 813 spem
3025 743 3233 798 salutis.
3260 743 3370 799 Non
3396 747 3521 803 enirn
3545 754 3683 808 extrin-

2200 845 2359 887 secus
2408 833 2623 889 aliunde
2671 837 2960 904 quaerenda
3018 845 3178 902 sunt,
3233 837 3324 891 sed
3372 839 3498 892 intra
3531 855 3684 901 noscst

2200 923 2391 978 salutis
2436 927 2675 989 occasio,
2730 926 2876 980 sicut
2917 936 2973 981 et
3029 925 3288 981 Domirms
3326 928 3685 990 dixit‘uﬁcce

2200 1016 2340 1069 enim
2371 1029 2590 1086 regnum
2622 1016 2712 1070 Dei
2740 1019 2878 1072 intra
2910 1033 3005 1074 vos
3035 1027 3138 1073 est.
3175 1037 3196 1070 ι
3230 1018 3372 1073 Intra
3403 1036 3492 1077 nos
3517 1039 3687 1094 namque

2199 1119 2281 1165 est
2342 1112 2716 1166 conversionis
2787 1110 3032 1169 facultas.
3084 1114 3219 1170 Cum
3276 1116 3416 1170 enim
3459 1131 3687 1177 conversus

2199 1202 2545 1275 ingemueris,
2573 1204 2750 1259 salvus
2774 1206 2904 1269 eris,
2924 1216 2978 1262 et
3012 1218 3140 1263 tunc
3169 1208 3375 1277 poteris
3404 1209 3544 1277 digne
3568 1211 3684 1266 Altis-

2190 1293 2326 1349 simo
2352 1294 2576 1348 reddere
2604 1303 2725 1349 vota
2747 1302 2860 1357 tua,
2892 1303 2946 1348 et
2969 1294 3132 1347 homo
3164 1294 3329 1347 homo
3351 1294 3593 1363 appellari.
3611 1298 3686 1353 \"o-

2190 1394 2301 1438 tum
2328 1393 2505 1437 autem
2529 1392 2629 1447 est,
2657 1400 2779 1437 cum
2806 1383 3001 1453 aliquid
3028 1382 3093 1437 de
3115 1383 3317 1437 nostris
3335 1384 3683 1443 ollerimusDeo.

2190 1480 2316 1534 Vult
2346 1496 2472 1552 ergo
2499 1496 2525 1533 a
2558 1480 2711 1533 nobis
2747 1480 2898 1550 prius
2932 1479 3131 1550 aliquid
3164 1480 3414 1550 accipere
3442 1480 3567 1535 Deus
3591 1484 3686 1554 (33},

2192 1580 2247 1626 et
2297 1571 2369 1625 ita
2419 1572 2575 1626 nobis
2612 1570 2814 1640 aliquid
2860 1571 2976 1640 ipse
3020 1570 3232 1642 largiri,
3282 1579 3343 1625 ut
3380 1571 3508 1624 dona
3546 1587 3623 1626 sua
3652 1585 3690 1630 et

2200 1670 2423 1711 munera
2455 1658 2791 1712 merentibus
2821 1668 2874 1711 et
2905 1673 3010 1710 non
3045 1658 3337 1711 immeritis
3372 1657 3538 1727 largiri
3561 1659 3691 1712 vidca-

2199 1754 2303 1799 tur.
2343 1746 2481 1813 Quid
2544 1757 2722 1801 autem
2758 1757 2839 1802 est
2893 1749 3033 1817 quod
3081 1749 3193 1801 vult
3244 1749 3486 1818 accipere
3524 1766 3548 1802 a
3585 1751 3692 1806 nobis

2198 1840 2381 1895 Deus?
2406 1840 2539 1895 Audi
2577 1840 2872 1910 Scriptura:
2906 1841 3235 1897 sententiam
3267 1842 3326 1895 ':
3357 1861 3375 1893 ι
3399 1840 3458 1895 Ει
3503 1859 3616 1898 nunc
3645 1844 3691 1898 b-

2199 1930 2329 1997 racl,
2364 1931 2491 2001 quid
2516 1929 2780 1985 Dominus
2809 1930 2947 1985 Deus
2988 1940 3113 1985 tuus
3143 1932 3320 2001 poscit
3360 1946 3388 1984 a
3437 1942 3519 1995 te,
3560 1934 3691 1986 nisiut

2196 2021 2389 2075 timeas
2428 2018 2709 2074 Dominum
2763 2018 2929 2075 Deum
2975 2029 3123 2076 tuum
3163 2031 3216 2075 et
3246 2020 3414 2094 365
3438 2023 3693 2078 atubulcsls

2195 2113 2448 2167 omnibus
2470 2113 2574 2166 viis
2598 2111 2733 2180 ejus,
2772 2121 2827 2165 et
2858 2112 3050 2185 diligas
3083 2127 3204 2168 eum
3227 2130 3296 2168 ex
3325 2124 3434 2168 toto
3460 2118 3596 2169 corde
3616 2126 3691 2182 tuo,

2196 2214 2245 2257 ct
2284 2219 2351 2259 ex
2392 2212 2505 2258 tota
2560 2205 2740 2259 anima
2775 2213 2861 2259 tua
2887 2246 2900 2269 ,
2946 2218 3000 2260 et
3044 2222 3110 2260 ex
3143 2207 3272 2262 totis
3326 2208 3519 2263 viribus
3551 2209 3690 2263 tuis?»

2197 2295 2320 2351 ll:ec
2343 2306 2468 2351 sunt
2500 2311 2627 2367 ergo
2655 2312 2773 2366 qua:
2803 2298 2943 2352 Deus
2969 2298 3142 2366 poscit
3166 2313 3195 2352 a
3232 2298 3413 2359 nobis.
3439 2300 3601 2365 Quasi
3623 2317 3693 2356 non

2196 2391 2344 2459 prius
2375 2388 2686 2456 oll'eramus,
2713 2393 2776 2444 ab
2804 2393 2919 2461 ipso
2952 2392 3287 2462 accipiemus
3330 2394 3479 2447 nihil.
3512 2394 3695 2464 Legimus

2193 2491 2245 2536 et
2279 2482 2330 2535 in
2374 2481 2477 2536 alio
2508 2481 2626 2537 loco
2657 2483 2678 2515 ⁸
2706 2498 2719 2533 :
2757 2499 2778 2535 ι
2806 2482 2938 2537 Date
2991 2483 3222 2554 gloriam
3270 2484 3441 2547 Deo,»
3488 2495 3582 2541 et:c
3604 2485 3695 2540 Date

2195 2572 2648 2643 magniﬁcentiam
2684 2573 2813 2628 Deo.
2843 2594 2861 2626 ι
2885 2574 2942 2628 Si
2973 2575 3233 2630 dederitis
3265 2576 3511 2644 gloriam,
3532 2578 3698 2644 recipie-

2194 2665 2263 2718 tis
2289 2664 2540 2734 gloriam.
2578 2666 2672 2721 Sic
2713 2667 2860 2720 enim
2893 2667 3024 2721 dicit
3070 2669 3187 2735 ipse
3237 2668 3382 2723 Deus
3408 2670 3428 2700 "
3463 2688 3476 2722 :
3506 2669 3696 2722 «Gloria-

2191 2771 2378 2814 cantes
2410 2776 2496 2816 me
2518 2760 2851 2831 gloriﬁcabo.
2889 2780 2908 2813 ι
2953 2761 3065 2831 Ego
3094 2776 3225 2816 vero
3265 2762 3413 2826 dico,
3452 2764 3575 2832 quod
3603 2772 3642 2817 et
3663 2762 3695 2815 si

2190 2852 2480 2907 oll'eramus
2516 2854 2563 2906 ei
2592 2850 2859 2919 justitiam
2900 2862 3164 2920 nostram,
3197 2854 3523 2923 accipiemus
3544 2856 3598 2909 ab
3617 2855 3695 2924 ipso

2184 2942 2453 3014 justitiam
2488 2945 2604 3000 Dei.
2638 2943 2707 2998 Et
2743 2944 2789 2998 si
2822 2943 3116 2999 oll'eramus
3155 2944 3206 3000 ei
3247 2956 3490 2999 nostram
3512 2986 3528 3008 .
3575 2944 3617 3000 id
3642 2954 3698 3002 est

2188 3039 2432 3107 corporis
2495 3040 2824 3104 castitatem,
2883 3040 3217 3108 accipiemus
3282 3040 3354 3094 ab
3422 3041 3528 3110 ipso
3587 3040 3698 3108 spiri-

515 3139 619 3179 nec
670 3137 789 3182 vota
843 3129 988 3186 solus
1045 3130 1260 3197 oll‘erre,
1319 3149 1423 3188 non
1478 3136 1623 3189 enim
1659 3146 1833 3206 potest
1880 3137 2155 3208 aliquidc
2193 3140 2275 3185 llIS
2322 3130 2632 3185 eaStilalem
2685 3130 2819 3201 (54).
2878 3131 2945 3184 El
3001 3131 3044 3184 Si
3103 3128 3404 3186 oneramus
3454 3132 3498 3184 Ci
3540 3145 3695 3185 52M

516 3216 736 3286 dignum
790 3218 901 3274 Deo
944 3221 1143 3278 habere
1177 3242 1191 3278 :
1227 3224 1319 3279 sed
1373 3226 1463 3283 ille
1518 3226 1753 3283 interior"
1783 3239 1863 3284 est
1901 3230 2083 3294 homo,

514 3308 608 3377 qui
644 3310 817 3380 magis
864 3311 1027 3368 habet
1066 3314 1119 3369 in
1168 3330 1226 3371 se
1278 3319 1423 3387 quod
1472 3316 1660 3373 (πενίη
1711 3319 1838 3374 Deo.
1901 3319 1956 3374 lu
1995 3319 2086 3377 illo

514 3413 752 3469 namque
804 3412 888 3457 est
948 3405 1309 3463 habitaculum
1339 3410 1595 3464 virtutum
1619 3452 1634 3476 ,
1672 3410 1722 3465 in
1778 3410 1869 3464 illo
1908 3412 2085 3468 omnis

513 3490 821 3548 intellectus
875 3495 1138 3561 scientiae,
1204 3502 1257 3554 in
1309 3501 1402 3555 illo
1447 3512 1526 3555 est
1582 3502 1778 3558 divina:
1833 3504 2083 3574 imaginis

514 3585 812 3642 innovatio.
840 3586 940 3655 Qui
969 3604 1090 3644 cum
1123 3593 1358 3661 speciem
1396 3610 1548 3649 suam
1570 3636 1585 3660 ,
1633 3611 1736 3664 qua
1775 3610 1840 3650 ex
1869 3596 2026 3651 initio
2053 3614 2082 3651 ιι

513 3676 622 3732 Deo
645 3677 820 3737 factus
843 3690 925 3737 est
949 3679 1060 3753 (51)
1087 3689 1507 3755 recuperaverit,
1528 3697 1583 3743 et
1610 3690 1867 3743 virtutum
1905 3692 2085 3745 redin-

514 3773 817 3841 tegratione
848 3776 1301 3844 pulchritudinem
1334 3779 1533 3850 prioris
1567 3780 1755 3835 formae
1786 3785 2079 3852 receperit,

512 3875 641 3921 tunc
666 3865 776 3934 jam
818 3878 995 3938 potest
1038 3880 1160 3925 vota
1196 3871 1389 3927 oiTerre
1423 3873 1561 3941 Deo,
1593 3884 1644 3929 et
1684 3885 1807 3931 tunc
1833 3873 1944 3943 jam
1977 3891 2080 3929 non

511 3955 677 4011 homo
713 3958 922 4026 solum,
967 3961 1059 4016 scd
1110 3962 1271 4017 homo
1306 3963 1468 4018 homo
1523 3965 1748 4020 dicetur.
1805 3967 1936 4020 l\'am
1989 3966 2078 4036 qui

512 4046 830 4104 interiorem
857 4051 1127 4106 hominem
1161 4069 1266 4107 non
1311 4054 1528 4121 excolit,
1575 4057 1666 4126 qui
1710 4055 1852 4112 illius
1893 4073 2079 4112 curam

515 4154 621 4192 non
659 4140 820 4209 gerit,
845 4142 933 4210 qui
968 4143 1259 4198 virtutibus
1285 4159 1406 4200 eum
1436 4163 1541 4202 non
1574 4149 1811 4215 instruit,
1842 4152 2082 4207 moribus

514 4249 620 4289 non
672 4236 924 4303 adornat,
971 4239 1167 4295 divinis
1204 4242 1632 4301 institutionibus
1677 4264 1783 4301 non
1842 4260 2078 4315 exercet,

510 4328 832 4398 sapientiam
864 4330 959 4385 Dei
991 4347 1098 4387 non
1128 4336 1341 4403 qumrit,
1398 4338 1639 4392 scientiae
1670 4338 2078 4411 Scripturarum

510 4432 731 4488 Operam
760 4438 864 4477 non
901 4424 1183 4495 impendit,
1217 4428 1312 4503 hic.
1349 4446 1456 4484 non
1491 4440 1666 4499 potest
1714 4432 1875 4490 homo
1916 4436 2079 4492 homo

509 4512 637 4577 dici,
674 4517 767 4570 sed
806 4517 968 4573 homo
998 4528 1229 4586 tantum,
1281 4532 1337 4577 et
1389 4523 1550 4579 homo
1602 4526 1851 4582 animalis
1890 4546 1904 4583 :
1947 4530 2071 4597 quia

509 4600 600 4655 ille
625 4603 867 4673 interior,
896 4611 982 4665 cui
1011 4612 1191 4666 verius
1210 4624 1264 4668 et
1298 4614 1529 4670 nobilius
1561 4615 1719 4674 homo
1751 4634 1942 4676 nomen
1970 4630 2072 4686 est,

509 4694 720 4762 sopitus
743 4696 795 4750 in
831 4713 894 4752 eo
927 4710 1008 4755 est
1033 4703 1342 4759 carnalibus
1375 4705 1518 4761 vitiis
1543 4746 1560 4773 ,
1614 4715 1667 4763 et
1697 4711 1879 4765 mundi
1915 4713 2073 4783 hujus

507 4785 657 4839 curis
682 4801 745 4840 ac
772 4788 1226 4850 sollicitudinibus
1279 4798 1509 4852 obrutus
1529 4840 1542 4861 ,
1595 4799 1669 4855 ita
1703 4810 1762 4854 ut
1798 4802 1848 4856 in
1879 4819 1944 4859 eo
1974 4821 2073 4859 nec

505 4875 743 4932 nominis
788 4878 902 4949 ejus
949 4881 1133 4938 haberi
1179 4886 1352 4956 possit
1393 4888 1680 4957 appellatio
1726 4891 1860 4965 (59.).
1927 4893 2078 4952 Unde

507 4970 642 5025 satis
682 4972 947 5042 agendum
982 4985 1063 5030 est
1100 4978 1391 5049 unicuique
1418 4992 1683 5051 nostrum,
1748 4995 1805 5040 ut
1841 4988 1883 5042 si
1933 4986 2076 5046 forte

503 5062 652 5117 videt
685 5062 737 5117 in
768 5079 826 5117 se
856 5065 1166 5122 interiorem
1213 5069 1486 5126 hominem
1522 5063 1867 5142 peccatorum
1895 5083 2076 5135 sordi-

502 5152 606 5210 bus
645 5163 698 5209 et
719 5155 973 5211 vitiorum
1006 5159 1292 5216 ruderibus
1320 5178 1635 5232 oppressum
1659 5165 1848 5236 jacere
1868 5209 1883 5235 ,
1912 5171 2074 5227 citius

2192 3232 2459 3287 nostrum,
2492 3224 2822 3291 accipiemus
2861 3225 2928 3278 ab
2971 3226 3087 3293 ipso
3136 3239 3362 3279 sensum
3395 3226 3578 3293 ipsius;
3603 3224 3699 3278 sicut

2188 3326 2241 3371 et
2273 3315 2561 3385 Apostolus
2595 3318 2810 3373 dicebat
2840 3318 2862 3350 ⁸
2893 3337 2945 3374 ει
2972 3318 3082 3374 Nos
3107 3331 3289 3374 autem
3327 3319 3528 3373 Domini
3551 3316 3697 3374 Christi

2188 3424 2404 3464 sensum
2462 3410 2742 3467 habemus.
2786 3430 2804 3464 ι
2848 3411 2981 3467 Cum
3037 3404 3377 3468 autem'nos
3415 3414 3700 3469 obtulerim:

2192 3504 2299 3558 Deo
2327 3519 2446 3574 quae
2478 3505 2531 3559 in
2562 3504 2715 3561 nobis
2744 3519 2890 3572 sunt,
2921 3519 2974 3561 et
3000 3507 3089 3562 ille
3112 3508 3413 3563 contulerit
3440 3510 3489 3563 in
3516 3524 3598 3562 nos
3616 3522 3696 3576 qua:

2187 3612 2281 3652 sua
2314 3608 2461 3664 sunt,
2497 3605 2621 3652 tunc
2650 3600 2907 3670 verejam
2932 3616 3032 3654 non
3065 3601 3228 3655 homo
3261 3602 3462 3664 solum,
3490 3604 3570 3655 sed
3587 3603 3699 3655 horno

2187 3691 2352 3744 homo
2382 3691 2646 3747 dicemur.
2712 3690 2952 3761 Uterque
3006 3694 3146 3746 enirn
3191 3693 3364 3747 homo
3413 3692 3695 3747 vocabuliqu

2185 3782 2516 3851 perfectione
2573 3785 2825 3837 decenter
2878 3792 3101 3838 ornatus
3137 3793 3239 3838 est.
3305 3782 3414 3838 Ista
3459 3795 3572 3839 sunt
3607 3798 3698 3851 ergo

2140 3908 2145 3915 -
2186 3889 2331 3939 vota,
2358 3889 2477 3944 qua:
2511 3874 2669 3929 debet
2694 3875 3057 3940 exsolvereis,
3079 3877 3169 3944 qui
3192 3875 3362 3931 homo
3395 3877 3547 3932 homo
3566 3874 3696 3943 appel-

2186 3964 2349 4019 latur.
2381 3965 2507 4020 Seio
2530 3966 2741 4020 diversa
2774 3975 2892 4019 vota
2924 3966 2975 4020 in
3005 3964 3306 4035 Scripturis
3348 3967 3552 4022 referri.
3583 3968 3697 4021 Anna

2185 4058 2401 4126 quidem
2434 4058 2577 4111 vovit
2609 4055 2719 4109 Deo
2743 4055 2975 4110 fructum
3002 4059 3208 4111 ventris
3231 4060 3348 4122 sui,
3372 4068 3427 4112 et
3455 4057 3697 4111 Sarnoclem

2184 4152 2523 4206 consecravit
2578 4152 2629 4203 in
2679 4149 2877 4218 templo
2912 4151 2954 4205 ’.
2999 4149 3150 4203 Alius
3178 4192 3193 4214 ,
3248 4153 3594 4221 quodcunque
3627 4147 3698 4201 sibi

2186 4254 2305 4314 post
2369 4243 2647 4298 victoriam
2714 4245 2959 4299 redeunti
3018 4243 3357 4298 occurrisset
3405 4244 3542 4296 vovit
3592 4243 3694 4299 Dm.

2182 4345 2503 4391 occurrente
2539 4333 2680 4398 lilia,
2736 4344 2859 4388 vota
2906 4334 3250 4406 lacrymanda
3311 4331 3697 4405 persolvit".33ii

2186 4430 2400 4491 vitulos,
2434 4438 2526 4482 aut
2551 4428 2773 4494 arietes,
2808 4437 2895 4481 aut
2925 4426 3114 4482 domos
3138 4470 3151 4493 ,
3184 4437 3281 4481 aut
3311 4429 3417 4481 alia
3448 4423 3694 4497 hujusmoji

2187 4524 2397 4577 ratione
2447 4521 2706 4585 carentia,
2744 4531 2866 4574 vota
2902 4519 3131 4575 offerunt
3191 4522 3324 4578 Deo.
3379 4521 3469 4576 llle
3508 4536 3613 4574 vero
3634 4516 3698 4585 qui

2183 4615 2484 4684 appellatur
2511 4614 2819 4680 Nazaracus,
2857 4616 3205 4683 semetipsum
3242 4613 3597 4669 devovitDeo.
3620 4610 3697 4663 lloc

2181 4719 2263 4765 est
2311 4710 2457 4764 enim
2511 4722 2692 4763 vetum
2747 4708 2986 4762 Nazartei
3033 4709 3173 4776 quod
3233 4716 3321 4762 cst
3381 4721 3535 4775 super
3583 4714 3699 4756 onrnc

2181 4811 2386 4855 votum.
2417 4800 2548 4856 Nam
2579 4801 2745 4856 lilium
2782 4800 2998 4867 oﬂ'erre,
3052 4800 3133 4854 vel
3170 4797 3338 4854 ﬁliam
3368 4839 3382 4865 ,
3432 4808 3519 4853 aut
3558 4810 3694 4865 pecus,

2177 4903 2268 4946 aut
2306 4895 2586 4963 prredium,
2622 4896 2725 4949 hoc
2755 4902 2922 4949 totum
2952 4902 3108 4948 extra
3133 4907 3230 4947 nos
3251 4902 3358 4948 est.
3388 4893 3693 4959 Semetipsuat

2178 4985 2288 5040 Deo
2313 4982 2529 5049 olIerre,
2562 4996 2612 5041 et
2652 5002 2755 5039 non
2802 4987 2980 5040 alieno
3010 4984 3211 5047 labore,
3238 4984 3334 5039 sed
3375 4983 3582 5055 proprio
3607 4981 3692 5046 pla-

2174 5090 2322 5143 cere,
2369 5078 2472 5131 hoc
2523 5088 2606 5132 est
2645 5078 2940 5146 perfectius
2995 5086 3049 5132 et
3110 5077 3437 5132 eminentius
3494 5071 3695 5128 osinius!

2178 5172 2314 5226 votis
2347 5189 2359 5224 :
2391 5172 2536 5241 quod
2590 5172 2679 5240 qui
2732 5168 2896 5235 facit,
2964 5169 3204 5223 imitator
3259 5179 3342 5224 est
3389 5166 3592 5222 Christi.
3632 5161 3695 5213 llic

575 5314 592 5346 ¹
686 5313 1001 5396 (ἶον.ν,.¹16.
1053 5318 1273 5396 _’_Nnm.
1298 5323 1501 5396 xxx,2.
1574 5324 1595 5356 ³
1627 5322 1666 5377 ll
1697 5325 1821 5381 Cor.
1865 5345 1936 5394 ιν,
1972 5332 2057 5387 16.

2191 5330 2475 5396 Luc.xvu,
2505 5331 2597 5386 2t.
2672 5330 2696 5362 ⁸
2734 5329 2891 5386 Deut.
2934 5346 2996 5396 x,
3039 5329 3125 5385 12.
3200 5329 3221 5358 ‘
3253 5327 3455 5384 Jcrem.
3496 5341 3598 5389 xm.
3628 5320 3692 5378 16.

500 5380 524 5416 ’
561 5384 575 5437 l
618 5383 750 5454 Reg.
794 5380 863 5449 n,
888 5386 977 5442 30.
1052 5388 1074 5419 ⁸
1104 5387 1124 5442 1
1152 5387 1276 5444 Cor.
1314 5407 1376 5457 ll,
1415 5380 1523 5448 'l6.

569 5473 685 5554 (51)
727 5476 909 5531 Codex
950 5477 1138 5554 Sancti
1166 5478 1511 5554 Theudorici,
1557 5501 1576 5535 ι
1617 5500 1736 5554 qua:
1763 5502 1828 5541 ex
1856 5486 2009 5541 initio
2037 5506 2067 5544 ιι

500 5542 611 5597 Deo
644 5546 802 5627 facta
840 5559 943 5627 est.
973 5568 991 5600 ι
1056 5547 1386 5627 Paulopost
1424 5542 1611 5608 omnes
1635 5542 1786 5627 'niss.
1830 5542 2067 5627 habent,

513 5631 535 5666 ι
571 5614 1022 5699 pulchritmlinem
1084 5614 1282 5699 prioris
1322 5624 1552 5699 fortuna.
1593 5642 1609 5675 ι
1686 5624 1838 5680 Libb.
1913 5614 2068 5699 editi;

513 5699 534 5734 ι
575 5685 1025 5757 p_u_lehriunlinem
1054 5685 1288 5757 priorem
1318 5693 1523 5748 forum.
1555 5714 1573 5746 ι

560 5751 895 5839 .{32)‘Codd.
943 5751 1294 5839 Ebroieensis
1349 5764 1637 5839 et_Sancti
1700 5764 2021 5839 Theudorici
2051 5812 2067 5839 ,

508 5838 530 5873 ι
560 5831 631 5877 ita
667 5834 850 5881 utnec
908 5831 1142 5887 nominis
1194 5832 1309 5903 ejus
1350 5834 1550 5892 habere
1605 5836 1776 5906 possit
1832 5831 2069 5909 appella?

1599 5398 1621 5429 ’
1662 5397 1679 5450 1
1722 5399 1849 5465 lleg.
1882 5415 1930 5457 ι.
1959 5402 2140 5459 9’Jud.
2171 5420 2247 5457 xr.

2175 5491 2393 5546 tionem.
2426 5504 2445 5538 ι

2245 5556 2369 5632 (55)
2392 5558 2518 5632 Vult
2537 5573 2659 5632 ergo
2683 5574 2714 5611 a
2729 5557 2891 5632 globis
2921 5559 3069 5632 prius
3094 5557 3296 5632 aliquid
3321 5557 3546 5625 accipere
3569 5551 3691 5632 Das.

2172 5618 2278 5686 etc.
2313 5618 2443 5685 Vide
2479 5618 2656 5683 line-lvii
2714 5618 3156 5696 Origenianorum
3181 5618 3302 5683 Ἰιὺ.
3332 5645 3394 5693 ιι,
3436 5618 3608 5697 quaest.
3647 5618 3686 5682 7ο

2174 5716 2452 5773 ιιιιιιιβγιιιιι
2487 5699 2737 5773 H.138!
2769 5698 2883 5773 με,
2996 5769 3008 5773 Α
3080 5769 3091 5773 ,
3135 5770 3145 5773 ,
3319 5768 3330 5773 _
3368 5767 3380 5773 _
3610 5761 3621 5773 .

2240 5771 2354 5842 (54)
2385 5769 2568 5842 (inde:
2602 5770 2788 5842 Sancti
2822 5767 3173 5831 Theoderici,
3208 5789 3225 5821 ι
3255 5767 3473 5834 spiritus
3506 5767 3686 5821 castita-

2173 5852 2302 5898 tem.
2334 5839 2355 5909 '9
2400 5839 2556 5897 Libb.
2590 5841 2745 5910 editi,
2789 5857 2807 5892 ι
2836 5841 3004 5913 ipsius
3025 5843 3341 5896 castitatem.
3380 5855 3402 5890 ι
