3874 6516
107 398 198 458 761

1200 386 1268 445 IN
1302 380 1639 443 NUMEROS
1677 375 1966 436 HOMILIA
1999 371 2193 430 XXIV.

3220 359 3329 416 762

101 518 231 575 enim
255 514 380 573 dedit
403 508 625 571 homini
655 518 881 575 terram,
911 494 1096 571 mare,
1127 517 1187 563 et
1218 505 1400 562 omnia
1435 518 1557 575 qum
1581 502 1636 557 in
1672 500 1712 557 Α
1739 495 1808 551 Ει
1835 494 1881 550 si
1936 491 2154 563 quidem
2189 474 2525 559 parvula‘est
2577 465 2767 539 animi
2799 489 2856 536 et
2882 477 3034 536 initia
3066 460 3235 533 habet
3271 477 3326 533 in

101 615 175 670 eis
205 620 331 677 sunt,
357 609 418 665 ad
455 606 777 679 obsequium
809 605 957 661 dedit
979 612 1030 660 et
1054 601 1276 666 cmlum,
1308 601 1475 656 solem
1500 613 1638 668 quo-

98 724 195 778 quc
228 719 275 763 et
301 708 493 768 lunam,
519 719 583 760 ac
608 702 829 768 stellas,
867 700 1141 757 hominum
1173 695 1477 774 ministerio
1510 708 1639 747 eon-

98 799 512 870 eessit:pluvias,
544 806 760 861 ventos,
794 803 848 852 et
881 807 1042 848 omne
1066 788 1325 861 quidquid
1357 788 1412 844 in
1440 785 1641 841 mundo

98 904 175 948 est
207 891 499 948 hominibus
529 888 758 960 largitus
799 897 905 942 est.
949 884 1055 940 Sed
1108 889 1230 952 post
1272 880 1387 935 haec
1433 876 1636 943 omnia,

97 987 410 1054 semetipsum
436 982 599 1039 dedit.
633 1000 653 1035 ι
683 979 775 1036 Sic
805 978 948 1035 enim
974 977 1158 1031 dilexit
1183 974 1324 1029 Deus
1357 974 1637 1036 mundum,

99 1089 155 1131 ut
178 1077 351 1132 Filium
374 1090 529 1130 suum
559 1072 898 1142 unigenitum
920 1071 1075 1124 daret
1106 1088 1124 1121 ι
1148 1083 1244 1137 pro
1269 1067 1451 1121 mundi
1483 1065 1643 1134 hujus

96 1173 198 1226 vita
230 1171 288 1224 “.
316 1169 450 1237 Quid
482 1182 612 1240 ergo
638 1163 889 1237 m‘agnum
918 1164 1078 1220 faciet
1104 1165 1290 1225 homo,
1320 1162 1365 1216 si
1387 1159 1644 1227 semetip-

93 1280 204 1320 sum
233 1262 409 1319 oll'erat
456 1262 589 1327 Deo,
623 1261 711 1317 cui
763 1260 879 1330 ipse
920 1274 979 1315 se
1023 1258 1175 1327 prior
1224 1253 1420 1309 obtulit
1465 1251 1644 1307 Deus?

93 1357 148 1411 Si
181 1373 301 1427 ergo
332 1355 486 1411 tollas
521 1368 738 1410 crucem
768 1362 938 1419 tuam,
985 1359 1041 1407 et
1063 1347 1311 1418 sequaris
1336 1346 1641 1411 Christum,

90 1451 133 1505 si
158 1450 296 1505 dicas
326 1468 339 1505 :
374 1469 391 1502 ι
415 1447 549 1505 Vivo
572 1456 775 1515 autem,
802 1446 911 1515 jam
942 1459 1047 1499 non
1088 1459 1210 1513 ego,
1271 1441 1403 1495 vivit
1428 1455 1558 1495 vero
1588 1439 1640 1493 in

90 1558 171 1597 me
195 1543 426 1598 Christus
451 1542 514 1606 ι’,
540 1560 558 1593 ι
598 1540 646 1596 si
674 1539 945 1595 desideret
983 1549 1038 1594 et
1064 1539 1217 1593 sitiat
1250 1536 1429 1591 anima
1455 1542 1643 1589 nostra

85 1636 258 1690 redire
308 1643 358 1690 et
400 1648 522 1689 esse
570 1648 694 1688 cum
746 1632 999 1698 Christo,
1048 1632 1188 1687 sicut
1239 1639 1295 1684 ct
1348 1628 1644 1699 Apostolus

86 1725 313 1788 dicebat,
359 1734 410 1778 et
459 1724 747 1794 prtesentis
779 1723 961 1778 saeculi
995 1738 1098 1777 non
1129 1721 1433 1777 delectatur
1461 1721 1643 1775 illece-

83 1816 215 1879 liris,
248 1825 297 1873 et
329 1818 371 1871 si
403 1831 615 1871 omnem
640 1815 814 1887 legem
843 1830 962 1887 quae
988 1815 1056 1871 de
1080 1813 1354 1869 Nazarmis
1388 1814 1510 1868 data
1537 1822 1641 1877 est,

80 1908 384 1980 Sjtit‘ilaiilel‘
408 1910 647 1980 impleat,
670 1921 797 1966 tunc
823 1910 1195 1981 semetipsum,
1222 1909 1273 1964 id
1300 1919 1382 1963 est
1405 1907 1639 1962 animam

80 2018 254 2070 suam,
298 2004 491 2060 obtulit
532 2004 660 2059 Deo.
716 2004 817 2072 Qui
858 2005 913 2059 in
950 2003 1204 2059 castitate
1251 2003 1415 2067 vivit,
1450 2016 1648 2071 corpus

77 2113 231 2151 suum
268 2099 405 2152 vovit
434 2097 543 2154 Deo
565 2099 865 2154 secundum
893 2113 1016 2152 cum
1042 2099 1135 2167 qui
1169 2097 1306 2153 dixit
1339 2099 1380 2129 “
1412 2115 1425 2151 :
1451 2096 1649 2165 «Virgo

75 2203 252 2244 autem
281 2192 477 2261 cogitat
531 2192 807 2264 quomodo
841 2193 913 2249 sit
966 2205 1155 2249 sancta
1196 2207 1426 2263 corpore
1457 2200 1512 2246 et
1539 2190 1649 2259 spi-

76 2286 207 2341 ritu.
233 2305 252 2338 ι
296 2284 425 2339 Nam
451 2295 501 2342 et
541 2286 645 2341 hoc
673 2287 847 2357 ipsum
886 2288 1027 2355 quod
1055 2286 1193 2342 dixit
1227 2303 1246 2337 ι
1277 2295 1485 2347 sancta,
1516 2300 1534 2334 ι
1582 2282 1648 2338 ad

68 2377 175 2432 hoc
206 2378 418 2447 respicit
449 2392 463 2429 :
502 2380 675 2435 sancti
700 2380 846 2434 enim
876 2379 1134 2434 dicuntur
1158 2377 1230 2432 illi
1263 2377 1352 2446 qui
1406 2391 1464 2431 se
1488 2391 1651 2430 vove-

72 2485 203 2529 runt
232 2476 357 2531 Deo.
387 2474 539 2532 Unde
575 2486 629 2531 et
672 2478 849 2546 aries,
914 2479 1066 2534 verbi
1109 2492 1273 2534 eausa
1331 2479 1376 2531 si
1421 2484 1653 2530 vovetur

68 2567 211 2634 Deo,
240 2580 457 2626 sanctus
489 2570 814 2641 appellatur,
845 2587 1006 2642 quem
1051 2572 1263 2626 tonderi
1296 2570 1363 2623 ad
1401 2585 1650 2626 commu-

68 2677 171 2715 nes
203 2676 333 2717 usus
363 2678 466 2718 non
493 2661 641 2717 licet.
684 2661 791 2718 Sed
831 2671 886 2717 et
927 2661 1127 2717 vitulus
1152 2665 1195 2716 si
1223 2662 1450 2717 devotus
1486 2661 1653 2715 fuerit

68 2758 208 2823 Deo,
236 2766 452 2811 sanctus
484 2756 838 2813 nihilominus
865 2757 1190 2826 appellatur,
1233 2771 1334 2812 nec
1373 2756 1499 2809 licet
1526 2771 1651 2811 eum

57 2849 221 2918 jungi
250 2849 302 2903 in
325 2864 458 2917 opus
490 2863 800 2905 commune.
831 2848 907 2903 Ex
937 2850 1000 2903 iis
1024 2864 1154 2917 ergo
1178 2847 1496 2919 colligamus
1524 2846 1651 2916 quid

59 2952 152 2993 est
186 2942 461 2995 hominem
496 2942 733 3009 seipsnm
778 2956 979 2996 vovere
1029 2940 1161 2997 Deo.
1229 2940 1284 2995 Si
1339 2948 1390 2993 te
1439 2938 1655 2993 voveris

59 3034 205 3099 Deo,
238 3031 534 3087 imitandus
577 3033 671 3087 tibi
693 3043 773 3087 est
808 3033 1007 3087 vitulus
1033 3074 1046 3096 ,
1077 3048 1234 3100 quem
1268 3046 1373 3085 non
1402 3030 1528 3084 licet
1555 3029 1656 3083 hu-

62 3126 252 3182 manis
302 3128 557 3196 operibus
610 3126 908 3192 deservire,
963 3127 1094 3181 nihil
1151 3125 1333 3180 facere
1380 3123 1524 3193 quod
1583 3123 1649 3177 ad

59 3220 326 3276 homines
381 3230 437 3275 et
484 3222 551 3276 ad
602 3230 926 3292 praesentem
973 3222 1244 3291 pertineat
1298 3221 1488 3275 vitam.
1545 3217 1725 3275 SedC

57 3312 335 3382 quidquid
353 3313 420 3368 ad
437 3316 672 3393 animam
692 3315 925 3384 pertinet
943 3324 993 3369 et
1012 3314 1077 3368 ad
1093 3314 1259 3367 divini
1276 3314 1455 3368 cultus
1474 3314 1669 3369 obser--

57 3407 337 3474 vantiatn,
364 3409 467 3462 hoc
496 3417 551 3463 et
584 3409 851 3478 agendum
880 3420 933 3463 et
959 3408 1312 3478 cogitandum
1348 3407 1443 3462 tibi
1474 3418 1578 3463 esl.

133 3514 192 3569 5.
246 3514 352 3571 Sed
402 3515 621 3571 interim
667 3532 909 3585 pratsens
939 3516 1099 3571 lectio
1138 3516 1389 3573 continet
1422 3516 1656 3572 diversi-

57 3618 211 3664 tates
257 3612 520 3679 quasdam
566 3620 841 3665 votorum.
899 3610 1109 3665 Etenim
1157 3612 1201 3666 si
1241 3612 1325 3665 vir
1371 3609 1537 3665 fuerit
1565 3611 1657 3681 qui

57 3703 238 3768 vovit,
272 3703 412 3758 liber
438 3718 559 3758 esse
585 3703 785 3757 dicitur
817 3704 869 3756 in
895 3704 1038 3758 votis
1065 3703 1213 3769 suis,
1252 3701 1495 3770 nullique
1530 3701 1659 3756 sub-

70 3806 264 3852 cctus.
299 3795 491 3850 Mulier
518 3808 701 3852 autem
730 3798 774 3853 si
803 3808 1019 3861 voveat,
1053 3797 1099 3852 si
1129 3796 1349 3866 quidem
1388 3794 1443 3848 in
1495 3794 1658 3850 domo

57 3889 247 3959 patris
269 3890 356 3943 sui
390 3889 482 3956 sit,
514 3900 696 3944 votum
726 3892 843 3962 ejus
877 3884 929 3944 iit
959 3890 1129 3960 patris
1161 3889 1358 3959 pendet
1381 3887 1609 3942 arbitrio
1641 3902 1656 3940 :

58 3992 111 4036 at
156 3983 207 4037 si
252 3984 475 4053 quidem
523 3984 610 4038 ille
638 3987 1008 4049 recusaverit,
1050 3983 1391 4040 liberabitur.
1432 3982 1489 4038 Si
1526 3997 1659 4037 vero

69 4096 172 4133 mn
226 4084 592 4145 recusaverit,
634 4091 686 4136 et
725 4084 839 4151 ipse
884 4090 939 4135 et
980 4082 1085 4135 (ilia
1126 4090 1380 4136 tenentur
1412 4078 1657 4134 obnoxii.

58 4173 224 4240 Quod
265 4176 314 4230 si
372 4185 729 4246 posteaquam
766 4192 871 4231 non
924 4176 1266 4231 recusaverit
1319 4184 1491 4245 pater,
1550 4190 1657 4228 non

58 4268 378 4323 ‘eddiderit
408 4278 593 4324 votum
641 4269 773 4337 filia,
810 4277 1093 4339 peecatmn
1123 4267 1222 4335 ipsi
1253 4274 1460 4323 manet.
1497 4265 1664 4320 Simi-

63 4366 185 4416 iter
225 4372 417 4417 autem
466 4372 525 4416 ct
577 4378 705 4432 erga
745 4362 999 4416 maritum
1030 4360 1368 4423 decernitur,
1421 4368 1481 4415 ut
1514 4358 1558 4414 si
1608 4358 1660 4412 in

60 4457 232 4507 ξοιιιο
265 4453 451 4507 mariti
485 4468 619 4507 uxor
643 4453 846 4523 aliquid
877 4454 1117 4517 voverit,
1150 4461 1204 4505 et
1234 4454 1464 4506 audiens
1493 4452 1664 4505 mari-

1740 586 2141 646 eruditionibus
2194 582 2416 647 divinis,
2466 581 2582 636 ham
2625 576 2725 632 sub
2780 584 2938 646 patre
2990 586 3150 643 agere
3206 586 3330 629 creo

1739 684 1913 741 denda
1954 688 2060 737 est.
2093 677 2149 735 Si
2181 693 2311 733 vero
2357 675 2469 746 jam
2504 671 2737 728 adultior
2792 668 2932 724 facta
2972 674 3099 731 est,
3145 665 3216 723 Ita
3269 673 3329 718 ut

1740 776 2036 846 viripotens
2081 772 2152 827 sit
2182 769 2250 824 ad
2292 764 2717 836 concipiendum
2763 775 2951 817 semen
2998 756 3151 816 verbi
3207 754 3327 822 Dei,

1742 880 1796 926 et
1825 867 2086 925 doctrina:
2114 860 2379 934 spiritalis
2414 871 2613 929 capere
2645 863 2882 920 secreta,
2920 853 3037 906 hare
3077 848 3180 906 sub
3210 847 3328 904 viro

1741 957 1915 1029 posita
1940 955 2163 1012 dicitur.
2230 949 2323 1006 Sic
2353 949 2496 1006 enim
2528 957 2584 1003 et
2634 944 2836 1001 Paulus
2878 942 3092 998 dicebat
3125 942 3192 997 de
3221 938 3329 994 Co-

1744 1028 1963 1103 rinthiis
1986 1046 2029 1079 "
2059 1062 2073 1099 :
2115 1041 2283 1096 «Volo
2323 1048 2502 1095 autem
2535 1050 2727 1095 omnes
2762 1049 2859 1090 vos
2892 1032 2985 1088 uni
3019 1030 3137 1087 viro
3163 1028 3335 1098 virgi-

1743 1157 1866 1197 nem
1893 1148 2104 1195 castam
2126 1136 2385 1193 exhibere
2416 1131 2659 1188 Christo.
2692 1147 2711 1182 ι
2750 1127 2851 1194 Qui
2878 1141 3013 1182 vero
3039 1123 3336 1197 perfectio-

1745 1248 1833 1289 res
1856 1240 1983 1287 sunt
2017 1239 2067 1285 et
2093 1226 2487 1284 eminentiores
2518 1224 2740 1286 horum,
2770 1221 2836 1275 de
2870 1219 2978 1274 illis
3010 1234 3115 1273 non
3136 1217 3336 1272 dicitur

1744 1330 1889 1397 quod
1929 1327 2030 1381 sub
2061 1326 2178 1380 viro
2231 1323 2363 1384 sint,
2400 1318 2495 1375 sed
2534 1315 2659 1372 audi
2718 1312 2991 1383 quomodo
3042 1308 3107 1365 de
3134 1317 3337 1363 semet-

1747 1421 1862 1491 ipso
1893 1419 2086 1487 suique
2129 1413 2403 1472 similibus
2438 1409 2757 1480 pronuntiet
2800 1406 3004 1465 Paulus
3049 1402 3138 1458 ’δε
3178 1419 3199 1454 ι
3224 1399 3334 1459 Do-

1747 1528 1845 1567 nec
1871 1522 2248 1571 occurramus,
2278 1504 2475 1573 inquit,
2511 1518 2702 1559 omnes
2725 1502 2779 1558 in
2813 1500 2989 1555 virum
3008 1494 3336 1567 perlectum,

1748 1605 1803 1659 in
1838 1616 2149 1658 mensuram
2203 1598 2383 1655 aetatis
2430 1594 2790 1665 plenitudinis
2844 1590 3073 1651 Christi.
3109 1609 3129 1643 ι
3199 1586 3338 1645 Huic

1747 1710 1877 1766 ergo
1905 1696 2121 1757 animae,
2141 1706 2262 1759 quae
2288 1689 2343 1745 in
2365 1689 2540 1743 virum
2567 1682 2865 1754 perfectura
2892 1679 3156 1745 occurrit,
3174 1692 3336 1735 nemo

1747 1787 2063 1842 dominatur
2102 1784 2154 1838 in
2198 1782 2361 1847 votis,
2405 1779 2496 1835 sed
2542 1778 2707 1835 habet
2751 1783 3077 1845 potestatem
3114 1784 3336 1826 suorum

1676 1859 1718 1913 Β
1748 1879 2166 1945 libertatemque
2213 1882 2491 1929 votorum.
2544 1868 2603 1923 Si
2660 1877 2840 1922 autem
2895 1862 3112 1920 feminei
3162 1860 3338 1915 adhuc

1749 1969 1964 2041 generis
1990 1967 2154 2023 fuerit
2186 1966 2390 2029 anima,
2422 1962 2506 2017 cui
2533 1959 2616 2015 vel
2657 1959 2738 2013 vir
2763 1956 2847 2012 vel
2887 1964 3040 2026 pater
3083 1953 3337 2010 domine-

1753 2073 1839 2116 tnr
1889 2064 1943 2116 in
1997 2060 2160 2127 votis,
2215 2075 2322 2114 non
2365 2069 2582 2124 semper
2620 2057 2673 2107 in
2724 2053 2839 2120 ipsa
2891 2058 2975 2105 est
3020 2047 3199 2115 cu'lpa,
3242 2044 3335 2105 sed

1751 2155 2023 2210 interdum
2061 2152 2199 2206 redit
2233 2151 2298 2205 ad
2341 2151 2488 2204 viros
2542 2145 2628 2201 vel
2681 2151 2965 2212 parentes.
3021 2140 3096 2195 De
3139 2138 3339 2206 quibus

1754 2245 2025 2315 applicare
2053 2240 2270 2299 diliicile
2293 2241 2383 2303 sit,
2412 2247 2592 2295 tamen
2638 2250 2754 2305 quas
2809 2232 3036 2289 Domino
3071 2229 3341 2299 largiente

1752 2336 1913 2410 365
1948 2337 2245 2407 potuerint,
2298 2332 2626 2389 inferemus.
2660 2329 2817 2397 Saepe
2853 2326 3089 2380 diximus
3132 2322 3345 2380 animas

1754 2444 1874 2483 rum
1902 2442 2022 2497 qua:
2064 2425 2117 2479 in
2176 2421 2418 2477 Ecclesia
2460 2420 2553 2476 Dei
2585 2425 2734 2481 sunt,
2767 2430 2956 2469 curam
2994 2411 3338 2482 procuratio—

1753 2535 1987 2589 nemque
2011 2519 2200 2577 haberi
2233 2531 2332 2586 per
2350 2514 2592 2583 angelos,
2626 2523 2871 2581 quosque
2899 2508 3062 2563 etiam
3093 2504 3159 2558 ad
3197 2501 3342 2569 judi-

1755 2613 1899 2667 cium
1963 2607 2150 2665 venire
2195 2622 2317 2661 cum
2365 2603 2679 2661 hominibus
2716 2598 3057 2655 ostendimus
3101 2592 3241 2665 (36),
3280 2602 3341 2647 ut
3400 2630 3408 2641 .

1755 2705 1848 2759 illo
1868 2703 2051 2758 divino
2076 2708 2288 2755 constet
2318 2696 2590 2759 examine,
2624 2702 2806 2747 utrum
2834 2705 2931 2747 sua
2966 2687 3172 2743 desidia
3208 2701 3340 2754 pec-

1755 2795 2002 2853 caverint
2023 2793 2292 2857 homines,
2321 2805 2388 2843 an
2428 2787 2755 2843 monitorum
2803 2782 3196 2850 custodemque
3247 2794 3354 2858 ue-_

1760 2887 2036 2960 gligentia.
2075 2885 2303 2940 Videtur
2360 2880 2493 2937 mihi
2547 2880 2713 2935 etiam
2768 2876 2821 2935 in
2858 2876 2960 2931 hoc
3008 2872 3341 2937 loco,etiam

1758 2980 1858 3037 sub
1894 2977 2155 3049 mysterio
2215 2973 2488 3044 designari
2520 2981 2576 3025 et
2622 2969 2862 3033 ostendi,
2899 2965 3039 3038 quod
3069 2964 3188 3019 alia:
3218 2963 3342 3031 qui-

1760 3072 1885 3128 dem
1940 3081 1999 3127 ut
2046 3069 2168 3125 lilia:
2200 3069 2303 3125 Sub
2352 3068 2434 3123 eis
2473 3066 2586 3137 (57)
2631 3064 2830 3123 anima:
2873 3062 3096 3131 degunt.
3133 3060 3252 3114 aliae
3285 3066 3343 3114 ut

1765 3179 1963 3220 uxores
2030 3162 2326 3219 secundum
2382 3174 2444 3215 ea
2507 3173 2629 3228 quae
2673 3156 2924 3226 superius
2969 3154 3341 3212 distinximus.

1761 3256 1817 3311 Si
1847 3271 1951 3326 qua
1984 3269 2114 3326 ergo
2146 3254 2337 3307 harum
2391 3249 2587 3307 oﬂ'erre
2632 3248 2835 3318 aliquid
2862 3256 2917 3301 et
2942 3260 3141 3301 vovere
3162 3242 3346 3313 cupiat

1762 3349 1891 3413 Deo.
1920 3347 2187 3417 siquidem
2226 3357 2629 3415 prmproperum
2673 3350 2728 3395 et
2759 3339 2939 3394 minus
2977 3347 3159 3408 aptum
3199 3334 3345 3406 quod

1761 3440 1929 3503 vovit,
1967 3448 2071 3502 est,
2106 3437 2254 3492 illius
2309 3446 2417 3500 est,
2474 3441 2660 3498 utpote
2695 3418 2940 3486 custodis
2967 3441 3022 3485 et
3059 3428 3347 3485 monitoris

1760 3533 1960 3605 angeli,
1992 3532 2272 3588 retrudere
2312 3537 2367 3586 et
2411 3527 2708 3593 reprimere
2757 3522 3007 3577 voventis
3035 3519 3344 3574 audaciam.

1763 3628 1821 3685 Si
1863 3642 1992 3682 vero
2067 3624 2296 3679 audiens
2348 3636 2452 3676 non
2514 3614 2858 3687 represserit,
2908 3628 3014 3667 non
3052 3611 3347 3675 ntOnucrit,

1762 3721 1941 3776 anima
1977 3717 2197 3788 quidem
2237 3713 2563 3770 liberabitur
2620 3726 2648 3765 a
2710 3706 2889 3775 culpa,
2931 3705 3042 3776 ipse
3067 3719 3205 3758 vero
3238 3702 3347 3757 voti

1763 3809 2008 3865 manebit
2059 3805 2350 3863 obnoxius.
2427 3802 2543 3857 Hoc
2589 3799 2807 3870 quidem
2864 3812 2992 3866 erga
3051 3794 3349 3850 inferiores

1763 3918 2010 3974 quasque
2053 3901 2168 3955 lieri
2225 3896 2602 3967 accipiendum
2657 3900 2761 3955 est,
2791 3889 3206 3961 perfectioribus
3236 3887 3351 3955 ipse

1762 3997 1918 4049 adest
1960 3993 2124 4057 Dens,
2180 3989 2321 4045 sicut
2368 3986 2630 4056 scriptum
2678 3993 2755 4037 est
2788 3983 2854 4037 de
2906 3980 3104 4051 p0pnlo
3137 3977 3348 4033 Israel:

1768 4106 1786 4138 ι
1814 4086 2073 4140 Dominus
2125 4084 2238 4152 ipse
2275 4077 2507 4135 ducebat
2555 4090 2670 4132 eos.
2708 4094 2728 4127 ι
2769 4073 2959 4128 Postea
3005 4087 3134 4125 vero
3189 4084 3350 4140 quam

1765 4179 2111 4250 deliquerunt
2177 4184 2233 4229 et
2291 4174 2577 4228 inferiores
2632 4169 2944 4239 semetipsis
3013 4165 3143 4221 l'acti
3193 4173 3345 4230 sunt,

1765 4273 1956 4342 angelo
1991 4270 2294 4324 traduntur.
2327 4267 2482 4323 Unde
2514 4275 2568 4318 ct
2592 4263 2803 4323 Movses
2832 4262 3050 4318 dicebat
3077 4260 3157 4319 ηε
3183 4276 3202 4310 ι
3238 4256 3352 4311 Nisi

1768 4376 1823 4420 tu
1851 4366 1966 4434 ipse
1996 4361 2213 4417 veneris
2264 4358 2576 4423 nobiscum,
2626 4375 2732 4411 non
2771 4372 2857 4412 me
2898 4355 3102 4409 educas
3149 4349 3296 4404 hinc.
3327 4365 3347 4400 ι

1767 4461 1873 4516 Sed
1908 4468 1963 4513 et
1995 4458 2060 4511 de
2085 4455 2235 4525 justo
2268 4454 2399 4508 dicit
2444 4453 2585 4507 Dens
2616 4452 2695 4505 “z
2728 4471 2745 4501 ε
2775 4450 2909 4504 Cum
2957 4448 3076 4516 ipso
3145 4458 3266 4498 sum
3296 4442 3350 4496 in

65 4560 144 4600 us
201 4560 319 4599 non
381 4544 737 4609 recusaverit,
794 4560 918 4598 reus
972 4544 1043 4599 sit
1082 4544 1190 4597 voti
1262 4544 1468 4611 pariter
1534 4559 1649 4597 cum

1774 4551 2142 4608 tribulatione,
2184 4567 2203 4601 ι
2236 4557 2291 4602 et
2335 4546 2461 4600 alibi
2510 4545 2750 4600 dit-it”:
2801 4562 2818 4592 ι
2866 4540 2979 4595 Non
3026 4539 3221 4593 timeas
3260 4535 3355 4591 de-

59 4654 260 4694 txore.
336 4640 396 4693 Si
439 4653 569 4693 vero
613 4639 977 4702 recusaverit,
1030 4647 1135 4692 tam
1185 4652 1324 4691 uxor
1362 4636 1435 4690 sit
1469 4636 1657 4703 libera,

57 4749 230 4806 [nam
275 4733 533 4787 maritus.
568 4730 623 4786 Si
661 4747 790 4786 vero
819 4733 1069 4796 tacuerit,
1111 4739 1373 4800 uterque,
1426 4741 1485 4784 ttt
1524 4732 1663 4787 dixi-

58 4849 207 4897 rtus,
253 4845 389 4886 reus
416 4830 704 4885 habeatur.
751 4828 877 4883 lla‘c
905 4837 1032 4882 sunt
1060 4828 1279 4897 quidem
1309 4843 1430 4895 quae
1460 4828 1665 4896 scripta

68 4934 188 4978 unt
240 4945 253 4979 :
294 4922 396 4977 sed
425 4921 778 4976 orandnsest
821 4920 977 4975 nobis
1011 4919 1185 4984 Deus,
1233 4929 1290 4971 ιιι
1332 4919 1664 4974 intellecnun

58 5014 184 5063 iure
212 5009 488 5080 dignetur
510 5024 569 5063 se
592 5008 838 5080 dignum,
874 5023 982 5077 quo
1020 5006 1157 5071 haec,
1184 5013 1243 5060 ιιι
1267 5005 1443 5067 decet,
1471 5004 1538 5059 de
1563 5004 1660 5059 Dei

70 5103 249 5157 orbis
276 5102 587 5173 intelligere
615 5100 886 5172 possimus
912 5109 966 5154 et
994 5099 1296 5154 advertere.
1328 5096 1531 5150 Omnes
1569 5094 1659 5164 qui

64 5197 150 5251 ub
187 5196 326 5267 lege
361 5194 461 5250 Dei
491 5193 757 5255 vivimus,
791 5200 845 5245 et
874 5189 926 5243 in
958 5188 1197 5243 Ecclesia
1227 5188 1346 5257 ejus
1375 5186 1659 5243 habemur,

65 5287 227 5358 liqui
279 5287 395 5343 sub
445 5286 723 5357 patribus,
780 5280 944 5351 aliqui
1001 5280 1106 5333 sub
1162 5279 1294 5334 viris
1341 5278 1385 5309 ³⁵
1434 5276 1661 5348 agimus.

106 5395 165 5426 ὀ
210 5390 393 5445 Joan.
432 5404 516 5444 tu.
546 5390 632 5441 Η).
718 5387 755 5417 ¹¹
797 5385 976 5441 Galat.
1016 5402 1075 5447 ιι,
1104 5385 1194 5440 ΞΟ.

69 5479 262 5525 xxnt,
300 5460 392 5514 15.
475 5459 517 5490 ³⁸
548 5457 690 5512 l’sal.
732 5459 948 5521 xCI,15.
1029 5458 1068 5488 ¹⁷
1093 5456 1291 5512 Genes.
1327 5473 1477 5522 XLVI,
1516 5457 1569 5510 5.

110 5555 250 5629 (55)
284 5555 489 5629 _C0tiex
520 5553 705 5629 Sancti
741 5551 1093 5629 Theodorici,
1128 5571 1147 5603 ι
1176 5554 1342 5629 aliqui
1377 5554 1478 5608 sub
1499 5554 1671 5621 patri-

65 5623 167 5691 us,
226 5623 430 5694 'aliqui
464 5627 566 5680 sub
597 5625 747 5678 viris.
786 5644 803 5675 ›
841 5623 994 5680 Libb.
1029 5636 1187 5679 antea
1212 5625 1366 5689 editi,
1418 5642 1435 5675 t
1458 5625 1672 5694 aliquid

57 5707 137 5753 ιιι»
172 5698 481 5768 patribus,
520 5696 723 5765 aliquid
753 5699 856 5750 sub
891 5696 1044 5754 viris.
1079 5714 1098 5768 ι

99 5766 247 5843 (56)
302 5768 577 5843 Quosque
628 5767 783 5821 etiam
823 5768 891 5819 ad
912 5767 1179 5843 judicium
1225 5769 1393 5821 venire
1425 5783 1541 5821 cum
1569 5766 1668 5819 Ιιο-

57 5836 299 5896 ιὶἱιτὸιη
367 5836 721 5895 ostendimus.
770 5850 876 5910 etc.
914 5836 1075 5895 ’Vide
1130 5836 1440 5910 Origeuian.
1487 5838 1578 5893 lib.
1604 5854 1670 5905 tt,

61 5923 257 5970 tuest.
295 5912 357 5978 5,
407 5927 624 5967 numer.
657 5911 720 5967 19
746 5921 798 5965 et
824 5909 915 5966 ‘29.

1276 5388 1318 5418 ¹²
1347 5384 1364 5438 1
1401 5386 1528 5439 Cor.
1563 5401 1656 5448 vn,
1692 5386 1782 5440 54.

1765 4648 2027 4704 scendcre
2059 4645 2110 4698 in
2135 4640 2731 4711 [Egyptunnquouiam
2762 4645 2940 4691 tecum
2970 4646 3088 4689 ero.
3129 4650 3149 4684 ι
3183 4628 3361 4685 Justis

1764 4754 1895 4809 ergo
1937 4747 1993 4793 et
2051 4736 2241 4791 electis
2288 4733 2403 4802 ipse
2454 4731 2612 4785 adest
2655 4729 2914 4783 Dominus
2951 4745 2965 4781 :
3002 4721 3354 4779 inferioribus

1766 4846 1897 4886 vero
1931 4829 2131 4885 adsunt
2172 4823 2375 4895 angeli,
2414 4821 2711 4877 secundum
2743 4835 2804 4874 ea
2840 4833 2963 4888 qua:
2980 4813 3230 4885 superius
3269 4812 3354 4865 di—

1766 4926 1966 4987 ximus,
2021 4919 2386 4990 gubernantes
2432 4929 2528 4969 eos
2578 4921 2632 4968 et
2680 4917 3062 4982 procurantes,
3119 4915 3355 4967 votaque

1769 5025 1957 5064 eorum
1981 5007 2277 5082 aliquando
2308 5005 2375 5058 ad
2425 4997 2751 5072 semetipsos
2802 4998 3218 5059 transferentes,
3255 4994 3357 5048 ali-

1768 5102 1987 5172 quando
2014 5115 2142 5154 vero
2166 5113 2327 5168 super
2350 5098 2494 5167 ipsos
2522 5096 2888 5164 relinquentes
2912 5089 3049 5162 (58).
3087 5087 3191 5143 Sed
3225 5100 3356 5141 cono

1772 5194 1992 5249 tendere
2016 5191 2278 5247 debemus
2302 5200 2360 5245 ttt
2376 5201 2734 5245 occurramus
2758 5186 2812 5239 in
2838 5184 3015 5238 virum
3034 5180 3354 5252 perfectum,

1775 5293 1827 5343 in
1888 5302 2202 5342 mensuram
2236 5285 2414 5341 anatis
2462 5280 2815 5354 plenitudinis
2850 5276 3094 5342 Christi;
3138 5282 3199 5328 ut
3234 5280 3353 5327 uta-

1862 5386 1904 5417 "
1940 5384 1986 5441 ll
2023 5384 2152 5441 Cor.
2190 5397 2274 5450 xt,
2307 5382 2366 5444 2.
2467 5379 2515 5413 ⁸⁸
2552 5378 2755 5449 Ephes.
2799 5391 2873 5443 IV,
2922 5375 3010 5431 t5.
3088 5369 3133 5402 ¹⁸
3181 5365 3353 5425 Exod.

1848 5552 1957 5622 (57)
1988 5550 2169 5606 Codex
2222 5549 2281 5604 S.
2333 5546 2682 5612 Theodorici,
2743 5563 2762 5596 ι
2818 5544 2918 5597 sub
2965 5539 3064 5595 eis.
3119 5553 3142 5591 ι
3192 5532 3354 5592 Libb.

1774 5625 1928 5681 editi.
1962 5642 1979 5674 ι
2015 5622 2246 5688 superis.
2291 5640 2309 5672 ι
3125 5627 3128 5630 ’

1845 5693 1959 5765 (58)
1992 5692 2356 5765 (ἰηὺενηαηῑᾼεε
2386 5698 2556 5765 eos_et
2596 5692 2956 5765 procurantes,
3001 5689 3220 5765 rotisque
3264 5692 3348 5760 eo-

1775 5748 1893 5819 ruin
1925 5748 2214 5833 dliquamlo
2237 5763 2305 5816 ad
2319 5748 2622 5833 semetipsos
2645 5748 3351 5833 tran§_fereules,_aliquanda

1774 5852 1893 5890 vero
1945 5821 2102 5904 super
2156 5835 2298 5898 ipsos
2334 5821 2707 5904 relinquentes.
2930 5821 3160 5878 inlibris
3190 5829 3351 5876 antea

1775 5907 1936 5963 editis
1970 5895 2517 5975 oinissa'supplentur
2541 5915 2607 5957 ex
2632 5895 2884 5957 omnibus
2919 5906 3051 5949 mss.
