3874 6510
545 353 655 412 τω
2040 349 2358 407 ornamus
3624 368 3687 424 tu

546 493 675 536 mur
722 479 973 534 libertate
1025 488 1297 543 votorum,
1340 489 1395 535 et
1452 481 1525 534 ita
1576 482 1855 535 adhaerere
1898 477 2125 533 Domino
2156 484 2200 535 Α
2230 474 2609 545 Mosei.libris,
2640 494 2775 549 quos
2809 480 3095 550 recipiunt,
3132 490 3187 536 et
3223 497 3438 551 quorum
3478 492 3691 543 auctorita-

548 573 893 635 festinemus,
921 581 978 626 ut
1000 588 1122 627 cum
1148 574 1266 643 ipso
1292 590 1431 630 untts
1456 574 1676 644 spiritus
1701 576 1891 637 simus,
1924 581 1977 626 et
2012 572 2127 640 ipse
2233 580 2339 624 lem
2392 571 2653 638 fatentur,
2709 574 3070 629 convincendi
3111 586 3239 629 sunt
3262 586 3313 629 et
3356 579 3565 641 curandi,
3590 582 3621 634 si
3643 595 3691 635 u-

548 663 601 717 itt
638 662 792 717 nobis
816 672 1051 727 maneat,
1103 674 1156 719 et
1190 680 1285 719 nos
1330 666 1381 719 in
1422 666 1538 734 ipso
1570 682 1583 729 ;
1634 674 1687 721 et
1724 666 1854 720 nihil
1886 666 1937 719 in
1970 663 2126 717 nobis
2229 682 2349 720 men
2381 677 2595 735 oportet
2630 666 2977 738 Babyloniam
3000 672 3204 723 curari.
3237 671 3324 723 Est
3347 685 3463 740 ergo
3505 670 3693 732 locushic

546 752 861 819 femineum,
890 756 1279 827 nihilparvula:
1299 758 1771 821 :etatisltabeatur,
1810 774 1876 813 ne
1906 771 2125 811 necesse
2228 758 2678 813 resurrectioaeut
2730 771 3069 813 mortuorum
3141 762 3414 815 evidenter
3464 768 3692 823 ostendens.

544 848 618 901 sit
648 848 804 903 nobis
824 850 924 903 sub
960 850 1230 903 tutoribus
1262 860 1317 903 et
1341 851 1791 920 procuratoribus
1816 848 2120 916 derelinqui
2226 850 2479 919 Designat
2501 853 2644 905 cuitu
2675 864 2799 906 esse
2829 853 3107 921 populum.
3136 854 3221 906 cui
3256 864 3369 921 post
3392 854 3567 907 obitum
3591 872 3692 910 suum

545 956 573 993 a
610 950 763 1008 patre
794 959 807 996 :
840 942 933 995 sed
989 941 1311 997 festinemus
1361 943 1551 996 audire
1590 943 1733 996 illam
1760 959 1788 995 a
1816 943 2041 997 Domino
2070 951 2123 995 et
2225 935 2436 1006 Moyses
2456 938 2827 1008 adjungendus
2857 942 2950 1007 sit,
2982 953 3037 996 et
3066 942 3131 995 ad
3158 958 3293 1013 quos
3322 958 3416 1013 pro
3431 945 3525 999 suis
3553 950 3693 1001 meritis

546 1031 834 1086 Salvatore
868 1042 1052 1086 nostro
1076 1034 1526 1102 vocctn,qua»ait,
1554 1034 1595 1065 ¹⁸
1628 1053 1646 1085 ι
1683 1036 1797 1103 ipse
1822 1034 1980 1089 Pater
2002 1034 2123 1088 dili-
2227 1031 2655 1090 transferendus.

543 1123 618 1193 git
652 1140 764 1190 vos,
806 1144 825 1177 t
881 1126 979 1194 ipsi
1010 1124 1177 1195 gloria
1225 1126 1275 1178 in
1320 1128 1517 1181 saecula
1550 1126 1889 1182 szeculorum.
1922 1128 2118 1182 Amen.
2290 1126 2347 1179 2.
2389 1145 2406 1177 ι
2436 1125 2564 1180 Post
2591 1128 2704 1181 haec
2738 1128 2953 1183 locutus
2987 1139 3071 1183 est
3103 1128 3315 1199 Moyses
3346 1131 3406 1185 ad
3430 1135 3698 1203 populanti-

1086 1218 1362 1273 IIOMILIA
1411 1218 1574 1275 xxv.
2222 1228 2390 1270 cens:
2415 1218 2637 1273 Armate
2653 1236 2718 1273 ex
2743 1220 2895 1273 vobis
2917 1220 3085 1282 viros,
3111 1232 3165 1275 et
3183 1222 3695 1292 belligerateadrersn

737 1310 811 1365 De
842 1312 1042 1365 ultione
1068 1329 1183 1381 quo:
1218 1312 1273 1364 in
1309 1310 1623 1365 .Iladinnitis
1654 1311 1796 1380 facta
1826 1320 1922 1364 est.
2223 1306 2453 1375 Μοιξίπιι,
2473 1312 3003 1367 reddereviudictatn
3025 1314 3300 1369 iuliladian
3320 1332 3347 1367 a
3372 1315 3697 1377 Dontinozmille

616 1403 669 1458 I.
698 1402 754 1457 In
782 1406 1156 1473 superioribus
1202 1405 1454 1460 fornicati
1488 1417 1613 1459 sunt
1643 1405 1737 1459 filii
1790 1405 1957 1459 Israel
1993 1420 2115 1459 cunt
2220 1418 2285 1458 ex
2319 1404 2481 1468 tribu,
2512 1414 2566 1456 ct
2595 1404 2739 1459 mille
2766 1420 2829 1459 ex
2867 1407 3031 1470 tribu,
3061 1422 3125 1459 ex
3155 1407 3405 1462 omnibus
3434 1410 3630 1464 tribubus
3650 1412 3697 1466 ls-

544 1497 862 1553 mulieribus
912 1498 1363 1563 Lladianilarum,
1409 1510 1463 1555 et
1500 1502 1600 1553 hoc
1637 1498 1738 1552 fuit
1802 1498 2115 1553 scandalum
2221 1498 2327 1551 rael
2346 1496 2542 1551 mittite
2562 1498 2623 1549 ad
2648 1498 3074 1567 belligerandum
3107 1500 3173 1552 ".
3212 1519 3231 1552 ο
3260 1500 3695 1563 Attenditelectioni.

546 1588 672 1644 filiis
698 1589 863 1644 Israel
894 1590 945 1644 in
975 1606 1083 1660 quo
1106 1590 1449 1645 ollenderunt
1497 1591 1658 1644 Deum
1692 1599 1744 1643 et
1774 1590 1841 1644 ad
1900 1590 2117 1645 iracuu-
2217 1590 2333 1645 Non
2370 1590 2543 1645 solum
2572 1592 2715 1645 enim
2756 1591 2822 1644 ad
2848 1593 3089 1647 auditum
3108 1607 3435 1656 sermonum,
3464 1596 3542 1648 sed
3567 1597 3617 1649 ad
3640 1614 3697 1652 re-

543 1682 688 1735 diam
738 1693 1170 1751 provocaverttnt
1216 1694 1467 1737 sanctum
1515 1681 1701 1738 Israel.
1750 1680 1903 1737 Nunc
1932 1692 2110 1736 autem
2218 1698 2334 1737 rttm
2357 1682 3223 1739 considerationemintendendus
3244 1683 3699 1740 estattimuthecon

542 1781 893 1839 posteaquam
926 1771 1143 1841 pertulit
1186 1772 1347 1827 Israel
1394 1787 1514 1842 qum
1561 1772 1784 1840 pertulit
1812 1772 1942 1843 (59).
1980 1792 1998 1825 ι
2036 1772 2113 1826 Io-
2148 1824 2187 1878 Β
2221 1775 2349 1829 dare
2373 1774 2535 1845 366
2560 1775 2852 1844 prmterita,
2874 1776 3331 1846 audiprmsentia,
3353 1790 3465 1843 quae
3482 1786 3699 1845 sequuntur

541 1872 701 1919 cutus
736 1876 837 1932 est,
885 1866 1059 1934 inquit
1091 1865 1153 1931 η,
1188 1864 1443 1920 Dominus
1492 1866 1557 1919 ad
1596 1865 1835 1936 Moysetn
1873 1866 2109 1920 dicens:
2148 1864 2187 1878 ”
2220 1871 2462 1933 adverte.
2497 1869 2700 1923 Confer
2723 1868 2901 1939 priora
2940 1870 3359 1938 posterioribus,
3393 1881 3443 1922 et
3478 1870 3699 1923 divinam

547 1953 819 2009 Ulciscere
879 1956 1137 2009 ultionem
1178 1956 1408 2011 filiorum
1463 1957 1631 2012 Israel
1668 1961 1733 2012 de
1780 1957 2107 2020 Madianitis,
2215 1959 2472 2013 virtutum
2508 1960 2967 2029 magnificentiam
3021 1960 3412 2028 contemplare.
3458 1959 3558 2012 Filii
3592 1958 3698 2014 Israel

540 2052 595 2097 et
621 2044 685 2097 ad
710 2044 954 2097 ultimum
996 2047 1284 2114 apponeris
1331 2048 1398 2101 ad
1430 2048 1685 2118 populum
1728 2060 1901 2101 tuum.
1944 2065 1963 2099 t
2004 2044 2111 2116 lgi-
2215 2052 2413 2106 dudum
2474 2060 2729 2106 sexcenta
2780 2051 2945 2106 millia
3005 2051 3224 2106 fuerant
3285 2055 3697 2122 artnalorum,qui

538 2137 683 2203 gitur
723 2137 973 2191 scandala
1012 2152 1132 2206 quas
1178 2139 1493 2194 acciderant
1535 2140 1812 2207 lsraelitis,
1853 2141 2112 2209 quoniam
2214 2152 2591 2213 processerant
2640 2144 2928 2197 adversum
2977 2141 3217 2205 Madiau,
3259 2153 3318 2197 et
3369 2143 3418 2196 hi
3448 2143 3699 2197 omttesricti

542 2232 990 2300 tergiversatione
1016 2231 1433 2289 Madianitarum
1454 2237 1765 2291 acciderant
1794 2256 1806 2292 :
1833 2238 1934 2306 ipsi
1964 2237 2109 2291 enim
2213 2247 2358 2299 Sunt,
2394 2236 2652 2305 quoniam
2688 2247 2970 2306 peccatum
3003 2246 3123 2291 erat
3169 2238 3222 2290 itt
3272 2237 3426 2305 ipsis.
3464 2233 3591 2289 Nunc
3619 2253 3700 2292 tero

536 2325 975 2383 subornavcrunt
1046 2331 1300 2387 mulieres
1360 2348 1481 2401 quae
1529 2349 1622 2387 eos
1671 2336 1986 2403 deciperent
2054 2345 2112 2390 ut
2213 2331 2448 2384 victores
2478 2331 2803 2390 Madianitae.
2834 2331 2923 2399 qui
2958 2342 3215 2384 sexcenta
3253 2330 3423 2383 millia
3446 2328 3698 2397 fugaverant,

538 2426 825 2483 peccare"!
858 2434 1041 2474 ceram
1094 2421 1355 2488 Domino;
1391 2424 1465 2476 illi
1518 2424 1733 2493 quidem
1760 2441 1859 2494 pro
1888 2436 2111 2495 peccato
2214 2424 2503 2476 vincuntur
2534 2438 2560 2475 a
2596 2422 2885 2475 duodecim
2937 2422 3194 2485 millibus,
3236 2432 3295 2473 ιιι
3333 2423 3468 2475 scias
3508 2423 3609 2490 quia
3633 2438 3699 2474 non

537 2522 637 2563 suo
688 2511 1029 2579 pertulerunt
1074 2514 1392 2581 vindictam,
1447 2518 1775 2573 mediocrius
1833 2528 2012 2574 tamen
2057 2529 2113 2575 et
2212 2513 2263 2567 itt
2292 2512 2651 2575 multitudine,
2678 2527 2775 2565 nec
2811 2512 3105 2564 innumero
3136 2510 3370 2562 militum
3400 2509 3548 2561 vincit
3570 2506 3699 2565 Israel.

536 2602 789 2668 parcius;
844 2603 896 2658 lti
928 2620 1077 2667 vero,
1127 2608 1218 2676 qui
1264 2608 1342 2662 eis
1372 2607 1593 2663 fuerunt
1629 2625 1790 2664 causa
1826 2612 2063 2679 peccaud

2212 2605 2304 2658 sed
2334 2604 2543 2670 justitia
2569 2615 2622 2657 et
2646 2604 2817 2673 pietas
2845 2610 2927 2655 est
2959 2602 3010 2654 in
3043 2602 3123 2655 eis
3152 2616 3271 2667 qua:
3297 2600 3471 2654 vincit.
3494 2598 3699 2668 Propterea

537 2691 710 2747 tnulto
740 2693 1126 2750 vehementiori
1154 2696 1437 2765 subjacent
1476 2698 1688 2753 ultioni.
1724 2700 1879 2755 Unde
1914 2702 2109 2755 edocc-
2209 2697 2443 2767 denique
2474 2706 2527 2751 et
2576 2697 2626 2750 in
2665 2695 3136 2751 benedictionibus
3167 2709 3363 2749 eorum
3415 2693 3583 2747 dicitur
3617 2691 3696 2758 quia

533 2797 678 2846 mur,
707 2785 834 2854 quia
894 2786 1053 2857 longe
1081 2789 1151 2843 sit
1191 2791 1411 2859 gravius
1450 2791 1573 2845 aliis
1604 2807 1825 2846 causam
1861 2796 2108 2861 prmbere
2208 2791 2250 2844 si
2288 2790 2621 2845 servaverint
2661 2789 2832 2859 legem
2884 2788 3121 2854 Domini,
3168 2804 3314 2843 unus
3340 2803 3407 2841 ex
3444 2786 3559 2853 ipsis
3577 2798 3701 2853 perse-

536 2878 769 2945 peccati,
800 2893 961 2947 quam
986 2880 1159 2949 ipsum
1198 2897 1636 2952 unumquemque
1671 2898 1928 2951 pecv'are;
1964 2886 2107 2938 sicut
2207 2891 2407 2950 qttatur
2436 2882 2604 2945 tttillc,
2631 2891 2682 2936 et
2716 2883 2819 2936 duo
2858 2892 3072 2936 vertant
3103 2884 3296 2937 decem
3331 2880 3491 2934 millia
3515 2880 3569 2933 ".
3595 2876 3701 2932 Vides

534 2978 593 3022 et
614 2968 873 3023 Dominus
923 2971 1172 3039 designat
1233 2987 1353 3025 cum
1407 2972 1539 3027 dicit
1570 2974 1635 3035 ν’,
1693 2975 1816 3042 quia
1862 2994 1877 3022 ‹
1918 2975 2107 3031 melius
2206 2990 2338 3042 ergo
2386 2977 2511 3044 quia
2568 2976 2739 3029 multo
2777 2977 2897 3045 plus
2936 2976 3081 3031 valet
3117 2992 3257 3029 unus
3308 2985 3518 3028 sanctus
3542 2970 3701 3033 orando,

532 3060 714 3116 fuerat
749 3062 953 3117 homini
990 3064 1063 3117 illi
1097 3079 1202 3117 non
1251 3066 1420 3130 nasci,
1456 3076 1549 3118 aut
1582 3067 1777 3119 tttOlant
1809 3069 2102 3122 asinariam
2206 3084 2367 3138 quant
2405 3079 2719 3139 peccatores
2752 3071 3019 3126 innumeri
3058 3070 3377 3137 prasliattdo.
3406 3066 3571 3121 Oratio
3587 3064 3699 3117 sancti

534 3152 744 3223 alligari
801 3158 944 3212 circa
1009 3159 1205 3214 collum
1234 3160 1369 3227 ejus,
1411 3166 1463 3213 et
1520 3159 1843 3228 pramipitari
1885 3161 1936 3214 itt
1978 3177 2104 3229 pro-
2133 3175 2174 3233 ρ
2210 3170 2458 3229 penetrat
2517 3160 2733 3214 malum.
2773 3161 3054 3227 Quomodo
3094 3176 3200 3214 non
3253 3169 3311 3213 et
3354 3159 3547 3212 hostem
3576 3156 3700 3207 vincat

534 3243 760 3301 fundum
792 3251 975 3315 maris,
1039 3267 1202 3319 quant
1246 3259 1303 3305 ttt
1351 3249 1683 3307 scandalizet
1716 3270 1880 3306 unum
1920 3256 1985 3306 de
2014 3270 2104 3323 pu-
2208 3251 2261 3305 itt
2299 3251 2505 3305 terris?
2544 3250 2606 3305 Et
2639 3251 2757 3305 ideo
2797 3252 3106 3306 omnimode
3140 3252 3465 3306 studendum
3504 3258 3570 3302 est
3609 3260 3701 3312 qut-

532 3337 667 3392 sillis
699 3340 834 3395 istis.
872 3363 889 3393 t
932 3343 1211 3413 Simulque
1259 3346 1645 3399 advertendum
1700 3357 1804 3410 εει,
1849 3347 2102 3415 quoniam
2208 3359 2329 3398 rere
2384 3345 2560 3412 primo
2609 3353 2666 3398 et
2706 3344 2981 3398 custodire
3028 3344 3299 3412 justitiam
3367 3343 3477 3396 θεῖ.
3528 3336 3700 3405 Quin“Si

531 3434 745 3499 quidem
780 3450 970 3488 nomen
1015 3438 1253 3491 scandali
1290 3454 1318 3491 a
1361 3438 1630 3493 nonnullis
1668 3440 2104 3508 incompetenler
2204 3435 2507 3490 obtinueris
2557 3443 2612 3490 et
2682 3436 3011 3501 servaveris,
3064 3451 3253 3490 omnes
3312 3437 3408 3489 tibi
3455 3436 3607 3487 hostes
3628 3429 3699 3495 ipsa

528 3529 902 3593 praesumitur.
965 3530 1095 3584 Illud
1151 3532 1315 3601 igitur
1366 3533 1682 3587 scandalum
1729 3534 1955 3595 dicitur.
2011 3534 2100 3588 ubi
2200 3527 2457 3594 subiiciet
2492 3544 2504 3581 :
2535 3530 2578 3583 si
2626 3528 2797 3583 fueris
2850 3528 3091 3593 indutus,
3128 3530 3273 3584 sicut
3305 3527 3574 3598 Apostolus
3597 3523 3698 3577 dicit.

529 3627 680 3672 recto
738 3619 934 3677 itinere
983 3624 1279 3679 ambulanti
1325 3628 1570 3697 deceptio
1597 3630 1778 3699 aliqua
1818 3629 2105 3683 instruitur
2206 3620 2431 3674 loricam
2459 3623 2703 3691 iustitiae,
2745 3632 2799 3677 et
2826 3624 3106 3679 accinctus
3140 3624 3451 3683 veritatem,
3481 3620 3519 3671 si
3554 3618 3699 3681 galeam

528 3710 594 3763 ad
643 3716 997 3780 peccandum,
1050 3726 1104 3769 et
1152 3718 1437 3786 subjicitur
1468 3737 1629 3775 causa
1680 3723 1921 3791 peccati;
1960 3722 2102 3775 sicut
2206 3714 2397 3769 salutis
2416 3718 2712 3784 acceperis,
2739 3728 2792 3771 et
2823 3717 3057 3788 gladium
3083 3718 3335 3787 spiritus,
3367 3724 3419 3769 et
3452 3721 3561 3765 ante
3581 3710 3700 3761 omnia

526 3812 578 3856 et
616 3801 935 3873 Madianitze,
976 3809 1378 3865 ambulantibus
1419 3813 1470 3866 in
1498 3815 1614 3883 lege
1650 3815 1858 3869 Domini
1889 3815 2102 3871 Israeli-
2205 3822 2414 3863 scutum
2479 3809 2623 3875 fidei,
2672 3811 2860 3880 inquo
2894 3814 3069 3882 possis
3116 3810 3300 3865 omnia
3337 3807 3509 3876 iacula
3551 3802 3700 3865 maligni

530 3896 620 3959 ῑίδν
670 3906 726 3951 et
776 3901 1203 3958 custodientibus
1266 3908 1613 3971 castitatem,
1668 3910 2103 3965 subornavcrunt
2206 3904 2369 3974 igttila
2400 3905 2744 3974 exstinguere
2772 3907 2836 3961 “.
2868 3907 3089 3960 Talibus
3108 3904 3250 3958 enint
3291 3892 3701 3956 instructusatmis

527 3987 810 4054 mulieres,
844 4007 963 4061 quae
1008 4009 1101 4048 eos
1128 3996 1439 4064 deciperent
1476 3999 1540 4051 ad
1568 4003 1925 4069 peccandum.
1957 4004 2100 4058 Cau-
2204 3998 2451 4051 universa
2486 3998 2751 4053 diabolica
2800 4010 2998 4064 castra,
3050 4013 3383 4066 omnemque
3416 3994 3523 4062 ejus
3552 3990 3701 4059 fugabii

527 4093 645 4134 sam
681 4096 811 4151 ergo
868 4086 1105 4153 praabere
1160 4090 1390 4157 peccati,
1432 4091 1531 4145 hoc
1584 4101 1667 4146 est
1700 4096 2095 4152 scandalizare.
2204 4093 2527 4157 exercitum,
2573 4102 2622 4147 et
2676 4107 2798 4145 cum
2855 4092 3053 4147 fiducia
3095 4090 3347 4145 cantabis
3380 4089 3423 4118 ’³
3455 4108 3467 4142 :
3501 4102 3519 4137 ι
3548 4084 3701 4136 Sirac-

529 4172 919 4231 Verumtamen
972 4180 1131 4234 datur
1163 4183 1425 4251 vindicta,
1454 4186 1547 4239 sed
1596 4186 1765 4241 multo
1796 4190 2016 4257 gravior
2047 4191 2097 4243 in
2204 4187 2402 4240 sistant
2429 4184 2717 4241 adversum
2747 4201 2830 4239 me
2857 4196 3062 4248 castra,
3088 4200 3192 4237 non
3209 4183 3424 4237 timebit
3448 4195 3532 4233 cor
3552 4187 3701 4231 meum;

527 4280 621 4321 eos
648 4268 736 4336 qui
806 4271 1331 4338 scaudalizaverunt,
1389 4286 1443 4330 et
1481 4280 1572 4346 qui
1622 4293 1839 4335 causam
1892 4284 2099 4352 peccati
2204 4280 2246 4332 si
2294 4283 2537 4347 insurgat
2569 4281 2733 4333 inme
2768 4278 3030 4347 pra'Iiutn,
3067 4279 3118 4332 in
3178 4278 3285 4331 hoc
3327 4291 3433 4345 ego
3461 4272 3698 4344 sperabat

525 4360 893 4429 pratbuerum,
934 4379 1095 4434 quam
1152 4366 1203 4419 in
1246 4382 1340 4424 eos
1373 4371 1464 4438 qui
1502 4383 1881 4440 peccaverunt.
1928 4374 2099 4429 Simul
2205 4376 2641 4443 Congrcdiuntur
2668 4387 2797 4443 ergo
2833 4372 3112 4427 duodecim
3154 4372 3322 4426 millia
3352 4365 3694 4424 adversum]:-

526 4459 709 4505 atttem
745 4464 802 4508 et
854 4455 982 4509 illud
1042 4458 1299 4523 observa,
1346 4464 1489 4531 quod
1532 4464 1600 4519 iis
1629 4465 1895 4534 subjecit:
1935 4486 1953 4518 ι
1994 4468 2099 4522 No-
2128 4519 2170 4534 _
2206 4468 2464 4531 tlianitas,
2502 4486 2520 4518 ι
2558 4477 2610 4521 et
2640 4466 2997 4532 interficiunt,
3056 4466 3232 4530 inquit
3284 4466 3353 4528 ",
3384 4477 3533 4518 omne
3552 4472 3703 4512 mascto

526 4542 967 4613 vissimeautem,
996 4550 1171 4619 inquit
1200 4554 1263 4619 “,
1293 4567 1346 4608 et
1370 4558 1721 4626 tuapporteris
1748 4559 1813 4611 ad
1845 4560 2095 4628 populum
2128 4519 2176 4575 υ
2205 4561 2367 4613 linunt
2420 4576 2606 4615 eorum
2668 4569 2722 4615 et
2776 4576 2931 4631 rcges
2978 4575 3192 4623 eorum,
3241 4568 3297 4611 et
3356 4555 3558 4608 Balaam
3587 4551 3700 4603 ﬁlium

526 4642 699 4689 tuum.
742 4657 759 4689 ι
798 4640 853 4695 Si
884 4645 1102 4712 quando
1133 4646 1288 4702 nobis
1312 4663 1433 4701 cum
1476 4649 1765 4705 Satttaritis
1787 4667 1965 4705 sermo
1993 4664 2095 4716 est,
2201 4652 2339 4706 Beor
2402 4653 2795 4706 interfecerunt
2844 4651 3022 4723 gladio
3065 4664 3188 4703 cum
3224 4649 3453 4715 reliquis
3477 4642 3699 4698 vulneratis

527 4730 780 4796 quoniam
808 4736 1022 4801 quidem
1056 4741 1505 4795 resurrectionem
1524 4752 1856 4797 mortuorum
1883 4754 2095 4814 negant,
2199 4759 2409 4797 eorum.
2447 4762 2465 4795 ι
2502 4743 2654 4808 Quod
2704 4744 2754 4796 in
2790 4740 3160 4812 superioribus
3203 4744 3585 4807 quserebamus,
3608 4748 3699 4802 quo-

529 4833 628 4876 nec
654 4826 917 4894 recipiunt
943 4828 1105 4883 futuri
1136 4834 1318 4887 sreculi
1359 4834 1541 4901 ﬁdem,
1580 4850 1968 4906 perurgeamus
2002 4854 2094 4893 eos
2201 4834 2359 4887 modo
2390 4834 2454 4886 de
2483 4834 2784 4902 Scripturis
2819 4832 3038 4901 probari
3086 4830 3260 4899 possit
3296 4828 3510 4882 Balaam
3537 4823 3700 4879 consilio

526 4928 595 4966 ex
646 4915 713 4968 iis
764 4922 962 4981 verbis,
1019 4924 1215 4989 quibus
1260 4924 1517 4981 Dominus
1554 4928 1685 4981 dicit
1718 4928 1782 4980 ad
1830 4928 2091 4999 Moyseut,
2200 4928 2520 4982 suborttatas
2554 4941 2673 4979 esse
2700 4926 2953 4979 mulieres
2994 4922 3438 4985 Madianitarunt,
3473 4936 3576 4989 qua:
3604 4918 3702 4971 deti-

523 5007 649 5075 (Ιαῖθ
688 5021 989 5076 “PPOMI’H‘
1023 5016 1085 5065 ad
1113 5017 1358 5084 populum
1395 5034 1573 5073 suum.
1623 5018 1790 5075 Nemo
1827 5024 1967 5074 enim
2000 5039 2093 5091 ap-
2200 5029 2390 5089 percnt
2451 5018 2589 5071 ﬁlios
2633 5017 2792 5071 Israel
2842 5018 2907 5069 ad
2961 5015 3363 5079 fornicandunt,
3404 5027 3611 5083 pneSens
3644 5010 3699 5059 hic

524 5096 743 5163 ponitur
796 5101 861 5154 ad
912 5116 1024 5167 eos,
1078 5107 1168 5173 qui
1204 5123 1306 5159 non
1354 5118 1498 5163 sunt.
1529 5108 1680 5165 Unde
1715 5124 1929 5167 constat
1976 5130 2093 5169 esse
2203 5113 2498 5181 Scriptura:
2528 5113 2673 5164 locus
2700 5111 2979 5163 evidenter
3010 5110 3269 5174 ostendit,
3291 5110 3475 5163 dicens
3500 5113 3701 5170 cumper-

524 5190 759 5259 aliquem
796 5196 1078 5264 papulum,
1114 5200 1195 5251 Uti
1224 5200 1433 5272 Moyses
1487 5216 1607 5273 post
1638 5206 1762 5259 vitae
1794 5208 1949 5276 hujus
1970 5209 2091 5261 exi-
2200 5217 2441 5274 emptum
2502 5220 2623 5257 esse
2690 5204 2904 5272 gladio,
2970 5202 3118 5256 velut
3167 5212 3441 5255 auctorem
3497 5193 3697 5253 scandali.

522 5291 639 5337 tum
677 5284 873 5339 dicitur
894 5289 1267 5356 applicandus.
1314 5295 1448 5360 Quia
1497 5313 1626 5367 ergo
1681 5300 1957 5369 prophetis
1983 5317 2085 5354 non
2200 5299 2339 5367 quod
2368 5299 2665 5351 immissum
2701 5304 2784 5349 est
2855 5295 2980 5349 Iiliis
3036 5294 3222 5349 Israel.
3259 5293 3467 5347 Dicitur
3492 5286 3701 5345 autcmde

521 5374 754 5428 credunt
793 5375 1102 5445 Samaritae,
1128 5398 1193 5435 ex
1226 5388 1421 5451 quibus
1455 5396 1635 5454 posset
1673 5392 2090 5445 resurrectionis
2163 5399 2282 5453 'eo,
2319 5401 2371 5442 et
2402 5390 2451 5442 itt
2477 5389 2827 5457 sequentibus
2845 5388 3020 5440 adhuc
3044 5386 3345 5441 evidentius
3376 5388 3473 5440 hoc
3494 5378 3697 5439 modo”:

522 5475 859 5523 mortuorum
921 5470 1087 5525 latius
1134 5474 1266 5530 ﬁdes
1323 5478 1639 5547 approbari,
1692 5495 1757 5535 ex
1795 5483 1859 5535 iis
1893 5482 2085 5537 saltent
2203 5499 2221 5533 ι
2258 5482 2324 5536 Ει
2357 5484 2435 5535 ait
2463 5484 2527 5536 ad
2550 5496 2643 5535 eos
2666 5481 2879 5553 Moyses
2908 5499 2921 5537 :
2950 5484 3061 5538 Cur
3092 5484 3267 5536 vitam
3302 5482 3700 5537 reservastisoo-

589 5646 632 5717 '_'
656 5644 812 5717 Joan.
838 5659 948 5708 xvt,
971 5644 1061 5717 27.
1094 5643 1189 5717 _"_
1209 5639 1377 5697 Num.
1406 5642 1635 5717 “and,
1663 5642 1727 5717 2.7
1794 5643 2032 5717 "ﬂMarc.
2063 5662 2170 5711 xlv,
2194 5647 2284 5712 2i,
2317 5657 2371 5703 et
2405 5647 2534 5703 Luc.
2567 5665 2697 5713 xvtt,
2733 5650 2778 5703 I.
2856 5651 2895 5681 “
2922 5649 3083 5706 Num.
3110 5670 3255 5717 xxxi,
3287 5656 3338 5711 2.
3416 5655 3456 5685 ²¹
3482 5650 3646 5713 ibid..'t,
3666 5648 3702 5706 ι

514 5712 564 5769 ’ἓ
590 5714 764 5771 Levit.
802 5732 946 5771 xxvt.
1023 5714 1069 5746 “
1094 5714 1293 5784 Ephes.
1326 5731 1398 5781 vr,
1432 5715 1517 5778 14,
1551 5713 1636 5777 I6,
1668 5715 1753 5768 I7.
1830 5716 1873 5745 "
1905 5717 2044 5770 Psal.
2080 5734 2200 5782 xxv,
2235 5720 2285 5772 3.
2365 5721 2409 5750 ³⁸
2440 5720 2601 5774 Nunt.
2638 5712 2782 5785 ΠΜ,
2820 5722 2869 5785 7,
2902 5723 2955 5777 8.
3032 5724 3073 5754 ’⁷
3101 5712 3260 5781 Num.
3286 5742 3424 5788 xxxi,
3460 5724 3534 5783 I3,
3566 5722 3630 5779 16.

589 5806 698 5878 (59)
726 5806 852 5872 Quae
886 5806 1116 5876 pertulit.
1153 5806 1331 5863 Codex
1366 5807 1537 5864 sancti
1568 5807 1909 5869 Thcodorici,
1947 5829 1963 5860 ι
1996 5826 2115 5879 quae
2148 5827 2246 5879 pro
2272 5813 2411 5867 facto
2443 5830 2542 5868 suo
2578 5815 2773 5869 meruit
2807 5818 3032 5886 perpeti.
3070 5836 3087 5867 ι
