3874 6500
120 408 217 465 785

1250 402 1317 457 ΙΝ
1356 398 1689 458 NUMEBOS
1720 397 2003 452 HOMIIJA
2037 394 2201 452 XXV.

3256 389 3361 444 766

119 545 232 585 nem
271 527 559 583 feminam?
607 526 741 599 Ipsae
798 528 941 582 enim
984 536 1129 589 sunt,
1176 541 1294 596 qua:
1339 504 1475 578 ﬁlios
1518 522 1680 579 israel
1712 525 1755 581 Α
1786 537 1915 590 ergo
1941 521 2066 588 quia
2130 527 2235 571 tam
2272 514 2718 577 Israeliticorum,
2757 525 2913 582 quam
2963 510 3127 565 etiam
3160 509 3361 563 barba-

121 620 404 677 secundum
449 622 675 675 verbum
736 619 953 673 Balaam
1009 626 1283 687 apostatas
1337 617 1603 673 fecerunt.
1647 634 1664 667 ι

118 712 509 766 lnterficiuutur
568 722 747 767 autem
774 722 827 766 et
862 727 1019 779 rcges
1047 710 1489 773 Madiauitarum,
1516 716 1680 777 atque

119 805 186 857 illi
216 805 297 872 qni
322 804 512 874 priusa
544 804 860 859 mulieribus
877 805 1005 857 victi
1032 814 1179 868 sunt,
1201 819 1343 858 nunc
1373 802 1680 870 expiatione

118 893 316 957 habita,
340 903 395 947 et
435 903 584 964 gesta
608 894 947 965 paenitentia.
971 893 1134 949 etiam
1157 908 1308 962 reges
1328 893 1570 950 vincunt.
1604 892 1678 946 Ex

117 981 210 1036 hoc
232 983 607 1056 intelligamus,
627 996 891 1056 quantum
913 988 1087 1040 valeat
1105 986 1386 1041 conversio
1402 987 1466 1037 ad
1488 984 1679 1051 Deum,

117 1084 367 1142 quantum
407 1077 579 1146 prosit
611 1077 919 1132 emendatio
949 1088 1312 1147 peccatorum.
1341 1076 1510 1132 Omtte
1539 1093 1680 1132 mas»

120 1168 371 1234 culiuum,
399 1184 590 1223 omnes
639 1184 794 1238 reges
831 1169 1246 1224 Madianitarum
1286 1169 1577 1223 vincuntur
1626 1176 1684 1223 et

123 1264 450 1321 perimuntur
471 1260 538 1315 ab
582 1260 650 1315 iis
709 1261 800 1330 qui
865 1277 963 1331 per
1009 1262 1411 1331 correptionem
1451 1263 1680 1331 Domini,

122 1359 173 1402 et
235 1365 328 1419 per
383 1359 659 1422 gestorum
722 1353 1095 1422 paenitentiam
1152 1354 1384 1423 correpti
1446 1365 1574 1410 sunt
1632 1366 1686 1411 et

118 1443 402 1496 emendati.
441 1441 692 1512 Quinque
753 1458 883 1512 ergo
912 1459 1070 1514 reges
1126 1445 1549 1501 Madianitarum
1600 1462 1684 1502 re-

118 1533 362 1587 feruntur
392 1535 459 1589 ab
482 1534 791 1591 Israeliticis
826 1539 1086 1592 militibus
1111 1540 1376 1607 superari.

181 1658 234 1711 5.
275 1660 376 1713 Sed
436 1669 492 1715 et
550 1678 768 1718 nomina
818 1681 1007 1719 eorum
1066 1680 1209 1721 cura:
1246 1667 1346 1721 fuit
1387 1666 1681 1734 Scripturze

108 1749 300 1805 divinae
332 1766 635 1808 memorare
661 1755 796 1828 (40).
828 1775 845 1807 ι
889 1757 1041 1817 Evin,
1078 1759 1254 1827 inquit
1292 1759 1360 1823 ’⁸,
1384 1770 1437 1814 et
1469 1759 1675 1826 Rocou,

104 1851 158 1893 et
194 1842 395 1909 Sur,et
426 1843 522 1911 Ur,
560 1857 614 1900 et
668 1846 876 1903 Roboc.
916 1868 935 1900 ι
982 1850 1071 1903 Isti
1129 1861 1255 1904 sunt
1304 1852 1397 1920 qui
1451 1865 1678 1924 regnant

104 1938 249 2004 apud
283 1936 623 2005 Madianitas,
656 1956 793 2010 quos
848 1957 1111 2011 superare
1142 1953 1195 1997 et
1234 1945 1450 2012 penitus
1480 1948 1677 2002 debent

102 2028 445 2096 exstinguere
477 2045 666 2085 omnes
691 2031 780 2099 qui
817 2031 1052 2084 militant
1084 2031 1213 2087 Deo.
1251 2033 1384 2086 Evin
1446 2048 1678 2103 namque

100 2121 359 2176 bet/uinus
390 2124 469 2177 vel
528 2124 732 2193 ferinus
788 2126 1182 2196 interpretatur
1234 2129 1368 2200 (II).
1408 2129 1475 2183 Et
1541 2146 1677 2199 quo-

102 2214 260 2268 modo
291 2216 493 2283 poteris
514 2216 729 2286 placere
752 2219 801 2271 ei
837 2219 927 2288 qui
961 2230 1011 2273 te
1048 2221 1320 2287 probavit,
1343 2223 1512 2275 sinon
1551 2226 1676 2277 abs-

104 2305 304 2360 cideris
335 2324 362 2360 a
392 2318 440 2362 te
477 2318 531 2361 et
565 2310 782 2378 penitus
819 2313 1119 2379 peremeris
1153 2312 1420 2367 belluiuos
1449 2323 1503 2368 et
1531 2312 1675 2368 feros

99 2401 320 2454 mores?
345 2401 626 2467 Quomodo
651 2404 855 2471 poteris
889 2405 952 2457 ad
988 2416 1396 2459 mansuetorum
1440 2406 1678 2461 beatitu-

93 2496 277 2553 dinem
311 2502 611 2568 pervenire,
631 2502 730 2556 nisi
763 2503 1232 2572 priusinterficias
1258 2504 1418 2570 Evin,
1443 2517 1496 2560 et
1515 2508 1673 2561 morti

94 2588 284 2641 tradas
314 2592 463 2657 prius
518 2591 817 2646 iracundiae
868 2593 1179 2649 feritatem?
1218 2595 1330 2665 Ego
1360 2606 1490 2666 puto
1533 2597 1674 2665 quod

91 2683 316 2735 nornina
348 2684 459 2737 haec
497 2682 778 2753 Scriptura
812 2686 995 2741 divina
1028 2704 1133 2742 non
1167 2703 1266 2757 pro
1300 2689 1524 2743 historia
1553 2706 1671 2742 uar-

96 2780 303 2828 raverit
334 2774 466 2846 (tet),
488 2779 582 2830 sed
606 2793 707 2845 pro
733 2778 914 2832 causis
943 2788 993 2832 et
1024 2778 1186 2834 rebus
1216 2784 1507 2849 aptaverit.
1540 2782 1675 2835 Nam

92 2881 260 2942 putas
286 2874 449 2929 fuerit
479 2876 678 2944 aliquis
708 2878 779 2929 ita
806 2876 1028 2942 stultus,
1060 2881 1148 2947 qui
1186 2878 1298 2934 ﬁlio
1339 2896 1438 2935 suo
1478 2896 1674 2936 nomen

84 2962 375 3019 Belluinus
412 2968 715 3035 imponeret
736 2969 754 3020 1
774 2968 878 3023 Sed
906 2973 1006 3023 hoc
1033 2973 1273 3026 arbitror
1301 2975 1499 3043 magis,
1531 2975 1674 3042 quod

90 3058 444 3113 instructioni
474 3061 779 3115 animarum
835 3065 1177 3132 prospexerit
1209 3082 1391 3120 sermo
1435 3068 1673 3136 divinus,

88 3151 465 3208 volensnobis
503 3156 794 3209 ostendere
846 3157 990 3223 quod
1027 3157 1318 3211 adversum
1371 3158 1675 3226 huiusmodi

86 3244 230 3297 vitia
270 3244 501 3299 militare
528 3247 848 3313 debeamus,

86 3346 297 3395 nostrte
321 3339 613 3407 depellere,
654 3341 787 3395 istos
819 3357 975 3412 reges
1023 3341 1216 3411 fugare
1260 3343 1325 3397 de
1358 3359 1524 3415 regno
1554 3361 1678 3399 cor-

82 3441 245 3508 poris
293 3441 460 3494 nostri
493 3456 506 3495 :
548 3442 692 3510 quod
737 3442 1031 3511 Apostolus
1072 3443 1377 3499 evidentius
1407 3446 1675 3515 designat,

81 3532 287 3587 dicens
320 3533 363 3564 ²⁹
396 3550 409 3585 :
443 3552 461 3584 ι
496 3532 611 3588 Non
665 3549 795 3603 ergo
846 3546 1034 3605 regnet
1068 3546 1350 3604 peccaturo
1410 3536 1463 3590 in
1498 3549 1681 3593 vestro

80 3626 319 3679 mortali
376 3641 625 3696 corpore.
668 3645 687 3677 ι
723 3625 817 3681 Vis
849 3636 1029 3681 autem
1068 3627 1250 3682 videre
1279 3630 1534 3697 quoniam
1572 3645 1679 3683 non

76 3718 276 3773 solum
320 3720 460 3787 apud
520 3728 739 3773 sanctos
793 3718 1010 3772 nomina
1054 3735 1149 3787 pro
1190 3721 1354 3774 rebus
1400 3731 1677 3789 aptantur,

75 3811 191 3865 sed
224 3811 387 3864 etiam
432 3811 572 3881 apud
634 3810 865 3879 gentiles
886 3820 941 3864 et
994 3810 1297 3865 barbaros?
1349 3811 1424 3867 De
1476 3815 1681 3868 sanctis

74 3901 317 3972 quidem
348 3911 530 3955 notum
581 3911 666 3955 est
722 3917 822 3956 cur
852 3901 1056 3956 Abram
1091 3902 1368 3956 Abraham
1413 3903 1681 3959 vocitatus

71 3994 185 4059 sit,
224 4002 277 4047 et
313 3992 468 4046 Sarai
495 3994 727 4057 Sara,et
750 3993 919 4047 Jacob
950 3993 1140 4047 Israel.
1177 3995 1678 4049 Doceamusautem

71 4083 240 4154 quod
309 4098 426 4137 mos
496 4084 596 4138 iste
652 4082 919 4138 habeatur
979 4085 1146 4137 etiam
1203 4085 1343 4153 apud
1387 4084 1679 4139 barbaros.

74 4178 291 4233 Nonne
323 4193 463 4231 unus
489 4193 552 4231 ex
584 4177 712 4230 ﬁliis
739 4175 904 4231 Israel
936 4193 963 4231 a
989 4178 1306 4247 parentibus
1332 4178 1444 4232 suis
1479 4176 1677 4247 Ioseph

66 4284 294 4325 nomen
341 4269 663 4337 acceperat?
713 4268 849 4323 Cum
918 4278 1102 4323 autem
1160 4270 1377 4323 transiit
1414 4269 1467 4323 in
1516 4269 1682 4340 ASgy-

67 4370 243 4427 ptum
299 4369 358 4413 et
414 4359 566 4413 stetit
617 4370 743 4412 ante
785 4359 1150 4423 Pharaonem,
1192 4359 1549 4414 commutavit
1581 4376 1678 4414 no-

64 4466 216 4504 men
272 4450 411 4519 ejus,
438 4461 493 4505 et
534 4452 600 4505 de
640 4450 840 4517 Juseph
895 4452 1299 4520 cognominavit
1333 4468 1456 4506 cum
1493 4451 1676 4507 Psomo

68 4544 507 4612 phtomphanec
550 4542 616 4606 ³ο,
642 4543 783 4611 quod
814 4542 994 4610 lingua
1025 4558 1121 4596 sua
1154 4529 1368 4596 Pharao
1404 4543 1469 4596 de
1494 4558 1675 4597 secre-

62 4648 270 4691 torum
326 4636 407 4688 vel
465 4635 800 4689 somniorum
859 4633 1195 4688 revelatioue
1246 4638 1567 4702 cornposuit.
1614 4623 1755 4689 Et’D

60 4744 194 4784 non
233 4726 412 4783 solum
444 4725 642 4795 Juseph
681 4728 805 4781 huic
838 4726 975 4794 apud
1001 4725 1343 4779 Pharaonem
1379 4740 1446 4780 ex
1483 4742 1540 4781 re
1583 4742 1681 4781 uo-

58 4836 210 4875 nten
246 4828 493 4889 aptatur,
535 4821 629 4874 sed
674 4829 728 4873 et
762 4819 955 4872 Daniel
991 4819 1042 4872 in
1079 4817 1374 4887 Babylonia
1407 4815 1681 4872 Baltassar

58 4924 412 4980 nominatur
441 4942 454 4976 :
483 4933 535 4976 et
565 4925 830 4990 Ananias,
869 4936 1033 4995 atque
1064 4925 1313 4989 Azarias,
1371 4934 1426 4981 et
1466 4924 1678 5000 Misael,

56 5027 353 5092 Sidrach,
408 5027 631 5091 Misaeh,
697 5029 991 5099 Abdenago
1046 5027 1359 5081 vocitantur
1401 5026 1465 5078 ³¹.
1516 5027 1676 5082 Vides

144 5126 201 5156 ³³
229 5123 398 5177 Num.
425 5140 577 5187 χχχι,
605 5125 658 5178 8.
737 5127 779 5158 ²⁹
815 5124 970 5180 Rern.
1007 5123 1199 5190 νι,1ἱ)..

56 5199 113 5232 ³³
153 5196 364 5248 Matth.
400 5210 451 5260 ιμ’,
469 5195 562 5249 ⁸29.

147 5285 277 5360 (40)
315 5285 471 5355 Mss.,
522 5305 542 5340 ι
595 5301 924 5342 memorare.
976 5303 995 5337 ι
1027 5284 1183 5340 Libb.
1227 5285 1379 5353 editi,
1418 5302 1436 5337 ι
1469 5300 1677 5340 memo-

55 5377 225 5417 rart.
267 5377 286 5409 ι

148 5420 279 5501 (ef)
314 5427 451 5481 Evin
474 5438 1005 5501 nantqgenettumus
1020 5426 1099 5482 vel
1110 5439 1334 5501 renisus
1361 5426 1676 5501 interpreta-

55 5496 191 5557 tur}
218 5500 388 5552 bium.
413 5512 528 5563 χχι,
551 5496 756 5551 8(Eviu
777 5498 1043 5550 Ilehraice
1074 5498 1332 5551 scribitur
1362 5502 1447 5555 me
1479 5514 1496 5547 ι
1522 5497 1673 5549 Ενὶ.»

55 5570 249 5638 Quod
273 5583 473 5625 nomen
504 5567 696 5621 melius
719 5574 1067 5638 verteretur}
1092 5567 1418 5621 desiderium
1435 5581 1668 5620 meum.»

55 5636 197 5698 Sed
227 5641 327 5709 qui
360 5640 567 5708 primus
600 5640 815 5691 nomina
854 5636 1120 5709 Ilebraica
1159 5639 1546 5707 interpretatus
1570 5645 1675 5700 est,

55 5708 358 5776 quoniam
408 5712 708 5778 gutturales
762 5708 919 5763 facile
970 5708 1112 5762 inter
1149 5724 1211 5762 se
1244 5716 1672 5774 commutantur,

55 5784 233 5839 forte
262 5796 463 5836 nomen
499 5786 582 5838 tu:
610 5780 831 5836 deduxit
853 5780 917 5833 ab
947 5785 1047 5841 i'l’n
1069 5796 1086 5831 ι
1119 5780 1224 5833 vita
1250 5819 1263 5845 ,
1317 5779 1526 5846 vivens,
1558 5778 1674 5833 ani-

58 5852 223 5919 mal,
263 5852 463 5917 bestia,
496 5850 630 5906 fera.
647 5873 662 5904 ι

1278 5122 1323 5153 ³ο
1358 5122 1557 5179 Cenes.
1583 5140 1692 5189 xu,
1736 5126 1824 5181 45.

1785 629 1968 666 rornut
2002 610 2280 665 hominum
2333 608 2574 671 nomina,
2626 621 2732 661 non
2790 604 3060 666 fortuitu,
3121 603 3214 657 sed
3260 615 3359 670 pro

1787 706 1949 759 rebus
1979 714 2031 759 et
2061 701 2244 758 causis
2300 710 2553 770 aptantur
2585 699 2638 754 in
2675 698 2810 767 lege.
2839 695 3009 767 Igitur
3036 694 3360 748 Madianita-

1787 813 1905 850 rum
1942 811 2118 865 regem
2177 792 2386 864 Moyses
2435 791 2728 861 appellavit
2760 831 2775 855 ,
2817 799 2975 860 prout
3009 788 3127 857 ipse
3148 788 3363 841 censuit
3400 806 3405 809 ·

1785 881 2185 953 appellandum.
2236 881 2498 946 Belluina,
2561 881 2771 949 inquit,
2828 880 3019 934 feritas
3068 887 3173 943 est,
3241 891 3361 947 qua:

1785 986 1976 1045 regnat
1997 977 2047 1030 in
2088 975 2417 1038 Madianitis,
2450 982 2504 1029 et
2530 989 2634 1027 non
2660 974 2775 1042 ipsa
2805 973 3002 1038 solum,
3024 970 3117 1026 sed
3141 979 3195 1026 et
3223 970 3363 1024 alius

1785 1070 1923 1138 apud
1954 1072 2096 1138 ipsos
2121 1084 2213 1123 rex
2268 1069 2488 1123 nomine
2522 1067 2707 1121 Rocou
2737 1084 2753 1121 :
2784 1065 2926 1136 quod
2967 1074 3049 1119 est
3088 1064 3139 1118 in
3177 1071 3361 1118 nostra

1787 1158 1990 1229 lingua,
2021 1160 2249 1212 inanitas
2272 1159 2404 1231 (45).
2433 1159 2645 1228 Reguat
2689 1174 2820 1227 ergo
2838 1156 3146 1213 etinanitas
3168 1157 3217 1209 in
3246 1153 3361 1210 Ma-

1784 1252 2113 1307 dianitarum
2136 1262 2308 1322 gente.
2337 1252 2433 1307 Est
2454 1252 2596 1306 enim
2622 1266 2812 1306 revera
2845 1250 3008 1304 amita
3031 1252 3268 1306 inanitas
3306 1258 3364 1304 et

1785 1344 1999 1398 vanitas
2019 1342 2069 1396 in
2098 1343 2198 1395 hoc
2228 1347 2450 1403 mundo,
2480 1342 2589 1396 imo
2607 1350 2663 1397 et
2683 1360 2701 1394 ι
2730 1341 2941 1397 vanitas
2955 1342 3279 1405 vanitatum,
3307 1347 3363 1393 et

1784 1434 1960 1487 omnia
2005 1434 2296 1497 vanitas",
2324 1454 2339 1484 ι
2369 1450 2531 1505 quam
2549 1434 2641 1490 Dei
2666 1433 2820 1489 miles
2848 1448 3107 1502 superare
3126 1432 3285 1487 debet
3306 1443 3364 1487 et

1783 1527 1945 1597 367
1989 1527 2225 1581 vincere.
2266 1526 2443 1582 Vincit
2492 1537 2667 1582 autem
2725 1527 3065 1593 inanitatem,
3098 1526 3189 1596 qui
3225 1524 3361 1580 nihil

1786 1619 2038 1681 inaniter,
2078 1617 2209 1671 nihil
2242 1616 2532 1687 superﬂue,
2569 1628 2623 1673 et
2666 1620 2807 1689 quod
2848 1619 2913 1672 ad
2957 1634 3069 1672 rem
3100 1633 3204 1672 non
3234 1632 3362 1687 per-

1786 1712 1939 1771 tinet,
1981 1710 2123 1780 gerit
2156 1728 2167 1764 :
2199 1710 2290 1780 qui
2341 1711 2587 1765 meminit
2617 1711 2871 1781 praecepti
2924 1711 3069 1766 illius
3096 1708 3362 1764 Dominici

1784 1821 1890 1875 quo
1919 1805 1995 1858 ait
2025 1802 2093 1871 ³⁸,
2129 1805 2252 1872 quia
2283 1824 2300 1856 ι
2332 1805 2494 1859 etiam
2526 1805 2591 1859 de
2619 1804 2788 1859 verbo
2813 1803 2990 1860 etioso
3012 1804 3236 1859 reddent
3262 1805 3361 1858 ho-

1710 1909 1751 1961 Β
1784 1898 1957 1953 mines
1998 1898 2263 1953 rationem
2290 1897 2341 1953 in
2375 1899 2462 1953 die
2498 1895 2710 1965 iudicii.
2750 1914 2767 1948 ι
2802 1895 2857 1950 In
2889 1896 2989 1950 hac
3016 1905 3196 1949 autem
3226 1894 3356 1957 vita,

1787 1991 2032 2045 homines
2076 2001 2242 2047 totum
2295 2004 2432 2061 pene
2476 1989 2732 2055 otiosum,
2766 1996 2821 2043 et
2865 1996 3031 2042 totum
3064 1986 3224 2041 inane
3258 1995 3363 2051 est,

1783 2083 1926 2151 quod
1950 2082 2261 2152 loquuntur,
2284 2082 2426 2153 quod
2451 2089 2631 2152 agunt.
2658 2078 2835 2135 Inanis
2861 2079 3006 2134 enim
3032 2079 3229 2134 dicitur
3246 2093 3363 2133 om-

1785 2175 1868 2227 nis
1896 2184 2047 2229 actus
2081 2186 2135 2231 et
2174 2176 2352 2230 omnis
2381 2188 2580 2239 sermo,
2616 2173 2670 2228 in
2700 2188 2807 2243 quo
2849 2189 2951 2227 non
2992 2180 3075 2227 est
3104 2171 3366 2227 intrinse-

1784 2282 1880 2322 cus
1933 2268 2133 2337 aliquid
2168 2282 2264 2335 pro
2299 2266 2432 2330 Deo,
2467 2266 2550 2321 vel
2591 2281 2690 2337 pro
2737 2266 2994 2321 mandato
3036 2265 3150 2321 Dei.
3186 2265 3278 2320 Est
3310 2275 3367 2319 et

1785 2357 1924 2413 alius
1978 2373 2072 2413 rex
2128 2356 2355 2412 Madiam
2389 2356 2485 2424 Ur,
2528 2369 2581 2411 et
2629 2357 2718 2412 hic
2761 2357 3147 2426 interpretatur
3176 2356 3363 2409 irrita-

1784 2451 1855 2504 tio
1888 2450 2022 2521 (44).
2058 2449 2219 2504 Vides
2242 2449 2430 2518 quales
2459 2450 2715 2520 sunt,qui
2741 2458 2971 2520 regnent
2999 2448 3137 2517 apud
3161 2446 3359 2501 Madia-

1786 2544 1950 2608 nitas,
1969 2541 2163 2611 quibus
2186 2541 2496 2596 hominibus
2522 2540 2800 2596 adversari
2828 2549 3065 2610 oportet,
3089 2540 3196 2595 imo
3228 2554 3365 2609 quos

1784 2633 1976 2702 perimi
2010 2632 2264 2687 convenit
2312 2632 2379 2687 ab
2420 2633 2485 2687 iis
2523 2633 2612 2702 qui
2648 2633 2809 2687 Deum
2845 2640 3168 2701 sequuntur,
3206 2640 3261 2685 et
3290 2630 3369 2685 in-

1787 2725 1980 2780 terfici.
2016 2724 2130 2779 Non
2166 2727 2310 2780 enim
2346 2734 2453 2779 tam
2488 2740 2673 2796 reges,
2712 2740 2872 2794 quam
2901 2726 3154 2779 vitiorum
3185 2724 3365 2777 nomi-

1787 2835 1875 2884 na,
1903 2835 2025 2889 quae
2064 2828 2291 2891 regnant
2324 2819 2377 2873 in
2408 2820 2746 2883 hominibus,
2783 2818 3096 2875 referuntur
3126 2819 3179 2873 in
3207 2818 3324 2887 lege
3344 2831 3364 2871 ε

1783 2922 1963 2968 etnon
2006 2921 2112 2966 tam
2141 2914 2376 2981 gentium
2421 2912 2584 2979 bella,
2610 2926 2771 2980 quam
2804 2911 3365 2980 concupiscentiarum

1785 3004 2105 3067 carnalium,
2130 3018 2250 3072 quae
2294 3001 2525 3055 militant
2568 3001 2827 3056 adversus
2869 3002 3125 3066 animam,
3158 3001 3365 3054 descri-

1786 3096 2003 3150 buntur.
2050 3096 2290 3165 Denique
2332 3096 2386 3149 hi
2425 3094 2515 3164 qui
2563 3095 2617 3148 in
2656 3094 2807 3148 vitiis
2838 3104 3089 3163 regnant,
3129 3094 3368 3161 quinque

1787 3205 1943 3258 reges
1980 3206 2099 3245 esse
2143 3191 2400 3244 dicuntur
2433 3207 2447 3244 :
2479 3197 2537 3243 ut
2587 3187 2993 3243 evidentissinte
3048 3186 3363 3248 doceamur,

882 3260 935 3301 θί
960 3249 1378 3351 ἀξιωθηπξηδ
1400 3266 1462 3305 ea
1497 3253 1676 3307 carnis
1706 3276 1747 3331 C
1781 3284 1907 3351 quia
1937 3298 2095 3336 onme
2124 3283 2312 3336 vitium
2343 3281 2487 3349 quod
2516 3287 2708 3347 regnat
2741 3281 2791 3332 in
2825 3292 3084 3345 corpore.
3112 3292 3178 3329 ει
3210 3276 3367 3344 ί1ι¹Ῐ¹¹’

1782 3390 1887 3442 que
1934 3373 2183 3426 sensibus
2224 3373 2439 3440 pendet.
2474 3368 2566 3424 Isti
2589 3384 2718 3439 ergo
2741 3369 2981 3437 quinque
3002 3381 3196 3422 sensus
3220 3366 3365 3434 peri-

1784 3463 1963 3517 mendi
2012 3471 2136 3516 sunt
2182 3462 2248 3516 de
2297 3475 2463 3530 regno
2507 3459 2947 3525 Madianitarnm,
2975 3467 3029 3510 ut
3066 3457 3204 3510 ultra
3236 3456 3365 3509 vitia

1783 3571 1888 3610 non
1920 3564 2146 3621 regnent
2166 3568 2331 3623 super
2358 3567 2476 3615 eos,
2496 3551 2589 3604 sed
2613 3550 2847 3620 iustitia,
2869 3564 2933 3602 ne
2962 3549 3026 3602 ad
3052 3546 3366 3602 scandalum

1784 3647 2003 3701 videant
2050 3660 2170 3715 quae
2218 3646 2429 3708 vident,
2478 3646 2570 3699 sed
2609 3646 2672 3697 ad
2719 3640 3154 3697 aedificationem.
3211 3638 3367 3707 Apud

1782 3736 2107 3792 Madianitas
2124 3736 2266 3790 enim
2282 3752 2476 3791 sensus
2496 3735 2582 3789 isti
2597 3735 2661 3788 ad
2682 3732 3151 3788 scandalizandnm
3170 3746 3366 3799 regna-

1784 3829 1936 3897 bant,
1974 3830 2488 3885 utscandalizarent
2521 3837 2577 3880 et
2606 3827 2943 3895 deciperent.
2974 3824 3037 3876 Et
3076 3822 3199 3877 ideo
3228 3836 3367 3892 pra:-

1781 3928 1924 3996 cepit
1954 3925 2229 3985 Dominus,
2265 3933 2323 3976 ut
2350 3922 2396 3976 si
2434 3932 2484 3975 te
2524 3917 2974 3976 scandalizaverit
3004 3916 3197 3971 oculus
3223 3924 3365 3977 tuus,

1782 4033 1942 4073 eruas
1964 4032 2111 4081 eum,
2132 4017 2175 4071 si
2210 4032 2402 4071 manus
2429 4023 2521 4068 aut
2555 4028 2671 4082 pes,
2706 4010 2995 4066 abscindas
3018 4024 3142 4062 eum
3174 4008 3239 4062 “.
3275 4006 3370 4061 Vi-

1782 4109 1876 4162 des
1904 4122 2053 4177 ergo,
2084 4108 2209 4175 quia
2244 4114 2299 4159 et
2346 4106 2460 4175 ipse
2504 4105 2658 4172 jubet
2689 4100 2932 4156 absciudi
2966 4110 3019 4154 et
3053 4099 3241 4167 perimi
3279 4114 3367 4153 re-

1783 4217 1879 4271 ges
1920 4198 2429 4255 scandalizantium.
2464 4197 2657 4252 Melius
2696 4206 2798 4260 est,
2836 4194 3034 4263 inquit,
3075 4202 3126 4247 te
3153 4191 3365 4246 luscum

1782 4295 2009 4349 introire
2034 4295 2084 4348 in
2113 4309 2333 4364 regnum
2364 4292 2478 4355 Dei,
2508 4305 2782 4353 mancum,
2804 4298 2896 4342 aut
2916 4288 3364 4353 claudum,quam

1781 4399 1903 4438 cum
1944 4385 2012 4439 iis
2045 4385 2184 4438 mitti
2235 4384 2284 4436 in
2342 4382 2665 4451 gehennam.
2702 4377 2757 4431 In
2796 4377 2993 4447 quibus
3026 4391 3131 4429 non
3178 4374 3366 4441 utique

1780 4476 2142 4531 effodiendum
2196 4474 2442 4545 praecipit
2496 4472 2711 4525 oculum
2756 4469 3005 4539 corporis
3049 4467 3239 4530 nostri,
3266 4480 3365 4520 nec

1784 4582 2025 4632 manum,
2051 4577 2143 4619 aut
2172 4566 2360 4636 pedem
2385 4562 2808 4619 abscindendum
2838 4560 2963 4614 :sed
2996 4573 3213 4613 sensum
3242 4572 3367 4611 car-

1786 4658 1927 4712 nalia
1981 4658 2306 4714 sentientem
2350 4666 2405 4711 et
2451 4653 2903 4723 concupiscentiis
2945 4650 3258 4705 carnalibus
3288 4648 3368 4701 la.

1784 4753 2108 4807 scivientem
2157 4753 2377 4804 mandat
2407 4749 2650 4804 abscindi
2683 4765 2700 4803 :
2736 4756 2794 4801 ιιι
2824 4744 2967 4801 oeuli
3013 4743 3181 4797 nostri
3216 4750 3363 4796 recta

1783 4847 2020 4909 videant,
2053 4854 2108 4900 et
2155 4858 2318 4899 aures
2369 4853 2566 4897 nostrae
2609 4850 2757 4895 recta
2791 4839 3035 4903 audiant,
3071 4846 3125 4891 et
3177 4842 3367 4903 gustus

1787 4948 1974 4993 noster
2029 4940 2254 4993 verbum
2300 4936 2391 4990 Dei
2429 4944 2629 5005 gustet,
2668 4948 2969 5000 tnanusque
3014 4938 3214 4984 nostra:
3246 4925 3364 4995 pal-

1784 5041 1911 5099 pent
1952 5038 2005 5084 et
2035 5029 2352 5098 contingant
2385 5029 2448 5081 de
2480 5025 2659 5082 Verbo
2694 5026 2806 5079 Dei.
2840 5024 2906 5078 Et
2929 5026 3029 5077 hoc
3060 5030 3145 5076 est
3179 5021 3229 5073 in
3258 5032 3366 5089 quo

1905 5127 1947 5159 “
1979 5127 2114 5181 Dan.
2146 5142 2182 5192 ι,
2208 5126 2261 5180 7.
2340 5124 2382 5155 ³⁸
2412 5123 2579 5178 Eccli.
2607 5140 2645 5187 ι,
2673 5124 2726 5176 Ξ.
2823 5120 2867 5153 ³³
2903 5118 3095 5174 Matth.
3128 5131 3225 5182 ιιι,
3260 5115 3351 5171 56.

1859 5283 1973 5355 (42)
2007 5281 2118 5353 Ego
2150 5292 2276 5355 puto
2296 5281 2436 5349 quod
2458 5280 2668 5355 nomina
2714 5275 3147 5355 Itwcnscriplt‘ura
3181 5271 3363 5353 divina

1789 5342 1892 5408 non
1931 5342 2027 5419 p'ro
2054 5342 2631 5413 historia'narraverit,
2672 5364 2777 5404 etc.
2825 5345 2960 5419 Vide
3008 5342 3358 5413 Origeniano-

1794 5417 2045 5478 rumlib.
2084 5440 2145 5488 ιι,
2187 5433 2381 5492 quaest.
2425 5422 2510 5481 I3.
2552 5437 2699 5492 nutu.
2726 5420 2836 5472 2et
2870 5417 2955 5470 14.

1859 5495 1971 5564 (45)
2008 5491 2219 5558 Ηοεοηζ
2254 5493 2393 5563 quod
2451 5501 2526 5545 est
2569 5492 2623 5545 in
2671 5491 2855 5564 lingua
2890 5494 3358 5541 nostrattvstvt'rss.

1788 5558 1962 5619 ualui
1998 5574 2078 5617 est
2102 5574 2211 5628 ph
2243 5558 2591 5617 (evacuavit.
2618 5558 2886 5613 exhausit.
2913 5573 2932 5606 ι

1856 5635 1969 5708 (at)
2011 5621 3068 5708 Urlcih'teinterpretaturtantm-rio.Ab
3217 5624 3359 5708 quod
3417 5646 3441 5685 ι,

1784 5703 1887 5773 est,
1921 5703 1960 5758 ‹“
1991 5706 2286 5770 albescere,
2319 5703 2689 5771 expallescere
2729 5717 2747 5751 ι
2778 5703 2994 5766 proprie
3029 5710 3047 5745 ι
3097 5706 3205 5760 prae
3243 5706 3369 5773 Ino.

1783 5779 1999 5833 cundia.
2042 5794 2063 5829 ι
