3874 6512
519 353 619 410 767

1992 354 2310 412 ORIGENIS
3611 371 3682 427 ’ἴα

515 471 811 542 peremptis
844 470 1056 541 regibus
1101 469 1541 534 Madianitarnm,
1567 483 1642 526 -et
1693 473 1928 528 scandali
1972 473 2094 527 al'fe-
2125 482 2166 532 Λ
2202 472 2348 526 Beati
2388 481 2515 526 sunt
2541 472 2651 537 isti,
2689 473 2779 544 qui
2813 487 2909 544 pro
2939 473 3085 529 omni
3131 473 3322 544 populo
3349 491 3557 546 pugnare
3597 500 3682 551 p0,.

516 563 690 618 rtibus
738 564 1054 632 amputatis,
1089 577 1278 634 regnat
1311 568 1362 621 in
1401 568 1555 622 nobis
1580 567 1790 637 jnstitia
1840 568 1956 636 ipse
1985 567 2092 620 Do-

517 658 694 711 minus
736 665 921 711 uoster
966 655 1122 712 .leSus
1157 658 1403 716 Christus
1426 703 1440 726 ,
1471 661 1561 730 qui
1617 659 1790 715 factus
1824 671 1903 714 est
1935 661 2093 715 nobis

509 750 715 822 justitia
747 765 776 804 a
812 751 940 817 Deo,
971 765 1024 808 et
1055 768 1155 820 pax
1215 766 1268 808 et
1297 755 1614 825 redemptio.
1651 755 1818 824 lgitnr
1857 771 1922 810 ex
1958 772 2095 824 pra:-

513 853 667 912 cepto
720 843 930 899 Domini
967 861 996 898 a
1047 845 1170 901 ﬁliis
1219 847 1388 903 Israel
1429 851 1715 907 adversum
1765 849 2093 904 Madianitas

515 935 649 990 bella
682 937 927 992 confecta
961 951 1108 1003 sunt,
1134 941 1304 1010 spolia
1335 958 1399 997 ex
1428 945 1557 1012 ipsis
1588 945 1802 1009 copiosa
1839 943 2090 997 referun-

515 1037 621 1095 tur,
655 1031 772 1083 auri
833 1042 994 1099 atque
1043 1034 1274 1105 argenti,
1321 1046 1752 1106 ceterorumque
1809 1036 2090 1090 mobilium

515 1121 723 1190 pondus
782 1123 1140 1193 immensum,
1189 1127 1591 1197 jumentornm,
1647 1131 2093 1200 captivorumque

511 1228 770 1268 numerus
831 1215 1112 1283 plurimus.
1171 1217 1367 1272 Verum
1422 1224 1677 1290 quoniam
1733 1231 1928 1276 cuncta
1975 1223 2090 1278 lllBC

510 1308 650 1376 apud
682 1308 949 1364 lsraelitas
989 1310 1262 1364 immunda
1313 1314 1606 1378 ducuntur,
1639 1316 1944 1383 purilicatio
1979 1317 2092 1371 sin-

509 1398 650 1466 gulis
686 1400 990 1469 quibusque
1046 1413 1358 1471 competens
1415 1405 1704 1459 adhibetur
1736 1422 1748 1458 :
1787 1418 1837 1461 et
1873 1424 1934 1462 ea
1967 1411 2089 1478 qui-

510 1489 654 1553 dem,
688 1507 806 1556 qum
841 1507 906 1545 ex
939 1493 1166 1547 metallis
1199 1481 1470 1558 constant,
1495 1499 1628 1566 ignis
1661 1498 1944 1565 purifieat;
1969 1515 2090 1568 qua:

513 1597 640 1636 vero
690 1581 968 1652 fragiliora
1029 1596 1154 1639 sunt
1214 1599 1265 1640 et
1319 1588 1496 1655 ignem
1551 1606 1654 1642 non
1702 1588 1904 1657 ferunt,
1946 1607 2084 1661 aqua

511 1675 784 1742 pnt'ilicari
816 1678 1094 1747 jubentur.
1125 1681 1288 1735 Fiunt
1326 1696 1455 1750 ergo
1491 1699 1556 1736 ex
1593 1683 1844 1738 omnibus
1898 1685 2088 1755 spoliis

509 1770 744 1837 aequales
765 1772 883 1826 dua:
908 1786 1109 1839 partes,
1138 1784 1192 1826 ut
1221 1791 1324 1829 una
1348 1777 1416 1828 sit
1447 1791 1631 1830 eorurn
1677 1777 1764 1843 qui
1791 1776 1853 1827 ad
1888 1777 2082 1829 bellum

513 1874 914 1930 processerant,
949 1875 998 1918 et
1029 1865 1133 1917 alia
1178 1881 1364 1918 eorum
1408 1867 1496 1932 qui
1539 1866 1590 1920 in
1636 1868 1834 1919 caStris
1877 1869 2090 1919 resede-

514 1959 654 2004 rant.
685 1949 954 2006 Jubentnr
983 1955 1144 2005 etiam
1173 1969 1237 2006 ex
1277 1955 1340 2006 iis
1367 1955 1565 2010 offerre
1602 1955 1651 2010 in
1694 1957 1829 2010 dona
1859 1961 1944 2012 Dei
1973 1976 1987 2013 :
2014 1959 2089 2014 illi

509 2041 725 2109 quidem
756 2046 842 2110 qui
871 2055 1251 2110 processerant
1273 2047 1337 2099 ad
1373 2048 1594 2116 bellum,
1625 2067 1789 2104 unum
1821 2062 1981 2119 caput
2021 2067 2088 2106 ex

509 2135 815 2204 quingentis
848 2155 859 2188 :
889 2137 960 2190 illi
988 2153 1114 2190 vero
1142 2139 1231 2207 qui
1265 2141 1315 2194 in
1350 2141 1547 2195 castris
1572 2151 1902 2208 manserant,
1923 2158 2085 2195 unum

506 2239 573 2278 ex
626 2227 1012 2298 quinquaginta
1051 2247 1063 2283 :
1098 2241 1263 2301 atque
1311 2233 1554 2286 omnium
1603 2233 1763 2287 simul
1815 2235 1864 2286 in
1919 2250 2085 2285 unum

506 2315 762 2373 collectus
803 2335 1059 2378 numerus
1104 2323 1356 2377 refertur.
1400 2323 1525 2379 llmc
1555 2333 1634 2380 est
1673 2325 1916 2380 historia:
1959 2343 2087 2380 cnn-

508 2411 753 2469 liuentia.

575 2498 628 2552 4.
664 2499 770 2556 Sed
805 2502 1083 2559 videamus
1110 2506 1233 2573 quid
1269 2507 1321 2560 in
1359 2508 1423 2561 iis
1452 2523 1643 2564 sensus
1680 2509 1884 2565 indicet
1925 2509 2088 2579 spiri-

507 2591 650 2646 talis.
687 2592 740 2647 ln
789 2597 984 2665 populo
1018 2598 1106 2653 Dei
1151 2609 1279 2653 sunt
1326 2600 1566 2668 quidam,
1609 2602 1752 2656 sicut
1800 2605 2086 2670 Apostolus

506 2685 637 2740 dicit
665 2688 730 2753 ⁸³,
762 2691 852 2758 qui
887 2691 1120 2747 militant
1149 2692 1293 2748 Deo:
1324 2692 1397 2746 illi
1421 2693 1536 2750 sine
1564 2696 1746 2762 dubio,
1773 2698 1862 2766 qtti
1893 2712 1950 2751 se
1981 2715 2083 2751 non

505 2781 747 2848 obligant
775 2786 1008 2854 negotiis
1034 2786 1388 2844 szecularibus
1416 2806 1428 2841 :
1467 2800 1520 2843 et
1555 2790 1642 2844 isti
1672 2799 1796 2844 sunt
1833 2792 1924 2861 qui
1958 2806 2084 2859 pro-

503 2874 702 2929 cedunt
726 2877 791 2930 ad
830 2877 1052 2941 bellum,
1087 2891 1140 2936 et
1177 2892 1415 2951 pugnant
1452 2883 1715 2936 adversus
1753 2893 1941 2954 gentes
1984 2883 2086 2935 itii--

509 2965 696 3030 tnieas,
731 2977 788 3022 et
819 2971 1104 3026 adversum
1149 2973 1420 3040 spiritales
1449 2973 1720 3042 nequitias
1753 2988 1848 3042 pro
1874 2973 2084 3042 reliquo

507 3059 719 3127 populo.
743 3070 796 3115 et
820 3077 915 3129 pro
948 3063 1012 3117 iis
1040 3065 1133 3134 qui
1158 3066 1486 3124 infirmiores
1514 3075 1660 3130 sunt,
1692 3070 1806 3124 sive
1837 3084 1931 3135 per
1959 3077 2082 3123 aeta-

509 3159 636 3215 tem,
665 3153 778 3206 sive
813 3170 906 3222 per
938 3171 1147 3223 sexum,
1178 3161 1289 3214 sive
1319 3177 1410 3230 per
1447 3162 1800 3230 propositmu.
1829 3161 2081 3231 Pugnant
2113 3190 2152 3246 ρ

509 3251 688 3298 autem
723 3245 809 3298 isti
842 3249 1180 3306 orationibus
1207 3253 1743 3322 etjejuuiis.jnstitia
1773 3264 1826 3310 et
1857 3257 2078 3324 pietate,

512 3339 927 3394 mansuetudine
978 3352 1032 3395 et
1070 3345 1341 3410 castitate,
1373 3349 1688 3415 cunctisque
1735 3350 2084 3406 continentia:

510 3427 821 3492 virtutibus,
859 3443 1114 3500 tanquam
1161 3435 1328 3489 armis
1385 3437 1590 3490 bellicis
1635 3439 1954 3492 commoniti
1989 3448 2083 3494 :et

505 3535 629 3572 cum
666 3524 894 3590 regressi
921 3523 1119 3579 fuerint
1141 3527 1204 3579 ad
1236 3537 1412 3581 castra
1447 3531 1701 3592 victores,
1728 3530 1981 3583 fruuntur
2008 3532 2084 3585 la-

507 3607 730 3667 boribus
762 3629 947 3667 eorum
977 3617 1136 3670 etiam
1172 3619 1434 3682 imbelles,
1459 3629 1513 3674 et
1547 3622 1580 3674 ii
1609 3623 1698 3691 qui
1734 3624 1798 3675 ad
1849 3639 2078 3692 pugnam

507 3701 591 3754 vel
633 3718 736 3757 non
772 3717 1053 3770 vocantur,
1081 3710 1160 3761 vel
1193 3711 1342 3763 exire
1377 3726 1481 3762 non
1515 3722 1754 3776 possunt.
1787 3715 2078 3769 Sciendum

506 3805 686 3848 tamen
719 3805 824 3854 est,
858 3799 1000 3863 quod
1034 3799 1213 3852 omnia
1243 3816 1362 3870 quae
1389 3813 1674 3854 sumuntur
1704 3818 1767 3856 ex
1806 3805 1922 3856 istis
1949 3821 2080 3874 gett-

508 3889 669 3949 tibus,
697 3888 970 3940 imumnda
1006 3900 1164 3955 sunt;
1201 3902 1255 3944 ct
1283 3909 1442 3945 omne
1472 3892 1701 3946 fortasse
1731 3896 1987 3962 quidquid
2013 3911 2078 3950 ex

508 3982 608 4034 hoc
655 3982 851 4036 smculo
883 3985 1198 4046 assumitur,
1234 3985 1312 4037 vel
1349 3987 1534 4052 prndio
1574 3991 1808 4058 capitur,
1843 3993 2080 4045 immun-

505 4074 632 4125 dutn
684 4081 786 4138 est,
823 4083 876 4127 et
913 4076 1289 4142 purificatione
1327 4077 1560 4147 indiget;
1607 4090 1659 4133 et
1715 4085 1960 4147 quaedam
2011 4096 2076 4134 ex

508 4167 644 4232 ipsis
667 4182 760 4236 per
789 4169 964 4236 ignem
997 4181 1287 4222 transitura
1320 4182 1464 4234 sunt,
1493 4174 1612 4227 aliis
1644 4184 1821 4228 autem
1852 4176 2079 4229 salliciet

505 4275 659 4328 aqum
678 4259 1003 4328 purificatio.
1030 4263 1391 4315 Assnmnntur
1413 4275 1591 4317 autem
1617 4282 1680 4318 ex
1707 4267 1889 4335 prarlin
1914 4269 2076 4321 etiam

507 4350 752 4406 homines
776 4361 830 4407 et
864 4353 1134 4421 jumenta,
1161 4370 1280 4406 cum
1312 4357 1652 4423 raptivantur
1692 4373 1881 4412 omnes
1923 4360 2080 4412 intel-

505 4443 673 4497 lectus
701 4444 767 4497 ad
791 4444 1148 4498 obedieudmn
1173 4447 1408 4500 Christo.
1432 4447 1506 4499 Ex
1539 4449 1601 4500 iis
1625 4451 1764 4502 enim
1789 4451 1916 4519 ipsis
1939 4469 2075 4521 quos

2197 573 2341 629 sunt,
2368 576 2418 618 et
2449 565 2738 620 defendere
2773 565 2862 619 Dei
2897 567 3130 636 plebem,
3158 579 3212 622 et
3249 570 3454 636 copiosa
3482 571 3536 624 de
3563 575 3683 628 hosti-

2198 660 2296 712 bus
2317 659 2484 726 spolia
2519 671 2817 730 reportare.
2857 658 3060 714 Tamen
3093 671 3148 715 et
3178 661 3380 730 reliqua
3407 679 3516 732 pars
3540 672 3684 734 populi,

2199 766 2321 819 ane
2355 751 2567 806 videtur
2591 751 2844 814 imbellis,
2874 751 2916 804 si
2948 767 3071 806 cum
3105 751 3283 819 quiete
3322 754 3532 807 resideat
3560 757 3599 808 in
3626 775 3678 811 ea

2197 845 2346 908 stris,
2388 845 2431 897 si
2470 846 2522 897 iu
2555 844 2768 898 silentio
2823 853 2966 911 agat,
3001 851 3052 895 et
3085 858 3188 895 non
3243 844 3450 898 recedat
3489 862 3512 898 a
3544 845 3686 917 Moyse,

2197 939 2289 992 sed
2321 951 2633 1006 permaneat
2665 939 2717 991 in
2747 937 2863 1005 lege
2889 938 3004 1002 Dei,
3039 948 3250 1006 partem
3279 939 3550 1004 spoliorum
3575 944 3686 995 etiam

2197 1029 2310 1099 ipsa
2351 1031 2632 1099 percipiet.
2668 1029 2786 1083 Fiet
2820 1028 2962 1083 cnim
2998 1043 3152 1095 aequa
3195 1029 3390 1097 portio,
3419 1044 3511 1080 non
3533 1045 3606 1098 per
3625 1049 3689 1084 nu-

2193 1139 2401 1177 merum
2459 1122 2699 1192 quidem,
2728 1121 2821 1175 sed
2884 1132 3142 1190 quantum
3191 1121 3348 1171 datur
3390 1118 3523 1171 omni
3555 1123 3689 1188 populo

2196 1215 2426 1284 reliquo,
2461 1223 2667 1266 tantum
2713 1223 2766 1266 et
2801 1211 2909 1265 illis
2950 1209 3232 1264 duodecim
3271 1209 3512 1268 millibus,
3551 1213 3690 1276 quibus

2194 1307 2534 1362 vincentibus
2557 1316 2712 1374 eapta
2738 1314 2862 1359 sunt
2885 1303 3076 1373 spolia.
3100 1301 3230 1369 Quis
3259 1301 3371 1354 haec
3398 1300 3690 1361 audiens,nua

2194 1403 2453 1457 invitetur
2493 1402 2556 1455 ad
2605 1402 2849 1455 tnilitiam
2888 1401 2980 1456 Dei
3014 1401 3035 1454 ?
3076 1399 3212 1466 Quis
3244 1415 3350 1452 non
3380 1399 3692 1467 animetnrpe-

2190 1512 2358 1564 gnare
2403 1512 2498 1566 pro
2547 1496 2713 1567 368
2765 1494 3007 1549 Ecclesia
3061 1502 3116 1547 et
3174 1492 3429 1546 resistere
3478 1493 3691 1546 adversum

2191 1591 2436 1644 veritatis
2493 1591 2763 1651 inimicos,
2824 1602 2918 1642 eos
2977 1585 3185 1640 scilicet
3232 1585 3326 1652 qui
3380 1582 3461 1636 vel
3509 1584 3692 1651 dogmata

2189 1681 2448 1738 Ecclesia:
2497 1696 2834 1752 oppugnare,
2885 1679 2967 1731 vel
3011 1676 3273 1747 voluptati
3314 1677 3697 1744 ctluxnriatope-

2194 1794 2308 1832 ram
2337 1781 2466 1833 dare
2497 1779 2746 1832 homines
2779 1775 2976 1827 doccttt
3003 1773 3028 1826 ?
3057 1773 3159 1838 Qui
3187 1786 3319 1840 ergo
3342 1771 3438 1824 hos
3470 1781 3695 1839 expugnat,

2195 1881 2247 1928 et
2280 1872 2362 1925 vel
2399 1874 2451 1925 in
2481 1887 2558 1933 se,
2591 1871 2671 1923 vel
2710 1870 2760 1922 in
2789 1868 3052 1936 proximis
3091 1867 3202 1920 suis
3236 1867 3370 1919 vitia
3403 1865 3610 1932 perimit,
3640 1867 3695 1916 hic

2195 1966 2424 2034 accipiet
2445 1964 2616 2033 spolia
2637 1961 2826 2025 multa,
2851 1959 3212 2029 quinquagies
3241 1956 3570 2021 multiplicata
3586 1968 3694 2020 quam

2195 2059 2396 2113 caeteri.
2442 2056 2709 2109 lntantum
2750 2067 2983 2122 namque
3009 2052 3216 2104 numeri
3250 2049 3523 2116 quantitas
3547 2046 3697 2097 videtur

2195 2151 2403 2220 augeri,
2424 2166 2542 2203 cum
2575 2149 2842 2204 sexcentis
2876 2146 3114 2199 millibus
3142 2142 3427 2196 dnolecim
3453 2138 3592 2191 millia
3613 2154 3695 2189 coa-

2198 2245 2461 2298 feruntnr.
2499 2242 2707 2298 Oil‘erre
2737 2254 2916 2293 tamen
2958 2253 3080 2306 pars
3123 2246 3361 2304 utraque
3393 2233 3586 2299 juhetur
3611 2232 3696 2283 Deo.

2195 2337 2257 2389 Et
2286 2337 2356 2387 illi
2386 2337 2602 2404 quidem
2655 2335 2742 2404 qui
2800 2334 3070 2394 vicerunt,
3116 2345 3284 2381 unum
3318 2327 3392 2379 ei
3416 2323 3695 2392 quingentis:

2194 2428 2281 2494 qui
2303 2439 2478 2481 autem
2511 2427 2653 2478 domi
2690 2425 3024 2483 resederunt,
3059 2437 3224 2472 ttuunt
3250 2433 3320 2471 ex
3356 2415 3694 2484 quinquagim.

2193 2521 2621 2588 Quingentorum
2683 2527 2863 2570 autem
2917 2524 2968 2568 et
3025 2511 3424 2582 quinquaginta
3481 2521 3694 2559 munerum

2193 2623 2438 2665 sanctum
2471 2629 2588 2665 esse
2624 2610 2900 2676 Scriptura
2951 2617 3204 2659 testatur.
3255 2605 3412 2659 Unde
3440 2614 3488 2657 et
3514 2602 3699 2657 Salvator

2195 2703 2406 2757 (licebat
2445 2703 2494 2754 iit
2527 2701 2830 2769 Evangeliis
2856 2699 2900 2731 "
2933 2716 2946 2751 :
2983 2717 3000 2748 ι
3040 2696 3252 2750 llomini
3289 2695 3501 2746 cuidam
3528 2695 3698 2745 fll‘llt‘l‘l~

2195 2795 2299 2848 tori
2353 2805 2510 2847 erant
2547 2795 2653 2845 duo
2714 2793 3032 2845 debitores:
3063 2804 3205 2842 unus
3246 2804 3315 2840 ex
3367 2787 3495 2853 ipsis
3533 2783 3699 2836 debebat

2195 2887 2449 2940 denarios
2503 2885 2846 2954 quingentos,
2900 2893 2953 2935 et
3003 2881 3139 2934 alius
3186 2877 3585 2947 quinquaginta.
3622 2873 3698 2924 lina

2194 2976 2522 3030 habentibus
2552 2975 2657 3028 illis
2692 2974 2835 3026 unde
2869 2973 3180 3032 redderent,
3215 2968 3439 3021 donavit
3461 2967 3698 3033 utrisq'im

2193 3071 2300 3124 Sed
2341 3079 2394 3123 et
2439 3078 2646 3137 septem
2693 3067 3010 3135 septimana:
3053 3065 3315 3127 monada,
3353 3063 3403 3115 id
3435 3072 3512 3115 est
3539 3059 3699 3111 inroad-

2193 3161 2324 3222 dito,
2349 3158 2825 3228 Quiuquagesimte
2854 3159 2990 3210 diem
3031 3156 3255 3217 faciunt,
3285 3170 3407 3223 qua":
3429 3152 3700 3206 Penterostct

2193 3251 2460 3306 festivitas
2489 3251 2809 3320 appellatur.
2853 3247 3118 3302 Similiter
3145 3258 3197 3298 et
3225 3249 3561 3315 septuaginta
3583 3244 3699 3309 septi-

2193 3360 2384 3406 manae,
2417 3344 2595 3397 addita
2627 3343 2783 3396 unius
2805 3340 3021 3394 dccadis
3049 3339 3413 3407 perfectione,
3445 3338 3701 3406 quingento-

2195 3453 2308 3490 rum
2339 3451 2620 3490 numernm
2649 3435 2898 3486 reddunt.
2937 3431 3040 3485 Sed
3071 3441 3281 3499 quanto
3327 3429 3508 3497 plures
3531 3438 3703 3481 suntse-

2191 3529 2467 3596 ptttaginta
2486 3527 2796 3595 septimana:
2819 3539 2978 3593 quatit
3002 3533 3229 3590 septem,
3259 3531 3416 3575 tanto
3434 3522 3702 3585 prmstantior

2189 3634 2242 3675 et
2271 3621 2566 3690 perfectior
2592 3634 2853 3671 numerus
2871 3617 3291 3685 quingentorum
3323 3629 3482 3680 quam
3506 3614 3703 3680 quinqua-

2189 3715 2357 3784 ginta.
2384 3712 2511 3766 lnde
2547 3711 2777 3779 denique
2801 3718 2856 3761 ct
2899 3710 2951 3762 in
2983 3708 3236 3777 parabola
3273 3705 3568 3774 Evangelii,
3590 3718 3700 3771 quati

2191 3821 2349 3872 supra
2401 3803 2822 3870 proposuimus,
2875 3798 3130 3852 Salvator
3183 3808 3374 3851 noster
3421 3795 3702 3866 pronuntia,

2188 3897 2328 3965 qimd
2376 3896 2493 3964 plus
2535 3895 2723 3959 diligat
2777 3892 2994 3952 ille,cui
3043 3891 3325 3960 quingenti
3372 3904 3504 3958 quos
3537 3887 3704 3939 debebat

2188 3989 2392 4041 denarii
2421 3987 2600 4040 donati
2626 3993 2768 4046 sunt,
2796 4001 2958 4052 quant
2999 3984 3088 4036 ille
3112 3985 3196 4037 cui
3223 3981 3616 4050 quinquaginta.

2257 4081 2310 4137 5.
2358 4081 2594 4146 Denique
2643 4079 2694 4131 in
2741 4077 2994 4147 prazsenti
3030 4077 3281 4140 lectione,
3316 4077 3533 4130 Eleazar
3569 4084 3702 4124 sacer-

2188 4176 2284 4228 dos
2309 4190 2412 4225 uou
2461 4171 2722 4224 scribitur
2771 4171 2834 4223 ad
2866 4186 3082 4223 omnem
3113 4169 3374 4237 pupulum
3417 4165 3703 4226 locutura

2188 4264 2252 4318 ad
2301 4280 2394 4317 eos
2451 4272 2658 4317 tantum
2709 4261 2843 4332 (46),
2875 4261 2964 4330 qni
3016 4262 3082 4314 de
3134 4260 3325 4330 prrelio
3380 4259 3611 4314 redeunt.
3643 4256 3703 4308 Ait

2186 4358 2329 4412 enim
2357 4357 2400 4387 ³⁷
2435 4375 2446 4408 ;
2481 4375 2498 4406 ι
2539 4356 2600 4409 Et
2625 4355 2762 4407 dixit
2787 4355 3013 4406 Eleazar
3034 4353 3286 4406 sacerdos
3330 4353 3397 4405 ad
3441 4353 3568 4403 viros
3589 4350 3704 4400 virtu-

2189 4452 2256 4504 tis
2277 4491 2290 4515 ,
2317 4450 2406 4519 qui
2437 4451 2848 4503 revertebantur
2873 4451 2934 4501 de
2961 4449 3165 4516 przclio.
3202 4466 3220 4498 ι
3260 4448 3429 4502 Vides
3466 4461 3581 4515 ergo
3612 4459 3704 4511 quo-

506 4535 1128 4601 ceperimus,oll‘eriimts
1175 4539 1302 4592 Deo.
1343 4538 1454 4591 Nisi
1490 4541 1632 4592 enim
1660 4545 2079 4609 pugnaverimns
2119 4557 2157 4611 ι)
2187 4545 2342 4598 modo
2367 4546 2430 4597 ad
2459 4544 2605 4598 viros
2632 4542 3113 4611 virtutisloqnitur
3136 4557 3318 4594 sermo
3350 4541 3463 4595 Dei.
3486 4540 3580 4593 Viri
3602 4541 3702 4591 ciunt

506 4624 559 4677 in
593 4629 758 4682 verbo
792 4630 904 4695 Dei,
947 4646 1051 4684 non
1090 4632 1390 4700 poterimus
1431 4632 1704 4699 captivare
1747 4634 2076 4692 intellectum

503 4733 692 4774 eorum
735 4721 824 4788 qui
870 4723 1076 4776 diversa
1105 4740 1132 4777 a
1163 4725 1382 4778 Christo
1423 4726 1752 4784 sentiunhel
1783 4729 2079 4795 perducere

501 4827 595 4866 eos
619 4813 687 4867 ad
718 4815 1078 4870 obedientiam
1130 4817 1353 4876 Christi.
1393 4817 1558 4872 Pauci
1605 4829 1730 4873 sunt
1761 4829 1938 4875 tamen
1985 4825 2077 4891 qui

503 4921 744 4976 pugnare
794 4910 1024 4976 possint,
1053 4921 1108 4965 el
1151 4912 1330 4981 praelia
1373 4914 1472 4967 ista
1523 4915 1790 4967 conficere
1819 4930 1832 4968 ε
1865 4917 1930 4967 de
1956 4907 2080 4970 sex:

504 4999 678 5051 centis
701 4999 937 5053 millibus
967 5009 1020 5054 et
1061 5003 1288 5070 amplius
1327 5014 1677 5064 armatorum,
1704 5007 1793 5073 qui
1823 5007 2079 5061 videban-

508 5101 595 5143 tur
620 5091 856 5145 militare
884 5091 1026 5156 Deo,
1068 5095 1181 5148 sola
1227 5097 1508 5150 duodecim
1551 5097 1718 5149 millia
1769 5097 2074 5168 eliguntur;

502 5185 684 5239 caeteri
707 5185 1083 5255 relinquuntur
1110 5189 1160 5241 in
1184 5189 1398 5242 castris.
1428 5189 1641 5245 latuere
1665 5191 1794 5244 mihi
1817 5208 1958 5247 nunc
1982 5209 2077 5262 po-

504 5279 684 5349 pulum
714 5281 802 5334 Dei
831 5279 963 5350 (45),
989 5283 1080 5350 qui
1109 5291 1191 5335 est
1220 5283 1270 5334 in
1300 5282 1561 5350 Ecclesia,
1597 5289 1786 5354 quanti
1830 5297 1957 5341 sunt
2007 5301 2075 5341 ex

507 5371 568 5424 iis
585 5371 676 5439 qui
703 5371 911 5442 possint
937 5387 1035 5438 pro
1059 5372 1286 5426 veritate
1307 5387 1564 5443 pugnare,
1581 5379 1788 5444 possint
1821 5377 2076 5431 resistere

503 5463 568 5518 iis
595 5463 685 5526 qui
712 5464 1112 5531 contradicunt,
1137 5465 1226 5534 qui
1257 5466 1432 5520 sciant
1463 5469 1609 5522 verbi
1639 5469 1777 5523 bella
1815 5479 2074 5524 tractare.

569 5602 617 5636 ³⁸
640 5602 661 5656 l
685 5603 824 5659 Tim.
853 5611 913 5670 ti,
945 5606 1000 5660 4.
1079 5605 1125 5638 ³⁸
1146 5605 1302 5670 Luc.,
1357 5621 1460 5672 vti,
1510 5607 1596 5673 ιι,
1626 5607 1716 5662 42.

571 5720 682 5791 (45)
721 5724 900 5778 Codex
940 5725 1121 5781 Sancti
1165 5727 1505 5793 Theudorici,
1553 5747 1571 5780 ι
1611 5729 1804 5783 intueri
1842 5745 1982 5786 nunc
2015 5733 2072 5785 li-

501 5790 588 5844 bet
610 5793 750 5863 _mihi
782 5796 1056 5863 populum.
1091 5817 1110 5849 ι

576 5861 687 5933 (66)
727 5861 908 5921 Codex
961 5867 1144 5924 Sancti
1174 5866 1519 5936 Theoderici,
1546 5890 1560 5923 ι
1589 5871 1808 5927 Eleazar
1828 5873 2082 5929 sacerdos

1795 5606 1838 5639 ³⁷
1872 5609 2028 5664 Num.
2072 5626 2223 5675 mit,
2264 5609 2355 5664 21.

2185 4638 2405 4690 virtutis
2429 4647 2578 4700 sunt,
2605 4637 2695 4704 qui
2722 4636 2786 4688 ad
2816 4635 3016 4689 bellum
3050 4636 3372 4703 procedunt.
3403 4635 3458 4686 Si
3487 4633 3591 4699 quis
3614 4643 3703 4681 vero

2183 4743 2420 4799 pugnare
2446 4745 2548 4782 non
2579 4729 2712 4793 vult,
2739 4744 2835 4781 nec
2863 4727 3115 4788 militare,
3141 4727 3184 4779 si
3214 4728 3338 4794 quis
3372 4743 3477 4779 non
3515 4724 3608 4775 vult
3636 4723 3702 4772 lia-

2183 4825 2310 4876 bere
2337 4833 2611 4876 certamen
2641 4823 2946 4876 studiorum
2974 4820 3291 4874 divinorum
3317 4831 3374 4872 et
3402 4815 3700 4872 abstineatur.

2183 4913 2270 4966 hic
2295 4928 2400 4966 non
2433 4912 2542 4965 vult
2574 4912 2798 4980 implere
2829 4911 2958 4964 illud
3009 4912 3147 4980 quod
3195 4910 3490 4979 Apostolus
3516 4904 3699 4962 dicit”:

2186 5025 2204 5057 ι
2247 5006 2348 5072 Qui
2375 5016 2551 5059 autem
2583 5006 2635 5058 in
2665 5020 2837 5073 agone
2875 5005 3174 5065 centendit,
3200 5004 3268 5057 ab
3315 5004 3560 5058 erunibus
3577 4998 3702 5052 conli-

2181 5115 2316 5152 nens
2341 5108 2443 5152 est.
2476 5117 2494 5148 ι
2540 5097 2642 5163 Qui
2687 5112 2816 5164 ergo
2841 5112 2946 5148 non
2972 5097 3248 5150 contendit
3296 5097 3347 5149 in
3393 5091 3701 5164 agone,etii»

2181 5193 2438 5246 omnibus
2470 5207 2575 5245 non
2623 5200 2705 5244 est
2742 5191 3052 5254 continens,
3077 5205 3250 5256 neque
3293 5192 3533 5243 exerceri
3559 5185 3647 5237 vult
3665 5185 3699 5232 in

2182 5288 2347 5336 verbo
2377 5283 2492 5348 Dei,
2518 5292 2572 5335 et
2603 5281 2654 5334 in
2683 5282 2797 5350 lege
2823 5281 3031 5334 Domini
3077 5282 3325 5335 meditari
3351 5283 3440 5334 die
3473 5293 3535 5332 ac
3570 5286 3699 5329 nocte.

2183 5375 2268 5428 hic
2289 5368 2608 5427 etiamsi'vir
2641 5371 2974 5434 dieatur,vir
3001 5382 3178 5426 tamen
3206 5372 3422 5426 virtutis
3450 5385 3548 5425 non
3567 5373 3698 5436 βρίθει

2181 5467 2469 5536 appellari.
2503 5466 2570 5519 At
2597 5479 2724 5519 vero
2757 5464 2863 5528 hic,
2891 5465 3090 5531 dequo
3124 5477 3266 5517 unnc
3289 5477 3468 5518 sermo
3496 5471 3567 5512 est
3590 5453 3700 5511 Scri-

2433 5609 2476 5640 ³⁸
2501 5609 2519 5663 l
2544 5607 2670 5663 Cor.
2713 5625 2790 5673 ix,
2818 5607 2908 5662 25.

2181 5749 2284 5785 non
2309 5735 2373 5786 ad
2404 5745 2591 5784 omnes
2617 5730 2760 5782 viros
2787 5728 2998 5782 virtutis
3023 5729 3111 5797 qui
3135 5723 3538 5783 revertebantur
3562 5722 3700 5789 adpo-

2179 5805 2359 5868 pnlum
2393 5803 2599 5858 locutus
2627 5812 2732 5868 est,
2768 5801 2861 5856 sed
2902 5799 2968 5855 ad
3003 5815 3096 5855 eos
3123 5807 3350 5861 tauttun,
3397 5816 3416 5848 ι
3453 5806 3548 5848 etc.
