3798 6384
114 321 198 377 769
1194 316 1263 371 IN
1297 316 1631 373 MIMEROS
1665 316 1951 375 "031!le
1987 321 2154 379 XXV.

3220 328 3325 387 770

113 454 251 514 plura:
275 437 473 500 dirinze,
515 435 609 507 qtti
635 434 804 504 spolia
828 435 897 491 de
921 434 1170 491 hostibus
1198 435 1388 503 refert,
1415 437 1503 491 vir
1525 438 1635 492 vir-
1666 442 1710 497 A
1740 448 1826 493 cet
1860 440 2102 496 historim
2146 450 2345 497 textus.
2376 441 2639 515 Exierunt
2672 444 2762 500 isti
2808 460 3045 515 pugnare
3076 463 3171 516 pro
3201 447 3325 502 illiis

114 536 218 590 tutis
247 531 524 599 appellatur
551 546 563 583 :
597 530 704 585 hoc
729 539 813 584 est
861 530 1007 584 enim
1062 530 1239 584 laudis
1263 529 1379 599 ejus
1404 530 1633 601 insigne,

110 623 224 696 quod
248 623 507 692 Scriptura
538 622 694 687 dicit,
713 623 840 693 quia
870 623 1083 679 locutus
1104 633 1184 676 est
1209 623 1434 677 Eleazar
1456 639 1638 679 sacer-

108 721 184 773 dos
219 718 275 770 ad
316 716 451 770 viros
492 716 734 781 virtutis,
777 717 867 785 qui
911 716 1327 771 revertebantur
1359 732 1386 770 a
1431 718 1636 786 pra-lio.

108 809 212 877 Quis
231 818 450 862 nostrum
474 808 546 860 ita
572 800 925 876 parattts'est,
957 822 1013 863 ttt
1038 816 1296 879 procedat
1345 812 1410 863 ad
1437 809 1633 863 bellum

105 912 147 955 ct
168 910 329 955 contra
355 900 693 954 adversarios
721 902 964 967 dimicet,
996 913 1054 959 ut
1092 913 1141 958 et
1188 906 1300 973 ipse
1349 905 1431 956 vir
1469 904 1637 971 possit

106 996 315 1066 appellari
360 995 577 1048 virtutis
618 994 825 1049 ?Sicut
874 1007 1053 1050 autem
1096 1000 1205 1051 vita
1246 998 1553 1060 eoutineus,
1585 1004 1637 1051 ct

105 1088 398 1142 abstinentiae
423 1086 593 1152 labor,
626 1096 793 1155 atque
816 1102 1047 1156 agonum
1083 1092 1403 1152 certamina,
1434 1086 1639 1143 faciunt

106 1193 498 1248 unumquemque
532 1178 708 1232 virum
754 1180 972 1234 virtutis
1017 1180 1323 1249 appellari:
1361 1181 1428 1233 ita
1474 1196 1637 1234 econ-

105 1275 241 1328 trario
285 1274 504 1327 remissa
532 1273 662 1336 vita,
698 1289 760 1327 ac
818 1274 1120 1343 negligens,
1150 1284 1199 1328 et
1262 1275 1477 1342 ignava,
1507 1273 1637 1329 facit

103 1366 245 1417 tirutu
286 1352 521 1430 ignavias
560 1366 841 1434 appellari.
874 1366 931 1419 Si
980 1382 1113 1436 ergo
1156 1368 1239 1421 vis
1270 1368 1525 1435 appellari
1556 1368 1639 1420 vir

101 1460 297 1521 virtutis,
344 1459 504 1513 indue
549 1467 601 1512 te
646 1460 921 1515 Christum
960 1462 1268 1525 Dominum,
1305 1463 1392 1531 qui
1423 1472 1500 1516 est
1542 1460 1634 1514 Dei

102 1553 261 1613 virtus,
284 1561 330 1604 et
370 1549 461 1603 Dei
496 1551 866 1620 sapientia,et
918 1554 969 1606 iu
1022 1555 1278 1609 omnibus
1323 1555 1557 1624 adjunge
1588 1565 1638 1607 te

101 1644 303 1709 Domino,
340 1644 408 1699 ita
448 1655 507 1697 ut
548 1662 685 1699 unus
730 1662 850 1699 cum
894 1662 958 1701 eo
994 1648 1221 1715 spiritus
1255 1648 1372 1713 tias,
1404 1658 1452 1702 et
1508 1657 1637 1703 tunc

98 1738 363 1793 virvirtulis
400 1738 673 1794 elIicieris.
696 1740 931 1810 Tempus
982 1743 1145 1810 igitur
1188 1742 1312 1797 belli
1358 1743 1513 1797 nobis
1556 1751 1638 1796 est

99 1830 139 1885 in
171 1831 253 1885 hoc
294 1833 486 1886 mundo
527 1871 544 1894 ,
583 1848 760 1903 pugna
810 1836 1075 1890 adversus
1132 1835 1457 1891 Madianitas
1506 1845 1588 1890 est
1615 1876 1629 1898 ,

97 1926 185 1979 sive
224 1926 493 1979 adversum
556 1928 685 1982 vitia
739 1930 925 1983 carnis
986 1941 1205 1995 nostrze,
1266 1931 1384 1985 sive
1434 1930 1633 1984 adver-

97 2036 186 2070 sunt
237 2021 530 2074 contrarias
598 2031 916 2089 potestates.
969 2023 1189 2092 Spectat
1254 2039 1351 2079 nos
1410 2024 1629 2094 attgelo~

96 2124 185 2161 rum
221 2112 424 2178 chorus,
454 2112 721 2166 virtutum
755 2115 1055 2169 cmlcslium
1098 2117 1184 2185 pia
1213 2131 1340 2187 erga
1373 2133 1471 2173 nos
1497 2133 1631 2187 pen-

95 2203 162 2255 det
184 2205 520 2272 exstiectatio,
556 2208 776 2275 quando
802 2208 883 2261 vel
912 2210 1184 2277 quomodo
1219 2210 1284 2264 de
1312 2211 1413 2265 hoc
1442 2211 1631 2280 prmlio

96 2306 398 2361 revertamur,
419 2280 555 2367 quid
581 2300 953 2371 unusquisque
979 2312 1224 2357 nostrum
1250 2304 1628 2359 manubiarum

94 2395 286 2453 reportet
321 2397 413 2441 :ct
442 2390 731 2443 intuentur
760 2392 1052 2455 curiosius,
1084 2409 1145 2447 ac
1180 2393 1470 2448 sollicitius
1514 2412 1632 2464 per-

91 2489 374 2547 scrutattlnr,
409 2483 540 2551 quis
579 2493 824 2538 nostrutn
859 2487 978 2538 auri
1025 2488 1151 2541 hinc
1196 2487 1426 2557 amplius
1469 2488 1628 2555 ferat,

91 2570 181 2636 quis
219 2572 368 2625 etiam
413 2576 632 2644 argenti
681 2577 810 2630 illud
857 2580 1068 2645 pondus
1117 2580 1393 2645 exhibeat,
1441 2583 1630 2649 quisve

91 2660 252 2731 lapides
296 2663 501 2721 deferat
535 2669 827 2735 pretiosos.
873 2668 1177 2739 Requirunt
1225 2673 1387 2726 etiam
1418 2672 1461 2726 si
1508 2676 1630 2743 quis

88 2768 144 2807 es
165 2755 344 2810 deferat
376 2771 471 2813 aut
501 2760 733 2828 ferrum,
762 2771 855 2816 aut
892 2763 1191 2832 plumbum,
1220 2766 1312 2819 sed
1359 2777 1412 2820 et
1444 2782 1539 2821 vas
1573 2766 1633 2820 lio

88 2862 239 2917 gueum
262 2853 301 2906 si
330 2850 468 2908 forte
496 2853 725 2923 aliquis,
772 2868 867 2915 aut.
914 2856 1101 2921 fictile,
1127 2865 1221 2911 aut
1253 2858 1396 2911 aliud
1447 2858 1632 2927 hujus-

87 2942 196 2995 tnodi
222 2958 412 3014 magna:
454 2946 652 3000 domus
699 2945 886 3002 usibus
924 2950 1313 3004 uecessan‘um.
1347 2969 1364 3002 ι
1411 2950 1466 3005 In
1517 2968 1629 3005 tua-

89 3046 166 3101 gna
202 3038 332 3091 enim
371 3041 539 3094 domo
571 3056 676 3094 non
717 3052 844 3096 sunt
878 3044 1251 3098 tantummodo
1295 3058 1423 3098 vasa
1462 3059 1625 3097 aurea

1743 529 1930 597 Israel,
1966 531 2361 587 interfecerunt
2392 531 2711 590 Madianitas
2742 554 2756 602 ;
2794 538 3181 593 interlicieutes
3227 554 3325 595 au-

1744 629 1848 675 tem
1908 638 2036 688 eos,
2098 636 2356 694 quantum
2406 627 2471 681 ad
2523 628 2764 683 historia:
2817 630 3063 685 ordinem
3117 641 3323 701 spectat

1741 728 1793 772 et
1828 717 2059 772 litteram
2096 718 2249 789 legis,
2281 720 2601 789 placuerunt
2637 708 3127 788 Deofvolunlatctn
3171 741 3323 779 nam-

1741 822 1845 876 que
1879 808 1971 863 Dei
2005 808 2390 879 impleverunt;
2438 820 2617 867 tamen
2664 814 2765 868 hoc
2802 815 2941 883 ipso,
2978 817 3117 885 quod
3155 817 3322 871 inter-

1741 899 1988 956 fecerunt
2034 902 2398 967 adversarios,
2438 903 2700 960 immundi
2754 908 3005 961 dicuntur
3040 906 3238 971 clIecti,
3270 918 3323 962 et

1741 1003 2026 1063 propterea
2075 995 2274 1048 dicitur
2304 996 2370 1049 ad
2420 1010 2516 1050 eos
2547 996 2590 1028 ⁴¹
2624 1014 2637 1050 :
2675 1016 2693 1048 t
2747 998 2810 1051 Et
2852 998 3099 1053 lavabitis
3152 999 3322 1052 vesti-

1743 1096 1920 1139 menta
1955 1096 2132 1141 vestra
2180 1088 2266 1141 die
2308 1090 2560 1157 septima,
2592 1099 2644 1143 et
2679 1091 2861 1143 mundi
2895 1091 3067 1153 eritis,
3099 1099 3154 1144 et
3203 1100 3324 1157 post

1743 1180 1855 1231 liter.
1876 1180 2165 1235 introibitis
2185 1181 2234 1234 itt
2260 1194 2461 1237 castra.
2481 1202 2497 1234 ι
2519 1184 2655 1253 Ergo
2676 1182 2727 1235 hi
2749 1182 2838 1251 qui
2865 1192 3124 1251 pugnant,
3146 1198 3241 1250 pro
3257 1198 3321 1235 eo

1740 1273 1905 1344 369
1961 1276 2077 1343 ipso
2127 1276 2269 1344 quod
2300 1278 2639 1347 contigerunt
2675 1278 2860 1329 hostes
2890 1275 3217 1338 immundos,
3261 1284 3315 1330 et

1741 1366 1886 1432 quod
1917 1365 2147 1434 ingressi
2195 1376 2321 1419 sunt
2363 1379 2553 1421 contra
2588 1382 2702 1431 eos,
2753 1377 2807 1421 et
2851 1367 3140 1420 habuerint
3198 1382 3317 1420 ctnn

1742 1459 1821 1513 eis
1873 1469 2173 1523 certamen,
2233 1461 2421 1530 polluti
2476 1471 2623 1515 sunt.
2667 1461 2732 1514 Et
2770 1476 2871 1532 ego
2923 1476 3054 1530 ergo
3105 1459 3317 1513 etiamsi

1743 1552 1963 1605 vincere
2024 1563 2252 1621 potuero
2314 1552 2624 1619 diabolum,
2694 1553 2908 1607 etiamsi
2961 1553 3322 1622 cogitationes

1743 1644 2049 1697 immundus
2081 1654 2136 1697 et
2170 1644 2364 1709 malas,
2418 1662 2551 1715 quas
2583 1646 2733 1700 cordi
2773 1660 2892 1699 meo
2937 1646 3203 1715 suggerit,
3240 1644 3322 1697 vel

1744 1738 2006 1807 repellere
2049 1739 2351 1802 venientes,
2380 1739 2463 1792 vel
2517 1739 2790 1809 ingressas
2822 1754 3022 1792 nccare
3057 1738 3195 1792 intra
3219 1750 3323 1800 me,

1742 1848 1809 1886 ne
1842 1833 1906 1885 ad
1940 1832 2190 1887 elTectum
2235 1834 2575 1902 perveniant,
2633 1835 2879 1903 quivere,
2929 1842 2981 1885 et
3031 1833 3074 1885 si
3113 1830 3329 1884 calcari!

1735 1940 1965 1995 patuero
2010 1935 2174 1996 caput
2212 1927 2483 1989 draconis,
2519 1926 2619 1979 hoc
2663 1926 2779 1995 ipso
2809 1935 2988 1978 tamen
3020 1922 3181 1992 pollui
3238 1935 3322 1973 tne

1734 2030 1788 2072 et
1821 2020 2099 2088 inquinari
2135 2027 2358 2075 necesse
2396 2028 2501 2084 est,
2533 2022 2674 2090 quod
2706 2035 2827 2074 eum
2857 2018 2947 2089 qtti
2985 2018 3220 2087 pollutos
3271 2024 3325 2068 et

1736 2111 2052 2180 inquinatus
2082 2121 2186 2177 est,
2220 2113 2455 2183 conligi;
2489 2122 2543 2165 et
2573 2128 2668 2166 ero
2695 2113 2911 2181 quidem
2944 2111 3321 2178 neatus,quod

1733 2217 1858 2257 eum
1898 2220 2156 2272 superare
2181 2206 2350 2272 potui,
2380 2204 2692 2257 immundus
2735 2215 2913 2259 tamen
2958 2219 3073 2259 sum
3115 2212 3167 2258 et
3205 2204 3323 2274 pol-

1734 2295 1901 2362 lutus,
1937 2295 2027 2365 qui
2062 2294 2325 2363 pollutum
2363 2297 2588 2365 conligi,
2620 2306 2674 2351 et
2716 2296 2785 2350 ob
2818 2297 2919 2351 hoc
2946 2297 3322 2366 purificatione

1734 2402 1889 2455 egeo.
1939 2388 2146 2442 idcirco
2174 2387 2431 2441 nimirum
2468 2398 2519 2441 et
2572 2388 2854 2457 Scriptura
2904 2390 3080 2444 dicit:
3127 2387 3321 2457 “quia

1739 2497 1756 2531 ι
1791 2496 1949 2534 nemo
1982 2481 2212 2534 mundus
2253 2495 2281 2533 a
2332 2482 2513 2535 sorde.
2554 2497 2572 2531 ι
2617 2482 2821 2535 Omnes
2877 2497 3009 2549 ergo
3060 2485 3317 2551 purtlica-

1736 2573 1881 2624 tione
1915 2572 2241 2640 indigemus,
2286 2572 2392 2625 imo
2433 2571 2927 2641 purilicationibus.
2966 2573 3143 2630 Multa:
3175 2580 3319 2633 enim

1732 2674 1787 2718 et
1824 2663 2051 2718 diversm
2084 2680 2183 2718 nos
2222 2675 2443 2720 manent
2493 2666 2926 2735 purilicatioues.
2958 2668 3065 2724 Sed
3093 2673 3322 2742 mystica

1733 2755 1847 2810 hmo
1877 2766 2005 2811 sunt
2034 2765 2091 2811 et
2118 2755 2441 2814 ineffabilia.
2480 2757 2613 2825 Quis
2651 2759 2798 2814 enim
2854 2763 3013 2817 nobis
3062 2777 3324 2819 enarrare

1731 2850 1973 2920 poterit,
2033 2865 2153 2921 quae
2211 2851 2321 2905 sint
2374 2852 2826 2920 purilicatioues,
2891 2870 3011 2925 quae
3062 2867 3324 2927 parentur

1731 2942 1922 3009 Paulo,
1969 2945 2055 2999 vel
2103 2944 2267 3001 Petro
2316 2948 2452 3016 (49),
2514 2949 2597 3003 vel
2630 2951 2753 3006 aliis
2796 2952 2989 3005 horum
3028 2953 3322 3020 similibus,

1732 3037 1820 3105 qui
1854 3046 2058 3089 tantuut
2090 3050 2485 3108 pugnaverunt,
2533 3051 2610 3096 tot
2637 3050 2825 3110 gentes
2876 3043 3140 3098 barbaras
3174 3044 3323 3099 delc-

85 3138 123 3179 cl
154 3139 399 3200 argentea,
430 3133 531 3187 sed
556 3142 610 3187 et
654 3134 828 3201 lignea
857 3145 910 3189 et
940 3134 1123 3190 ﬁctilia
1158 3134 1224 3190 ³⁸.
1267 3154 1284 3187 ι
1315 3136 1629 3207 Requiritur
1657 3148 1699 3206 ρ
1732 3138 1949 3193 verunt,
1984 3139 2059 3183 tot
2098 3132 2282 3186 hostes
2330 3141 2768 3201 prostraverunt,
2814 3146 2963 3189 tanta
2996 3137 3192 3206 spolia,
3240 3147 3314 3192 tot

84 3236 181 3291 ergo
203 3222 474 3292 diligenter
509 3240 635 3279 cum
662 3224 960 3279 abierimus
990 3224 1132 3293 illuc,
1170 3226 1297 3295 quid
1333 3229 1630 3295 unusquis-

82 3325 159 3379 que
187 3325 407 3369 nostrum
433 3316 665 3381 deferat,
692 3325 746 3369 et
780 3317 1076 3370 secundum
1110 3332 1173 3371 ea
1202 3331 1322 3386 quae
1356 3318 1630 3384 detulerit,

83 3408 332 3461 secundum
384 3410 538 3478 quod
579 3407 734 3463 labor
763 3410 883 3478 ejus
916 3423 1013 3478 pro
1036 3408 1499 3479 contemplatione
1533 3424 1632 3463 ex-

83 3500 281 3551 uviarum
306 3501 588 3567 probatur,
626 3503 793 3555 etiam
826 3502 1121 3557 mansionis
1150 3502 1262 3575 (47)
1298 3502 1346 3556 ei
1379 3501 1631 3557 meritum

78 3592 397 3659 deputabitur.
433 3595 751 3651 Probantur
780 3609 959 3653 tamen
1001 3596 1182 3650 omnia
1209 3594 1323 3650 ltmc
1353 3612 1368 3649 :
1394 3610 1513 3664 qua:
1538 3609 1633 3665 per

80 3687 256 3756 ignem,
291 3705 409 3759 qua:
456 3704 563 3761 per
616 3705 808 3759 aquam
853 3706 867 3742 :
918 3707 936 3741 ι
982 3687 1423 3758 Uniuscujusque
1485 3690 1629 3743 enim

74 3796 180 3850 opus
212 3782 360 3851 quale
388 3786 483 3850 sit,
520 3782 663 3855 ignis
695 3782 1029 3854 probabit“.
1071 3801 1090 3833 ι

127 3881 169 3931 6.
196 3879 481 3950 Propterea
522 3892 654 3948 ergo
714 3878 789 3931 ait
821 3876 864 3907 δ’
904 3893 917 3928 :
957 3894 976 3927 ι
1029 3876 1155 3930 llaec
1203 3876 1631 3946 cstjustilit-atio

74 3972 192 4043 legis,
210 3992 357 4044 quam
379 3976 671 4030 constituit
690 3973 945 4029 Domitius
963 3973 1128 4042 Moysi
1157 3987 1170 4025 :
1197 3984 1394 4042 praeter
1414 3986 1627 4039 aurum,

74 4078 111 4118 et
130 4080 405 4139 argentum,
433 4078 486 4123 et
505 4078 890 4131 mramcntutn,
912 4075 964 4118 et
997 4066 1223 4132 ferrum,
1245 4077 1298 4120 ct
1327 4066 1625 4133 plumbum,

71 4169 369 4230 etslannum,
396 4174 453 4218 et
481 4163 666 4216 omnis
693 4176 780 4215 res
802 4175 922 4229 qua:
948 4158 1143 4212 transit
1171 4174 1265 4225 per
1287 4158 1485 4229 ignem,
1521 4168 1630 4211 tra-

74 4254 214 4308 ducite
241 4272 333 4325 per
362 4258 551 4324 ignem
580 4265 633 4309 et
662 4252 1032 4308 mandabitur.
1064 4252 1167 4306 Sed
1196 4260 1249 4306 et
1282 4252 1332 4304 in
1362 4267 1497 4321 aqua
1532 4267 1629 4320 pu-

72 4346 344 4406 rélicationis
388 4350 855 4422 purilicabuntur.
895 4345 1090 4402 Omnia
1136 4361 1471 4415 quaecunque
1520 4362 1626 4399 non

72 4450 308 4497 transeunt
338 4460 435 4514 per
474 4445 687 4515 ignem,
715 4442 1021 4496 transibunt
1078 4456 1173 4510 per
1209 4454 1429 4508 aqttam,
1467 4449 1521 4492 et
1550 4438 1627 4491 la-

1742 3221 2044 3290 triumpltos
2077 3230 2357 3291 ceperunt,
2385 3224 2476 3292 qui
2516 3228 2761 3280 cruentis
2789 3228 3040 3282 manibus
3072 3228 3137 3282 de
3170 3231 3320 3283 ctede

1740 3314 1973 3367 hostium
2010 3315 2263 3379 redeunt,
2302 3332 2533 3385 quorum
2593 3336 2687 3387 pes
2724 3321 2922 3374 tinctus
2968 3330 3050 3375 est
3084 3321 3135 3375 in
3188 3337 3320 3376 san-

1736 3405 1918 3474 guine,
1951 3415 2005 3459 ct
2056 3421 2252 3462 manus
2285 3423 2411 3463 suas
2441 3409 2696 3463 laverunt
2741 3412 2793 3465 in
2822 3414 3091 3481 sanguine
3126 3427 3322 3482 pecca-

1737 3500 1967 3553 torum?
2024 3498 2423 3556 lnterl‘ecerttnt
2455 3502 2654 3572 quippe
2701 3504 2752 3557 in
2803 3504 3083 3557 matutinis
3129 3519 3321 3558 omnes

1736 3601 2049 3660 peccatores
2093 3602 2271 3660 teme,
2312 3602 2368 3647 et
2409 3594 2699 3663 imaginem
2732 3610 2921 3650 eorum
2979 3596 3317 3650 extermina-

1737 3693 1931 3737 vcrunt
1957 3683 2023 3737 de
2045 3682 2265 3738 civitate
2309 3683 2541 3739 Domini.
2574 3685 2833 3740 \‘icerunt
2859 3688 3056 3757 quippe
3087 3696 3141 3743 et
3164 3702 3322 3758 pere.

1736 3786 1953 3829 merunt
2002 3776 2251 3832 diversas
2283 3777 2588 3831 daemonum
2642 3791 2856 3850 gentes.
2907 3781 3019 3835 Nisi
3059 3783 3203 3835 enim
3236 3781 3318 3835 vi-

1736 3870 1937 3924 cissent
1964 3885 2081 3933 eas,
2117 3887 2219 3923 non
2256 3874 2559 3941 potuissent
2594 3889 2789 3943 capere
2822 3889 2887 3929 ex
2924 3876 3004 3929 eis
3048 3876 3314 3945 captivos,

1734 3977 1953 4017 omnem
2013 3965 2155 4016 hunc
2189 3962 2526 4019 credentium
2578 3979 2887 4029 numerum,
2919 3976 2973 4018 et
3021 3966 3317 4035 perducere

1732 4070 1825 4110 eos
1859 4055 1927 4108 ab
1958 4053 2323 4108 obedientiam
2380 4055 2611 4123 Christi,
2658 4066 2712 4112 et
2763 4057 2997 4112 subdere
3050 4072 3145 4113 eos
3181 4057 3312 4128 jugo

1732 4145 1851 4215 ejus
1880 4146 2055 4211 suavi,
2086 4155 2138 4200 et
2191 4145 2472 4215 imponere
2518 4148 2599 4203 eis
2630 4164 2768 4202 onus
2819 4148 2934 4215 ejus
2984 4145 3127 4203 leve.
3180 4147 3315 4215 Quis

1732 4255 1863 4310 ergo
1887 4241 1960 4293 ita
1991 4240 2183 4295 beatus
2208 4250 2313 4307 cst,
2343 4244 2433 4312 qui
2468 4242 2727 4295 succedat
2758 4241 2837 4295 eis
2870 4241 2922 4295 in
2974 4241 3058 4295 his
3085 4239 3310 4312 proeliis,

1733 4344 1787 4387 et
1820 4333 2111 4387 interliciat
2137 4348 2329 4390 omnes
2369 4333 2715 4401 Madianitas,
2771 4342 2824 4388 et
2868 4333 3205 4403 justilicetur
3245 4347 3311 4386 ex

1734 4427 1995 4495 sanguine
2017 4427 2254 4481 eorum?
2300 4427 2632 4497 Sanguinem
2680 4426 2824 4480 enim
2853 4427 3161 4479 daemonum
3195 4422 3315 4479 fun-

72 4535 227 4597 ηωιίε
256 4540 587 4594 “summm
616 4547 793 4592 veslm
825 4537 910 4590 die
945 4521 1195 4604 summa,
1221 4541 1275 4587 ει
1308 4532 1488 4586 mundi
1524 4533 1625 4586 ετξ-
1659 4520 1702 4574 D
1732 4520 1858 4571 dere
1894 4518 2113 4582 dicitur,
2143 4518 2233 4586 qui
2272 4518 2435 4586 eripit
2465 4533 2558 4572 eos
2586 4517 2784 4587 quibus
2820 4516 2894 4571 illi
2931 4516 3311 4570 dominantur.

71 4625 137 4689 tis,
166 4638 212 4681 et
251 4639 368 4698 post
407 4632 530 4685 haec
564 4628 859 4683 introibitis
906 4628 957 4679 in
1002 4631 1206 4680 castra.
1246 4641 1265 4675 ι
1302 4622 1464 4676 Vides
1488 4636 1622 4691 quo-

70 4719 196 4774 modo
247 4722 627 4791 puriﬁcatione
682 4720 885 4788 indiget
937 4716 1133 4780 omnis,
1168 4713 1263 4784 qui
1315 4715 1512 4768 exierit
1561 4713 1628 4768 de

71 4811 217 4874 prebo
250 4814 371 4868 vitae
416 4812 600 4881 hujus.
638 4810 791 4878 Quod
819 4810 861 4865 si
898 4809 970 4863 ita
1019 4817 1107 4861 est
1154 4805 1289 4879 (48),
1324 4815 1380 4859 ιιι
1424 4804 1625 4874 aliquid

72 4903 258 4960 audeam
290 4906 475 4963 dicere
503 4905 801 4962 secundum
835 4901 1129 4972 Scriptura:
1158 4899 1355 4955 divina:
1386 4899 1625 4952 auctori-

71 5003 222 5065 tatem,
270 5002 449 5056 omnis
505 4999 596 5070 qui
630 4998 826 5054 exierit
868 4998 931 5050 de
980 4998 1081 5049 hac
1114 4996 1249 5058 vita,
1295 5008 1403 5046 non
1453 5001 1629 5062 potest

70 5092 430 5148 essemuttdus.
470 5090 765 5148 Considera
803 5088 943 5142 enim
987 5086 1272 5155 diligenter
1306 5083 1433 5153 qttid
1484 5082 1627 5135 indi-

131 5207 165 5239 ”
195 5207 370 5263 lTim.
402 5226 466 5275 tt,
500 5207 592 5263 20.
669 5205 712 5236 ⁸⁸
743 5204 759 5258 Ι
805 5202 930 5259 Cor.
969 5215 1050 5269 tu,
1082 5199 1167 5255 15.

125 5375 224 5443 (ιτ)
259 5376 439 5432 Codex
483 5374 544 5431 S.
576 5371 972 5443 Theodorici,t
1021 5368 1320 5443 secundum
1378 5365 1622 5443 laborem

75 5435 463 5519 uniuscuiusque
498 5463 594 5519 pro
623 5442 1079 5519 contemplatione
1101 5440 1420 5494 exuviarum
1450 5447 1503 5490 et
1546 5435 1623 5487 la-

76 5512 154 5568 bor
175 5512 483 5578 probabitur
498 5512 677 5571 'etiant
705 5513 1025 5568 mansionis.
1043 5537 1062 5569 ν

130 5586 225 5656 (48)
260 5587 412 5655 MSS”
452 5607 473 5639 ι
515 5588 556 5641 si
584 5589 655 5641 ita
684 5595 787 5643 est.
827 5602 847 5635 ι
880 5583 1035 5638 ιλιι).
1085 5579 1238 5646 editi,
1282 5598 1299 5627 ι
1338 5578 1381 5633 si
1417 5578 1621 5648 aliquid

76 5666 158 5709 Gil.
201 5676 220 5712 ι

100 5794 101 5797 η
135 5728 230 5798 (ω)
261 5731 386 5796 Qua:
409 5738 662 5799 parentur
691 5726 867 5783 Paulo
897 5726 973 5781 rel
998 5720 1183 5799 Pe_lro.
1208 5722 1302 5778 Sic
1337 5717 1610 5799 interdum

81 5788 303 5867 Origenes
349 5788 577 5857 Paulum
608 5800 852 5858 nominat
894 5808 1023 5853 ante
1057 5794 1300 5860 Petrum,
1340 5800 1397 5845 ut
1425 5788 1613 5844 ltotnil.

1247 5199 1289 5229 “
1328 5197 1485 5252 Num.
1523 5211 1677 5262 uxr,
1712 5195 1804 5264 ἓξ,
1838 5195 1931 5259 22,
1956 5196 2047 5261 25,
2075 5195 2169 5249 24.

1732 4612 2029 4666 Lavabitur
2066 4623 2249 4666 autem
2286 4612 2386 4665 hoc
2419 4613 2703 4680 sanguine,
2757 4622 2808 4665 et
2845 4610 3230 4682 purilieabitur
3257 4610 3311 4664 in

1736 4721 1903 4774 regno
1934 4705 2049 4770 Dei,
2079 4716 2139 4759 ιιι
2173 4706 2490 4775 purilicatus
2519 4716 2572 4759 et
2610 4705 2842 4759 mundus
2873 4703 3103 4760 ell‘ectus
3138 4705 3309 4774 possit

1730 4804 1941 4871 ingredi
2011 4809 2257 4855 sanctam
2330 4801 2605 4855 civitatem
2683 4800 2808 4862 Dei,
2863 4800 3145 4869 aperiente
3209 4799 3312 4855 sibi

1726 4896 1928 4950 ostium
1982 4895 2203 4951 Christo
2243 4893 2370 4949 Jesu
2416 4892 2645 4947 Domino
2697 4901 2904 4957 ucstra,
2951 4892 3061 4947 into
3094 4892 3183 4962 qui
3234 4903 3313 4945 est

1728 4990 1925 5044 ostium
1944 4988 2179 5043 civitatis
2204 4987 2374 5057 ipsius
2400 4986 2524 5041 Dei:
2555 4987 2639 5041 cui
2661 4997 2741 5042 est
2760 4986 2929 5057 gloria
2954 4996 3008 5042 et
3027 4984 3312 5057 imperium

1731 5082 1784 5135 in
1821 5084 2018 5136 sarcula
2043 5080 2390 5137 smculorum.
2423 5082 2617 5135 Amen.

2244 5194 2289 5225 "
2319 5195 2449 5250 ibid.
2482 5194 2572 5250 24.
2651 5198 2695 5227 ⁸³
2720 5194 2841 5251 Joh.
2869 5212 2980 5264 xrv,
3008 5195 3062 5250 4.

1725 5364 1760 5417 2
1789 5366 1843 5417 in
1874 5362 2119 5428 Iudices,
2150 5364 2184 5417 2
2216 5365 2268 5416 in
2324 5362 2587 5419 Ezechiel.
2630 5364 2702 5418 Ita
2733 5367 2897 5419 etiam
2954 5373 3143 5419 auctor
3178 5362 3310 5418 Con-

1723 5439 1835 5489 stit.
1862 5436 2089 5502 apostol.
2111 5436 2203 5489 lih.
2240 5450 2361 5505 vut,
2386 5452 2503 5505 cap.
2531 5437 2599 5491 53
2631 5437 2853 5500 ;Euseh.
2882 5436 3067 5489 histor.
3095 5438 3188 5489 lih.
3209 5451 3307 5501 vn,

1722 5522 1841 5577 cap.
1887 5506 1995 5569 18;
2046 5505 2275 5577 Gregor.
2311 5504 2644 5561 Nazianzen.
2675 5518 2814 5561 orat.
2849 5506 2934 5569 16,
2971 5508 3070 5577 sub
3102 5506 3304 5569 linem;

1720 5575 2308 5647 Chrysostomus‘libr.
2342 5577 2418 5631 De
2449 5578 2769 5645 virginitate,
2796 5575 3039 5647 “p.782,
3057 5585 3112 5631 et
3135 5590 3302 5633 seru.

1722 5645 2243 5718 Dentausuetudiue,
2275 5659 2330 5704 et
2357 5649 2472 5716 alii,
2506 5648 2599 5703 sed
2633 5649 2835 5718 absque
2868 5645 2981 5704 fullo
3035 5648 3308 5718 primatu

1716 5716 1863 5773 Petri
1906 5719 2241 5789 pt'wjudtcio.
