3874 6508
527 363 627 423 771

1056 477 1336 534 IIOMILIA
1371 477 1566 534 XXVI.

807 567 884 625 De
909 586 1112 625 summa
1140 571 1349 626 numeri
1371 571 1607 638 ﬁliorum
1635 569 1830 623 Israel.

603 665 654 718 l.
697 661 1043 718 Diﬁ‘erentias
1084 677 1205 718 esse
1235 662 1576 733 profectuum
1604 671 1656 717 et
1687 663 2009 716 meritorum
2046 664 2097 716 in

525 756 727 828 pupqu
773 756 1034 819 ﬁdelium,
1086 756 1130 810 si
1170 755 1293 825 quis
1357 754 1672 824 diligentius
1725 756 1968 809 intendat
2021 753 2101 808 le-

527 851 719 918 ctioni,
741 851 924 905 multis
956 851 1008 906 in
1033 851 1167 906 locis
1198 851 1397 905 divinis
1431 851 1482 904 in
1515 850 1881 904 voluminibus
1907 850 2099 918 depre-

526 944 743 1003 hendet.
772 943 888 1000 Non
921 945 1098 1000 minus
1155 954 1334 1001 autem
1369 945 1506 1009 lucc,
1537 954 1591 998 et
1623 960 1686 998 ex
1734 945 1989 1013 przesenti
2018 943 2093 997 le-

526 1041 706 1097 Ctione
732 1040 1038 1111 colligimus
1075 1039 1143 1094 de
1172 1055 1237 1094 eo
1265 1038 1408 1108 quod
1451 1037 1710 1106 scriptum
1734 1047 1817 1090 est
1838 1035 1883 1066 “
1911 1053 1924 1088 :
1968 1053 1984 1086 ι
2035 1034 2094 1087 Et

524 1142 880 1192 accesserunt
903 1135 971 1188 ad
1012 1132 1234 1204 Moysen
1261 1146 1452 1186 onmes
1489 1130 1579 1199 qui
1608 1128 1891 1183 constituti
1940 1136 2099 1182 erant

526 1230 802 1300 principes
853 1243 950 1298 per
982 1227 1152 1282 tribus
1193 1227 1243 1280 in
1277 1225 1547 1290 exercitu,
1591 1223 1790 1278 tribuni
1821 1230 1874 1276 et
1905 1231 2096 1275 centu-

525 1323 729 1387 riones,
763 1331 818 1377 et
848 1321 1103 1376 dixerunt
1143 1319 1210 1373 ad
1259 1318 1478 1389 Moysen
1515 1336 1528 1370 :
1563 1314 1670 1370 Nos
1695 1315 1846 1385 pueri
1879 1314 1954 1367 ttti
1983 1313 2064 1368 col

525 1415 752 1486 legimus
809 1430 1077 1470 summam
1110 1414 1350 1467 virorum
1403 1412 1724 1466 bellatorum
1763 1418 2094 1468 nostrorum,

521 1517 578 1560 ct
627 1521 732 1560 non
761 1505 1019 1560 dissensit
1045 1519 1110 1558 ex
1167 1503 1324 1557 nobis
1353 1503 1668 1572 quisquam.
1702 1507 1757 1552 et
1803 1497 2099 1552 obtulimus

525 1612 723 1650 munus
772 1595 1026 1659 Domino,
1062 1594 1439 1662 unusquisque
1470 1592 1550 1645 vir
1599 1591 1964 1656 quodcunque
2011 1589 2096 1642 in-

522 1689 672 1742 venit
699 1703 794 1742 vas
825 1703 1076 1750 aureum,
1120 1695 1391 1752 torquem,
1428 1691 1520 1736 aut
1554 1679 1798 1735 viriolatn
1835 1679 1970 1750 (50),
2001 1688 2097 1732 aut

525 1779 808 1843 annulum,
863 1788 954 1832 aut
987 1777 1254 1840 dextrale,
1294 1787 1387 1830 aut
1438 1775 1764 1837 catenulam,
1802 1774 1868 1824 ad
1919 1772 2097 1841 propi-

524 1871 766 1926 tiandum
815 1885 911 1940 pro
959 1869 1112 1922 nobis
1156 1883 1339 1922 coram
1402 1867 1651 1920 Domino.
1705 1885 1724 1916 ι
1775 1863 2097 1931 Loquuntnr

521 1979 653 2034 ergo
680 1965 746 2016 ad
771 1961 1008 2033 Moysen]
1036 1960 1191 2014 electi
1222 1960 1515 2029 principes,
1537 1958 1627 2028 qtti
1661 1955 1940 2011 constituti
1973 1963 2098 2008 sunt

521 2071 688 2122 super
713 2053 1032 2113 exercitum,
1061 2061 1112 2105 et
1151 2065 1250 2119 pro
1301 2051 1437 2104 bene
1469 2051 1635 2120 gestis
1665 2049 1828 2102 rebus
1874 2061 2095 2100 numera

518 2147 750 2202 olTerunt
779 2146 908 2211 Deo,
943 2145 1188 2198 dicentes
1221 2163 1233 2198 :
1271 2142 1378 2198 Nos
1405 2143 1553 2212 pueri
1594 2143 1670 2196 ttti
1727 2157 1939 2202 sumus,
1993 2139 2090 2208 qui

519 2240 828 2307 accepimus
852 2252 1120 2292 Summam
1159 2235 1481 2292 bellatorum
1523 2235 1754 2288 ﬁliorum
1797 2233 1980 2288 Israel.
2008 2234 2094 2288 Di-

516 2342 854 2387 cuntautem
888 2345 1156 2384 summam
1189 2329 1520 2384 bellatorum
1559 2326 1771 2380 illorum
1811 2325 2094 2380 duodecim

519 2423 687 2478 millia
717 2424 984 2484 virorum,
1015 2421 1109 2488 qui
1140 2420 1295 2475 electi
1320 2428 1446 2474 sunt
1471 2433 1534 2472 ex
1565 2417 1816 2470 onmibus
1848 2415 2097 2469 tribubus

517 2515 710 2580 Israel,
767 2525 826 2569 ut
876 2513 1232 2584 conﬂigerent
1271 2512 1533 2566 adversus
1559 2509 1906 2563 Madiauitas.
1957 2504 2097 2560 Sttnt

517 2625 650 2678 ergo
683 2607 733 2661 iu
768 2605 963 2676 populo
998 2605 1090 2659 Dei
1138 2603 1428 2659 bellatores
1456 2601 1631 2665 multi,
1665 2609 1789 2654 sunt
1818 2608 1872 2654 et
1902 2598 2095 2652 imbel-

517 2694 600 2752 Ies
645 2694 864 2766 plurimi
902 2712 916 2748 :
949 2703 1002 2747 et
1036 2708 1224 2747 rursus
1277 2693 1419 2746 inter
1461 2690 1752 2743 bellatores
1789 2699 1917 2744 sunt
1967 2689 2093 2756 qui-

515 2788 665 2850 dam.
693 2788 783 2856 qui
817 2785 1155 2856 appellantur
1183 2797 1394 2838 summa
1453 2781 1800 2845 bellatorum,
1853 2779 2098 2833 eminen-

517 2880 688 2936 tiores
733 2879 854 2934 sine
883 2877 1046 2933 dnbio
1080 2878 1148 2931 iis
1200 2877 1290 2945 qtti
1334 2873 1626 2929 bellatores
1652 2873 1925 2934 dicuntur,
1955 2871 2096 2925 sicut

515 2981 573 3028 et
628 2971 1019 3027 eminentiores
1057 2978 1184 3023 sunt
1227 2969 1294 3022 ab
1325 2967 1635 3022 imbellibus
1668 2965 1980 3020 bellatores.
2019 2961 2097 3017 'Et

517 3079 710 3120 rursus
733 3073 858 3118 sunt
889 3061 1053 3130 aliqui
1085 3061 1344 3115 celsiores
1368 3061 1436 3114 ab
1473 3059 1561 3122 iis,
1597 3058 1691 3128 qui
1730 3073 1943 3111 sununa
1979 3056 2094 3110 bel-

517 3156 754 3212 latorum
809 3155 940 3209 dicti
973 3164 1099 3208 sunt
1131 3170 1146 3206 :
1184 3152 1218 3206 ii
1268 3153 1476 3207 scilicet
1523 3151 1616 3221 qui
1649 3150 1932 3205 constituti
1971 3157 2096 3203 sunt

516 3263 683 3318 super
713 3261 807 3301 eos
837 3245 1132 3316 principes,
1178 3253 1234 3298 et
1287 3243 1493 3315 praelati
1528 3244 1760 3314 singulis
1791 3242 2094 3312 quibusque

515 3340 757 3396 millibus
779 3339 1106 3394 electorum.
1137 3338 1229 3392 Est
1253 3352 1386 3407 ergo
1411 3337 1578 3392 multa
1623 3336 1910 3391 diversitas
1945 3336 1996 3388 in
2029 3350 2094 3390 eo

513 3435 730 3499 ordine,
763 3433 854 3502 qui
896 3431 1191 3487 bellatores
1219 3431 1582 3500 appellantur.
1617 3428 1722 3484 Sed
1757 3438 1807 3482 ct
1834 3429 1975 3483 inter
2012 3429 2094 3497 ip-

515 3543 607 3582 sos
663 3526 908 3582 imbelles
973 3536 1057 3582 est
1113 3525 1462 3581 nihilominus
1523 3523 1701 3592 aliqua
1763 3522 2089 3577 diﬁ'erentia.

511 3619 624 3677 Nec
666 3621 764 3687 ipsi
797 3620 943 3674 enim
969 3619 1252 3689 mqualiter
1302 3628 1356 3672 et
1389 3633 1496 3672 uno
1540 3617 1732 3671 ordine
1773 3630 1964 3669 0nznes
1998 3631 2093 3684 ap-

511 3712 779 3785 pellantur
809 3711 1071 3768 imbelles.
1097 3711 1332 3778 Quidam
1371 3710 1520 3763 enim
1555 3709 1628 3763 ita
1672 3707 1918 3762 imbelles
1943 3717 2091 3770 sunt,

510 3815 571 3861 ut
597 3819 871 3876 nunquam
900 3806 1108 3875 possint
1149 3805 1263 3859 Iieri
1313 3802 1626 3868 bellatores,
1673 3812 1731 3854 ut
1774 3807 1858 3853 est
1906 3799 2092 3854 senilis

509 3907 665 3962 atas,
717 3907 772 3950 et
826 3897 1006 3952 omnis
1057 3896 1329 3952 femineus
1384 3909 1567 3958 sexus,
1630 3892 1724 3947 sed
1767 3901 1822 3945 et
1854 3891 2092 3944 conditio

509 3991 745 4046 servilis.
782 3990 1013 4045 Puerilis
1045 4005 1174 4045 vero
1207 4000 1342 4044 tetas
1378 3989 1452 4042 ita
1474 3986 1711 4042 imbellis
1731 3994 1836 4051 est,
1863 3994 1921 4040 ut
1943 3999 2092 4056 spetn

510 4094 666 4154 gerat
698 4082 989 4153 aliquando
1043 4082 1160 4137 ﬁeri
1195 4081 1468 4146 bellatrix,
1509 4081 1724 4136 scilicet
1747 4095 1869 4133 cum
1901 4093 2095 4133 occur-

510 4177 642 4232 rerit
669 4176 785 4245 (5|)
815 4176 869 4230 in
907 4175 1080 4229 virttm
1115 4173 1437 4246 perlectum,
1467 4174 1520 4226 in
1555 4187 1868 4227 mensuram
1891 4171 2091 4235 relatis,

514 4279 644 4324 tunc
665 4283 768 4322 non
817 4267 992 4322 solum
1023 4267 1320 4320 bellatores
1353 4264 1470 4318 ﬁeri
1501 4276 1567 4317 ex
1601 4262 1806 4330 pueris,
1833 4264 1928 4318 sed
1957 4272 2011 4316 et
2040 4263 2092 4316 in

509 4374 776 4415 summam
802 4359 1122 4414 bellaturum
1145 4357 1332 4411 venire
1353 4371 1410 4410 se
1431 4365 1674 4424 sperant,
1698 4365 1751 4408 et
1773 4369 1894 4410 esse
1911 4355 2091 4423 electi,

508 4462 564 4509 et
592 4454 646 4508 in
695 4453 983 4509 duodecim
1029 4452 1266 4507 millibus
1299 4449 1604 4514 numerari,
1631 4447 1716 4504 vel
1746 4449 1909 4504 etiam
1957 4464 2095 4518 prae-

508 4545 667 4610 ferri,
692 4555 747 4602 et
779 4562 898 4602 esse
928 4546 1200 4616 principes
1226 4545 1549 4600 electorum.

577 4639 634 4694 2.
687 4639 984 4694 Considera
1022 4655 1165 4693 nunc
1217 4641 1503 4708 prtesentis
1532 4639 1716 4694 srecnli
1757 4646 1983 4702 statum,
2037 4646 2088 4691 ct

509 4731 632 4786 vide
659 4733 844 4786 omnia
877 4731 1032 4787 bellis
1072 4731 1301 4800 repleta,
1331 4747 1659 4800 omnemque
1689 4731 1980 4786 humanam
2010 4729 2089 4782 vi-

511 4833 618 4878 tam
665 4825 1030 4879 invisibilibus
1073 4823 1272 4894 praeliis
1323 4837 1377 4878 et
1428 4825 1932 4895 impugnatimdlms
1979 4823 2088 4876 da:-

509 4932 728 4972 monum
779 4917 1062 4986 perurgeri
1093 4934 1106 4970 :
1146 4916 1200 4969 in
1234 4915 1434 4984 populo
1471 4933 1600 4970 vero
1642 4915 1734 4968 Dei
1767 4929 1891 4968 esse
1926 4929 2090 4982 ques-

508 5011 632 5066 datn
692 5011 762 5063 ita
818 5008 1070 5064 robustos
1117 5009 1220 5064 ﬁde
1275 5019 1624 5078 armatosque
1670 5009 1985 5069 virtutibus,
2035 5014 2092 5059 ut

511 5106 800 5156 adversum
857 5099 1165 5168 hujusmodi
1222 5101 1409 5154 hostes
1452 5100 1701 5169 quotidie
1758 5099 1894 5154 bella
1924 5097 2092 5152 conﬁ-

508 5194 678 5256 ciant,
711 5202 764 5246 et
793 5207 1011 5261 semper
1038 5191 1088 5244 itt
1119 5191 1403 5260 procinctu
1437 5190 1600 5261 positi
1639 5206 1747 5243 non
1794 5188 1968 5242 solum
2005 5203 2095 5242 sc-

509 5287 792 5356 metipsos,
823 5285 915 5338 sed
955 5293 1183 5337 caeteros
1235 5281 1326 5351 qui
1359 5283 1438 5335 vel
1482 5299 1578 5352 per
1624 5297 1839 5347 sexum,
1874 5281 1955 5335 vel
2001 5296 2095 5348 per

506 5389 744 5442 aetatem,
771 5376 854 5432 vel
881 5391 977 5448 per
1003 5375 1284 5430 servitutis
1315 5376 1685 5430 conditionem
1716 5393 1961 5446 pugnare
1983 5393 2088 5432 non

575 5547 622 5580 “
653 5545 812 5601 Num.
840 5561 992 5610 XXXI,
1017 5543 1216 5613 48,49,
1241 5544 1330 5600 50.
1408 5543 1453 5590 θ’
1497 5541 1541 5596 ιι
1574 5543 1714 5596 Tim.
1751 5560 1814 5607 ιι,
1851 5544 1904 5598 4.

578 5643 692 5710 (50)
735 5642 838 5696 Pro
871 5661 890 5694 ‹
941 5642 1212 5710 viriolam,
1259 5659 1278 5694 ι
1317 5642 1486 5697 codex
1519 5638 1579 5694 S.
1615 5639 1944 5696 Theudorici
1978 5643 2081 5697 ha-

509 5712 621 5773 bet,
651 5733 669 5763 ι
709 5714 1001 5767 armillam.
1043 5733 1061 5764 ι

509 5785 690 5908 ᾐιὸι)
725 5783 854 5838 Mss.
903 5801 926 5837 ι
971 5784 1297 5840 occurrerit.
1345 5804 1364 5839 ι
1402 5783 1562 5842 Libb.
1610 5781 1780 5850 editi,
1825 5801 1842 5834 ι
1884 5797 2082 5839 occur-

541 5870 556 5907 t
589 5892 602 5906 .
637 5869 658 5904 ι

2011 357 2333 416 ORIGENIS

1977 5544 2023 5575 “
2049 5546 2172 5602 Act.
2196 5563 2273 5612 tv,
2293 5549 2383 5602 5‘2.

3611 369 3684 424 7Τί

2127 483 2175 540 Α
2205 485 2446 546 possunt,
2504 475 2573 530 ab
2623 474 2864 529 hostium
2911 481 3169 531 tueantur
3207 475 3431 540 insidiis.
3449 482 3586 538 verbo
3617 488 3683 541 do-

2203 570 2395 624 ctrinre
2454 580 2570 633 eos,
2614 567 2972 637 exemploque
3025 567 3151 622 vita:
3191 578 3244 623 et
3297 575 3685 631 commonitionem

2202 661 2495 716 sedulitate
2531 662 2843 716 munientes
2879 679 2892 714 :
2930 663 2972 716 si
3000 671 3178 716 tamen
3213 677 3316 716 non
3347 665 3559 721 desiteis
3584 669 3688 727 title;

2203 752 2330 808 Sive
2351 753 2498 806 enim
2541 753 2858 817 bellatores,
2891 753 3004 807 sive
3041 754 3305 818 imbelles,
3331 756 3614 826 impossibile
3635 775 3689 819 ut

2201 844 2398 900 salvari
2431 845 2550 901 sine
2598 847 2724 900 ﬁde.
2780 846 2925 900 Inter
2952 845 3117 915 37o
3153 847 3298 916 ipsos
3336 856 3501 903 tamen
3528 851 3690 910 bellato-

2205 954 2312 1002 res,
2341 953 2437 992 eos
2464 939 2730 992 duntaxat
2759 939 2849 1008 qui
2893 939 3128 992 militant
3173 939 3300 1002 Deo.
3328 942 3579 997 considera
3603 950 3691 1005 alios

2203 1031 2274 1085 ita
2299 1047 2416 1085 esse
2442 1041 2660 1101 paratos
2694 1042 2743 1085 et
2775 1031 3057 1099 expeditos
3097 1040 3154 1083 ιιι
3191 1031 3354 1084 nullis
3379 1046 3433 1086 se
3480 1034 3689 1104 implicent

2201 1125 2421 1176 omnino
2451 1124 2686 1191 negotiis
2718 1123 3096 1189 szeculatibus,
3129 1132 3187 1176 ut
3233 1122 3438 1192 placere
3464 1130 3694 1196 possintei,

2201 1217 2286 1271 cui
2321 1232 2378 1270 se
2411 1217 2779 1286 probaverunt
2812 1218 2876 1284 ",
2906 1219 3001 1272 sed
3039 1218 3089 1270 in
3126 1219 3242 1285 lege
3285 1217 3378 1272 Dei
3410 1222 3615 1277 meditari
3640 1230 3695 1284 die

2201 1325 2264 1363 ac
2318 1321 2498 1364 nocte.
2565 1310 2653 1364 Isti
2705 1327 2835 1378 ergo
2876 1312 2964 1378 qui
3022 1310 3330 1378 hujusmodi
3383 1324 3517 1378 sunt,
3548 1333 3694 1374 summa

2201 1403 2522 1458 bellaturum
2552 1405 2908 1474 appellantur.
2944 1405 3187 1472 Denique
3220 1419 3326 1458 non
3365 1416 3446 1459 est
3477 1409 3638 1464 dictum
3657 1416 3698 1469 de

2202 1496 2480 1550 communi
2531 1513 2762 1550 numero
2819 1497 3167 1561 bellatorum,
3223 1499 3352 1567 quia
3395 1515 3535 1553 nemo
3580 1501 3621 1554 in
3649 1508 3699 1559 eis

2202 1588 2480 1651 dissensit,
2538 1592 2631 1642 sed
2675 1590 2739 1642 de
2770 1589 2836 1642 iis
2871 1592 3076 1644 dictum
3109 1600 3214 1656 est,
3246 1592 3340 1660 qui
3372 1606 3561 1645 summa
3582 1594 3698 1648 bella-

2203 1695 2379 1738 torum
2428 1685 2689 1740 nominati
2730 1698 2873 1740 sunt.
2926 1687 2981 1740 In
3017 1689 3135 1742 istis
3172 1689 3318 1743 enim
3345 1691 3432 1758 qui
3467 1691 3580 1744 tales
3599 1703 3699 1758 sunt,

2201 1775 2348 1833 nulla
2379 1778 2670 1844 dissensw,
2704 1779 2845 1832 nulla
2880 1781 3174 1835 discordia.
3213 1781 3317 1850 Ipsi
3350 1782 3486 1835 enim
3511 1784 3699 1847 suntisti,

2131 1833 2178 1896 Β
2201 1870 2269 1925 de
2296 1869 2490 1940 quibus
2537 1869 2742 1922 dictum
2792 1881 2875 1924 est
2908 1869 2952 1901 “
2980 1888 2995 1924 :
3031 1889 3049 1921 ι
3082 1871 3216 1925 Erat
3243 1881 3423 1924 autem
3445 1873 3701 1926 credentium

2201 1976 2295 2015 cor
2316 1972 2371 2046 et
2392 1963 2573 2016 anima
2606 1977 2732 2027 una,
2761 1978 2864 2016 nec
2907 1965 3196 2030 quisquam
3223 1979 3413 2018 eorum
3439 1965 3607 2031 aliquid
3623 1980 3705 2032 pro.

2200 2066 2374 2121 prtum
2413 2051 2648 2116 dicebat,
2683 2053 2777 2107 sed
2825 2063 2985 2107 erant
3037 2055 3142 2107 illis
3189 2055 3374 2108 omnia
3405 2058 3700 2109 communia.»

2199 2141 2289 2194 Isti
2318 2150 2443 2194 sunt
2496 2158 2627 2211 ergo
2664 2160 2876 2198 summa
2909 2143 3262 2211 bellatorum,
3326 2147 3378 2200 in
3409 2147 3578 2215 quibus
3600 2164 3704 2201 nexae

2198 2231 2476 2287 dissensit.
2529 2234 2618 2288 Isti
2665 2245 2786 2289 sunt
2847 2235 2939 2303 qui
2982 2237 3100 2290 auri
3151 2236 3447 2305 plurimum
3497 2243 3704 2306 pugnando

2199 2337 2485 2398 ceperunt,
2515 2337 2571 2382 et
2621 2343 2784 2383 omne
2820 2345 3011 2384 aurum
3071 2341 3237 2398 atque
3274 2346 3437 2384 omne
3486 2347 3706 2384 ornantcao

2200 2429 2334 2485 tntn,
2367 2420 2484 2474 sive
2517 2421 2736 2489 capitis.
2765 2420 2882 2475 sive
2910 2420 3286 2483 brachiorum,
3314 2422 3428 2474 sive
3455 2422 3595 2476 etiam
3613 2424 3704 2489 digi-

2201 2521 2400 2577 torttm,
2456 2513 2507 2564 id
2564 2521 2648 2566 est
2693 2513 2965 2582 quidquid
3013 2511 3065 2566 in
3112 2513 3707 2581 intellectibus,quidqnil

2200 2602 2252 2655 in
2279 2600 2538 2671 operibus
2577 2603 2802 2670 habent,
2833 2603 2941 2657 Deo
2975 2601 3233 2657 oﬂerunt.
3267 2603 3460 2658 Sciunt
3497 2603 3707 2671 enimquia

2200 2710 2425 2747 tnunera
2483 2693 2600 2763 ejus
2629 2695 2750 2748 data
2787 2695 2902 2762 ejus
2946 2703 3096 2758 sunt,
3124 2705 3181 2750 et
3213 2696 3342 2750 ideo
3396 2710 3495 2750 non
3524 2694 3708 2748 dissentit

2201 2787 2256 2840 in
2286 2787 2366 2840 eis
2402 2800 2503 2840 nec
2549 2801 2710 2840 unus.
2746 2786 2854 2840 Nec
2883 2786 3030 2840 enim
3060 2796 3300 2856 possunt
3332 2801 3545 2840 munera
3575 2782 3709 2838 oﬂcm

2202 2878 2334 2942 Deo,
2383 2877 2544 2947 positi
2591 2876 2643 2930 in
2695 2877 3054 2933 dissensione.
3113 2878 3251 2934 Istos
3284 2889 3419 2949 puto
3447 2895 3554 2934 esse
3576 2892 3710 2932 secun-

2199 2969 2325 3023 dmu
2383 2969 2763 3039 Evangelium,
2806 2971 2899 3038 qui
2955 2982 3291 3041 prteceptum
3328 2971 3456 3026 illud
3500 2972 3712 3040 diligenter

2199 3062 2518 3129 observant,
2555 3062 2698 3130 quod
2733 3062 2958 3116 mandat
3019 3063 3287 3118 Dominus
3319 3074 3375 3118 et
3407 3063 3623 3116 Salvator
3649 3061 3709 3114 ἐ

2123 3187 2169 3249 C
2206 3171 2226 3205 ι
2257 3153 2314 3207 Si
2347 3165 2525 3208 autem
2557 3152 2722 3209 oﬁ‘ers
2778 3168 2973 3208 munus
3015 3165 3164 3209 tuum
3203 3157 3272 3210 ad
3300 3157 3489 3222 altare,
3521 3167 3569 3211 et
3591 3170 3711 3210 reme-

2206 3254 2454 3300 moratus
2496 3247 2670 3301 fueris
2706 3245 2834 3314 quia
2866 3245 3036 3301 frater
3077 3256 3201 3302 tuus
3232 3249 3437 3303 habeat
3459 3249 3627 3318 aliquid
3648 3248 3709 3301 al-

2205 3353 2419 3392 versum
2458 3348 2530 3402 te,
2566 3339 2814 3409 relinque
2845 3341 2918 3396 ibi
2973 3355 3172 3394 munus
3202 3348 3358 3394 tuum
3401 3342 3464 3394 ad
3491 3342 3648 3405 altare,
3676 3349 3714 3394 et

2202 3436 2339 3488 vade
2375 3437 2524 3504 prius
2578 3436 2929 3492 reconciliari
2975 3435 3129 3491 Iratri
3183 3447 3301 3500 tuo,
3334 3447 3389 3492 et
3421 3447 3535 3491 tunc
3561 3437 3713 3491 veniens

2205 3525 2403 3581 oﬁ‘eres
2461 3542 2657 3581 munus
2729 3536 2903 3596 tuum,
2965 3548 2985 3580 ι
3038 3545 3146 3600 quo
3201 3530 3417 3583 scilicet
3466 3530 3614 3583 levent
3640 3527 3716 3596 (ὁὶ)

2203 3635 2396 3674 manus
2421 3634 2548 3675 suas
2594 3621 2660 3674 ad
2693 3620 2857 3674 Demn
2888 3621 3006 3676 sine
3051 3622 3130 3675 ira
3183 3629 3238 3675 et
3284 3622 3619 3677 dissensione.
3653 3619 3710 3673 Isti

2203 3724 2328 3766 sunt
2359 3728 2489 3782 ergo
2519 3713 2610 3781 qui
2649 3714 2840 3768 dicunt
2874 3713 2943 3780 ⁸⁸,
2983 3733 3000 3766 ι
3042 3715 3389 3786 Collegimus
3419 3728 3644 3770 summam
3663 3710 3713 3763 vi-

2204 3821 2387 3858 rerum
2436 3805 2758 3861 bellatorum
2810 3817 3150 3874 nostrorum,
3176 3819 3230 3865 et
3258 3825 3372 3864 non
3425 3809 3640 3864 dissensit
3673 3821 3714 3858 ex

2202 3897 2359 3950 nobis
2405 3898 2693 3968 quisquam
2723 3937 2739 3960 ,
2778 3909 2829 3953 et
2871 3900 3168 3956 obtulimus
3217 3917 3423 3957 munus
3458 3901 3661 3956 Domino.
3699 3917 3711 3949 ι

2204 3989 2471 4043 Discenda
2521 3989 2687 4060 igitur
2731 3991 2890 4046 nobis
2938 4007 3272 4062 magnopere
3304 4006 3391 4050 est
3421 4005 3716 4048 consonante:

2203 4083 2492 4152 disciplina
2529 4084 2643 4154 (55)
2679 4102 2692 4138 :
2726 4085 2852 4154 quia
2899 4095 3158 4156 tanquam
3197 4087 3247 4141 in
3306 4089 3545 4150 musicis,
3574 4087 3608 4140 si
3631 4087 3710 4138 lm-

2203 4174 2383 4228 monia
2435 4176 2764 4230 chordarum
2817 4175 2980 4232 fuerit
3041 4189 3417 4233 consonanter
3461 4190 3718 4248 aptata,»-

2203 4281 2328 4318 nunt
2360 4281 2580 4320 suavem
2613 4267 2878 4322 modulati
2905 4269 3165 4325 carminis
3206 4271 3396 4325 reddit
3423 4288 3438 4335 ;
3488 4271 3528 4324 si
3555 4285 3654 4323 vero
3674 4279 3717 4321 st

2207 4355 2390 4428 aliqua
2443 4357 2495 4410 in
2563 4355 2762 4411 ﬁdibus
2795 4358 3156 4422 dissonantia,
3192 4359 3582 4430 ingratissimus
3603 4369 3718 4409 sonus

2202 4449 2476 4516 redditur,
2526 4460 2582 4504 et
2611 4451 2876 4505 carminis
2911 4451 3139 4505 dulcedo
3176 4453 3575 4521 corrumpitur;
3607 4451 3659 4502 ita
3683 4459 3718 4501 et

2130 4563 2174 4616 ι)
2207 4541 2242 4595 ii
2263 4546 2352 4614 qni
2380 4545 2490 4600 Deo
2507 4545 2763 4610 militant,
2785 4545 2828 4598 si
2855 4544 3224 4600 dissensiones
3249 4555 3309 4600 et
3325 4546 3605 4600 discut-dias
3624 4544 3718 4597 inter

2196 4653 2254 4692 se
2283 4639 2542 4705 habeant,
2580 4639 2791 4709 ingrata
2832 4648 2997 4692 erunt
3038 4639 3319 4700 omnia,et
3353 4639 3484 4693 nihil
3505 4647 3716 4705 acet-pana

2195 4730 2308 4784 Deo
2327 4731 2626 4796 videbitur,
2656 4731 2868 4784 etiamsi
2893 4731 3059 4786 multa
3081 4731 3218 4785 bella
3244 4727 3716 4796 conﬁciant,etiamsi

2194 4824 2363 4892 spolia
2395 4824 2505 4877 mul
2537 4821 2856 4888 adelerant,
2890 4833 2947 4878 et
2979 4825 3144 4878 multa
3165 4841 3395 4880 munera
3413 4823 3717 4880 ollerantDco.

2196 4915 2417 4970 Dicetur
2445 4917 2588 4970 enim
2622 4917 2689 4970 ad
2718 4931 2812 4970 eos
2839 4935 2852 4970 :
2895 4918 3114 4988 Depone
3160 4935 3360 4973 nmnus
3391 4931 3535 4972 tnum
3583 4919 3635 4970 ad
3663 4915 3716 4966 al-

2199 5025 2339 5074 tare,
2367 5019 2423 5063 et
2449 5011 2584 5063 vade
2614 5011 2770 5079 prius
2809 5011 3154 5065 recenciliari
3196 5011 3356 5065 fratri
3392 5023 3500 5074 tuo,
3529 5006 3718 5078 utpossis

2199 5112 2254 5156 et
2285 5113 2336 5155 tu
2363 5101 2505 5156 inter
2535 5117 2632 5157 eos
2663 5104 2751 5170 qui
2789 5117 3000 5157 summa
3028 5116 3158 5158 sunt
3184 5104 3430 5158 virorum
3463 5105 3718 5158 bellatorum

2198 5195 2501 5257 nmncrari,
2536 5204 2590 5248 et
2626 5195 2831 5260 dicere,
2880 5196 3148 5265 quianon
3201 5197 3462 5251 dissensit
3511 5213 3566 5250 ex
3613 5192 3718 5245 nobis

2195 5288 2507 5355 quisquam.
2569 5287 2682 5357 Ego
2714 5290 2878 5342 etiam
2929 5290 3162 5360 amplius
3217 5289 3426 5360 aliquid
3480 5291 3600 5345 dico.
3640 5284 3718 5338 Nisi

2199 5381 2323 5434 talis
2376 5379 2566 5448 lueris,
2593 5392 2651 5435 ut
2690 5383 2742 5436 in
2779 5381 3250 5438 nullo-dissentias
3279 5400 3307 5436 a
3343 5383 3595 5436 mandatis
3637 5378 3717 5435 Dei.

2461 5548 2504 5579 ‘7
2545 5547 2735 5601 Matth.
2773 5565 2826 5614 v,
2859 5549 2952 5612 25,
2979 5549 3071 5605 ‘24.
3146 5550 3192 5581 ⁸⁸
3209 5549 3370 5606 Num.
3407 5541 3715 5612 xut,l9,50.

2414 5644 2544 5698 Mss.
2583 5665 2600 5697 ι
2635 5645 2834 5700 levent.
2880 5664 2898 5698 ι
2932 5646 3095 5728 ἰίίὺιι..
3121 5647 3274 5728 editi,
3308 5665 3328 5698 ι
3378 5647 3528 5727 levet.
3569 5664 3584 5696 ι
3657 5708 3700 5720 Η

2269 5717 2359 5772 (50
2412 5715 2544 5770 Mss.
2589 5733 2608 5766 ι
2642 5729 3019 5770 consonantia:
3044 5717 3352 5772 dtsctultna.
3393 5736 3413 5770 ι
3444 5717 3581 5772 Ltbb.
3604 5713 3700 5768 εάτιι

2267 5713 2381 5788 (55)
2412 5715 2544 5770 Mss.
2572 5733 2608 5789 rt
2642 5719 3019 5789 consonantia:
3044 5717 3352 5789 disciplina.
3393 5736 3413 5770 ι
3444 5717 3581 5772 Libb.
3604 5713 3716 5770 εάῖιῖο

2197 5803 2220 5842 ι
2260 5788 2617 5843 consonantia
2649 5787 2968 5861 disciplinae.
3003 5807 3021 5840 ι
