3798 6384
110 319 196 378 713
1040 282 1047 287 ’
1169 302 1237 358 1N
1269 300 1603 359 nummos
1634 301 1919 391 uouth
1950 299 2143 358 xxvr.

3190 298 3294 355 ττι

106 439 253 498 acciti
280 433 441 504 aliquo
473 430 752 500 discrepes
801 430 870 484 ab
928 427 1264 497 evangelicis
1297 427 1606 497 prmeeptis.
1640 430 1688 489 Α
1785 427 1839 481 5.
1907 425 2033 482 Post
2099 426 2214 481 haec
2270 425 2512 496 sequitur
2559 425 2787 481 historia
2857 425 2925 481 de
2978 424 3295 482 haereditate

109 552 187 589 non
209 528 383 603 poteris
401 527 603 582 hostem
643 524 861 579 vincere
892 521 1029 595 (51).
1072 536 1180 576 non
1212 522 1420 591 poteris
1453 536 1612 591 supe-

108 640 204 681 rare
240 620 512 676 inimicum.
567 616 627 671 In
679 632 744 671 eo
789 619 933 671 enim
964 616 1081 686 ipso
1125 614 1236 683 jam
1268 614 1442 669 victus
1470 628 1527 669 es
1558 615 1610 668 in

105 733 190 789 quo
214 713 439 770 dissentis
474 730 486 765 :
517 720 573 766 et
623 725 719 780 per
767 711 872 765 hoc
917 710 1093 781 ipsum
1120 707 1395 780 superaris
1431 723 1459 761 a
1492 707 1611 761 dia-

105 809 216 873 bolo,
240 808 282 858 iu
311 818 409 873 quo
438 802 720 856 discordas
748 816 778 854 a
811 800 942 855 Deo.
978 798 1037 853 Si
1068 810 1247 854 autem
1278 799 1360 854 vis
1391 799 1612 853 vincere

105 899 351 958 inimicum,
380 903 431 949 et
465 908 584 949 esse
611 908 822 948 summa
858 892 1202 958 bellatorum,
1228 891 1445 946 adhacre
1476 891 1607 955 Deo,

103 986 391 1045 etconcorda
429 1001 548 1041 cum
584 984 723 1054 ipso,
770 984 913 1039 sicut
966 983 1055 1038 ille
1100 985 1190 1053 qui
1242 983 1461 1037 dicebat
1513 982 1557 1014 δ’
1593 1000 1607 1036 :

105 1103 119 1136 ι
150 1082 257 1148 Quis
283 1096 371 1135 nos
396 1078 668 1149 separabit
708 1093 737 1132 a
794 1079 1063 1133 charitate
1108 1077 1247 1131 Dei?
1284 1075 1610 1139 Tribulatio,

102 1192 152 1228 an
178 1170 414 1239 angustia,
467 1184 535 1224 an
589 1169 783 1233 fames,
813 1186 880 1223 an
912 1170 1148 1233 uuditas,
1180 1184 1245 1221 au
1283 1168 1608 1237 periculum,

101 1283 151 1321 an
194 1264 418 1336 gladius?
461 1284 478 1316 ι
522 1264 587 1318 Et
626 1264 821 1317 iterum
847 1264 932 1318 "9:
968 1282 987 1314 ι
1024 1262 1208 1332 Neque
1254 1261 1381 1326 vita,
1440 1276 1613 1331 neque

100 1375 226 1419 mors,
253 1372 411 1428 neque
459 1357 741 1421 instantia,
785 1371 957 1425 neque
980 1357 1183 1414 futura,
1210 1369 1386 1423 neque
1421 1354 1611 1409 altitu-

97 1454 163 1515 do,
185 1466 329 1520 neque
355 1448 705 1519 profundum,
753 1464 927 1518 neque
960 1458 1214 1505 creatura
1263 1447 1366 1502 alia
1414 1448 1614 1516 poterit

96 1558 171 1597 nos
204 1557 430 1610 separare
475 1557 504 1594 a
550 1542 821 1596 charitate
860 1541 975 1605 Dei,
1022 1557 1143 1611 quae
1188 1551 1271 1594 est
1306 1540 1359 1594 iit
1392 1539 1613 1594 Christo

93 1636 189 1690 Jesu
214 1635 420 1690 Domino
445 1646 657 1690 nostro.
698 1655 717 1688 ι
751 1636 857 1689 Iste
892 1634 1013 1689 talis
1045 1643 1226 1704 potest
1251 1634 1473 1689 vincere
1504 1632 1618 1687 Ma-

95 1729 300 1792 dianitas,
328 1740 377 1781 et
429 1729 744 1783 interﬁcere
776 1743 964 1782 omnes
989 1738 1309 1796 peccatores
1352 1739 1533 1795 terrae,
1560 1737 1615 1785 et

1718 520 1947 587 Ruben,
2002 529 2059 573 et
2106 517 2264 584 Gad,
2338 529 2394 574 et
2450 520 2685 575 dimidias
2740 518 2914 575 tribus
2971 520 3223 577 Manasse
3276 563 3292 578 .

1716 614 1780 667 de
1836 628 1941 681 qua
2007 619 2373 682 proponentes
2431 611 2609 680 aliqua
2680 612 2991 683 disserere,
3046 614 3297 670 volumus

1713 706 1870 776 371
1921 704 2069 774 prius
2113 704 2420 759 auditorum
2463 702 2793 772 diligentiam
2828 721 3192 771 commouere,
3239 715 3297 761 et

1715 801 1925 853 animos
1953 812 2141 853 eorum
2183 796 2250 851 ad
2284 796 3094 869 contemplationemspiritalis
3134 798 3295 854 intel-

1717 891 1958 961 ligentize
1987 890 2275 944 suscitare.
2308 888 2499 944 Omnia
2531 906 2653 960 qum
2685 890 2941 946 dicuntur
2974 908 3077 948 non
3116 894 3292 949 solum

1713 997 1781 1037 ex
1815 984 1934 1053 ipso
1973 982 2063 1051 qui
2093 982 2293 1035 dicitur
2321 997 2575 1037 sermone
2599 984 2872 1052 pensanda
2917 994 3061 1051 sunt,
3093 986 3187 1040 sed
3238 996 3295 1041 et

1714 1090 1941 1145 persona
1966 1074 2195 1129 dicentis
2227 1090 2556 1145 magnopere
2581 1076 2973 1131 consideranda
2996 1088 3101 1132 est.
3130 1075 3293 1133 Verbi

1713 1167 1887 1236 gratia
1918 1184 1932 1221 :
1975 1167 2021 1221 si
2065 1181 2196 1235 puer
2220 1167 2413 1236 estqui
2446 1167 2705 1237 loquitur,
2739 1170 2949 1225 animos
2982 1176 3197 1225 nostros
3229 1172 3295 1225 ad

1714 1262 1953 1316 auditum
1996 1261 2194 1331 eloquii
2227 1262 2453 1331 puerilis
2494 1270 2763 1331 aptamus,
2799 1276 2898 1317 nec
2944 1261 3064 1332 plus
3093 1262 3294 1332 aliquid

1714 1354 1766 1409 iu
1796 1354 1861 1409 iis
1892 1369 2012 1424 qua:
2057 1355 2336 1419 dicuntur,
2385 1354 2488 1409 nisi
2534 1357 2852 1425 inquantum
2910 1356 3113 1411 sentire
3166 1371 3298 1425 puer

1712 1448 1910 1519 potuit,
1944 1458 2345 1519 exspectamus.
2381 1449 2438 1503 Si
2483 1465 2615 1506 vero
2654 1451 2747 1521 qui
2779 1449 3015 1519 loquitur
3064 1451 3144 1503 vir
3192 1461 3298 1516 est,

1715 1541 1973 1597 continuo
2026 1541 2484 1611 contemplamur,
2530 1541 2577 1597 si
2630 1544 2749 1598 viro
2794 1543 2953 1613 digna
3000 1553 3121 1596 sunt
3179 1558 3299 1610 qua:

1716 1636 1989 1692 dicuntur.
2019 1633 2082 1687 Et
2116 1648 2303 1688 rursus
2329 1634 2373 1688 si
2405 1633 2485 1687 vir
2515 1634 2607 1689 ille
2635 1635 2884 1690 eruditus
2911 1634 2983 1688 sit
3014 1634 3105 1704 qui
3142 1634 3295 1701 dicit,

1716 1744 1817 1800 pro
1839 1728 2160 1783 eruditionis
2197 1726 2314 1795 ejus
2356 1727 2554 1781 intuitu
2587 1730 2749 1782 etiam
2792 1728 2932 1783 dicta
2984 1741 3295 1797 pensamus.

93 1819 274 1890 perdere
314 1834 523 1874 omnem
576 1818 865 1887 imaginem
897 1834 1085 1874 eorum
1131 1820 1197 1873 de
1251 1818 1479 1875 civitate
1509 1819 1613 1874 Do-
1646 1790 1687 1846 Β
1717 1823 1774 1878 Si
1808 1838 1935 1878 vero
1953 1823 2038 1876 vir
2065 1820 2285 1891 quidem
2315 1820 2404 1875 ille
2425 1821 2833 1892 est,imperitus
2861 1829 3038 1874 tamen
3072 1830 3124 1875 et
3160 1821 3300 1874 idio-

96 1912 211 1967 tnini.
243 1912 299 1965 Et
346 1925 441 1982 ego
487 1926 623 1979 ergo
675 1912 844 1966 debeo
879 1913 942 1965 de
997 1912 1223 1981 meipso,
1254 1919 1309 1967 et
1349 1912 1416 1967 de
1465 1920 1611 1967 terra

92 2003 233 2059 carnis
266 2018 384 2057 mea:
430 2004 663 2070 perdere
692 2012 1035 2071 peccatores,
1067 2014 1122 2058 et
1154 2002 1467 2061 interﬁcere
1499 2005 1611 2063 l'or-

96 2097 402 2159 nicationem,
464 2095 898 2161 immunditiam,
951 2096 1295 2166 passionem,
1354 2102 1615 2170 concupi-

92 2188 302 2243 scentiam
333 2186 557 2249 malam,
585 2195 640 2239 et
676 2186 980 2239 avaritiam.
1015 2186 1106 2242 Isti
1143 2189 1290 2243 enim
1332 2199 1459 2245 sunt
1487 2206 1614 2261 pec—

91 2287 255 2334 calores
281 2288 430 2333 terrae
464 2293 625 2342 mem,
674 2292 809 2347 quos
837 2285 965 2331 tunc
1007 2277 1222 2333 demum
1246 2282 1613 2338 exterminare

92 2380 239 2440 potero
284 2381 335 2425 et
375 2369 712 2434 interficere,
755 2370 799 2425 si
835 2386 943 2425 non
976 2369 1295 2427 dissentiam
1327 2388 1357 2426 a
1390 2375 1614 2429 manda-

90 2464 141 2517 tis
160 2466 345 2520 Domini
377 2483 392 2520 :
424 2474 479 2520 et
541 2474 667 2519 tunc
698 2480 827 2519 vere
880 2464 1071 2534 dignus
1114 2479 1229 2532 ero,
1266 2466 1358 2535 qui
1387 2466 1611 2525 oﬂ‘eram

90 2555 171 2611 Deo
198 2571 417 2612 munera.
460 2577 477 2610 ι
529 2556 705 2613 Omne
726 2572 820 2611 vas
848 2572 1097 2621 aureum,
1134 2565 1403 2627 torquem,
1460 2579 1478 2612 ι
1532 2561 1615 2615 itt-

86 2654 177 2723 quit
200 2654 259 2719 ",
283 2672 299 2705 ι
331 2663 422 2708 aut
457 2651 713 2707 viriolam
742 2650 877 2723 (55),
904 2658 998 2704 aut
1037 2651 1318 2718 annulum,
1352 2663 1445 2708 aut
1484 2654 1616 2709 dex-

91 2746 670 2808 trale,autcateuulam.
732 2765 751 2798 »
803 2746 1043 2815 Torquis
1090 2756 1473 2800 ornamentum
1529 2763 1617 2802 sa-

91 2839 262 2906 pientize
300 2850 396 2894 est.
432 2838 491 2894 ln
553 2836 866 2894 Proverbiis
895 2840 1038 2893 enim
1086 2839 1152 2893 de
1180 2838 1446 2907 sapientia
1481 2838 1617 2893 dici-

87 2933 229 2996 tur“,
262 2935 395 3003 quod
444 2933 543 3002 qui
574 2932 892 3001 acquisierit
934 2948 1078 2997 eam,
1121 2942 1365 3002 torquem
1393 2947 1615 2987 auream

85 3037 209 3094 ponat
232 3029 363 3083 circa
388 3028 592 3081 collum
621 3042 798 3080 suum.
837 3024 1036 3080 Viriola
1062 3036 1116 3080 et
1151 3027 1405 3092 annulus,
1448 3041 1616 3081 orna-

1716 1924 1821 1978 tes,
1861 1913 2021 1968 aliter
2065 1928 2185 1982 qua:
2228 1912 2483 1966 dicuntur
2517 1919 2836 1979 accipimus.
2864 1909 2958 1966 Sic
2982 1910 3107 1965 item
3146 1911 3189 1965 si
3228 1911 3301 1964 sit

1715 2009 1900 2064 senior
1930 2007 2019 2078 qui
2068 2006 2331 2077 loquitur,
2380 2014 2435 2060 et
2479 2003 2659 2058 multae
2700 2019 2763 2057 ac
2794 2003 3031 2073 probata:
3071 2004 3299 2074 peritiae,

1715 2088 1901 2173 utpote
1925 2101 2016 2172 qui
2047 2100 2100 2155 in
2131 2096 2531 2154 eruditionibus
2566 2096 2936 2161 consenuerit,
2978 2096 3137 2166 longe
3183 2111 3298 2151 ms—

1710 2194 1797 2264 jor
1822 2194 1877 2248 in
1910 2207 1974 2247 eo
2015 2190 2288 2247 dictorum
2330 2189 2630 2244 habebitur
2667 2189 3022 2259 exspectatio.
3065 2187 3174 2243 Cur
3209 2204 3302 2243 ttu-

1719 2298 1824 2344 tem
1842 2288 1948 2343 ista
1974 2286 2419 2357 prmtttiseriitttts,
2448 2284 2729 2339 historiam
2752 2283 3084 2339 Itzereditatis
3109 2282 3299 2338 Ruben

1715 2390 1765 2435 et
1796 2379 1910 2433 Gad
1942 2388 1997 2432 et
2020 2378 2258 2432 dimidia:
2295 2377 2469 2432 tribus
2516 2378 2768 2431 Mauasse
2808 2392 3083 2445 exponere
3117 2375 3301 2431 volen-

1717 2479 1820 2539 tes,
1873 2469 2136 2525 ausculta.
2175 2469 2278 2535 Qui
2324 2468 2439 2527 haec
2473 2481 2622 2538 gesta
2657 2478 2843 2522 narrat
2875 2484 2995 2538 quae
3048 2467 3301 2538 legimus,

1718 2580 1892 2636 neque
1920 2578 2053 2633 puer
2077 2572 2180 2628 est,
2208 2562 2423 2632 qualem
2461 2578 2619 2632 supra
2662 2562 3081 2631 descripsimus,
3123 2575 3301 2630 neque

1720 2658 1804 2710 vir
1834 2657 1957 2710 talis
1987 2654 2205 2725 aliquis,
2240 2670 2415 2724 neque
2448 2654 2651 2719 senior,
2693 2669 2792 2709 nec
2833 2654 3061 2708 outniuo
3102 2652 3304 2724 aliquis

1717 2748 1878 2804 homo
1905 2758 1985 2804 est
2014 2763 2026 2799 :
2064 2758 2119 2803 et
2151 2758 2210 2801 ut
2247 2746 2480 2817 amplius
2507 2744 2711 2815 aliquid
2752 2745 2955 2812 dicant,
2987 2759 3087 2800 nec
3132 2758 3303 2814 attge-

1718 2840 1891 2896 lorum
1931 2840 2149 2910 aliquis,
2172 2849 2268 2895 aut
2292 2841 2553 2895 virtutunt
2581 2839 2882 2895 caelestium
2906 2847 3011 2903 est,
3040 2837 3134 2892 sed
3157 2838 3304 2893 sicut

1721 2933 1946 2990 traditio
1983 2933 2251 3004 majorum
2297 2942 2464 2998 tenet,
2501 2933 2741 3003 Spiritus
2771 2940 2993 2987 sanctus
3026 2932 3140 2985 lucc
3173 2944 3305 2983 nar-

1721 3035 1825 3081 rat.
1858 3026 2007 3082 Unde
2034 3027 2178 3082 enim
2210 3035 2427 3096 poterat
2453 3024 2686 3097 Moyses,
2726 3024 2808 3079 vel
2846 3039 2966 3095 quae
2992 3024 3061 3077 ab
3094 3022 3305 3092 origine

86 3131 227 3174 menta
256 3130 374 3175 sunt
417 3134 708 3182 manuum,
743 3117 795 3172 in
830 3118 1027 3199 quibus
1056 3132 1278 3187 cperunt
1326 3119 1615 3188 signantur
1642 3139 1684 3197 α
1720 3118 1902 3175 mundi
1938 3129 2087 3189 gesta
2114 3129 2262 3186 sunt,
2300 3118 2383 3175 vel
2418 3134 2537 3190 quae
2563 3119 2615 3173 in
2644 3121 2749 3173 line
2768 3117 2888 3189 ejus
2923 3128 3081 3171 erant
3113 3131 3307 3187 geren-

83 3213 261 3270 indicia.
291 3213 560 3269 Similiter
606 3222 661 3268 et
706 3210 973 3267 dextrale.
1010 3211 1285 3265 Catenula:
1310 3226 1438 3263 vero
1463 3210 1612 3264 verbi

84 3314 123 3357 et
144 3307 372 3361 doctrinae
394 3305 771 3362 eonnexiones
802 3302 1111 3360 declarant.
1144 3321 1162 3354 ι
1196 3304 1276 3357 Ad
1312 3302 1614 3374 pr0pitian-

79 3399 196 3462 dum,
223 3419 240 3452 ι
274 3400 446 3469 inquit
466 3400 546 3465 ⁸³,
584 3417 603 3450 ι
646 3398 817 3452 Deum
863 3411 962 3465 pro
991 3395 1169 3451 nobis.
1215 3414 1234 3447 ι
1268 3395 1326 3451 Si
1370 3394 1616 3450 dicamus

81 3498 255 3559 propter
302 3505 494 3544 aurum
560 3489 728 3544 Deum
767 3488 1062 3559 prepitium
1110 3487 1227 3542 ﬁeri
1275 3487 1613 3552 hominibus,

77 3580 170 3636 vide
202 3599 348 3651 quant
382 3582 843 3650 absurdum,imo
874 3596 1036 3651 quam
1071 3579 1291 3649 impium
1318 3577 1613 3648 judicetur.

78 3670 164 3725 Hoc
197 3674 327 3727 enim
372 3676 547 3729 etiam
589 3671 643 3727 itt
674 3673 795 3727 viro
823 3673 967 3726 bono
1005 3669 1245 3725 notabile
1272 3669 1509 3735 ducitur,
1567 3669 1615 3723 si

75 3779 256 3837 accepto
276 3783 407 3823 auro
442 3768 513 3822 ab
549 3765 899 3822 inferioribus
935 3765 1200 3833 placetur.
1242 3763 1457 3830 Quanto
1486 3777 1615 3833 ergo

78 3862 215 3931 magis
261 3862 374 3917 htec
425 3861 494 3917 de
535 3859 646 3914 Deo
699 3858 903 3914 sentire
949 3872 1054 3911 non
1106 3857 1405 3913 convenit?
1465 3857 1616 3911 Unde

72 3964 172 4018 puto
209 3953 570 4023 expositionis
615 3950 774 4019 hujus
828 3949 1223 4005 ecclesiastica:
1277 3948 1393 4020 (56)
1444 3949 1617 4018 magis

74 4053 281 4099 constare
330 4045 631 4106 rationem,
677 4056 799 4112 quae
842 4056 939 4112 per
968 4042 1088 4096 auri
1129 4042 1339 4112 species
1386 4041 1614 4095 indicari

73 4132 197 4189 docet
224 4135 383 4189 animi
429 4135 694 4199 virtutes,
754 4141 811 4187 el.
864 4133 1133 4188 bonorum
1186 4147 1411 4202 operum
1441 4140 1615 4200 gesta,

71 4239 166 4292 qua:
193 4230 296 4279 sola
326 4226 516 4282 oﬂerri
576 4224 686 4280 Deo
714 4227 782 4278 ab
819 4224 1127 4280 hominibus
1155 4225 1377 4293 dignum
1412 4235 1517 4288 est,
1564 4233 1620 4279 et

70 4332 148 4385 pro
170 4318 352 4389 quibus
398 4319 542 4375 solis
583 4317 876 4388 propitium
909 4317 1025 4372 fieri
1082 4316 1250 4371 Deum
1301 4317 1618 4374 hominibus

72 4408 213 4464 decet.
249 4429 267 4463 ι
319 4411 386 4467 Et
432 4412 693 4483 accepit,
740 4407 920 4480 inquit
949 4408 1017 4477 ⁸⁵,
1052 4409 1263 4481 Moyses
1312 4418 1366 4465 et
1395 4409 1620 4465 Eleazar

1723 3212 1790 3266 da
1853 3227 2103 3277 narrare,
2151 3212 2253 3267 nisi
2299 3226 2397 3281 per
2447 3211 2858 3277 inspirationem
2896 3209 3134 3279 Spiritus
3177 3207 3309 3263 Dei?

1724 3306 1877 3364 Unde
1904 3309 2172 3378 potuisset
2201 3309 2530 3379 prophetare
2549 3307 2613 3362 de
2643 3306 2885 3372 Christo,
2911 3307 3015 3361 nisi
3044 3305 3305 3376 loquente

1723 3399 1926 3471 Spiritu
1948 3402 2168 3457 sancto?
2195 3402 2285 3457 Sic
2307 3403 2451 3456 enim
2475 3410 2530 3456 et
2563 3402 2676 3471 ipse
2692 3400 2941 3455 Christus
2968 3401 3015 3453 ei
3055 3400 3306 3454 testimo-

1721 3494 1871 3549 nium
1921 3495 2116 3560 reddit,
2163 3504 2215 3549 et
2259 3495 2389 3549 dicit
2428 3495 2473 3527 ⁸⁵
2532 3512 2546 3551 :
2593 3514 2611 3546 ι
2657 3494 2718 3548 Si
2760 3491 3062 3548 crederetis
3104 3490 3301 3563 Moysi,

1722 3587 2024 3642 crederetis
2069 3587 2255 3658 utique
2301 3597 2357 3643 et
2406 3588 2565 3644 mihi.
2601 3587 2677 3643 De
2720 3601 2808 3642 me
2847 3586 2991 3642 enim
3032 3584 3121 3640 ille
3166 3585 3306 3640 scri-

1721 3677 1849 3747 psit.
1888 3678 1947 3736 Si
2002 3691 2182 3735 autem
2228 3679 2374 3735 illius
2397 3680 2596 3737 litteris
2615 3696 2719 3736 non
2748 3677 2997 3744 creditis,
3028 3679 3317 3748 quomon

1721 3769 1856 3825 meis
1884 3771 2065 3825 verbis
2092 3771 2331 3828 credetis
2354 3773 2646 3831 ?tConStat
2664 3788 2793 3843 ergo
2820 3787 2882 3828 ea
2916 3788 3013 3842 per
3035 3771 3302 3842 Spiritum

1720 3872 1967 3920 sanctum
2008 3864 2175 3931 dicta,
2214 3877 2269 3920 et
2293 3867 2415 3921 ideo
2449 3867 2783 3922 conveniens
2833 3866 3047 3921 videtur
3075 3867 3189 3921 haec
3212 3879 3307 3921 se-

1720 3959 1957 4014 cundum
1990 3959 2331 4029 dignitatem,
2374 3959 2483 4013 into
2507 3959 2684 4029 potius
2717 3960 3013 4013 secundum
3040 3956 3306 4027 majesta-

1724 4062 1830 4106 tent
1865 4052 2135 4123 loquentis
2171 4051 2422 4122 intelligi.
2456 4051 2562 4107 Sed
2588 4061 2642 4105 et
2675 4052 2805 4106 illud
2838 4053 2943 4107 hoc
2970 4051 3023 4106 iu
3051 4051 3173 4107 loco
3197 4066 3312 4106 me-

1722 4161 1941 4201 morare
1970 4146 2312 4215 aptissimum
2349 4146 2508 4212 duco,
2540 4147 2684 4214 quod
2708 4145 2983 4201 Abraham
3012 4160 3133 4201 cum
3157 4146 3312 4199 audi-

1722 4247 1808 4292 ret
1844 4238 1992 4291 illum
2042 4238 2265 4293 divitem
2308 4240 2546 4309 positum
2588 4240 2640 4294 in
2698 4240 2980 4295 tormentis
3010 4253 3203 4310 rOgare
3248 4253 3310 4293 se

1721 4339 1781 4385 ut
1805 4331 2192 4392 dimitteretur.
2236 4340 2290 4387 et
2321 4333 2543 4388 veniens
2568 4342 2813 4387 moneret
2839 4332 3037 4388 fratres
3062 4346 3191 4386 suos
3219 4330 3311 4400 pie

1722 4423 1926 4490 vivere,
1956 4438 2023 4478 ne
2075 4435 2128 4479 et
2160 4425 2261 4493 ipsi
2296 4424 2348 4479 in
2379 4425 2554 4480 locum
2583 4425 2733 4479 illum
2763 4423 3163 4479 descenderent
3198 4433 3313 4478 tor-

70 4509 284 4560 sacerdos
310 4520 512 4560 aurum
552 4504 623 4559 ab
657 4504 908 4559 omnibus
967 4505 1203 4559 tribunis
1241 4513 1295 4559 et
1332 4504 1615 4559 centurio-
1650 4528 1695 4584 ι)
1727 4524 2053 4583 mentorum,
2078 4518 2356 4587 respondi;
2385 4518 2433 4570 ei
2456 4517 2524 4582 ιθ,
2552 4518 2676 4587 quia
2714 4534 2732 4567 ι
2767 4518 2967 4571 habent
2995 4514 3232 4586 Moysem
3257 4526 3313 4570 οι

71 4596 215 4663 uibus,
248 4608 300 4653 et
340 4597 536 4653 intulit
581 4595 712 4651 illud
746 4598 797 4650 itt
843 4596 1253 4651 tabernaculum
1296 4599 1616 4663 testimonii,

72 4692 349 4749 memoriale
381 4693 516 4747 filiis
548 4687 716 4745 Israel
751 4706 936 4747 coram
976 4690 1227 4746 Domino.
1257 4710 1276 4744 ι
1304 4689 1467 4747 Vides
1492 4693 1617 4755 quia

70 4797 162 4851 quae
207 4787 480 4853 dicuntur,
524 4785 733 4841 nonad
776 4794 1128 4853 conspectum
1175 4784 1470 4850 visibilem,
1523 4785 1619 4839 scd

70 4876 122 4929 ad
177 4879 365 4934 mentis
434 4877 764 4932 memoriam
829 4874 1160 4930 referuntur.
1215 4876 1413 4931 Beatus
1478 4876 1624 4931 enim

71 4978 137 5022 est
191 4970 279 5027 ille
336 4973 429 5042 qui
494 4969 821 5024 recordatur
872 4983 932 5023 se
984 4967 1110 5022 boni
1176 4968 1380 5038 aliquid
1441 4970 1624 5039 operis

71 5061 217 5129 egisse
241 5079 427 5120 coram
486 5062 741 5128 Domino,
797 5068 851 5116 et
888 5061 1149 5116 obtulisse
1177 5077 1400 5115 munera
1454 5062 1622 5117 bene-

68 5155 235 5220 placita
292 5159 442 5224 Deo,
496 5155 668 5211 animi
724 5154 953 5211 virtutes
1009 5162 1063 5210 ct
1127 5165 1447 5211 ornamenta
1503 5156 1623 5226 pie-

71 5246 193 5302 tatis.

124 5412 161 5483 f’
189 5414 338 5472 Rom.
369 5434 497 5483 vrtt,
526 5416 617 5471 35.
694 5415 919 5479 "ibidu
948 5414 1040 5483 58,
1071 5414 1160 5471 59-

70 5481 330 5553 ”Joau.v,
356 5490 450 5544 45.
483 5481 490 5483 “
533 5488 583 5520 ⁸⁸
609 5487 741 5543 Luc.
780 5503 891 5551 xw,
918 5481 1033 5542 29.
1087 5488 1129 5519 ⁸⁷
1174 5485 1334 5544 Num.
1371 5503 1545 5542 xxxii.

126 5577 224 5645 (54)
255 5579 378 5635 Non
412 5581 613 5651 poteris
636 5580 838 5635 hostem
862 5579 1087 5635 vincere.
1113 5579 1236 5636 llaec
1261 5582 1312 5635 in
1340 5581 1497 5637 libris
1524 5597 1623 5636 au-

72 5654 141 5700 tea
171 5650 320 5705 editis
351 5650 587 5713 ontissa.
612 5652 932 5719 supplentur
955 5665 986 5706 e
1018 5665 1150 5706 mss.

126 5720 225 5797 (Fili)
249 5722 432 5797 Codex
465 5722 653 5797 Sancti
698 5721 1097 5797 Theodo_rici,_t
1127 5723 1414 5797 armil-latn
1459 5743 1477 5776 ι
1515 5739 1615 5795 pro

76 5802 92 5835 ι
127 5792 371 5847 vinciam.
416 5812 439 5846 ι
478 5794 650 5849 Paulo
693 5804 815 5867 post
851 5794 1016 5850 etiam
1049 5794 1234 5863 habet,
1265 5812 1284 5848 ι
1324 5792 1538 5851 armilla
1563 5806 1617 5854 et

1240 5415 1282 5447 ⁵¹
1318 5414 1481 5473 Num.
1519 5432 1676 5487 XXXI,
1708 5419 1799 5476 50.

1728 4609 2046 4677 prophetas,
2088 4609 2313 4664 audiant
2347 4610 2488 4665 illos.
2526 4596 2553 4662 ι’
2578 4609 2695 4665 Νοιι
2722 4610 2909 4679 utique
2937 4608 3186 4665 homines
3213 4608 3315 4662 ali-

1727 4716 1866 4772 quos
1901 4704 2117 4759 dicebat
2149 4706 2202 4759 in
2228 4718 2457 4773 corpore
2481 4705 2689 4774 positos
2718 4704 2958 4775 Moysem
2995 4711 3050 4758 et
3080 4702 3317 4774 prophe-

1725 4802 1846 4849 tas:
1886 4798 1980 4851 sed
2013 4798 2125 4852 haec
2156 4812 2276 4867 qum
2315 4812 2414 4866 per
2439 4796 2680 4868 Moysem
2719 4796 2923 4868 Spiritu
2950 4796 3043 4852 Dei
3079 4796 3317 4851 dictante

1721 4887 1923 4956 scripta
1958 4899 2106 4955 sunt,
2140 4877 2378 4961 Moysem
2415 4906 2477 4946 ea
2508 4890 2829 4945 nominavit.
2862 4891 3015 4945 Dicat
3047 4904 3180 4961 ergo
3211 4890 3317 4943 ali-

1722 4982 1844 5048 quis
1869 4980 2036 5037 :Cum
2079 4985 2195 5038 haec
2222 4985 2296 5038 ita
2331 4984 2532 5055 scripta
2563 4986 2695 5051 sint,
2727 4985 2771 5039 si
2812 4984 3090 5039 Abraham
3123 4998 3209 5037 tne
3246 4982 3315 5038 ad

1722 5068 1921 5141 Moysis
1950 5074 2089 5128 dicta
2117 5077 2475 5144 transmittat,
2510 5089 2565 5135 ut
2606 5077 2792 5148 legens
2818 5093 2881 5131 ea
2913 5077 3116 5148 possim
3162 5075 3312 5130 illum

1720 5162 1898 5218 locum
1950 5167 2185 5224 evadere
2237 5178 2656 5233 tormentorum,
2701 5171 2831 5240 quid
2872 5184 2956 5223 tne
2980 5167 3192 5238 juvabit
3247 5165 3314 5219 ad

1726 5255 2088 5328 eﬂugiendam
2142 5262 2470 5331 gehennam,
2527 5263 2573 5318 si
2611 5263 2783 5334 legam
2833 5263 2877 5294 ⁸⁷
2917 5259 3188 5331 quomodo
3220 5257 3312 5311 lilii

1876 5422 1921 5453 "
1953 5420 2113 5478 Prov.
2142 5424 2252 5488 1,9.
2330 5424 2378 5464 ⁸³
2416 5422 2575 5479 Num.
2606 5439 2760 5488 xxxi,
2791 5423 2882 5478 51).
2958 5420 3004 5453 ⁸⁸
3026 5418 3183 5485 ibid.,
3218 5415 3309 5473 51.

1733 5582 1971 5637 annulus
1991 5592 2312 5638 ornamenta
2332 5593 2458 5638 Slllll
2491 5597 2769 5638 manuum.
2810 5600 2826 5632 ο
3308 5555 3330 5603 ε

1800 5654 1914 5725 (56)
1965 5652 2328 5721 Exposilt'onis
2358 5656 2518 5725 hujus
2558 5652 2947 5709 ecclesiasticw.
2990 5647 3309 5725 Expositio-

1729 5720 1852 5779 neiu
1892 5720 2323 5798 ecclesiasticam
2352 5720 2605 5798 appellat,
2634 5726 2913 5794 mysticam
2938 5730 2992 5779 et
3019 5720 3305 5793 moralem,

1724 5810 1779 5853 et
1814 5796 2041 5862 Opponit
2061 5794 2324 5859 Judaicae.

2330 5424 2378 5464 ⁸³
2416 5422 2575 5479 Num.
2606 5439 2760 5491 xxxi,
2791 5423 2882 5478 51).
