3874 6508
514 361 620 418 ἰ’ἔῧ

1957 355 2090 414 οιιιι

2196 355 2280 412 llS
3648 364 3725 420 Th

513 477 726 543 Ruben,
757 487 807 532 et
839 476 931 532 ﬁlii
962 475 1100 540 Gad,
1134 484 1187 529 et
1215 473 1438 528 dimidia
1478 474 1649 530 tribus
1681 472 1948 537 Manasse,
1979 475 2087 528 liac-
2115 481 2162 537 Α
2193 471 2436 527 revelare
2462 471 2747 540 dignetur:
2781 481 2906 528 sunt
2929 473 3074 529 enim
3094 471 3150 529 in
3181 472 3269 528 his
3290 472 3726 543 repromissione:

517 571 798 625 reditatem
845 569 1061 636 capiunt
1105 584 1134 621 a
1184 566 1365 638 Moyse
1409 577 1560 622 trans
1611 565 1927 632 Iordanem,
1967 569 2090 636 quia

513 671 670 716 erant
701 659 804 712 illis
841 675 1029 728 pecora
1080 660 1247 713 multa
1296 675 1405 728 prae
1453 658 1666 714 caneris
1705 659 1977 720 tribubus.
2039 668 2096 714 et

513 757 638 822 quia
685 753 818 807 dicit
863 752 930 807 ad
963 767 1058 807 eos
1095 751 1344 822 Moyses:
1402 748 1586 806 Videte
1638 766 1704 806 ne
1753 751 2092 807 exacerhetis

514 845 703 908 Deum,
733 846 948 900 sicutet
981 844 1054 898 illi
1083 845 1269 898 decem
1318 844 1408 913 qui
1456 845 1605 898 missi
1642 853 1908 898 suntcum
1961 843 2088 898 ,ιι-ευ

513 951 564 993 et
592 939 756 994 Caleb
799 927 1085 1008 explorare
1131 946 1354 999 terram,
1390 945 1443 989 et
1478 936 1753 1000 dicebant,
1783 936 1906 1004 quia
1951 945 2086 989 terra

513 1031 635 1084 talis
689 1039 740 1084 et
764 1030 885 1084 talis
909 1039 1013 1091 est,
1046 1039 1097 1081 et
1134 1043 1236 1081 non
1279 1042 1566 1095 possumus
1603 1041 1720 1079 eam
1758 1041 1970 1095 capere.
2025 1025 2088 1078 Et

512 1122 636 1191 quia
669 1121 734 1174 ad
760 1121 873 1175 haec
909 1120 1300 1188 responderunt
1328 1117 1423 1171 ﬁlii
1451 1115 1664 1182 Ruben,
1689 1126 1739 1169 et
1768 1118 1946 1170 czeteri
1970 1132 2088 1168 cum

513 1214 674 1283 ipsis:
716 1215 788 1268 Da
835 1212 987 1266 nobis
1023 1221 1219 1264 terram
1257 1209 1418 1274 hanc,
1452 1219 1504 1261 et
1552 1207 1922 1262 ltmreditalem
1952 1205 2087 1275 ejus,

511 1315 563 1360 et
603 1322 707 1359 non
754 1320 1058 1373 quaeremus
1097 1302 1207 1372 jatn
1245 1302 1386 1355 intra
1434 1300 1722 1356 .lordanem
1758 1298 2092 1354 hrrreditalis

514 1410 713 1452 terram
747 1414 870 1451 cum
913 1396 1170 1450 fratribus
1203 1396 1442 1449 nostris:
1475 1393 1564 1448 sed
1601 1394 1688 1448 hic
1724 1392 2089 1460 relinquemus

507 1485 746 1557 jninenta
792 1498 999 1554 nostra,
1051 1497 1104 1542 et
1154 1488 1400 1542 sarcinas
1451 1496 1685 1548 nostras,
1737 1495 1792 1539 et
1836 1485 2089 1538 mulieres

515 1593 751 1645 nostras,
785 1591 837 1636 et
866 1579 1104 1634 infantes
1133 1588 1368 1646 nostros,
1397 1579 1496 1631 viri
1529 1587 1706 1632 autent
1739 1577 1908 1630 nostri
1935 1577 2088 1631 ibunt

515 1675 718 1744 pariter
753 1683 805 1729 et
852 1675 1158 1728 transibunt
1191 1671 1504 1728 Jordanem.
1549 1672 1614 1724 Et
1654 1671 1779 1740 quia
1827 1679 1943 1740 post
1977 1672 2088 1724 luce

515 1766 720 1837 Moyses
747 1765 1090 1821 commendat
1113 1779 1206 1820 eos
1237 1762 1360 1818 Jesu
1397 1765 1504 1818 ﬁlio
1539 1763 1706 1827 Nave,
1742 1773 1795 1817 et
1830 1762 2086 1816 Eleazaro

514 1858 781 1911 sacerdoti
823 1858 932 1910 ﬁlio
976 1858 1177 1920 Aaron,
1217 1856 1317 1908 sub
1356 1869 1418 1908 ea
1459 1865 1632 1908 tamen
1663 1854 1993 1918 conditione,
2031 1863 2086 1905 ιιι
2121 1837 2160 1890 Β

516 1958 796 2004 transeant
835 1964 956 2002 cum
997 1948 1122 2002 ﬁliis
1153 1947 1343 2010 Israel,
1381 1954 1434 2001 et
1471 1957 1717 2016 pugnent
1747 1962 1864 2000 cum
1895 1947 1973 1999 eis
1996 1945 2088 1998 ad-

515 2055 703 2093 versus
737 2041 920 2094 hostes
944 2041 1031 2109 qui
1065 2050 1218 2093 erant
1249 2049 1398 2092 trans
1418 2037 1730 2101 Iordanem,
1766 2039 1935 2092 donec
1957 2037 2090 2091 libe-

514 2143 663 2186 retur
691 2134 755 2187 ah
795 2134 878 2187 eis
921 2145 1084 2193 terra,
1121 2141 1174 2187 et
1210 2143 1337 2186 tunc
1369 2131 1638 2200 accipiant
1671 2140 1874 2186 terram
1925 2147 2086 2200 quam

512 2237 899 2293 poposcerunt,
950 2225 1094 2294 regis
1125 2223 1267 2279 Seon
1311 2236 1365 2278 et
1409 2223 1552 2293 regis
1584 2222 1703 2292 Og:
1743 2233 1907 2290 atque
1961 2222 2090 2291 ipsis

511 2315 640 2370 solis
669 2331 764 2386 per
795 2315 1027 2386 Moysem
1057 2315 1210 2370 detur
1263 2314 1551 2368 hmreditas
1594 2324 1745 2366 extra
1774 2311 2086 2377 Jordanem,

511 2408 726 2462 ceteris
756 2417 933 2462 autem
971 2409 1224 2460 OlllulblIS
1257 2423 1352 2476 per
1393 2405 1578 2460 Jesnm
1603 2405 1742 2458 intra
1773 2403 2086 2460 Jordanem.

513 2498 663 2553 Dicet
692 2514 820 2567 ergo
851 2500 1044 2567 aliquis
1076 2519 1088 2551 :
1130 2496 1267 2564 Quid
1305 2500 1402 2552 ista
1451 2505 1673 2562 prosunt
1708 2499 1772 2552 ad
1806 2496 1905 2551 hoc
1945 2501 2089 2568 quod

512 2593 647 2646 dixit
682 2592 951 2645 Abraham
976 2591 1021 2621 ⁵⁸
1059 2607 1072 2644 :
1120 2608 1138 2640 ι
1182 2590 1390 2644 ΙΙιιιιίιιιι
1423 2589 1656 2659 Moysem
1682 2599 1736 2643 et
1779 2589 2086 2659 prophetas,

514 2684 736 2738 audiant
760 2684 914 2746 illos;
959 2703 975 2736 ι
1008 2700 1112 2753 quo
1145 2683 1351 2738 scilicet
1383 2684 1494 2737 haec
1526 2683 1765 2751 legentes
1785 2694 1837 2738 et
1863 2686 2091 2737 audien-

515 2785 616 2841 tes,
665 2777 717 2830 in
775 2777 951 2832 locum
987 2778 1134 2829 illum
1174 2793 1278 2830 non
1311 2777 1608 2830 deveniunt
1652 2777 2092 2831 tormentorum?

517 2870 640 2925 llaec
665 2882 842 2924 autem
870 2872 1123 2936 diximus,
1157 2870 1460 2924 excitantes
1498 2872 1710 2925 animos
1737 2870 2088 2934 audientium,

515 2974 573 3016 ιιι
605 2963 914 3031 vigilantius
960 2961 1026 3016 iis
1055 2978 1172 3032 quin
1221 2961 1473 3029 leguntur
1514 2961 1596 3015 vel
1635 2961 1890 3016 dicuntur
1928 2963 2093 3014 inlen-

512 3053 668 3121 dant,
699 3066 753 3108 et
805 3058 854 3107 in
919 3053 1081 3107 Musei
1125 3053 1318 3106 litteris
1351 3064 1558 3107 remoto
1586 3053 1792 3107 'lilteraz
1829 3053 2091 3106 Velatniuc

515 3149 588 3202 ita
619 3147 922 3217 intelligant
959 3163 1079 3216 qua:
1115 3147 1314 3216 scripta
1351 3155 1497 3211 sunt,
1524 3157 1578 3199 ut
1603 3146 1831 3216 singulis
1868 3146 2092 3216 quibus-

514 3252 619 3309 que
650 3255 711 3294 ea
768 3240 870 3294 diei
915 3239 1214 3302 inveniant,
1252 3253 1368 3308 quae
1408 3238 1450 3292 si
1497 3238 1863 3309 intelligantur
1891 3250 1946 3294 et
1994 3241 2089 3293 ob‘

515 3343 820 3398 serventur,
853 3331 1062 3402 possint
1111 3330 1388 3386 auditores
1443 3347 1546 3384 non
1599 3332 1661 3384 ad
1711 3331 1862 3384 illum
1915 3331 2088 3386 locum

517 3425 770 3479 tormenti
809 3425 1023 3488 deduci,
1061 3440 1168 3494 quo
1192 3423 1468 3492 divesille,
1501 3425 1588 3492 qui
1619 3426 1810 3480 audire
1831 3425 1943 3479 haec
1972 3440 2090 3495 quze

515 3521 567 3574 in
606 3528 819 3572 secreto
843 3527 969 3571 sunt
1010 3519 1237 3587 scripta,
1287 3517 1639 3586 contempsit,
1670 3517 1934 3573 abductus
1958 3527 2038 3573 est
2075 3535 2086 3572 :

514 3615 606 3668 sed
655 3613 705 3664 in
737 3611 912 3664 sinum
945 3619 1069 3664 eant
1115 3611 1412 3676 Abraham,
1467 3609 1556 3663 ubi
1603 3609 1837 3663 Lazarus
1878 3611 2092 3679 requie-

514 3705 637 3759 scit.
665 3703 897 3759 Oremus
919 3718 1050 3773 ergo
1083 3703 1393 3765 Dominum,
1435 3710 1490 3754 ιιι
1522 3701 1800 3756 auferatur
1848 3701 2090 3755 velamen

515 3816 543 3850 a
589 3798 848 3852 cordibus
881 3795 1081 3849 nostris
1125 3795 1191 3848 de
1227 3795 1460 3849 lectione
1491 3792 1700 3848 Veteris
1733 3791 2088 3855 Testamenti,

515 3899 576 3944 ut
601 3905 662 3943 ea
693 3905 810 3959 quae
836 3889 1155 3943 abscondita
1189 3895 1314 3941 sunt
1339 3899 1394 3940 et
1418 3887 1630 3942 occulta
1665 3888 1716 3940 in
1757 3886 1917 3940 lllosei
1946 3886 2093 3939 litte-

519 3981 614 4043 ris,
649 3981 833 4033 videre
874 3979 1167 4047 possimus,
1212 3978 1510 4031 secundum
1553 3977 1826 4046 propheta:
1857 3992 2095 4030 commo-

519 4071 777 4124 nitioneni
809 4069 1130 4124 dicentis":
1155 4087 1172 4119 ι
1202 4069 1268 4122 Ει
1295 4069 1394 4123 nisi
1433 4069 1714 4123 audieritis
1735 4068 1944 4122 occulte
1961 4067 2092 4140 (57),

519 4163 752 4232 plorabit
800 4164 978 4217 anima
1015 4172 1215 4215 vestra.
1255 4180 1273 4212 ι
1322 4161 1385 4214 Et
1409 4161 1623 4229 quidem
1652 4160 1794 4230 quod
1826 4161 1939 4215 hmc
1974 4178 2091 4231 my-

517 4257 655 4310 stica
708 4257 819 4310 sint
859 4263 914 4308 et
947 4255 1187 4307 divinum
1216 4253 1450 4322 aliquem
1493 4269 1708 4307 sensum
1757 4254 2091 4318 contineant,

519 4359 649 4419 puto
674 4347 815 4418 quod
859 4361 928 4401 ex
965 4348 1031 4400 iis
1064 4361 1184 4415 quae
1216 4345 1465 4414 superius
1497 4355 1709 4399 asserta
1737 4357 1882 4410 sunt,
1919 4347 2095 4401 nullus

518 4443 689 4512 possit
714 4442 1010 4509 ambigere,
1033 4439 1282 4508 quamvis
1306 4439 1377 4491 sit
1402 4437 1490 4491 ille
1526 4435 1765 4492 Jnilaicis
1794 4437 1986 4492 fabulis
2011 4439 2090 4491 in-

2195 566 2476 636 mysteria,
2535 581 2656 636 qua:
2704 567 3011 636 repromisit
3061 569 3411 639 diligentibus
3469 581 3530 621 se
3569 583 3584 619 :
3620 584 3636 616 ι
3679 567 3727 624 lit

2192 659 2428 711 sciamus
2455 667 2507 710 et
2535 673 2656 722 nos,
2685 673 2805 727 qua:
2833 673 2862 711 a
2917 657 3027 713 Deo
3055 661 3253 715 donata
3297 667 3423 713 sunt
3455 657 3606 711 nobis
3626 657 3678 710 ".
3705 679 3720 710 ι

2195 750 2298 804 Sed
2329 759 2381 805 et
2415 751 2716 820 vosjuvate
2747 766 2847 806 nos
2875 752 2928 804 in
2959 751 3121 822 372
3152 752 3519 815 orationibus,
3565 760 3612 804 et
3637 750 3724 804 dili-

2191 855 2380 913 genter
2417 845 2700 908 intendite,
2750 859 2856 898 non
2906 853 3014 899 tam
3055 844 3209 900 nobis
3237 845 3568 906 dicentibus,
3604 860 3724 912 quam

2196 937 2420 991 Domino
2452 937 2776 992 illuminanti
2803 953 2921 1002 eos,
2955 951 3092 1008 quos
3135 937 3532 990 illuminatione
3566 952 3646 988 sua
3671 937 3725 990 di-

2191 1044 2325 1100 gnos
2353 1031 2640 1085 invenerit.
2661 1029 3380 1099 Quorumcontemplatione
3409 1029 3579 1082 etiam
3609 1029 3726 1082 nobis

2192 1121 2322 1174 dare
2348 1121 2598 1189 dignetur
2631 1121 2856 1175 verbum
2884 1119 2938 1173 in
2978 1119 3387 1186 adapertionem
3423 1115 3544 1167 oris
3577 1115 3724 1168 nostri.

2192 1214 2296 1268 Sed
2353 1229 2451 1284 age
2480 1215 2589 1282 jam
2640 1215 2682 1268 si
2743 1215 2904 1268 corda
2956 1210 3210 1268 erexistis
3260 1210 3327 1263 ad
3374 1207 3726 1266 Dominuiiw

2194 1309 2340 1362 verbi
2395 1307 2509 1374 ejus
2549 1308 2720 1362 sancti
2781 1306 3200 1360 illustrationem
3261 1302 3527 1372 petiistis,
3552 1306 3612 1352 ad
3639 1317 3728 1367 prr-

2191 1401 2542 1456 scrutandum
2593 1416 2812 1456 sensum
2852 1385 3039 1454 eorum
3096 1411 3215 1466 quae
3271 1396 3532 1450 videntur
3583 1392 3729 1452 latere,

2190 1497 2490 1550 veniamus.

2257 1587 2312 1639 4.
2335 1585 2577 1639 Excundi
2613 1584 2680 1638 de
2704 1582 2938 1654 ZEgypto
2968 1582 3194 1652 ﬁguram
3223 1579 3435 1632 duobus
3479 1576 3642 1630 modis
3662 1590 3728 1628 ac-

2189 1680 2319 1746 cipi,
2348 1696 2376 1732 a
2401 1678 2671 1748 prioribus
2697 1677 2898 1731 nostris
2935 1684 2988 1730 et
3019 1691 3046 1727 a
3078 1673 3234 1727 nobis
3262 1688 3401 1740 srpe
3423 1670 3542 1738 jam
3568 1669 3731 1720 dictum

2189 1779 2290 1825 est.
2318 1770 2448 1824 Nam
2477 1781 2531 1824 et
2559 1785 2678 1824 cum
2712 1769 2832 1836 quis
2860 1768 2927 1821 de
2963 1781 3212 1820 errorum
3242 1762 3486 1818 tenebris
3514 1759 3580 1812 ad
3611 1761 3729 1827 agni-

2193 1861 2352 1915 tionis
2381 1860 2560 1914 lumen
2591 1858 2898 1921 adducitur,
2931 1865 2984 1911 el
3013 1856 3076 1910 de
3108 1865 3323 1908 terrena
3351 1851 3730 1905 conversation

2192 1954 2258 2007 ad
2289 1952 2588 2022 spiritualia
2639 1951 2881 2004 instituta
2937 1945 3298 2008 convertitur,
3330 1945 3394 1997 de
3431 1939 3729 2011 (Egyptoii-

2193 2047 2350 2101 detur
2395 2047 2572 2100 exisse
2621 2055 2674 2099 et
2711 2045 2922 2098 venisse
2967 2043 3032 2096 ad
3075 2040 3424 2096 solitudinem
3460 2053 3475 2089 :
3513 2036 3576 2087 ad
3618 2034 3728 2087 illud:

2192 2139 2447 2194 videlicet
2477 2141 2598 2192 vita:
2628 2147 2849 2201 statum,
2885 2137 2936 2189 in
2971 2151 3076 2204 quo
3106 2147 3200 2204 per
3223 2131 3511 2187 silentium
3546 2138 3597 2182 et
3616 2129 3731 2197 quie-

2195 2241 2301 2284 tem
2332 2238 2656 2282 exerceatur
2684 2227 2883 2282 divinis
2916 2225 3137 2294 legibus,
3178 2232 3233 2276 et
3265 2221 3505 2289 eloquiis
3538 2221 3732 2273 caelesti-

2195 2322 2295 2377 bus
2325 2321 2632 2375 imbuatur:
2668 2335 2764 2389 per
2801 2334 2921 2386 quae
2951 2317 3228 2370 institutus
3264 2323 3319 2367 et
3353 2313 3617 2374 directus,
3640 2327 3732 2363 cum

2190 2411 2484 2470 Jordanem
2516 2413 2821 2474 transierit,
2851 2417 3100 2479 properet
3132 2420 3302 2474 usque
3337 2404 3406 2456 ad
3447 2413 3642 2456 terrain
3669 2417 3733 2454 re-

2193 2504 2592 2574 promissionis,
2654 2503 2706 2556 id
2753 2510 2836 2556 est
2869 2517 2967 2570 per
3001 2501 3229 2572 gratiam
3278 2497 3568 2568 baptismi,
3603 2510 3736 2564 usque

2192 2599 2260 2654 ad
2287 2597 2598 2668 evangelica
2635 2597 2878 2650 instituta
2907 2593 3209 2664 perveniat.
3243 2593 3351 2646 Sed
3381 2600 3436 2644 et
3468 2591 3612 2643 illam
3635 2591 3736 2658 fuga-

2195 2707 2310 2747 ram
2331 2707 2450 2746 esse
2481 2691 2715 2745 diximus
2741 2689 2974 2742 exeundi
2993 2691 3058 2743 de
3081 2687 3336 2759 Egypto,
3359 2702 3489 2739 cum
3524 2683 3738 2751 relinquit

2193 2785 2371 2840 anima
2410 2783 2593 2839 mundi
2643 2784 2805 2849 hujus
2839 2781 3108 2848 tenebras,
3149 2798 3210 2836 ac
3253 2792 3468 2835 natura:
3501 2793 3734 2847 corpori:

2194 2880 2514 2941 czecitatem,
2553 2887 2606 2930 et
2659 2874 2985 2929 transfertur
3012 2876 3077 2928 ad
3107 2874 3256 2928 aliud
3291 2873 3592 2927 sarculum:
3624 2872 3734 2938 quod

2194 2969 2277 3024 vel
2306 2970 2458 3023 sinus
2480 2968 2713 3021 Abrahae
2755 2965 2889 3036 (ὃὸ),
2922 2977 2980 3020 ιιι
3009 2971 3060 3020 ιιι
3093 2966 3323 3029 Lazaro,
3355 2965 3434 3019 vel
3471 2964 3734 3032 paradisus,

2196 3060 2334 3115 utin
2367 3060 2575 3113 latrone
2610 3059 2700 3128 qui
2730 3059 2795 3112 de
2842 3074 3002 3112 cruce
3052 3059 3304 3121 credidit,
3352 3053 3734 3119 indicatuer

2117 3178 2158 3235 ρ
2194 3153 2357 3208 etiam
2414 3151 2459 3206 si
2505 3166 2610 3220 qua
2654 3151 2803 3206 novit
2845 3151 2984 3205 Deus
3035 3166 3154 3205 esse
3197 3150 3300 3204 alia
3337 3150 3481 3213 loca,
3517 3150 3598 3202 vel
3634 3148 3736 3201 alias

2194 3246 2527 3311 mansiones,
2583 3260 2679 3314 per
2705 3261 2824 3314 qua:
2854 3245 3122 3299 transiens
3163 3243 3343 3296 anima
3378 3243 3492 3296 Deo
3519 3243 3734 3302 credens.

2192 3347 2249 3393 el
2290 3341 2612 3408 perveniens
2647 3354 2818 3408 usque
2851 3339 2915 3392 ad
2953 3337 3148 3391 ﬁumen
3187 3336 3315 3389 illud
3357 3338 3506 3406 quod
3538 3335 3737 3389 laetiﬁut

2193 3432 2465 3487 civitatem
2495 3433 2608 3497 Dei,
2635 3433 2774 3486 intra
2805 3434 2976 3501 ipsum
3006 3442 3204 3485 sortem
3226 3430 3738 3500 promissmpatribes

2193 3525 2524 3578 hwreditatis
2562 3525 2816 3594 accipiat.
2853 3525 3017 3594 Igitur
3046 3538 3167 3576 cum
3209 3522 3434 3591 duplici,
3471 3533 3530 3573 ut
3569 3535 3734 3574 meme

2195 3619 2456 3682 ravimus,
2493 3619 2655 3672 modo
2685 3632 2935 3687 egressus
2973 3617 3282 3686 designetur
3331 3630 3395 3668 ex
3428 3611 3674 3684 nggpto,
3697 3621 3740 3666 et

2196 3711 2458 3764 transitus
2505 3711 2570 3762 ad
2622 3709 2920 3771 desertum,
2989 3720 3151 3776 atque
3201 3706 3324 3760 inde
3378 3707 3653 3772 ingressus
3689 3707 3738 3760 al

2195 3811 2397 3856 sanctm
2448 3810 2604 3855 terra:
2651 3800 3044 3861 hmreditatem,
3107 3797 3388 3852 videamus
3447 3812 3596 3851 nunc
3646 3805 3742 3864 qﬂlai

2196 3893 2294 3948 sibi
2326 3893 2457 3948 velit
2486 3895 2672 3947 Ruben
2699 3905 2751 3949 et
2787 3895 2924 3958 Gud,
2954 3904 3007 3948 et
3037 3892 3260 3946 dimidia
3296 3892 3474 3947 tribus
3511 3891 3738 3945 Manassen

2197 3984 2493 4039 [hereditas
2528 4002 2646 4054 qua:
2677 4003 2771 4056 per
2804 3987 3038 4057 Moysem
3087 3987 3343 4050 traditur,
3369 3994 3421 4038 et
3467 3997 3619 4039 extra
3646 3982 3742 4036 Jux-

2198 4079 2392 4132 danettt
2423 4078 2750 4144 decernitur,
2807 4079 2857 4132 in
2909 4079 3190 4135 duodecim
3242 4079 3495 4132 tribubus
3546 4078 3740 4130 ﬁlionzia

2196 4169 2384 4234 Israel,
2434 4171 2664 4225 occultis
2716 4171 3037 4240 quibusdam
3073 4180 3126 4225 et
3176 4171 3423 4241 mysticis
3474 4169 3742 4224 rationibus

2201 4262 2364 4317 totius
2407 4263 2630 4317 hutnani
2676 4263 2891 4334 generis
2952 4264 3175 4334 ﬁguram
3235 4264 3635 4328 complectitr.
3685 4259 3744 4310 vr!

2197 4356 2441 4408 omnium
2498 4366 2646 4410 certe
2720 4357 3000 4410 hominum
3041 4356 3133 4426 qui
3179 4357 3249 4409 ad
3307 4356 3636 4426 agnitionem
3672 4353 3742 4407 Dei

2199 4454 2487 4500 venerunt.
2529 4445 2730 4500 Horum
2760 4463 2889 4517 ergo
2919 4463 3044 4517 pars
3088 4446 3268 4515 aliqua
3300 4458 3457 4499 extra
3490 4447 3742 4501 Iordanem

517 4533 842 4589 satialiiliter
875 4532 1088 4586 deditus
1125 4548 1137 4584 :
1176 4543 1357 4583 tamen
1400 4529 1542 4582 sicut
1571 4529 1670 4580 hoc
1697 4528 1964 4581 neminem
2001 4546 2092 4583 ne-
2123 4532 2170 4591 D
2199 4535 2565 4590 barreditatem
2622 4539 2976 4606 consequitur
3021 4552 3114 4606 per
3168 4539 3428 4608 Moysem,
3478 4553 3602 4604 pars
3645 4548 3746 4588 τρι-ο

519 4639 648 4692 gare
675 4635 822 4692 puto,
846 4625 914 4677 ita
941 4637 1063 4693 quae
1115 4621 1224 4675 sint
1250 4619 1336 4672 illa
1366 4633 1485 4688 quin
1523 4631 1587 4670 ex
1620 4617 1735 4671 istis
1765 4617 2092 4669 narrationi-

517 4719 620 4774 bus
651 4717 987 4778 indieentur,
1016 4723 1072 4768 et
1112 4727 1232 4784 quae
1276 4727 1455 4766 rerum
1487 4709 1657 4764 facies
1687 4709 1786 4763 sub
1816 4709 1916 4762 hoc
1951 4709 2094 4761 vela-

521 4813 664 4864 mine
712 4818 1050 4878 contegatur,
1097 4807 1163 4860 ad
1217 4804 1475 4873 liquidum
1534 4803 1695 4865 scire,
1743 4802 1912 4870 ipsius
1970 4809 2096 4869 puto

518 4917 641 4958 esse
670 4901 848 4957 sancti
879 4900 1118 4970 Spiritus
1149 4897 1240 4966 qui
1273 4899 1386 4951 hinc
1422 4893 1643 4949 inscribi
1679 4893 1962 4962 inspiravit
1993 4910 2004 4944 :
2043 4904 2097 4946 et

519 4996 731 5050 Domini
760 4994 929 5049 nostri
951 4990 1080 5046 Jesu
1112 4991 1335 5053 Christi,
1362 4989 1453 5057 qui
1475 4989 1538 5042 de
1567 4988 1748 5058 Moyse
1778 4986 1988 5041 dicebat
2011 4985 2092 5037 “z

523 5110 544 5145 ι
589 5093 664 5146 De
705 5106 790 5145 me
817 5090 963 5144 enim
991 5087 1082 5141 ille
1113 5085 1328 5154 scripsit
1357 5101 1370 5150 ;
1412 5103 1430 5136 ι
1463 5093 1516 5138 et
1554 5081 1940 5150 omnipmentis
1973 5080 2091 5144 Dei,

519 5187 671 5254 cujus
701 5183 987 5238 consilium
1034 5179 1314 5246 antiquum
1356 5177 1594 5232 humano
1624 5175 1811 5244 generi
1839 5190 1946 5228 non
1995 5190 2094 5226 nu-

517 5279 670 5341 dum,
703 5277 796 5329 sed
827 5273 1061 5326 velatum
1090 5270 1283 5324 litteris
1315 5269 1600 5323 indicatur.
1633 5267 1740 5322 Nos
1763 5276 1942 5321 autem
1971 5283 2093 5320 ore-

519 5380 639 5422 mus
665 5382 732 5422 ex
757 5365 922 5420 corde
956 5363 1188 5418 Verbum
1224 5360 1342 5423 Dei,
1374 5361 1465 5428 qui
1497 5369 1580 5414 est
1601 5360 1912 5428 unigenitus
1954 5360 2089 5426 ejus,

518 5471 570 5515 et
595 5460 685 5530 qui
717 5455 1160 5513 revelatPatrem
1192 5453 1390 5522 quibus
1432 5454 1564 5517 vult,
1605 5465 1661 5506 ut
1697 5464 1750 5506 et
1779 5455 1932 5506 nobis
1978 5453 2092 5508 lliCC

587 5549 632 5582 ⁵⁸
659 5550 790 5606 Luc.
838 5547 1064 5614 xv:,29.
1142 5546 1187 5578 ”
1215 5545 1415 5600 Jerem.
1463 5561 1585 5610 xm,
1636 5545 1722 5599 17.

613 5645 702 5711 57)
725 5645 908 5700 Codex
941 5642 1125 5696 Sancti
1158 5641 1505 5705 Theoderici,
1547 5660 1562 5690 ι
1597 5641 1827 5694 occulta.
1867 5661 1884 5692 ι

591 5645 708 5784 l58)
738 5716 890 5778 Quod
929 5715 1002 5768 rel
1031 5715 1177 5768 sinus
1219 5713 1466 5775 [lbra/rw,
1498 5725 1605 5765 etc.
1639 5711 1768 5764 Vide
1815 5713 1884 5766 Or

620 5716 708 5784 58)
738 5716 890 5778 Quod
929 5715 1002 5768 rel
1031 5715 1177 5768 sinus
1219 5713 1466 5775 [lbra/rw,
1498 5725 1605 5765 etc.
1639 5711 1768 5764 Vide
1815 5713 2097 5778 Origcuia-

527 5800 710 5839 uorum
745 5786 930 5850 libwu,
964 5788 1317 5856 qtt:esti0I‘.e:u
1343 5784 1704 5847 undecimam,
1739 5785 1826 5839 tibi
1859 5785 1987 5852 quid
2031 5785 2098 5838 de

1799 5546 1842 5576 5°
1870 5545 2031 5602 Juatt.
2058 5547 2206 5610 v,45.

2202 4637 2352 4682 trans
2404 4625 2714 4695 Iordanem,
2755 4638 2809 4683 et
2857 4630 3219 4684 limreditatem
3258 4630 3490 4697 suscipit
3531 4629 3583 4682 in
3634 4637 3746 4678 terra

2202 4719 2638 4790 repromissionis
2679 4735 2772 4789 per
2824 4718 3024 4775 Jesum.
3068 4720 3135 4774 Et
3175 4720 3249 4774 illi
3296 4720 3544 4786 quidem.
3588 4717 3750 4786 quibus

2203 4821 2352 4864 extra
2418 4809 2704 4866 Iordanem
2763 4811 3053 4865 hrnreditas
3113 4811 3467 4874 decernitur,
3523 4807 3748 4880 pritnitivi

2204 4914 2329 4958 sunt
2358 4920 2369 4954 :
2408 4903 2530 4957 licet
2574 4902 2750 4956 minus
2783 4903 3012 4966 nobiles,
3055 4903 3181 4956 licet
3211 4917 3318 4955 non
3356 4901 3637 4971 inculpati,
3665 4897 3751 4966 pri-

2205 4993 2374 5049 mitivi
2409 5003 2585 5049 tamen
2638 5005 2782 5049 sunt.
2830 4994 3018 5049 Ruben
3060 4995 3202 5048 enim
3257 5004 3341 5050 est
3392 4994 3754 5066 primogenita!

2199 5086 2366 5141 Jacob
2399 5104 2411 5139 :
2452 5086 2576 5141 licet
2610 5088 3060 5140 contaminaverit
3094 5086 3307 5141 thorum
3347 5088 3542 5157 patris,
3575 5087 3751 5154 primo.

2203 5180 2418 5250 genitus
2450 5189 2628 5233 tamen
2660 5188 2762 5234 est.
2793 5178 2897 5234 Sed
2934 5190 2987 5232 et
3015 5177 3149 5242 Gad,
3191 5179 3321 5233 licet
3348 5195 3415 5234 ex
3448 5180 3660 5241 ancilla,
3688 5187 3754 5225 ta-

2203 5290 2323 5326 men
2355 5282 2409 5326 et
2431 5272 2544 5340 ipse
2586 5272 2978 5342 primogenitus
3002 5281 3104 5325 est.
3136 5271 3387 5326 Manasse
3419 5286 3648 5341 quoque,
3674 5283 3754 5321 crt-

2196 5363 2287 5432 jus
2318 5361 2542 5417 dimidia
2585 5363 2757 5416 tribus
2787 5372 2938 5416 extra
2969 5360 3257 5417 .‘ordanem
3313 5365 3678 5432 consequitur,
3708 5369 3752 5408 et

2202 5457 2314 5526 ipse
2365 5455 2489 5509 licet
2539 5455 2604 5508 de
2652 5454 2906 5525 [Egyptia
2950 5464 3131 5518 natus,
3169 5454 3563 5526 primogenitus
3597 5464 3746 5508 tamen

2283 5547 2324 5578 ⁶¹
2351 5545 2369 5599 l
2397 5546 2519 5602 Cor.
2549 5562 2609 5611 tt,
2637 5546 2725 5600 12.

2211 5644 2385 5715 pannis
2423 5652 2477 5697 et
2507 5643 2742 5715 ιιι-ωηιἰῇ
2769 5643 3024 5712 opinatus
3055 5643 3125 5700 sit
3155 5643 3440 5715 Origenes,
3469 5646 3618 5700 docte
3641 5653 3742 5709 ape-

2212 5715 2280 5767 rit
2305 5713 2637 5768 clarissimus
2668 5713 2917 5770 lluetius.
