3874 6516
126 521 219 577 777
1215 520 1281 573 IN
1317 516 1650 577 NUMEROS
1689 517 1973 576 HOMILIA
2007 522 2194 577 XXVI.

3239 528 3340 584 778

124 656 214 702 est.
245 642 429 700 Omnes
457 656 586 714 ergo
613 640 699 697 isti
740 641 1081 712 primogeniti
1106 651 1251 705 sunt,
1287 649 1342 694 et
1383 642 1502 696 ideo
1523 638 1669 710 prio-
1697 642 1741 698 Δ
1770 640 1925 695 sibile
1978 657 2080 695 non
2140 643 2208 697 ab
2248 642 2401 698 initio
2449 643 2646 700 caelum
2679 645 2883 702 dictum
2919 656 3024 712 est,
3058 648 3150 702 sed
3190 650 3343 720 prius

124 750 223 788 rem
250 730 486 802 populum
533 731 838 800 designant,
870 731 959 799 qui
1001 745 1105 783 non
1147 745 1242 799 per
1271 729 1457 785 Iesum
1485 731 1664 785 Domi-

123 842 239 880 num
269 834 524 891 nostrum,
550 825 644 879 sed
677 840 770 893 per
792 822 1011 896 Moysen
1042 832 1194 877 extra
1226 821 1515 879 Iordanem
1547 839 1666 879 sor-

122 929 218 973 tem
252 916 569 972 hereditatis
585 915 874 984 accipiunt.
905 914 1202 971 Considera
1234 926 1414 970 autem
1439 915 1668 986 diligen-

118 1016 217 1069 tius
251 1013 401 1068 etiam
432 1027 671 1076 causam,
707 1027 809 1081 qua
838 1011 1043 1080 priores
1082 1018 1136 1065 et
1164 1019 1315 1064 extra
1349 1008 1662 1076 Iordanem,

115 1115 165 1158 et
192 1105 497 1174 sequestrati
518 1119 548 1157 a
573 1104 805 1168 caeteris,
835 1113 1242 1171 consequuntur
1272 1102 1663 1157 hiereditatem.

122 1216 141 1246 ‹
169 1196 422 1261 Iumenta,
441 1196 693 1265 inquiunt
715 1196 783 1259 ⁸³,
800 1204 853 1252 et
880 1208 1075 1266 pecora
1102 1194 1266 1249 multa
1291 1203 1417 1249 sunt
1445 1194 1618 1249 nobis.
1642 1213 1659 1245 1

118 1291 230 1344 llaec
253 1305 374 1358 ergo
402 1304 565 1344 causa
601 1298 706 1353 est,
734 1289 858 1357 quia
889 1288 1040 1359 prior
1073 1288 1299 1358 populus
1335 1289 1401 1339 ad
1440 1286 1665 1340 haeredi-

113 1385 424 1441 tatemillins
451 1395 626 1446 terrae.
657 1401 780 1455 quae
807 1386 944 1441 lacte
967 1386 1104 1448 finit,
1136 1400 1256 1454 quae
1310 1383 1467 1439 melle
1495 1384 1666 1438 abun-

112 1480 219 1543 dat,
244 1494 353 1548 qua:
373 1478 526 1532 favus
555 1478 729 1532 mellis
754 1486 838 1533 est
865 1492 974 1548 prae
996 1478 1141 1531 omni
1176 1488 1340 1541 terra,
1364 1491 1471 1531 non
1494 1474 1666 1544 potuit

110 1572 394 1642 pervenire,
427 1587 526 1627 nec
552 1571 787 1627 Verbum
817 1587 1032 1627 carnem
1063 1574 1265 1628 factum
1297 1571 1470 1642 potuit
1496 1586 1667 1642 agno-

109 1680 274 1732 scere,
300 1666 419 1735 quia
462 1664 627 1718 multa
658 1665 902 1734 jumenta
947 1666 1219 1720 habebant
1264 1673 1322 1719 et
1362 1663 1526 1718 multa
1579 1678 1666 1733 pe-

106 1774 250 1813 cora.
280 1758 536 1813 Animalis
560 1774 691 1826 ergo
721 1758 883 1814 homo
910 1775 1014 1815 non
1047 1760 1226 1830 potuit
1245 1759 1524 1829 percipere
1545 1775 1664 1830 quae

106 1861 229 1907 sunt
254 1851 479 1921 Spiritus
507 1852 597 1906 Dei
630 1851 695 1917 ⁵³,
722 1867 821 1906 nec
837 1851 1159 1922 spiritaliter
1176 1850 1503 1919 dijudicare;
1536 1853 1661 1922 quia

107 1963 127 1994 ‹
176 1945 328 1999 homo
378 1944 430 1997 in
464 1945 669 1999 honore
721 1959 844 2000 cum
883 1952 1047 2007 esset,
1086 1960 1190 2000 non
1227 1945 1514 2013 intellexit,
1567 1945 1660 2000 sed

102 2046 435 2106 comparatus
490 2045 572 2091 est
624 2036 883 2107 jumentis
932 2035 1332 2104 insipientibus,
1379 2045 1435 2092 et
1467 2036 1661 2113 sirqilis

99 2129 273 2185 factus
318 2140 397 2185 est
432 2130 497 2185 iis
539 2130 604 2197 “,
662 2149 678 2183 i
718 2146 814 2200 pro
858 2130 1053 2199 quibus
1102 2130 1472 2186 biereditatem
1507 2145 1658 2186 suam

96 2232 250 2277 extra
270 2221 516 2279 Iordanis
542 2223 741 2278 ﬂuenta
770 2222 1031 2293 percepit,
1060 2231 1115 2277 et
1137 2238 1165 2276 a
1209 2230 1353 2277 terra
1388 2236 1446 2277 se
1471 2232 1657 2278 sancta

71 2320 226 2398 .fecit
244 2320 490 2376 alienum.
515 2318 607 2375 llle
644 2335 774 2390 ergo
801 2318 1028 2389 populus
1047 2319 1256 2388 accepit
1288 2318 1655 2373 haereditatem

97 2428 196 2480 per
228 2413 457 2486 Moysen,
490 2414 698 2484 accepit
723 2424 919 2468 terram
947 2413 1173 2468 duorum
1208 2425 1395 2481 regum
1427 2420 1663 2466 tantum-

96 2505 273 2561 modo.
306 2506 418 2561 Non
448 2509 590 2563 enim
623 2507 854 2578 amplius
895 2505 1070 2575 potuit
1114 2504 1325 2577 Moyses
1350 2505 1662 2560 interficere

94 2600 199 2653 nisi
247 2599 375 2655 duos
401 2616 575 2671 reges,
619 2616 848 2670 quorum
886 2608 1085 2655 terram
1131 2597 1395 2654 divideret
1426 2596 1658 2667 p0pnlis.

92 2693 261 2746 multa
292 2693 542 2747 animalia
597 2694 871 2762 multaque
919 2707 1111 2761 pecora
1155 2690 1503 2745 habentibus.
1551 2689 1659 2744 Illis

89 2800 224 2840 vero
248 2784 332 2855 qui
361 2782 648 2840 Iordanem
688 2782 989 2852 transeunt,
1019 2784 1177 2841 Iesus
1208 2783 1402 2838 dividit
1436 2792 1657 2849 terram,

84 2878 337 2947 quamvis
362 2878 591 2934 habeant
616 2880 777 2935 etiam
802 2880 901 2949 ipsi
932 2878 1206 2943 animalia,
1238 2876 1471 2932 habeant
1501 2890 1661 2946 pero.-

90 2986 177 3036 ra,
206 2978 508 3026 nontamen
550 2980 719 3037 tanta,
745 2987 866 3040 qum
900 2986 997 3025 eos
1023 2970 1334 3035 excludant,
1368 2984 1436 3025 ne
1459 2967 1656 3025 Iorda-

82 3077 214 3117 nem
244 3072 535 3132 transeant,
566 3064 817 3119 sedcum
853 3063 981 3133 ipsis
1002 3072 1055 3119 ct
1082 3062 1419 3130 mulieribus,
1448 3074 1504 3119 et
1534 3078 1656 3119 cum

83 3152 388 3210 infantibus
415 3155 531 3209 suis
551 3155 880 3210 contendunt
909 3155 1139 3209 transire
1159 3154 1472 3221 Iordanem,
1506 3163 1559 3210 et
1592 3155 1657 3208 ad

82 3257 307 3317 patrum
348 3248 631 3317 pervenire
682 3248 967 3319 promissa.
1002 3247 1078 3302 Illi
1109 3259 1286 3303 autem
1316 3258 1539 3319 propter
1574 3264 1662 3320 pe-

1773 733 2196 799 firmamcntum,
2224 737 2522 801 postetiam
2547 739 2672 793 caeli
2693 740 2954 795 vocabulo
2974 750 3340 810 nuncupatum

1768 834 1871 879 est.
1900 822 1954 878 111
1994 825 2258 895 principio
2299 834 2476 881 tamen
2526 836 2793 883 creatum
2824 828 3020 883 caelum
3058 838 3114 884 et
3142 839 3339 884 terram

1770 915 1964 971 fecisse
1993 915 2189 970 dicitur
2219 916 2380 985 Deus,
2408 926 2459 971 et
2488 928 2674 986 postea
2714 920 2941 985 aridam,
2960 929 3013 976 et
3030 930 3218 989 postea
3253 921 3344 973 lir-

1768 1020 2128 1064 mamentum.
2158 1009 2251 1063 Vis
2283 1019 2461 1064 autem
2492 1012 2632 1066 scire
2678 1011 2803 1081 quia
2840 1013 2982 1067 aliud
3010 1014 3081 1068 sit
3110 1013 3161 1067 in
3195 1014 3345 1068 Scri—

1769 1102 1944 1170 pturis
1974 1102 2148 1164 arida,
2174 1101 2317 1157 aliud
2344 1102 2529 1157 terra?
2560 1104 2683 1157 audi
2726 1107 2977 1174 Aggaeuui
3015 1106 3338 1176 pr0phetam

1772 1193 2040 1248 dicentem
2064 1194 2109 1226 ⁸⁸
2142 1213 2154 1246 :
2188 1214 2206 1243 1
2233 1194 2425 1249 Adhuc
2451 1195 2699 1255 semel,et
2729 1211 2830 1265 ego
2865 1198 3091 1253 movebo
3141 1200 3338 1257 malum

1769 1294 1824 1340 et
1863 1296 2090 1352 terram,
2142 1296 2197 1340 et
2250 1301 2419 1351 mare,
2475 1298 2531 1342 et
2565 1289 2794 1343 aridam.
2820 1309 2838 1340 1
2875 1288 3034 1345 Vides
3066 1295 3342 1360 quomodo

1769 1378 2031 1447 prOpheta
2079 1377 2220 1432 aliud
2259 1379 2413 1447 ponit
2457 1388 2657 1434 terram
2695 1388 2749 1433 et
2783 1380 2931 1433 aliud
2968 1382 3196 1437 aridam.
3234 1382 3340 1438 Sed

1766 1478 1821 1523 et
1857 1470 1908 1522 iu
1950 1469 2135 1524 multis
2162 1469 2459 1539 Scriptura:
2493 1470 2622 1526 locis
2653 1470 2959 1527 invenimus
2987 1483 3186 1527 terram
3220 1473 3339 1527 lati-

1770 1559 2001 1614 dabilem
2032 1560 2342 1625 nominari;
2376 1562 2585 1615 aridam
2624 1577 2751 1616 vero
2783 1578 2887 1617 non
2916 1561 3081 1619 facile
3116 1564 3342 1635 legimus

1766 1651 2095 1707 laudabilem
2148 1654 2297 1723 poni.
2341 1653 2476 1708 Nam
2533 1663 2586 1710 et
2632 1656 2802 1710 Adam
2860 1658 2912 1711 in
2960 1652 3105 1714 hunc
3164 1658 3339 1716 locum

1765 1744 1920 1813 quasi
1952 1743 2240 1815 culpabilis
2280 1755 2398 1813 post
2430 1756 2714 1816 peccatum
2751 1749 3081 1814 detruditur,
3111 1751 3203 1819 qui
3230 1753 3340 1804 ari-

1768 1838 1833 1891 da
1886 1837 2197 1893 nominatus
2251 1848 2355 1893 est.
2397 1840 2569 1893 Antea
2615 1842 2758 1895 enim
2797 1856 2902 1895 non
2948 1841 3048 1897 fuit
3077 1844 3127 1897 in
3162 1844 3338 1906 arida,

1767 1929 1861 1983 sed
1904 1929 1957 1984 in
1992 1938 2155 1984 terra.
2197 1929 2486 1987 Paradisus
2533 1947 2766 2001 namque
2803 1948 2906 1987 non
2954 1944 3037 1989 est
3076 1934 3129 1989 in
3165 1937 3338 1998 arida,

1764 2021 1857 2076 sed
1881 2022 1932 2075 in
1960 2030 2124 2077 terra.
2156 2021 2262 2078 Sed
2291 2031 2345 2077 et
2369 2024 2668 2079 mansuetis
2701 2028 2843 2094 quod
2873 2028 3207 2096 repromittit
3233 2028 3340 2083 Do-

1767 2115 1948 2169 minus
2005 2115 2057 2170 in
2117 2115 2430 2187 Evangelio,
2496 2132 2601 2171 non
2665 2128 2752 2173 est
2807 2120 2983 2188 arida,
3022 2122 3119 2176 sed
3171 2133 3335 2178 terra.

1770 2208 1963 2262 «Beati
2012 2209 2181 2274 enim,
2239 2208 2505 2278 inquit",
2562 2213 2871 2281 mansueti,
2931 2215 3189 2284 quoniam
3236 2216 3337 2284 ipsi

1766 2301 2161 2356 haereditabunt
2205 2310 2428 2356 terram.
2457 2319 2476 2353 1
2512 2301 2578 2356 Et
2619 2303 2817 2357 iterum
2851 2304 2904 2358 iu
2941 2304 3238 2376 Evangelia
3264 2306 3334 2368 ⁷ο.

1763 2409 1950 2451 semen
1974 2397 2117 2465 quod
2140 2396 2230 2449 dat
2258 2394 2491 2449 fructum
2529 2396 2889 2452 centesimum
2937 2400 3334 2469 semgesimum

1763 2496 1820 2544 et
1857 2488 2216 2552 tricesimum,
2262 2496 2409 2543 terra
2457 2488 2666 2543 dicitur
2702 2502 2842 2556 esse,
2884 2506 2988 2545 non
3045 2493 3222 2548 arida.
3272 2494 3338 2547 Et

1763 2591 1894 2651 puto
1922 2581 2048 2652 quia
2090 2580 2364 2651 profectus
2390 2581 2612 2649 quidam
2639 2583 2710 2637 sit
2732 2582 2800 2637 ab
2845 2583 2995 2639 arida
3035 2586 3102 2640 ad
3136 2595 3334 2641 terram

1763 2674 2036 2737 veniendi,
2082 2674 2221 2728 sicut
2255 2681 2309 2728 et
2353 2673 2630 2742 profectus
2682 2676 2901 2744 quidam
2956 2676 3080 2741 fuit,
3112 2688 3170 2732 ut
3220 2679 3334 2733 haec

1763 2766 1918 2820 arida
1963 2775 2109 2821 terra
2141 2776 2451 2823 vocaretur.
2480 2765 2684 2824 Omnes
2712 2769 2858 2824 enim
2887 2784 3010 2835 nos,
3041 2772 3215 2827 donec
3249 2772 3333 2826 in.

1763 2857 2028 2914 fructuosi
2062 2875 2272 2927 sumus,
2310 2870 2366 2916 et
2400 2859 2603 2915 nullum
2649 2859 2877 2929 iustitiae
2927 2862 3185 2931 fructum,
3216 2864 3338 2918 nul-

1762 2953 1872 3007 111111
1928 2953 2222 3024 pudicitiae,
2275 2953 2476 3009 nullum
2522 2952 2739 3022 pietatis
2798 2955 3116 3023 afferimus,
3176 2958 3331 3012 arida

1763 3060 1975 3101 sumus.
2003 3045 2060 3101 Si
2089 3056 2271 3101 autem
2311 3045 2672 3115 nosmetipsos
2706 3050 3033 3119 cmperimus
3062 3050 3333 3112 excolere,

1760 3145 1815 3192 et
1838 3137 1906 3191 ad
1948 3138 2211 3193 virtutum
2280 3139 2485 3209 frugem
2530 3141 2742 3196 desides
2790 3142 3002 3196 animos
3047 3144 3331 3206 suscitari,

1764 3238 1906 3285 terra
1959 3229 2223 3286 eﬂieiiuur
2268 3249 2335 3288 cx
2377 3236 2551 3302 arida,
2589 3251 2711 3306 qua:
2740 3237 2889 3293 verbi
2942 3237 3034 3291 Dei
3084 3248 3334 3306 suscepto

76 3354 218 3394 cora
247 3349 300 3394 et
324 3340 587 3408 jnmenta,
617 3348 673 3394 et
708 3339 961 3395 mulieres
992 3354 1139 3405 suas,
1168 3349 1224 3394 et
1263 3340 1522 3407 infantes,
1555 3356 1656 3395 non

1765 3321 1975 3377 semine
2018 3322 2135 3377 laeta
2187 3322 2348 3395 fruge
2400 3328 2738 3398 multiplicet.
2776 3329 2870 3384 Est
2910 3343 3039 3399 ergo
3087 3330 3333 3400 quaedam

74 3435 379 3495 potuerunt
408 3428 641 3482 transire
667 3426 979 3494 Iordanem,
1009 3445 1110 3485 nec
1135 3432 1200 3484 ad
1229 3430 1386 3487 fidem
1430 3431 1654 3500 Christi,

69 3533 207 3588 quae
229 3527 312 3574 est
344 3527 489 3575 terra
525 3521 978 3590 repromissionis,
1002 3523 1229 3595 intrare.

156 3611 210 3665 5.
236 3610 486 3682 increpat
518 3620 693 3688 tamen
720 3600 951 3684 Moyses,
975 3625 1029 3669 et
1054 3616 1185 3689 dicit
1207 3618 1275 3671 ad
1308 3616 1449 3674 filios
1465 3616 1656 3674 Ruben

64 3714 139 3759 ct
171 3704 241 3758 ad
291 3704 431 3775 filios
474 3702 587 3760 Gad
624 3704 715 3760 ":
768 3723 787 3757 1
824 3705 1045 3773 Fratres
1096 3708 1260 3763 vestri
1315 3719 1544 3779 pergent
1589 3713 1656 3766 ad

64 3795 353 3864 prtelium,
386 3804 443 3850 et
478 3809 574 3850 vos
597 3797 858 3853 sedebitis
896 3798 1019 3853 hic?
1049 3799 1115 3853 Et
1145 3814 1318 3870 quare
1347 3804 1658 3872 pervertitis

63 3891 252 3943 corda
287 3887 519 3942 filiorum
558 3888 745 3954 Israel.
788 3899 847 3945 ut
887 3907 996 3946 non
1040 3901 1319 3948 transeant
1362 3893 1414 3949 in
1457 3904 1655 3950 terram

63 3994 249 4050 quam
290 3978 551 4036 Dominus
589 3981 679 4035 dat
708 3982 825 4037 eis?
862 4002 879 4034 1
911 3982 1126 4038 Etcum
1160 3985 1521 4055 increpuisset
1561 4001 1657 4043 eos

64 4072 394 4141 hujusmodi
422 4072 620 4137 verbis,
663 4090 682 4124 1
715 4083 1079 4143 accesserunt,
1122 4076 1300 4147 inquit
1319 4076 1385 4142 “,
1420 4079 1487 4132 ad
1528 4093 1653 4134 eum

63 4163 176 4218 filii
206 4163 401 4219 Ruben
448 4173 503 4219 et
540 4164 631 4217 ﬁlii
678 4163 815 4230 Gad,
852 4175 905 4221 et
936 4166 1186 4223 dicebant
1215 4166 1422 4224 :Ovilia
1464 4168 1655 4226 ovibus

63 4255 475 4310 fabricabimus
510 4256 616 4320 hic,
653 4265 707 4311 et
740 4259 1048 4327 pecoribus,
1103 4268 1159 4314 et
1201 4260 1451 4317 civitates
1484 4262 1656 4333 impe-

63 4347 340 4403 dimentis
368 4349 589 4413 nostris,
613 4358 667 4403 et
696 4364 794 4405 nos
816 4352 1008 4405 armati
1038 4353 1213 4421 prima
1240 4364 1415 4410 turma
1440 4360 1656 4414 incede-

64 4455 193 4493 mus
226 4448 360 4494 ante
388 4439 527 4495 filios
562 4440 745 4507 lsrael,
776 4458 1055 4513 usquequo
1082 4447 1442 4514 perducamus
1481 4466 1573 4507 eos
1601 4454 1651 4507 iu

63 4547 232 4587 suum
282 4529 485 4586 locum.
525 4551 543 4582 1
577 4532 641 4586 Et
684 4535 797 4588 hare
838 4534 1237 4604 promittentes,
1270 4540 1651 4612 mitigaverunt

63 4625 321 4693 Moysen,
366 4625 438 4680 ita
467 4634 524 4680 ut
554 4625 667 4695 ipse
697 4641 791 4681 eos
822 4630 1229 4685 commendaret
1256 4629 1382 4687 Iesu
1416 4645 1469 4690 et
1498 4636 1646 4691 Elea-

63 4736 221 4775 :aro.
278 4718 357 4772 Ita
395 4719 539 4774 enim
570 4720 829 4788 scriptum
864 4730 945 4777 est
971 4722 1016 4755 ⁸⁷
1046 4739 1060 4776 :
1090 4741 1109 4775 1
1150 4724 1215 4778 Ει
1255 4724 1505 4781 adhibuit
1530 4728 1650 4785 illos

63 4808 292 4882 Iloyses
329 4812 399 4867 ad
439 4812 757 4867 Eleazarum
800 4816 1155 4881 sacerdotem,
1187 4826 1240 4870 et
1266 4815 1448 4872 Iesum
1483 4817 1649 4877 filiuni

63 4906 238 4969 ﬂave,
281 4913 343 4960 et
388 4906 664 4975 principes
715 4906 1042 4962 familiarum
1093 4909 1327 4963 tribuum
1368 4911 1556 4967 Israel.
1587 4914 1652 4969 Et

64 4998 130 5051 iit
162 4998 239 5052 ad
275 5013 377 5053 eos
409 4997 658 5069 Moyses:
694 4998 752 5054 Si
787 5001 1101 5055 transierint
1131 5001 1222 5057 11111
1252 5003 1442 5060 Ruben
1465 5015 1519 5060 et
1555 5005 1647 5061 filii

64 5091 170 5144 :ad
208 5091 502 5146 vobiscum
536 5090 826 5147 Iordanem
858 5094 1035 5148 omnis
1051 5105 1293 5153 armatus
1314 5097 1381 5152 ad
1409 5098 1648 5167 praelium

64 5196 249 5234 oram
287 5181 538 5246 Domino,
571 5191 625 5235 et
655 5181 999 5238 obtinueritis
1037 5195 1236 5241 terram
1271 5188 1323 5241 in
1356 5199 1647 5258 conspectu

64 5283 272 5335 ’estro,
310 5272 517 5326 dabitis
543 5273 619 5331 eis
650 5282 849 5328 terram
880 5275 1084 5331 Galaad
1115 5276 1165 5331 in
1190 5280 1646 5348 possessionem.»

64 5364 249 5417 Terrae
288 5378 492 5416 nomen
528 5363 577 5417 111
606 5363 902 5433 Scripturis
932 5365 1131 5419 divinis
1159 5368 1389 5434 positum
1417 5368 1648 5423 diversis

64 5453 566 5523 ignificationibus
589 5455 924 5520 invenimus;
966 5464 1020 5510 et
1053 5456 1229 5526 primo
1260 5459 1475 5527 quidem
1504 5469 1645 5515 terra

64 5561 167 5600 sec
188 5544 249 5599 in
270 5561 386 5616 qua
408 5545 730 5614 habitamus,
753 5562 854 5603 non
875 5562 938 5603 ex
966 5547 1273 5603 initioterra
1295 5550 1524 5605 vocitata
1541 5560 1645 5615 est,

63 5638 137 5691 ed
171 5639 381 5692 arida:
419 5646 473 5691 et
509 5640 767 5707 posthaec
789 5656 910 5709 qum
934 5641 1084 5711 prius
1105 5641 1247 5695 dicta
1275 5641 1450 5696 fuerat
1473 5644 1645 5709 arida,

63 5730 217 5800 :73
242 5738 415 5784 terra:
434 5745 631 5785 nomen
658 5733 898 5801 accepit;
922 5733 1064 5787 sicut
1088 5739 1143 5786 et
1174 5732 1370 5789 crnlum
1396 5733 1535 5789 istud
1569 5737 1648 5788 vi-

1762 3411 1925 3466 etiam
1976 3412 2027 3466 in
2084 3427 2249 3485 regno
2298 3416 2394 3471 Dei
2442 3426 2612 3484 terra,
2640 3433 2761 3487 quae
2809 3418 3107 3472 mansuetis
3154 3432 3338 3486 repro-

1762 3505 2019 3569 mittitur,
2067 3514 2127 3561 et
2183 3517 2329 3565 terra
2371 3525 2495 3579 quin
2546 3492 2855 3566 viventium.
2908 3512 3242 3575 nominatur,
3280 3522 3336 3562 ιιι

1763 3598 1984 3652 terrain
2015 3600 2247 3655 excelsis
2272 3603 2467 3671 posita,
2496 3605 2562 3658 de
2587 3619 2691 3673 qua
2719 3606 2785 3659 ad
2808 3604 3013 3675 justum
3037 3604 3169 3659 dicit
3196 3602 3333 3658 Pro-

1760 3693 1921 3762 pheta
1943 3692 1987 3725 ⁶¹¹
2020 3712 2033 3747 :
2069 3711 2088 3745 1
2119 3694 2185 3748 Et
2228 3695 2491 3751 exaltabit
2543 3707 2595 3753 te
2636 3706 2695 3752 ut
2742 3698 3030 3754 haeredites
3062 3709 3284 3755 terram.
3308 3718 3329 3749 1

1760 3782 1919 3839 istius
1945 3799 2076 3856 ergo
2108 3796 2267 3841 terrae
2292 3787 2688 3855 hatredita'lem,
2708 3801 3055 3860 posteaquam
3085 3791 3152 3846 de
3172 3805 3335 3845 mun-

1759 3875 1812 3930 di
1838 3875 1998 3946 hujus
2023 3875 2264 3950 Egypto
2289 3879 2505 3947 exierit,
2535 3880 2643 3937 Deo
2676 3882 2903 3937 credens
2928 3882 3108 3938 anima
3135 3898 3331 3940 conse-

1758 3967 2062 4036 quiturzet
2104 3970 2233 4024 alibi
2269 3973 2486 4040 quidem
2528 3973 2591 4039 ii,
2625 3974 2717 4042 qui
2758 3975 2859 4029 sub
2908 3973 3024 4045 lege
3056 3976 3330 4037 vixerunt.

1758 4062 1889 4117 alibi
1932 4075 2113 4119 autem
2161 4066 2253 4136 qui
2292 4082 2389 4137 per
2428 4066 2554 4124 Iesu
2577 4068 2785 4125 Christi
2813 4069 2973 4126 fidem
3006 4078 3062 4126 et
3093 4072 3327 4142 gratiam

1758 4156 2060 4227 dispensati
2084 4170 2229 4215 sunt.
2259 4162 2648 4218 Verumtamen
2682 4165 2715 4218 ii
2743 4166 2834 4235 qui
2867 4164 3124 4220 videntur
3144 4167 3328 4235 primi.

1757 4257 1812 4304 et
1857 4265 1951 4316 per
2001 4249 2185 4307 Mosen
2237 4253 2557 4321 dispensati,
2587 4269 2697 4312 non
2730 4257 2880 4326 prius
2924 4270 3317 4327 consequent".

1758 4341 2129 4398 hzereditatem
2165 4343 2267 4399 sibi
2305 4346 2603 4413 decretam,
2636 4362 2799 4417 quam
2824 4365 2831 4371 ·
2859 4347 3004 4402 Mose
3045 4349 3184 4401 duce
3215 4362 3301 4400 me

1756 4446 2005 4503 ruerunt,
2053 4436 2154 4492 nisi
2184 4446 2238 4491 et
2282 4437 2382 4507 ipsi
2426 4446 2704 4493 transeant
2734 4453 2857 4493 cum
2896 4438 2962 4493 iis
2997 4452 3136 4507 quos
3172 4435 3331 4493 Iesus

1755 4528 2049 4598 dispensat,
2086 4542 2139 4584 et
2172 4542 2414 4599 pugnent
2461 4547 2587 4587 cum
2620 4534 2701 4587 eis
2743 4543 2928 4587 contra
2967 4532 3238 4598 inimicos,
3275 4545 3331 4586 et

1753 4621 2022 4676 collucent
2044 4636 2141 4677 eos
2164 4623 2215 4676 in
2246 4623 2470 4679 sedibus
2505 4624 2638 4691 suis,
2665 4633 2719 4677 et
2753 4625 2826 4679 ita
2852 4625 2958 4694 ipsi
2994 4638 3329 4695 consequen-

1760 4722 1847 4766 tur
1877 4713 2249 4767 haereditatem
2279 4729 2441 4783 quam
2475 4713 2658 4784 Moyse
2681 4715 2817 4769 duce
2845 4724 3183 4771 meruerunt.

1829 4802 1881 4857 6.
1926 4804 2032 4858 Sed
2069 4806 2183 4858 iure
2225 4805 2330 4858 nisi
2368 4819 2433 4859 ex
2467 4804 2767 4875 Scripturis
2796 4807 2994 4863 divinis
3026 4811 3327 4880 approben-

1761 4900 1867 4959 tur,
1922 4891 2117 4947 fabulae
2155 4893 2504 4952 videbuntur.
2554 4895 2752 4951 Paulus
2785 4912 2918 4970 ergo
2958 4900 3150 4955 horum
3196 4917 3327 4971 pro-

1759 4983 1991 5038 ducatur
2033 4984 2086 5038 in
2134 4985 2370 5040 medium
2408 4986 2635 5043 idoneus
2683 4989 2859 5054 testis,
2885 4992 2976 5059 qui
3011 4992 3062 5046 in
3091 4993 3325 5061 Epistola

1762 5076 1829 5128 ad
1871 5074 2147 5142 Hebraeos,
2193 5078 2283 5132 ubi
2328 5077 2592 5134 describit
2633 5095 2822 5136 omnes
2874 5083 2992 5139 illos
3033 5092 3237 5155 patres,
3272 5096 3329 5140 rt

1762 5166 2122 5235 patriarchas,
2174 5184 2238 5224 ac
2282 5170 2596 5240 prophetas,
2637 5174 2726 5242 qui
2763 5188 2860 5243 per
2897 5175 3055 5230 fidem
3103 5176 3327 5246 placue-

1760 5269 1891 5315 runt
1941 5262 2072 5326 Deo,
2106 5272 2227 5332 post
2253 5265 2720 5322 enumerationem
2753 5278 3094 5334 cunctorum,
3116 5269 3170 5323 in
3197 5269 3323 5323 ulti-

1760 5370 1845 5410 ma
1891 5355 2239 5412 conclusione
2283 5359 2363 5413 sic
2402 5358 2536 5414 dicit
2576 5361 2643 5415 de
2683 5361 2866 5416 eis":
2905 5378 2925 5413 1
2959 5362 3025 5416 Et
3068 5361 3101 5416 ii
3132 5376 3323 5416 omnes

1760 5448 2071 5503 testimonio
2095 5447 2215 5504 fidei
2248 5460 2470 5521 accepto
2520 5466 2627 5507 non
2656 5462 3010 5524 perceperunt
3034 5453 3326 5521 repromis-

1754 5546 1957 5609 siones,
1995 5543 2107 5600 Deo
2154 5552 2281 5614 pro'
2304 5545 2461 5600 nobis
2504 5546 2701 5601 melius
2742 5546 2947 5615 aliquid
2980 5546 3320 5614 providente,

1756 5637 1832 5690 uti
1869 5651 1937 5691 ne
1969 5637 2089 5693 sine
2118 5638 2275 5693 nobis
2327 5646 2855 5693 consummarentur.
2882 5656 2903 5690 1
2947 5636 3113 5704 Quasi
3166 5638 3322 5693 dice-

1755 5739 1879 5785 rent
1917 5729 2037 5786 isne
2067 5744 2257 5785 novem
2288 5740 2341 5784 et
2374 5730 2538 5785 semis
2573 5732 2747 5785 tribus
2788 5731 2854 5785 de
2891 5730 2996 5799 illis
3022 5730 3233 5786 duabus
3267 5743 3326 5787 et

108 5912 161 5941 "
215 5909 393 5964 Num.
430 5928 598 5975 xxxii,
637 5912 693 5966 4.
769 5912 814 5944 ⁸⁸
845 5913 859 5965 Ι
890 5890 1016 5967 Cor.
1053 5929 1111 5977 11,
1149 5914 1233 5967 14.
1309 5914 1353 5945 ⁸⁵
1386 5914 1527 5969 Psal.
1564 5930 1653 5969 xu

1763 5911 1829 5966 3.3.
1906 5911 1949 5942 ”
1981 5909 2141 5966 Num.
2169 5926 2343 5971 XX-Xll.
2368 5910 2422 5975 6,
2451 5910 2504 5964 7.
2585 5910 2626 5942 ⁸⁸
2653 5910 2783 5965 ibid.
2822 5910 2907 5975 16,
2948 5910 3033 5965 17.
3111 5912 3155 5943 ⁸⁷
3188 5912 3324 5970 ibid.

64 5979 132 6045 8,
161 5981 269 6036 29.
359 5983 406 6013 ‘°
439 5985 573 6051 Agg.
604 5999 665 6036 ti.
697 5982 746 6037 7.
823 5984 865 6015 ⁶⁹
895 5982 1086 6037 Matth.
1124 6000 1177 6049 v,
1202 5986 1253 6039 4.
1353 5985 1397 6017 ⁷⁸
1427 5984 1612 6039 Matth.
1653 6001 1656 6007 π

1763 6021 1774 6039 .
1851 5983 1893 6015 τί
1920 5980 2062 6036 Psal.
2090 5997 2298 6049 xxxv",
2327 5982 2413 6035 51.
2496 5983 2542 6013 ⁷¹
2567 5980 2703 6039 Heb.
2727 5997 2804 6049 111,
2826 5981 2914 6045 59,
2942 5982 3032 6036 40.

475 6077 746 6136 Ρηιιοι..
794 6076 905 6137 Gn.
962 6078 1100 6138 ΧΙΙ.

2887 6075 2969 6151 25¹
