3874 6504
555 505 665 558 ’ἴτο

2016 494 2352 553 'ORIGENIS
2407 509 2416 518 ‘
3634 512 3699 569 τευ

561 624 727 680 semis
761 620 1028 686 tribubus,
1063 620 1190 690 quia
1228 629 1514 691 propterea
1558 634 1667 676 non
1715 628 1973 692 ceperunt
1999 634 2129 691 pro-
2161 622 2209 680 Δ
2238 618 2310 673 ibi
2362 617 2544 674 .Iesum
2613 620 2904 676 Dominum
2949 633 3191 677 nostrum
3232 637 3468 694 sequens,
3491 625 3699 687 interﬁcis

556 717 856 772 missiones
893 726 1053 772 terrae.
1082 715 1248 780 illius,
1280 730 1400 785 quzc
1427 716 1510 772 eis
1537 727 1690 772 extra
1716 715 2008 772 Jordanem
2041 731 2135 785 per

563 809 785 880 bloysen
839 809 1056 864 decreta
1089 818 1196 874 est,
1237 809 1344 864 Deo
1380 823 1476 882 pro
1507 809 1664 865 nobis
1706 808 1907 880 aliquid
1942 809 2134 866 melius

557 903 908 974 providente,
955 901 1035 956 uti
1081 917 1148 957 ne
1205 901 1322 956 sine
1379 902 1537 956 nobis
1591 911 2132 956 consummarentur.

547 993 855 1066 Propterea
884 1008 1018 1064 ergo
1042 1001 1330 1048 transerunt
1360 993 1643 1049 nobiscum
1672 996 1869 1049 armati
1895 995 1962 1049 ad
1993 1010 2134 1065 pra:-

556 1088 714 1153 lium,
744 1096 797 1143 et
815 1086 1008 1156 juvant
1037 1101 1135 1141 nos
1161 1087 1228 1141 ad
1256 1085 1698 1157 belligerandum,
1721 1088 1788 1140 ad
1813 1102 2132 1157 expugnan-

556 1181 656 1235 dos
706 1179 978 1235 inimicos.
1037 1177 1146 1232 Sed
1181 1177 1257 1232 illi
1309 1178 1714 1247 transenntqni
1752 1178 1952 1232 armati
1983 1187 2130 1245 sunt,

2250 713 2473 780 triginta
2505 723 2559 770 et
2587 729 2650 770 eo
2678 715 2910 786 amplius
2938 731 3116 787 reges,
3141 717 3262 774 illos
3290 717 3515 774 fortassis
3545 722 3596 776 de
3624 728 3703 793 qui-

2241 803 2340 860 bus
2377 806 2650 874 dicitur",
2677 811 2804 880 quia
2837 827 2856 862 ι
2881 811 3168 866 astiterunt
3196 826 3346 882 reges
3375 823 3531 880 terra,
3551 826 3592 870 et
3609 820 3703 886 prin.

2237 897 2383 968 cipes
2415 902 2726 971 congregati
2755 910 2884 956 sunt
2915 901 2970 956 in
2997 917 3186 968 unum,
3213 903 3463 959 adversus
3478 905 3702 976 Dominum,

2243 999 2295 1044 et
2344 990 2604 1048 adversus
2646 993 2922 1049 Christum
2967 993 3115 1062 ejus;
3145 1014 3164 1047 ι
3194 994 3512 1065 depulsisque
3538 999 3591 1052 iis
3615 1004 3704 1069 regi-

2240 1081 2341 1139 bus
2383 1093 2437 1140 et
2484 1088 2794 1155 prostratis,
2856 1096 3115 1158 agnoscet
3169 1087 3457 1142 secretiora
3508 1095 3705 1160 mysteria.

2243 1189 2525 1246 usqueqno
2564 1180 2746 1232 veniat
2782 1179 2848 1233 ad
2893 1179 3040 1234 illum
3081 1179 3258 1233 locum
3288 1178 3376 1233 ubi
3413 1181 3547 1235 sedes
3568 1183 3703 1238 Deiest

555 1273 647 1342 qui
673 1271 776 1326 viri
817 1270 986 1325 fortes
1016 1278 1144 1324 sunt
1178 1278 1234 1324 et
1264 1279 1546 1339 potentes;
1581 1271 1762 1326 caeteri
1792 1285 1944 1334 vero,
1981 1271 2133 1340 igna-
2233 1275 2289 1322 et
2331 1266 2636 1325 Jerusalem
2687 1272 2881 1327 civitas
2930 1272 3026 1328 Dei
3079 1271 3330 1333 viventis,
3365 1287 3462 1325 non
3503 1273 3586 1328 ista
3625 1293 3702 1342 qua

556 1377 623 1415 va
660 1376 852 1415 manus
895 1369 952 1416 et
987 1359 1244 1428 imbellis,
1272 1372 1555 1417 remanent
1601 1372 1758 1418 extra
1801 1359 2129 1418 Jordancm.

559 1457 615 1511 Si
647 1457 739 1527 qui
765 1466 951 1512 autem
998 1457 1052 1511 in
1105 1456 1238 1526 ipsis
1260 1456 1366 1511 viri
1403 1454 1573 1512 fortes
1603 1466 1750 1520 sunt,
1781 1456 1988 1512 relictis
2011 1458 2130 1510 ani-

558 1549 788 1605 malibus
839 1559 896 1604 et
949 1549 1240 1620 pecoribus
1294 1559 1348 1604 et
1391 1549 1645 1604 omnibus
1700 1549 2127 1619 impedimentis,

555 1640 1105 1712 pngnantadversuin
1134 1642 1342 1696 hostem
1373 1640 1660 1695 nobiscum
1696 1655 1979 1711 usquequo
2008 1643 2129 1697 vin-

555 1741 753 1786 cantur
780 1731 982 1786 inimici
1019 1732 1219 1796 nostri,
1256 1744 1543 1802 usquequo
1566 1730 1942 1787 haereditatcm
1973 1744 2131 1788 terra:

554 1823 734 1886 bona),
769 1831 927 1877 terrm
959 1820 1140 1876 mellis
1185 1821 1456 1890 lactisque
1489 1821 1792 1890 capiamus.
1829 1822 1963 1890 Quis
1984 1824 2128 1878 enim

553 1915 770 1970 dubitat
795 1913 942 1984 quod
986 1914 1159 1970 sancti
1191 1914 1397 1984 quique
1434 1922 1673 1984 patrum,
1705 1924 1760 1968 et
1793 1915 2130 1972 orationibus

554 2020 655 2062 nos
681 2007 893 2075 juveut,
931 2013 987 2059 et
1020 2013 1299 2075 gestorum
1331 2020 1557 2060 suorum
1597 2006 1928 2062 confirment
1962 2019 2127 2078 atque
2159 1987 2203 2043 Β

552 2101 844 2156 hortentur
891 2097 1176 2169 exemplis,
1211 2097 1306 2153 sed
1341 2107 1398 2153 et
1446 2098 1813 2154 voluminibus
1855 2101 1989 2168 suis,
2033 2116 2130 2170 per

549 2206 615 2246 ea
665 2204 783 2261 quae
842 2189 1001 2246 nobis
1056 2189 1130 2244 ad
1172 2189 1493 2244 memoriam
1545 2191 1748 2262 scripta
1787 2191 2130 2261 reliquerunt

549 2283 810 2338 docentes
864 2297 985 2350 nos,
1027 2290 1082 2337 et
1125 2281 1464 2337 instruentes
1515 2284 1789 2352 quomodo
1837 2285 2125 2341 adversum

550 2375 799 2431 inimicas
833 2381 1134 2444 potestates
1166 2373 1535 2430 dimicandum
1591 2375 1683 2441 sit,
1735 2385 1793 2432 et
1851 2381 2124 2447 quomodo

548 2484 785 2539 agonum
820 2466 1099 2523 toleranda
1123 2467 1466 2522 certamina?
1493 2465 1738 2538 Pugnant
1759 2483 1887 2540 ergo
1910 2485 2006 2539 pro
2025 2485 2126 2526 no-

549 2565 634 2619 bis
663 2575 718 2620 et
747 2563 876 2634 ipsi,
917 2562 1176 2618 incedunt
1220 2562 1378 2632 primi
1415 2570 1543 2618 ante
1575 2576 1672 2618 nos
1723 2565 1942 2618 armati.
1975 2563 2128 2636 Ipsos

547 2655 698 2710 enim
737 2669 837 2710 nos
875 2654 1142 2710 habentes
1186 2655 1252 2709 ad
1293 2654 1624 2725 exemplum,
1657 2665 1710 2711 et
1762 2657 2007 2713 videntes
2035 2673 2130 2714 co-

552 2761 800 2816 rumper
823 2747 1071 2818 spiritum
1107 2743 1268 2800 fortia
1294 2745 1458 2812 facta,
1478 2761 1758 2801 armantur
1785 2749 1851 2801 ad
1881 2749 2123 2818 prmlium

555 2837 822 2908 spiritale,
867 2847 920 2894 et
980 2837 1242 2894 adversus
1297 2837 1559 2906 spiritalia
1604 2840 1859 2908 nequitiae
1910 2841 1962 2895 in
2015 2857 2129 2897 ca:-

553 2931 782 2988 lcstibus
841 2931 1184 2987 dimicamus.
1247 2930 1339 2986 Sic
1399 2933 1634 3002 denique
1685 2933 1777 3002 qui
1814 2932 1941 2990 Jcsu
1991 2935 2127 2992 duce

549 3023 800 3086 militant,
835 3022 1056 3094 triginta
1081 3032 1138 3077 et
1162 3036 1227 3077 eo
1257 3022 1495 3091 amplius
1529 3037 1684 3092 reges
1736 3026 2037 3094 perimunt,
2069 3039 2126 3083 et

552 3127 728 3171 terras
773 3130 966 3171 eorum
993 3125 1140 3171 sorte
1170 3113 1506 3170 haereditatis
1531 3114 1831 3186 accipiunt.
1875 3117 2127 3189 Depulsis

548 3224 782 3279 namque
829 3208 1166 3279 spiritalibus
1200 3206 1458 3276 nequitiis
1480 3209 1544 3262 de
1580 3208 1922 3279 cmfestibus,
1951 3211 2117 3268 barre-

2236 1359 2403 1413 servit
2442 1375 2566 1415 cum
2620 1363 2746 1419 filiis
2785 1363 2900 1420 suis
2949 1364 3002 1418 in
3043 1364 3229 1429 terris,
3273 1363 3365 1416 sed
3408 1362 3490 1418 illa
3524 1367 3706 1433 cmicstis,

2233 1477 2354 1533 qua:
2378 1463 2552 1518 libera
2587 1471 2695 1525 est,
2734 1468 2788 1514 et
2828 1468 3002 1514 mater
3031 1459 3275 1513 omnium
3309 1469 3531 1516 nostrum
3555 1466 3709 1519 :adeu-

2227 1555 2316 1624 jus
2339 1569 2437 1610 nos
2466 1552 2843 1608 haereditatem
2875 1550 3171 1620 perducere
3204 1551 3452 1621 dignetur
3480 1552 3568 1604 dux
3589 1553 3709 1608 cilio-

2233 1654 2415 1709 minus
2455 1660 2640 1704 noster
2685 1645 2842 1702 Jesus
2879 1644 3150 1712 Christus,
3185 1645 3271 1699 eui
3296 1655 3379 1700 est
3404 1645 3557 1715 gloria
3583 1658 3625 1702 et
3646 1650 3710 1702 in-

2231 1743 2444 1817 perium
2471 1741 2526 1796 in
2557 1739 2755 1797 saecula
2785 1736 3129 1793 saeculorum.
3157 1737 3353 1794 Amen.

2753 1828 3032 1886 HOMILIA
3071 1826 3290 1883 XXVII.

2538 1926 2616 1982 De
2638 1923 3003 1980 mansionibus
3032 1922 3269 1990 ﬁliorum
3303 1921 3485 1976 Israel.

2305 2024 2358 2080 l.
2398 2021 2536 2078 Cum
2603 2018 2868 2075 conderet
2923 2015 3066 2071 Deus
3117 2002 3430 2080 mundum,
3489 2014 3714 2072 innumeras

2231 2115 2442 2170 creavit
2468 2114 2715 2170 ciborum
2749 2106 3109 2172 differentias,
3137 2123 3234 2177 pro
3259 2109 3631 2165 diversitatibus
3649 2117 3714 2166 sri-

2231 2204 2360 2260 licet
2399 2203 2484 2259 vel
2529 2199 2754 2257 humani
2795 2196 3073 2265 desiderii,
3105 2197 3186 2252 vel
3229 2208 3440 2254 natura:
3464 2201 3714 2257 animalium.

2232 2297 2386 2353 Unde
2422 2310 2527 2351 non
2575 2292 2752 2348 solum
2794 2291 2957 2346 homo
3003 2304 3126 2344 cum
3159 2290 3361 2346 viderit
3385 2293 3713 2346 animaliumii-

2231 2393 2378 2459 bum,
2420 2391 2522 2447 scit
2571 2403 2696 2444 eum
2759 2402 2866 2442 non
2921 2402 3024 2456 pro
3071 2401 3154 2450 se.
3177 2385 3272 2440 sed
3333 2401 3429 2455 pro
3478 2387 3716 2441 animalibus

2231 2495 2501 2550 creatum,
2534 2482 2630 2537 sed
2677 2489 2733 2537 et
2786 2479 2902 2549 ipsa
2930 2478 3188 2533 animalia
3219 2491 3517 2549 agnoscunt
3541 2483 3714 2550 proprios

2229 2579 2423 2634 cibos:
2447 2585 2502 2632 et
2533 2574 2654 2631 aliis
2679 2573 2929 2644 quidem,
2959 2573 3113 2628 verbi
3139 2588 3333 2639 causa,
3358 2573 3518 2627 utitur
3546 2573 3717 2635 leo,al:‘s

2229 2687 2452 2736 cervus,
2514 2669 2637 2724 aliis
2687 2669 2806 2735 bos,
2857 2667 2980 2722 aliis
3038 2683 3168 2723 vero
3225 2683 3382 2722 aves.
3425 2667 3521 2722 Sed
3553 2680 3597 2720 et
3631 2668 3717 2719 iam

2231 2764 2479 2820 homines
2547 2772 2672 2818 sunt
2742 2761 2996 2831 quadam
3047 2757 3376 2814 differentia:
3436 2759 3487 2812 in
3536 2769 3718 2828 appeten-

2228 2856 2312 2911 dis
2350 2855 2614 2910 cibiszet
2643 2853 2782 2908 alius
2835 2854 3052 2923 quidem
3111 2852 3202 2921 qui
3263 2853 3405 2907 bene
3447 2865 3587 2905 sanus
3608 2859 3666 2902 est
3685 2858 3716 2900 et

2209 2945 2549 3002 habitudine
2578 2945 2830 3015 corporis
2867 2944 3080 3008 valens,
3117 2941 3314 2996 fortem
3342 2942 3515 2996 cibum
3540 2940 3715 3010 requirit,

2227 3048 2283 3093 et
2311 3038 2487 3094 credit
2531 3037 2864 3106 conliditque
2893 3034 3057 3090 edere
3099 3034 3308 3098 omnia,
3342 3033 3482 3089 velut
3529 3033 3714 3088 robustis-

2227 3131 2349 3188 simi
2380 3131 2581 3200 quiqne
2626 3129 2983 3184 athletarum.
3012 3127 3071 3184 Si
3105 3127 3230 3197 quis
3283 3141 3417 3180 vero
3454 3125 3717 3179 infirmiora-

2227 3239 2285 3279 se
2314 3223 2480 3279 sentit
2517 3237 2573 3279 et
2608 3222 2931 3286 invalidum,
2970 3221 3278 3277 delectatur
3319 3219 3565 3284 oleribus,
3588 3218 3719 3272 etiar-

547 3299 769 3354 ilitatem
803 3299 954 3372 regni
983 3298 1220 3356 emlestis
1247 3313 1276 3351 a
1311 3295 1440 3352 Jesu
1470 3297 1696 3354 Domino
1727 3309 1915 3355 nostro
1940 3301 2121 3370 perci-

2229 3325 2336 3371 tem
2371 3315 2550 3370 cibum
2575 3330 2671 3385 pro
2708 3314 2792 3370 sui
2822 3313 3139 3369 infirmitate
3173 3312 3426 3382 corporis
3447 3313 3546 3379 (59)
3567 3327 3646 3364 non
3664 3324 3717 3362 ie-

547 3393 725 3462 pittnt.

626 3483 677 3536 7.
723 3483 907 3540 Potest
952 3495 1008 3538 et
1063 3486 1253 3542 tertius
1308 3486 1488 3543 adhuc
1542 3482 1899 3556 expositionis
1949 3481 2124 3537 videri

552 3579 768 3646 modus,
805 3589 864 3635 ut
889 3580 942 3634 in
975 3581 1102 3635 ﬁliis
1128 3581 1314 3648 Israel,
1341 3582 1393 3638 id
1421 3588 1504 3638 est
1534 3581 1588 3637 in
1621 3581 1818 3652 populo
1846 3580 2122 3646 Ecclesiae,

545 3673 922 3743 intelligantur
959 3673 1182 3744 quidam
1227 3687 1348 3729 esse
1397 3673 1696 3745 spiritales,
1740 3682 1796 3728 et
1819 3673 1964 3728 intra
1994 3670 2122 3727 Jor-

539 3765 736 3820 danem
784 3765 1068 3835 percipere
1110 3766 1480 3821 hazreditatem
1517 3775 1674 3820 terra:
1706 3762 1928 3819 ﬂuentis
1961 3763 2045 3818 lac
2068 3774 2123 3816 et

536 3856 646 3911 mel
674 3875 687 3911 :
714 3858 996 3928 sapientia:
1025 3858 1237 3914 scilicet
1262 3869 1318 3914 et
1343 3861 1584 3914 scientiae
1617 3859 1902 3928 capientes
1931 3857 2122 3913 dulce-

543 3946 749 4012 dinem,
781 3961 1017 4017 quorum
1063 3957 1208 4003 terra
1257 3946 1478 4003 flumine
1516 3947 1636 4013 Dei,
1669 3949 1813 4018 quod
1855 3947 2120 4018 repletum

541 4046 628 4092 est
667 4039 826 4108 aquis
863 4039 1064 4094 divinae
1111 4038 1506 4111 intelligentiae,
1554 4041 1926 4096 circumdatur
1961 4050 2016 4095 et
2047 4040 2122 4094 ri—

540 4139 724 4199 gatur.
779 4131 888 4186 Alii
938 4141 1122 4186 autem
1161 4139 1287 4186 sunt
1323 4133 1594 4198 carnales,
1642 4135 1732 4203 qui
1772 4134 2036 4204 jumentis
2067 4144 2123 4189 et

540 4221 862 4288 pecudibus,
897 4223 952 4279 id
985 4231 1074 4279 est.
1103 4223 1305 4279 crassis
1347 4235 1400 4279 et
1433 4223 1647 4282 stolidis
1669 4227 1920 4282 sensibus
1947 4227 2121 4281 abun-

540 4315 882 4369 dant:sicut
926 4323 1086 4370 erant
1133 4313 1208 4369 illi
1265 4315 1331 4370 de
1378 4315 1580 4385 quibus
1625 4316 1842 4373 dicebat
1887 4319 2120 4389 Aposto-

532 4406 687 4462 lus"
711 4425 725 4463 :
750 4425 769 4460 ι
793 4408 871 4462 fta
912 4407 1180 4465 insensati
1228 4409 1384 4473 estis,
1417 4417 1476 4463 nt
1505 4423 1631 4465 cum
1669 4410 1860 4480 spiritu
1889 4411 2120 4482 coeperi-

529 4500 636 4565 .tis,
663 4516 811 4558 nunc
849 4516 1012 4558 carne
1047 4502 1410 4572 perficiamini
1434 4502 1457 4557 ?
1480 4521 1499 4554 ι
1526 4502 1645 4557 et"
1686 4521 1700 4558 :
1738 4522 1757 4556 ‹
1783 4502 1827 4559 Ο
1860 4505 2119 4561 insensati

536 4589 765 4660 Galatae,
791 4594 912 4664 quis
947 4609 1044 4650 vos
1079 4593 1376 4651 fascinavit
1403 4595 1624 4651 veritati
1658 4611 1765 4652 non
1806 4599 2069 4655 obedire?
2093 4619 2113 4654 ι

2229 3409 2383 3480 cipit.
2421 3407 2477 3463 Si
2512 3423 2641 3464 vero
2675 3407 2746 3464 sit
2773 3408 2969 3478 aliquis
2998 3405 3278 3478 parvulus,
3307 3405 3513 3460 etiamsi
3552 3419 3652 3457 voce
3675 3405 3722 3454 ia-

2227 3499 2411 3554 dicare
2456 3515 2560 3552 non
2616 3498 2805 3568 possit,
2854 3513 2914 3552 re
2969 3509 3152 3552 tamen
3209 3498 3330 3567 ipsa
3385 3496 3567 3550 nullam
3607 3494 3714 3547 aliam

2226 3603 2391 3659 quam
2432 3589 2593 3644 lactis
2633 3588 2864 3658 requirit
2898 3587 3233 3642 alimoniam.
3277 3588 3347 3641 Et
3389 3587 3456 3640 ita
3507 3587 3721 3654 unusquiso

2227 3697 2334 3752 quc
2365 3682 2447 3737 vel
2473 3696 2572 3752 pro
2608 3690 2769 3736 :etate
2797 3680 2882 3736 vel
2917 3696 3019 3752 pro
3047 3679 3278 3747 viribus,
3314 3680 3402 3735 vel
3437 3694 3526 3750 pro
3551 3680 3721 3747 corporis
3816 3673 3817 3676 “

2226 3775 2561 3841 valetudine,
2587 3783 2772 3845 aptum
2809 3775 2913 3829 sibi
2946 3784 3000 3830 et
3030 3781 3434 3843 competentem
3463 3772 3638 3827 viribus
3652 3773 3723 3825 ssi!

2223 3868 2432 3939 expetit
2471 3868 2674 3923 cibum.
2711 3867 2771 3922 Si
2815 3864 3150 3922 sufficienter
3193 3884 3382 3923 rerum
3441 3863 3720 3933 corporalium

2223 3958 2622 4015 considerastis
2653 3957 2992 4028 exemplum,
3029 3975 3172 4014 nunc
3202 3959 3272 4014 ab
3304 3960 3373 4015 iis
3396 3959 3461 4012 ad
3507 3955 3724 4024 intelliges-

2225 4051 2352 4106 tiam
2386 4050 2710 4120 spiritalium
2743 4049 3048 4106 veniamus.
3080 4048 3277 4107 Omnis
3311 4060 3503 4105 natura
3553 4048 3723 4102 rationa-

2221 4141 2346 4197 bilis
2379 4141 2614 4212 propriis
2652 4149 2710 4196 et
2737 4140 2842 4196 sibi
2882 4141 3328 4211 competentibus
3369 4139 3556 4196 nutriri
3586 4136 3725 4203 indiget

2222 4235 2382 4290 cibis.
2422 4234 2591 4289 Cibus
2625 4243 2804 4289 autem
2830 4248 2994 4289 verus
3019 4241 3228 4288 natura:
3263 4231 3587 4288 rationabilis
3604 4242 3724 4282 sema

2222 4329 2316 4384 Dei
2346 4338 2450 4384 est.
2488 4327 2598 4383 Sed
2632 4328 2775 4382 sicut
2825 4327 2880 4381 in
2937 4327 3291 4381 nutrimentis
3322 4324 3562 4397 corporis
3592 4319 3725 4376 multas

2222 4424 2383 4493 paulo
2430 4431 2556 4477 ante
2585 4421 2835 4477 dedimus
2871 4419 3226 4485 differentias,
3271 4421 3352 4476 ita
3396 4431 3451 4476 et
3487 4429 3646 4474 natura
3675 4428 3725 4466 r2-

2223 4516 2468 4582 tionalis,
2519 4529 2641 4586 quae
2681 4514 2896 4569 ratione
2938 4523 2994 4568 et
3043 4513 3212 4569 verbo
3267 4513 3386 4577 Dei,
3435 4522 3492 4566 ut
3532 4509 3723 4564 diximus

2219 4609 2484 4678 pascitur,
2519 4621 2625 4662 non
2654 4606 2833 4663 omnis
2857 4619 2965 4659 uno
3011 4613 3174 4674 atque
3206 4604 3402 4659 eodem
3432 4603 3580 4659 verbo
3610 4600 3724 4653 nutri.
3816 4659 3817 4662 η

539 4681 648 4741 Sed
679 4694 734 4742 et
761 4687 1137 4758 unusquisque
1175 4699 1446 4756 nostrum,
1481 4690 1582 4747 nisi
1614 4705 1673 4747 se
1701 4695 2013 4759 armaverit,
2041 4703 2117 4759 et,
2153 4688 2196 4743 Ι)
2225 4711 2333 4756 tur.
2366 4700 2522 4756 Unde
2554 4699 2622 4754 ad
2666 4696 3081 4754 similitudinem
3113 4697 3422 4766 corporalis
3459 4690 3654 4761 exempli
3674 4699 3726 4741 e4

538 4775 768 4846 abiectis
815 4779 992 4834 brutis
1032 4788 1088 4835 et
1110 4779 1369 4837 belluinis
1399 4787 1672 4852 sensibus,
1703 4787 1771 4841 ad
1808 4789 2110 4855 Spiritalem

539 4868 952 4937 intelligentiam
995 4875 1392 4942 properaverit,
1440 4877 1744 4932 remanebit
1777 4891 1934 4934 extra
1989 4881 2115 4937 Jor-

538 4960 759 5025 danem,
789 4977 890 5017 nec
934 4966 1134 5033 poterit
1166 4980 1262 5035 per
1294 4967 1572 5036 sapientiae
1602 4968 1800 5025 flumen
1831 4971 2110 5042 incedere,

535 5052 679 5121 quod
730 5052 971 5110 laetificat
1012 5055 1291 5111 civitatem
1353 5059 1472 5126 Dei,
1516 5061 1570 5115 id
1617 5071 1700 5117 est
1745 5066 1978 5118 animam
2018 5065 2112 5120 Dei

535 5156 794 5212 capacem
824 5160 838 5197 :
866 5161 970 5200 non
1016 5157 1344 5216 assequetur
1403 5148 1742 5221 eloquiorum
1784 5156 1997 5211 Domini
2032 5156 2114 5209 in-

535 5241 759 5310 teriora,
809 5259 933 5314 qua:
969 5254 1094 5301 sunt
1140 5247 1386 5304 dulciora
1436 5266 1600 5320 super
1637 5251 1741 5305 mel
1789 5261 1844 5306 et
1903 5253 2111 5317 favum,

532 5332 626 5388 sed
659 5335 806 5391 illaut
831 5341 1209 5397 tantummodo
1245 5353 1610 5412 consequetur
1649 5353 1877 5409 terram,
1912 5345 1964 5398 in
2002 5360 2108 5414 qua

531 5422 641 5479 duo
683 5440 842 5498 reges
887 5429 1056 5485 occisi
1102 5441 1252 5499 sunt,
1297 5434 1390 5488 ubi
1431 5434 1644 5489 dicatur
1696 5436 1814 5491 ei"
1855 5453 1870 5489 :
1915 5454 1936 5489 ‹
1965 5437 2109 5493 Nihil

532 5516 678 5575 aliud
705 5520 945 5590 iudicavi
978 5539 1064 5580 me
1099 5525 1275 5594 ipsum
1318 5527 1464 5582 scire
1494 5528 1636 5584 inter
1665 5543 1762 5584 vos
1791 5530 1896 5584 nisi
1921 5528 2106 5585 Jesum

531 5609 828 5683 Christum,
861 5627 917 5671 et
943 5617 1084 5673 hunc
1101 5617 1447 5673 crucifixum.
1477 5636 1497 5671 ι
1525 5619 1626 5686 Qui
1661 5630 1839 5675 autem
1868 5622 2110 5691 potuerit

535 5713 770 5767 transire
796 5710 1183 5782 Jordanem,et
1214 5718 1282 5771 ad
1317 5715 1575 5772 interiora
1608 5725 1918 5787 penetrare,
1942 5717 2108 5790 374

603 5847 650 5878 ⁷³
676 5848 798 5906 Gai.
826 5865 909 5917 ιιι,
929 5851 982 5905 ’5.
1059 5851 1105 5883 ⁷⁸
1138 5852 1297 5916 ibid...
1327 5852 1376 5906 1.

605 5960 718 6031 (59)
751 5962 1019 6032 Corporis.
1042 5963 1201 6021 Deest
1219 5965 1273 6020 in
1292 5964 1474 6032 editis,
1491 5965 1587 6022 sed
1617 5966 1944 6038 suppleture
1959 5983 2088 6024 mss.

2221 4795 2495 4865 aliquibus
2541 4793 2707 4847 etiam
2761 4790 2874 4862 (60)
2923 4790 2978 4844 in
3039 4789 3210 4843 verbo
3248 4788 3347 4843 Dei
3403 4788 3548 4842 cibus
3583 4782 3722 4836 lactis:

2219 4888 2466 4958 apertior
2505 4886 2716 4942 scilicet
2750 4881 3160 4953 simpliciorque
3191 4881 3464 4942 doctrina,
3496 4887 3548 4933 ut
3572 4877 3626 4932 de
3649 4886 3724 4926 iso-

2221 4980 2424 5035 ralibus
2457 4994 2578 5035 esse
2628 4978 2789 5040 solet,
2822 4989 2944 5046 quae
2993 4975 3222 5046 praeberi
3255 4974 3536 5029 consuevit
3561 4965 3636 5034 iis,
3658 4981 3716 5032 (ιε

2223 5068 2380 5124 initia
2403 5068 2606 5123 habent
2638 5067 2692 5120 in
2722 5065 2926 5121 divinis
2950 5065 3168 5130 studiis,
3193 5073 3244 5119 et
3271 5066 3447 5134 prima
3473 5056 3723 5116 eruditionis

2222 5161 2562 5218 rationabilis
2597 5160 2867 5215 elementa
2910 5159 3238 5229 suscipiunt.
3271 5157 3371 5210 llis
3403 5168 3529 5224 ergo
3553 5167 3650 5205 cum
3672 5164 3724 5198 η-

2221 5258 2422 5313 citatur
2448 5253 2572 5308 talis
2617 5252 2798 5322 aliqua
2832 5251 3138 5307 divinorum
3164 5250 3499 5304 voluminum
3526 5239 3721 5304 fecundi:

2229 5363 2334 5419 qua
2365 5362 2469 5402 non
2517 5345 2772 5399 videatur
2808 5343 3014 5414 aliquid
3040 5343 3354 5407 obscurum,
3389 5340 3601 5394 libenter
3624 5331 3722 5386 acci-

2218 5444 2372 5513 piunt
2403 5457 2418 5497 :
2446 5440 2599 5494 verbi
2643 5453 2826 5501 causa,
2858 5448 2916 5492 ut
2945 5450 3030 5493 est
3084 5436 3291 5493 libellus
3327 5435 3538 5494 Esther,
3560 5436 3636 5482 aut
3662 5421 3722 5475 lc-

2219 5535 2354 5596 dith,
2400 5532 2481 5587 vel
2516 5531 2682 5586 etiam
2715 5528 2918 5594 Tobiaa,
2961 5538 3054 5582 aut
3086 5529 3341 5583 mandata
3383 5520 3658 5595 Sapientia.
3684 5513 3720 5565 δὲ

2219 5643 2348 5682 vero
2378 5625 2586 5694 legatur
2623 5624 2673 5678 ei
2728 5624 2868 5679 liber
2910 5622 3160 5690 Levitici,
3196 5620 3490 5676 offenditur
3530 5613 3721 5668 continue

2218 5719 2454 5782 animus,
2494 5725 2550 5771 et
2597 5717 2753 5785 quasi
2807 5729 2912 5770 non
2966 5730 3122 5769 suum
3185 5713 3382 5784 refugit
3435 5712 3617 5766 cibum.
3651 5697 3720 5765 Qui

1452 5850 1539 5906 "l
1575 5850 1698 5908 Cor.
1727 5852 1793 5919 ll,
1823 5853 1878 5909 2.
1954 5856 2001 5888 ⁷⁸
2027 5856 2169 5914 Psal.
2197 5874 2260 5924 lt,
2291 5856 2347 5914 2.

2269 5967 2384 6040 (60)
2403 5965 2585 6022 Codex
2615 5963 2677 6025 S.
2713 5963 3056 6032 Theoderici,
3088 5971 3198 6020 «est
3222 5959 3417 6030 aliquis
3436 5958 3716 6020 etiamnctc.
