3874 6498
188 529 277 584 781

1296 513 1360 568 IN
1400 504 1734 567 NUMEBOS
1759 501 2044 560 HOMILIA
2069 500 2285 558 XXVII.

3308 498 3367 550 7S
3377 494 3411 549 3

187 649 316 701 enim
366 641 515 697 venit
567 648 624 695 ut
668 639 903 695 disceret
937 635 1105 690 Deum
1142 631 1348 695 colere,
1405 625 1629 698 iustitia:
1679 636 1744 677 ac
1772 618 1822 679 Δ
1852 618 1905 673 in
1954 617 2274 688 prafatione
2315 616 2703 687 praemisimus,
2735 625 2797 671 ut
2842 615 3169 677 suscitemus
3203 615 3418 672 animos

186 740 387 810 pictatis
420 738 538 806 ejus
564 740 838 807 praecepta
872 728 1177 798 suscipere,
1207 722 1357 778 audit
1396 719 1648 774 mandata
1677 716 1743 771 de

188 833 456 889 sacriﬁciis
479 830 621 896 dari,
647 838 699 884 ct
727 822 1162 882 immolationum
1198 819 1333 873 ritus
1370 814 1577 879 doceri,
1609 826 1742 881 quo-

188 927 333 980 modo
372 940 475 978 non
515 923 778 978 continuo
836 916 1033 972 avertit
1074 912 1338 973 auditum,
1378 917 1433 961 et
1486 916 1742 973 tanquam

189 1033 284 1067 non
310 1014 409 1068 sibi
438 1023 620 1082 aptum
676 1012 857 1065 cibum
903 1004 1160 1063 recusat?
1197 1002 1304 1057 Sed
1349 1006 1404 1054 et
1442 998 1580 1051 alius
1616 1010 1741 1049 cum

187 1110 426 1180 leguntur
455 1105 767 1175 Evangelia.
803 1102 886 1158 vel
932 1098 1245 1170 Apostolus,
1274 1102 1367 1148 aut
1404 1090 1626 1152 Psalmi,
1653 1088 1744 1143 la:-

191 1215 270 1258 tus
303 1202 544 1271 suscipit,
588 1199 825 1253 libenter
871 1192 1238 1263 amplectitur,
1280 1195 1331 1241 et
1376 1187 1520 1240 velut
1571 1195 1742 1237 reme-

189 1299 271 1350 dia
302 1294 543 1365 quaedam
577 1288 914 1345 inﬁrmitatis
945 1300 1057 1340 sua:
1086 1284 1210 1339 inde
1232 1280 1494 1346 colligens
1526 1277 1743 1350 gaudet.

188 1388 315 1443 Huic
345 1388 388 1442 si
434 1386 644 1454 legatur
676 1382 1038 1437 Numerorum
1082 1378 1240 1443 liber,
1267 1385 1323 1431 et
1357 1376 1459 1429 ista
1510 1370 1747 1426 maxime

190 1481 298 1534 loca
326 1492 441 1546 quae
474 1492 618 1532 nunc
650 1474 916 1529 habemus
946 1474 998 1527 in
1034 1469 1307 1535 manibus,
1350 1466 1488 1521 nihil
1527 1466 1643 1519 hmo
1677 1461 1743 1517 ad

190 1570 494 1631 utilitatem,
526 1566 664 1621 nihil
687 1566 754 1621 ad
783 1565 1123 1619 infirmitatis
1143 1577 1256 1617 suae
1286 1558 1613 1621 remedium,
1650 1562 1746 1609 aut

188 1664 372 1717 anima:
414 1659 646 1715 salutem
688 1659 948 1730 prodesse
989 1656 1286 1728 iudicabit;
1336 1654 1429 1709 sed
1489 1650 1746 1707 continuo

184 1756 457 1819 refutabit,
506 1762 561 1810 et
612 1765 834 1824 respuet
884 1763 1141 1823 tanquam
1181 1763 1372 1822 graves
1399 1755 1455 1802 et
1482 1758 1748 1800 onerosos

188 1854 353 1916 cibos,
376 1862 429 1909 et
458 1851 547 1921 qui
611 1864 767 1920 aegrae
809 1857 971 1916 atque
1016 1842 1269 1898 invalida:
1304 1854 1410 1894 non
1437 1843 1751 1906 competant

1846 721 2080 776 vestros,
2128 711 2384 782 quoniam
2434 711 2654 781 quidem
2701 710 3003 780 hujusmodi
3055 710 3217 764 lectio
3253 710 3419 765 babe-

1846 812 1938 858 tur
1971 804 2025 858 in
2058 802 2326 867 manibus,
2355 816 2476 871 quae
2505 801 2738 857 dillicilis
2786 804 2852 857 ad
2901 800 3336 872 intelligendum,
3364 811 3417 853 et

1847 896 2115 966 superﬂua
2134 896 2385 950 videatur
2422 895 2487 949 ad
2518 895 2828 966 legendum.
2858 894 2963 951 Sed
2996 912 3101 951 non
3133 909 3419 966 possumus

1849 990 1951 1044 hoc
1983 991 2165 1044 dicere
2194 990 2260 1044 de
2288 988 2461 1043 sancti
2496 987 2737 1057 Spiritus
2770 987 3114 1060 litteris(62),
3142 987 3285 1058 quod
3314 986 3418 1042 ali~

1847 1081 1977 1150 quid
2027 1080 2079 1133 in
2127 1080 2208 1134 eis
2251 1081 2483 1135 otiosum
2527 1080 2598 1136 sit
2644 1089 2735 1133 aut
2794 1080 3148 1150 superﬂuum,
3199 1083 3418 1137 etiamsi

1850 1172 2122 1242 aliquibus
2158 1173 2442 1228 videantur
2477 1173 2730 1228 obscura.
2763 1174 2867 1229 Sed
2900 1175 3005 1230 hoc
3034 1176 3209 1244 potius
3243 1176 3420 1230 facere

1851 1263 2131 1329 debemus,
2168 1272 2225 1316 ut
2254 1263 2439 1318 oculos
2470 1264 2668 1319 mentis
2704 1275 2904 1320 nostrae
2939 1276 3323 1322 conVcrtamus
3352 1270 3418 1320 ad

1850 1370 1994 1419 cum,
2026 1357 2114 1424 qui
2149 1356 2262 1410 haec
2291 1355 2454 1411 scribi
2478 1355 2661 1425 jussit,
2697 1365 2751 1410 et
2784 1357 2853 1409 ab
2884 1357 3000 1427 ipso
3034 1358 3225 1412 horum
3261 1360 3420 1415 intel-

1849 1447 2127 1518 ligentiam
2156 1447 2490 1517 postulemus
2516 1461 2531 1502 :
2557 1458 2619 1503 ut
2644 1449 2758 1504 sive
2788 1450 3075 1506 inﬁrmitas
3102 1460 3184 1507 est
3217 1451 3269 1505 in
3304 1453 3425 1506 ani—

1850 1553 1934 1593 ma
1975 1548 2180 1603 nostra,
2214 1549 2372 1593 sanet
2401 1555 2501 1595 nos
2535 1539 2645 1607 ille,
2670 1541 2759 1611 qni
2791 1550 2950 1597 sanat
2975 1557 3164 1598 omnes
3192 1542 3424 1614 languo-

1852 1647 1937 1688 res
1962 1631 2083 1701 ejus
2114 1649 2128 1687 :
2156 1631 2271 1687 sive
2301 1634 2455 1701 parvi
2502 1648 2694 1689 sensus
2725 1649 2937 1701 sumus,
2966 1636 3110 1691 adsit
3141 1639 3297 1693 nobis
3330 1654 3424 1693 cu-

1850 1726 2093 1781 stodiens
2126 1726 2383 1795 parvulos
2436 1727 2715 1791 Dominus,
2755 1737 2812 1782 et
2837 1730 3073 1785 enutriat
3108 1746 3228 1797 nos,
3261 1741 3425 1801 atquc

1853 1820 1907 1873 in
1954 1834 2264 1876 mensuram
2297 1820 2475 1874 aetatis
2526 1822 2780 1881 adducat.
2835 1821 3138 1894 Utrumque
3171 1827 3317 1880 enim
3368 1827 3423 1880 in

188 1913 395 2004 animae.
439 1913 547 2004 sed
582 1913 744 2007 sicut,
782 1913 932 1996 verbi
971 1937 1144 2004 gratia
1172 1935 1259 2004 (ut
1294 1932 1494 1986 iterum
1533 1944 1598 1983 ex
1624 1943 1749 1983 cor-
1784 1971 1825 2026 Β
1855 1913 2010 2026 ηοξξίδ
2040 1923 2143 2026 es".
2177 1922 2237 2026 “ll
2263 1928 2329 2026 ξι
2373 1913 2605 2026 illam?“
2652 1915 2718 1969 δά
2765 1916 3077 2021 εθηίξθῑθῐην
3117 1926 3171 2023 εξ
3195 1934 3261 1973 εκ
3293 1934 3423 2026 Par-

186 2050 454 2120 poralibus
480 2051 791 2115 repetamus
829 2031 1121 2103 exempla),
1144 2026 1283 2082 leoni
1323 2025 1369 2080 si
1398 2024 1566 2120 detur
1589 2020 1751 2120 int-el-

187 2112 374 2203 lectus,
409 2154 517 2194 non
545 2112 826 2191 Vcontinuo
854 2123 1093 2201 culpabit
1131 2115 1519 2176 abundantiam
1552 2112 1751 2168 herba-

187 2198 306 2287 rum
334 2198 592 2290 creatam,
629 2223 753 2293 quia
786 2221 906 2289 ipse
950 2198 1135 2270 crudis
1178 2209 1434 2267 carnibus
1487 2205 1747 2267 vescitur,

185 2344 290 2383 nec
333 2327 475 2380 dicet
532 2321 651 2373 illas
702 2310 972 2386 superﬂue
1016 2323 1045 2361 a
1090 2304 1387 2361 Conditore
1434 2298 1748 2371 productas,

187 2422 312 2493 quia
336 2419 451 2490 ipse
473 2428 658 2471 earum
694 2410 815 2465 cibo
846 2420 952 2460 non
979 2402 1144 2458 utitur
1172 2416 1184 2453 :
1211 2411 1310 2451 nec
1340 2391 1749 2493 iterum-homo,

187 2482 313 2585 quia
347 2482 486 2581 pane
514 2507 749 2575 aliisque
784 2500 925 2570 aptis
968 2495 1069 2552 sibi
1110 2492 1284 2549 utitur
1309 2482 1755 2585 aliniouiis,ucul-

186 2576 316 2677 pare
347 2576 512 2659 debet
545 2615 642 2655 cur
669 2596 861 2653 fecerit
897 2592 1037 2647 Deus
1066 2594 1364 2656 serpentes,
1402 2595 1539 2651 quos
1571 2576 1751 2677 cibum

185 2672 370 2757 videat
398 2696 641 2768 prmbere
669 2690 879 2753 cervis;
921 2697 1094 2755 neque
1118 2681 1367 2743 ovis,aut
1384 2677 1486 2732 bos
1508 2672 1751 2768 culpare,

186 2792 339 2849 verbi
373 2764 561 2852 causa;
593 2782 735 2855 quod
776 2780 900 2835 aliis
949 2773 1276 2849 animalibus
1314 2767 1572 2825 carnibus
1605 2764 1753 2819 Vesci

184 2889 374 2940 datum
415 2889 520 2942 est,
568 2892 689 2931 cum
734 2873 867 2942 ipsis
917 2869 982 2924 ad
1024 2865 1289 2923 edendum
1343 2860 1589 2931 gramina
1641 2857 1754 2913 sola

183 2973 477 3031 sufﬁciant.
506 2971 582 3024 Ita
625 2981 756 3036 ergo
790 2973 843 3019 et
881 2964 933 3018 in
972 2960 1109 3015 cibis
1143 2954 1520 3016 rationalibus,
1546 2953 1756 3008 divino-

184 3085 307 3124 rum
354 3067 477 3120 dico
517 3059 874 3120 voluminum,
900 3069 1009 3109 non
1052 3051 1308 3107 continuo
1356 3057 1449 3103 aut
1488 3046 1754 3117 culpanda

181 3169 285 3216 aut
316 3156 599 3212 refutanda
629 3161 709 3206 est
744 3149 1053 3218 Scriptura,
1078 3158 1197 3213 qua:
1227 3139 1492 3197 difficilior
1535 3148 1631 3193 aut
1661 3139 1757 3195 ob.

182 3256 403 3312 scurior
437 3253 503 3307 ad
541 3246 945 3317 intelligendum
972 3240 1207 3301 videtur,
1239 3236 1327 3293 vel
1348 3251 1412 3291 ea
1448 3235 1753 3297 continere,

181 3350 387 3420 quibus
448 3347 562 3400 sive
604 3339 890 3408 incipiens,
925 3343 980 3389 et
1028 3330 1307 3403 parvulus,
1338 3328 1453 3383 sive
1486 3325 1754 3381 infirmior

181 3453 246 3499 et
271 3444 447 3498 minus
476 3438 539 3493 ad
567 3431 917 3504 intelligenda
947 3427 1131 3483 omnia
1158 3423 1369 3477 validus
1400 3420 1478 3476 uti
1518 3435 1624 3474 non
1655 3433 1753 3489 po-

182 3545 316 3596 test,
353 3547 452 3588 nec
479 3526 712 3586 conferri
743 3523 848 3580 sibi
880 3538 948 3577 ex
981 3519 1046 3575 iis
1087 3515 1342 3573 utilitatis
1387 3512 1592 3584 aliquid
1635 3511 1756 3566 exi-

179 3629 374 3684 stimat
401 3635 493 3677 aut
530 3618 761 3676 salutis:
787 3614 885 3671 sed
908 3610 1253 3669 considerare
1285 3604 1449 3661 debes
1470 3603 1604 3677 (6|),
1632 3602 1757 3671 quia

177 3725 332 3778 sicut
365 3729 593 3785 serpens
622 3720 675 3767 et
707 3710 848 3771 ovis,
886 3716 941 3761 et
982 3705 1080 3759 bos
1120 3710 1175 3757 et
1230 3703 1415 3765 homo,
1459 3713 1523 3753 ac
1570 3696 1755 3751 fenum

182 3814 284 3869 Del
321 3818 568 3866 creatura
601 3811 725 3859 sunt
755 3798 964 3860 omnia,
989 3803 1045 3849 et
1076 3793 1369 3849 diversitas
1403 3791 1505 3845 ista
1535 3791 1603 3845 ad
1635 3790 1753 3843 lau-

176 3908 311 3961 dem
343 3907 552 3971 spectat
583 3906 637 3953 et
664 3894 890 3966 gloriam
936 3887 1233 3954 Creatoris,
1260 3884 1404 3955 quod
1449 3890 1759 3952 competen-

176 4008 302 4053 tem
354 4002 405 4048 et
457 3992 511 4045 in
559 3999 803 4057 tempore
852 3982 1149 4049 unicuique
1202 3991 1391 4033 eorum
1431 3990 1529 4045 pro
1561 3973 1759 4044 quibus

172 4100 372 4147 creata
404 4095 549 4152 sunt,
575 4083 659 4139 vel
687 4079 985 4151 praebeant,
1032 4074 1116 4129 vel
1164 4072 1383 4140 capiant
1423 4069 1599 4124 cibum
1631 4087 1645 4122 :
1685 4070 1759 4121 ita

171 4197 242 4243 et
287 4186 408 4241 haec
442 4178 623 4236 omnia
676 4188 794 4245 qua
837 4171 1002 4227 verba
1054 4167 1152 4223 Dei
1213 4176 1361 4230 sunt,
1386 4172 1440 4220 et
1475 4164 1529 4219 in
1565 4163 1761 4233 quibus

172 4280 437 4336 diversus
468 4287 565 4343 pro
591 4280 751 4340 captu
792 4266 1097 4321 animarum
1142 4262 1298 4317 cibus
1333 4271 1440 4326 est,
1471 4258 1762 4328 unusquis-

170 4385 295 4443 que
334 4374 493 4437 prout
536 4377 729 4420 sanum
767 4374 827 4415 se
882 4366 937 4413 et
980 4355 1218 4431 validum
1271 4353 1463 4422 sentit,
1490 4359 1756 4407 assumat.

169 4459 450 4530 Quamvis
500 4466 554 4514 et
596 4457 640 4511 si
683 4451 994 4522 diligentius
1036 4448 1400 4518 requiramus,
1429 4443 1583 4499 verbi
1632 4457 1762 4499 cau-

168 4569 291 4616 sa,
349 4552 402 4605 in
481 4545 754 4616 Evangelii
816 4542 1078 4602 lectione,
1136 4537 1222 4593 vel
1297 4533 1593 4605 apostolica
1662 4532 1762 4589 do-

164 4646 391 4707 ctrina,
448 4642 500 4695 in
562 4638 756 4709 quibus
807 4631 1067 4690 delectari
1123 4629 1365 4699 videris,
1423 4634 1477 4681 et
1528 4626 1582 4680 in
1632 4625 1756 4694 qui-
1790 4649 1837 4706 ι)

164 4739 289 4793 bus
349 4734 445 4789 tibi
494 4730 832 4803 aptissimum
893 4734 947 4782 et
999 4723 1386 4780 suavissimum
1419 4721 1646 4789 deputas
1678 4718 1756 4772 ci-

165 4834 342 4894 bum,
390 4835 591 4897 quanta
668 4831 793 4878 sunt
845 4834 967 4888 qure
1017 4828 1072 4872 te
1133 4815 1328 4881 latent,
1388 4811 1437 4866 si
1494 4810 1758 4866 discutias

160 4933 235 4977 et
307 4917 670 4990 perscruteris
747 4916 997 4966 mandata
1072 4907 1326 4962 Domini?
1379 4904 1530 4971 Quod
1570 4903 1612 4957 si
1669 4915 1753 4966 ea,

161 5028 312 5084 quae
388 5012 617 5066 obscura
686 5007 940 5061 videntur
1003 5010 1059 5059 et
1116 4999 1393 5064 diﬂicilia,
1443 4995 1754 5067 refugienda

163 5112 316 5157 sunt
370 5101 617 5171 protinus
664 5107 718 5153 et
771 5095 1018 5159 vitanda,
1074 5090 1319 5147 invenies
1354 5090 1522 5144 etiam
1545 5087 1599 5141 in
1627 5084 1756 5151 illis,

159 5192 351 5267 375
385 5194 435 5244 iu
471 5190 666 5261 quibus
700 5188 852 5241 valde
886 5184 1135 5250 conﬁdis,
1183 5192 1291 5237 tam
1330 5180 1497 5235 multa
1527 5178 1758 5234 obscura

158 5294 234 5340 et
277 5282 547 5347 difﬁcilia,
579 5288 637 5336 ut
676 5282 723 5335 si
764 5280 906 5334 hanc
951 5276 1279 5333 sententiam
1312 5282 1523 5338 teneas,
1562 5272 1635 5327 sit
1664 5271 1758 5325 tibi

160 5378 355 5431 etiam
400 5377 524 5431 inde
566 5375 950 5447 recedendum.
1008 5370 1151 5424 Sunt
1198 5377 1378 5422 tamen
1420 5366 1654 5436 plurima
1705 5365 1759 5418 in

158 5471 317 5534 illis,
360 5484 480 5539 quae
524 5467 762 5537 apertius
807 5474 861 5519 et
912 5462 1213 5532 simplicius
1242 5461 1385 5515 dicta
1420 5467 1567 5524 sunt,
1596 5475 1756 5529 quam

155 5572 234 5619 ut
289 5563 446 5629 parvi
498 5576 690 5617 sensus
740 5559 1001 5613 aediﬁcent
1040 5557 1364 5611 auditorem.
1418 5554 1542 5610 llaec
1575 5562 1755 5609 autem

247 5680 299 5714 ⁷⁷
333 5680 488 5736 Num.
517 5695 713 5741 χχχιιι,
758 5678 809 5731 l.
838 5676 894 5731 2.
966 5676 1012 5708 ⁷⁸
1032 5673 1190 5729 Joan.
1238 5688 1349 5737 xiv,
1382 5672 1436 5725 2.

254 5775 378 5843 (61)
409 5775 557 5839 Mss.,
595 5774 820 5829 «debes.
852 5791 871 5823 ι
910 5769 1065 5823 Libb.
1128 5768 1280 5843 editi,
1337 5768 1594 5843 (tleliet.-_i
1634 5767 1759 5843 Mox

156 5837 369 5903 iidem"
388 5837 551 5905 mss.,
579 5861 597 5893 ι
622 5854 673 5897 et
699 5845 816 5899 ovis
847 5844 1041 5907 ethos,
1068 5848 1121 5892 et
1143 5839 1323 5892 homo.
1352 5857 1369 5888 ›
1398 5838 1452 5890 lu
1480 5837 1611 5892 libb.
1642 5840 1757 5893 edi-

159 5920 249 5974 tis
279 5919 460 5969 deest.
494 5934 512 5967 ι
535 5916 733 5975 et,bos.
757 5933 775 5965 ι

250 5984 379 6059 (62)
412 5986 591 6042 Codex
638 5985 820 6040 Sancti
848 5980 1171 6038 Theudorici
1207 5979 1380 6035 solum
1418 5981 1603 6037 habet.
1656 5996 1676 6032 ι
1698 5980 1763 6036 de

1856 2006 1994 2060 vulis
2043 2007 2109 2059 ad
2155 2015 2372 2061 aetatem
2422 2006 2636 2061 virilem
2689 2009 2977 2077 pervenire
3023 2011 3316 2079 possimus.
3366 2012 3421 2066 ln

1854 2097 2009 2153 nobis
2040 2112 2170 2168 ergo
2203 2108 2305 2166 est,
2343 2099 2457 2154 haec
2500 2114 2529 2152 a
2562 2097 2671 2155 Deo
2701 2114 2943 2170 poscere.
2982 2102 3075 2157 Dei
3109 2112 3285 2160 autem
3321 2117 3423 2165 est,

1852 2189 2161 2257 petentibus
2211 2192 2344 2246 dare
2388 2200 2443 2246 et
2493 2191 2832 2263 pulsau.ibus
2869 2195 3101 2266 aperire.
3140 2196 3245 2254 Sed
3293 2202 3425 2256 satis

1855 2281 1926 2336 sit
1959 2281 2059 2336 ista
2092 2282 2359 2351 praefatio.

1923 2375 1978 2432 ‘2.
2011 2376 2165 2432 Nunc
2187 2376 2299 2446 jam
2348 2380 2415 2433 ad
2446 2379 2692 2435 lectionis
2737 2381 2905 2453 ipsius
2937 2399 3058 2455 quae
3088 2387 3316 2442 recitata
3344 2401 3427 2444 est

1856 2470 2135 2524 veniamus
2180 2471 2483 2537 exordium,
2532 2482 2613 2537 ut,
2644 2473 2871 2542 juvaute
2914 2477 3162 2544 Domino,
3208 2495 3425 2536 sensum

1856 2576 2071 2633 quoque
2109 2576 2316 2628 eorum,
2350 2564 2565 2619 etiamsi
2609 2581 2714 2622 non
2746 2569 2812 2623 ad
2858 2569 3147 2639 liquidum,
3190 2588 3429 2626 summa-

1858 2652 1952 2706 tim
2005 2660 2183 2707 tamen
2238 2653 2495 2725 colligere
2554 2662 2610 2711 et
2666 2657 2941 2726 explicare
2994 2659 3285 2728 possimus.
3336 2662 3429 2715 Ait

1856 2758 1985 2815 ergo
2000 2745 2046 2777 ⁷⁷
2067 2763 2082 2800 :
2104 2763 2124 2797 ι
2147 2745 2238 2801 lla:
2268 2757 2397 2802 sunt
2423 2748 2731 2805 mansiones
2760 2749 2987 2804 ﬁliorum
3010 2750 3289 2817 ‘lsrael,ex
3319 2768 3428 2822 quo

1856 2837 2111 2894 exierunt
2138 2839 2205 2893 de
2235 2848 2377 2894 terra
2402 2839 2622 2911 Egypti
2650 2856 2773 2894 cum
2803 2842 3003 2897 virtute
3033 2857 3153 2909 sua,
3180 2844 3233 2898 in
3266 2861 3426 2898 manu

1859 2929 2025 3002 Moysi
2076 2941 2131 2986 et
2175 2932 2377 2991 Aaron.
2425 2933 2490 2987 Et
2537 2933 2760 3005 scripsit
2805 2934 3017 3007 Moyses
3063 2935 3428 3007 profectiones

1858 3041 2071 3092 eorum,
2104 3035 2160 3081 et
2197 3027 2508 3083 mansiones
2535 3044 2634 3099 per
2670 3030 2889 3085 verbum
2930 3030 3167 3096 Domini,
3193 3050 3212 3084 ›
3249 3040 3304 3088 et
3326 3047 3441 3087 ea);

1864 3128 1996 3173 tera.
2025 3119 2267 3175 Audistis
2307 3118 2422 3192 (63)
2469 3121 2596 3192 quia
2640 3122 2863 3193 scripsit
2903 3124 3016 3179 haec
3069 3123 3280 3195 Moyses
3330 3140 3431 3195 per

1858 3217 2083 3272 verbum
2117 3217 2351 3272 Domini.
2382 3217 2447 3271 Et
2494 3217 2623 3287 quid
2656 3218 2827 3273 voluit
2857 3220 3120 3276 Dominus
3148 3221 3262 3276 haec
3289 3222 3427 3276 scri-

1781 3310 1824 3368 C
1859 3309 1950 3363 bi?
1983 3308 2054 3364 Ut
2078 3309 2361 3379 prodesset
2388 3310 2545 3365 nobis
2575 3311 2773 3380 aliquid
2824 3313 3093 3382 scriptura
3132 3314 3247 3369 hrec
3276 3329 3432 3367 man-

1861 3401 2073 3455 sionum
2104 3415 2239 3471 quas
2266 3400 2514 3456 fecerunt
2553 3401 2645 3456 ﬁlii
2677 3401 2873 3468 Israel,
2904 3413 2999 3457 aut
3031 3404 3167 3458 nihil
3210 3407 3431 3474 prodes-

1860 3493 1981 3547 set?
2012 3492 2078 3547 Et
2107 3493 2231 3562 quis
2272 3493 2469 3547 audeat
2504 3494 2707 3557 dicere,
2741 3496 2881 3564 quod
2913 3509 2978 3550 ea
3028 3510 3148 3564 quae
3177 3511 3273 3566 per
3304 3511 3431 3551 ver-

1862 3586 1987 3641 bum
2009 3586 2220 3640 Domini
2241 3586 2576 3651 scribuntur,
2608 3588 2743 3642 nihil
2774 3587 3024 3644 utilitatis
3044 3589 3301 3654 habeant,
3328 3606 3429 3645 nec

1862 3681 2051 3737 salutis
2068 3679 2268 3750 aliquid
2284 3679 2688 3747 conferant,sed
2707 3679 2875 3737 solam
2912 3695 3023 3737 rem
3052 3692 3255 3753 gestam
3293 3698 3426 3736 nar-

1863 3781 2139 3843 renl,qua:
2160 3783 2286 3827 tunc
2301 3773 2517 3842 quidem
2541 3771 2889 3842 prmterierit,
2918 3787 3064 3827 nunc
3090 3781 3269 3826 autem
3296 3772 3429 3826 nihil

1863 3865 1928 3919 ad
1953 3880 2055 3920 nos
2066 3880 2132 3921 ex
2149 3865 2266 3936 eius
2283 3858 2544 3920 relatione
2559 3863 2835 3935 perveniat
2850 3864 2874 3917 ἲ
2888 3863 3050 3933 Impia
3064 3864 3175 3919 haec
3187 3864 3426 3918 etaliena

1862 3974 1890 4011 a
1913 3957 2184 4013 catholica
2210 3958 2313 4012 ﬁde
2341 3958 2608 4012 sententia
2630 3966 2733 4023 est,
2755 3966 2811 4013 et
2845 3972 3031 4012 eorum
3059 3955 3431 4012 tantummodo

1863 4051 1957 4120 qui
1991 4051 2125 4120 legis
2154 4058 2208 4105 et
2239 4049 2651 4119 Evangeliorum
2700 4059 2899 4121 negant
2927 4064 3095 4105 unum
3135 4049 3309 4105 solum
3339 4065 3429 4104 sa—

1863 4143 2100 4212 pientem
2150 4156 2276 4197 esse
2329 4141 2495 4196 Deum
2548 4141 2767 4196 Patrem
2822 4140 3036 4196 Domini
3084 4142 3255 4196 nostri
3302 4140 3428 4197 Jesu

1864 4233 2090 4289 Christi.
2118 4232 2256 4300 Quid
2286 4247 2418 4304 ergo
2448 4234 2512 4288 de
2535 4233 2603 4289 iis
2633 4232 3003 4288 mansionibus
3030 4230 3203 4287 ﬁdelis
3227 4232 3432 4289 sentire

1864 4326 2060 4383 debeat
2085 4325 2415 4391 intellectus,
2436 4326 2769 4391 summatim,
2789 4334 2948 4395 prout
2977 4335 3186 4395 tempus
3209 4326 3430 4393 patitur,

1866 4432 2205 4492 pertractare
2258 4430 2550 4477 tentemus.
2612 4419 2881 4491 Superior
2932 4419 3250 4488 disputatio,
3304 4434 3430 4475 cum

1866 4520 2023 4574 nobis
2065 4517 2414 4573 occasionem
2463 4514 2677 4570 dicendi
2729 4515 2797 4568 de
2827 4510 3164 4583 profectione
3192 4511 3428 4567 filiorum

1867 4611 2028 4667 Israel
2068 4624 2135 4666 ex
2184 4607 2422 4679 Egypto
2468 4606 2815 4677 praebuisset,
2861 4603 3149 4672 dupliciter
3192 4602 3431 4657 diximus

1865 4705 2033 4759 videri
2093 4717 2252 4773 posse
2297 4699 2613 4771 spiritaliter
2659 4697 2809 4752 exire
2868 4707 3308 4764 unumquemque
3364 4694 3430 4748 de

1864 4797 2104 4869 Egypto
2134 4814 2148 4849 :
2180 4795 2261 4848 vel
2293 4810 2415 4848 cum
2449 4790 2820 4860 relinquentes
2866 4791 3120 4861 gentilem
3163 4791 3325 4844 vitam
3364 4794 3429 4842 ad

1866 4895 2200 4965 agnitionem
2230 4891 2426 4944 divinze
2461 4887 2591 4957 legis
2626 4886 2954 4949 accedimus,
2981 4883 3065 4938 vel
3098 4900 3219 4939 cum
3246 4882 3427 4936 anima

1864 4990 1931 5042 de
1955 4984 2203 5055 corporis
2245 4981 2405 5053 huius
2452 4978 2789 5034 habitatione
2818 4976 3069 5032 discedit.
3100 4978 3180 5030 Ad
3214 4984 3430 5030 utrum-

1866 5093 1970 5147 que
1998 5090 2129 5146 ergo
2178 5075 2296 5129 istze
2345 5072 2673 5135 mansiones,
2717 5084 2851 5139 quas
2896 5084 3037 5122 nunc
3080 5082 3175 5137 per
3207 5064 3430 5121 verbum

1870 5172 2080 5226 Domini
2126 5166 2339 5239 Moyses
2387 5164 2670 5228 describit,
2717 5161 3009 5232 aspiciunt.
3043 5159 3179 5214 Nam
3215 5162 3280 5213 de
3328 5159 3434 5213 illis

1869 5266 2083 5336 quidem
2117 5260 2506 5323 mansionibus,
2547 5272 2687 5327 quas
2734 5256 2929 5310 animae
2974 5266 3203 5322 corpore
3234 5260 3430 5311 exntm,

1871 5364 1978 5417 imo
2007 5373 2234 5429 corpore
2259 5371 2357 5412 suo
2382 5367 2572 5409 rursus
2619 5352 2823 5406 indutae
2852 5348 3115 5402 habiturae
3144 5350 3267 5397 sunt
3293 5340 3431 5413 (64),

1870 5455 2127 5514 Dominus
2145 5447 2515 5521 pronuntiavit
2534 5445 2583 5497 in
2599 5440 2908 5510 Evangelio,
2924 5434 3195 5493 dicens":
3218 5432 3426 5486 «Multa:

1869 5551 2182 5610 mansiones
2211 5551 2340 5603 sunt
2369 5540 2511 5612 apud
2558 5538 2771 5593 Patrem
2822 5547 3023 5590 meum.
3056 5529 3309 5598 Alioquin
3345 5527 3432 5581 di.

1868 5763 2070 5823 sanctis
2097 5757 2313 5813 litteris.
2355 5775 2414 5824 ιγ
2479 5821 2489 5824 Α
2616 5814 2731 5824 ____

2253 5807 2542 5880 (audistis.
2564 5838 2583 5870 ι
2616 5814 2774 5871 Libb.
2793 5811 2957 5896 editi,
2989 5827 3008 5862 ι
3029 5807 3247 5893 audisti.
3271 5824 3289 5857 ι

1940 5844 2054 5971 ius)
2085 5902 2266 5956 Codex
2311 5896 2497 5949 Sancti
2539 5887 3287 5971 TlteOdlll‘lfil‘;7‘(-a‘fllT‘:§--E?q

1966 5884 2054 5967 iiii
2085 5884 2266 5956 Codex
2311 5896 2497 5949 Sancti
2539 5885 2903 5967 Theudorici}
2939 5884 3164 5967 Δ(ειξιῑὲιει
3205 5886 3435 5967 carpere

1870 5952 2053 6035 exilia,
2080 5952 2185 6028 imo
2206 5952 2434 6032 carporc
2460 5978 2558 6017 suo
2586 5971 2772 6015 rursus
2803 5955 2989 6010 induta
3014 5952 3266 6006 habitura
3290 5956 3429 6003 eam
