3874 6500
475 471 589 530 ’ω
1925 469 2037 526 ORi

2147 469 2243 526 \‘lS
3589 483 3662 541 nt

483 606 666 648 eerem
697 589 871 656 vobis,
895 586 1042 645 Vado
1080 595 1134 643 et
1161 602 1408 659 prteparo
1442 587 1598 644 vobis
1637 588 1998 644 mansionem.
2031 607 2050 641 ι
2087 601 2130 656 Α
2165 586 2536 642 mansionibus
2569 587 2896 659 perveniunt
2943 588 3037 643 tilii
3083 586 3248 644 Israel
3286 605 3446 663 usque
3480 595 3535 650 ad
3556 602 3661 668 pris.

485 686 627 744 Sunt
675 698 806 755 ergo
851 681 1032 739 multa:
1082 682 1186 737 ille?
1241 683 1551 738 mansiones
1585 697 1706 752 qua:
1741 682 1806 736 ad
1841 681 2056 737 Patrem

437 813 449 852 ε
485 780 710 842 ducunt,
757 776 812 830 in
845 774 1042 846 quibus
1075 775 1305 843 singulis
1349 774 1479 844 quid
1509 789 1712 841 cauete,
1752 774 1882 846 quid
1915 772 2062 828 utili-

443 860 449 874 ’
477 871 615 927 tatis
642 869 843 925 animae
881 861 1473 939 comniorutiu,quidve
1505 867 1832 923 eruditionis
1863 875 1958 921 aut
1989 865 2057 920 il-

485 961 856 1018 luminationis
892 960 1150 1030 accipiat,
1201 960 1308 1015 scit
1352 959 1442 1014 ille
1480 957 1628 1013 solus
1666 959 1832 1014 futuri
1873 956 2056 1013 sazcnli

484 1057 666 1121 Pater,
685 1056 774 1123 qui
799 1054 874 1108 ait
895 1053 961 1108 de
979 1052 1356 1122 semetipso",
1381 1051 1506 1122 quia
1528 1069 1546 1104 ‹
1567 1065 1667 1121 ego
1690 1067 1807 1105 sum
1832 1052 2056 1106 ostium.

485 1148 653 1206 Nemo
687 1146 835 1201 venit
866 1147 934 1200 ad
960 1144 1200 1210 Patrem,
1237 1143 1338 1200 nisi
1369 1159 1465 1216 per
1492 1158 1600 1198 me.
1623 1162 1653 1196 »-
1677 1143 1777 1211 Qui
1812 1143 2057 1199 fortassis

482 1244 536 1298 in
569 1243 655 1298 his
671 1241 899 1312 singulis
921 1238 1300 1296 mansionibus
1323 1237 1621 1309 unicuique
1639 1239 1834 1293 animae
1855 1239 2054 1294 ostium

482 1335 573 1391 ﬁet
595 1333 736 1405 (65),
769 1342 828 1388 ut
863 1347 958 1403 per
989 1332 1166 1402 ipsum
1217 1333 1407 1400 intret,
1443 1342 1497 1388 et
1528 1347 1624 1403 per
1657 1331 1832 1396 ipsum
1874 1341 2054 1396 exeat,

478 1442 534 1484 et
573 1427 814 1484 inveniat
850 1439 1074 1496 pascua,
1119 1437 1175 1481 et
1217 1425 1416 1482 iterum
1469 1424 1636 1481 intret
1676 1427 1743 1482 ad
1777 1425 1959 1491 aliam,
2002 1434 2055 1482 et

480 1523 604 1578 inde
638 1522 705 1576 ad
736 1520 898 1575 aliam
922 1519 1289 1585 mansionem,
1317 1534 1601 1590 ttsquequo
1633 1521 1700 1574 ad
1731 1519 1904 1588 ipsum
1933 1533 2054 1588 per-

477 1615 661 1671 veniat
687 1602 924 1669 Patrem.
959 1612 1062 1667 Sed
1094 1627 1212 1676 nos,
1234 1625 1374 1681 pene
1406 1612 1754 1668 immemores
1783 1610 2054 1680 praefatio-

477 1707 562 1762 nis
593 1714 815 1769 nostra},
846 1705 1025 1760 subito
1056 1705 1299 1757 auditum
1329 1712 1574 1759 vestrum
1614 1703 1681 1757 ad
1713 1702 1821 1757 alta
1865 1712 1914 1758 et
1953 1718 2052 1757 ex»

471 1801 615 1856 celsa
645 1799 1007 1855 surreximus.
1053 1798 1166 1852 lmn
1211 1813 1342 1855 vero
1389 1797 1678 1853 redeamus
1719 1796 1785 1851 ad
1814 1813 1899 1860 ea,
1932 1809 2053 1865 qum

475 1892 619 1946 inter
665 1906 766 1945 nos
793 1899 849 1944 et
892 1888 945 1943 in
1002 1889 1160 1944 nobis
1205 1898 1490 1960 geruntur.
1539 1885 1594 1942 lu
1626 1886 1858 1959 Egypto
1891 1896 2049 1943 erant

2163 679 2362 749 cipium
2401 680 2678 749 capienda:
2707 680 3065 736 haereditatis.
3109 680 3428 754 Principium
3469 702 3573 742 vero
3600 709 3662 745 α.

2163 772 2370 840 pianda:
2396 773 2732 829 lnereditatis
2760 773 2884 838 fuit,
2915 773 3004 828 ubi
3038 775 3225 830 Ruben
3255 786 3308 829 et
3331 776 3457 841 Gad,
3479 791 3522 833 et
3545 783 3662 837 dimi.

2161 863 2247 918 dia
2282 864 2452 918 tribus
2481 863 2751 930 Manasse,
2792 866 3072 935 accipiunt
3106 875 3307 921 terram
3335 867 3540 926 Galaad.
3563 875 3664 932 Ceu-

2161 962 2269 1010 stat
2295 957 2477 1024 itaque
2510 971 2774 1013 numerus
2811 958 3184 1013 descensionis
3215 957 3432 1026 Christi,
3462 979 3543 1032 per
3567 983 3664 1036 qna-

2159 1045 2408 1117 dragiuta
2459 1056 2512 1100 et
2546 1047 2684 1102 duos
2719 1058 2900 1117 patres
2948 1049 3246 1104 secundum
3295 1065 3523 1118 carnem,
3562 1059 3665 1113 velut

2156 1151 2256 1205 per
2281 1138 2642 1207 quadraginta
2679 1138 2812 1193 duas
2840 1139 3152 1193 mansiones
3187 1139 3504 1196 descendens
3543 1162 3667 1217 usque

2158 1226 2224 1281 ad
2254 1242 2373 1295 nos,
2406 1237 2462 1283 et
2489 1243 2585 1298 per
2624 1229 2850 1285 totidem
2879 1227 3191 1287 mansiones
3218 1248 3465 1289 ascensus
3489 1235 3665 1295 ﬁliorum

2157 1318 2346 1387 lsrael,
2376 1337 2546 1391 usque
2572 1323 2640 1377 ad
2681 1323 3020 1378 haereditatis
3060 1325 3341 1393 promissa:
3385 1330 3667 1400 principium.

2167 1413 2318 1482 Quod
2345 1413 2390 1469 si
2437 1414 2750 1470 intellexisti
2792 1425 3058 1482 quantum
3105 1421 3432 1473 sacramenti
3469 1437 3668 1480 tluntcnts

2162 1513 2266 1564 iste
2314 1511 2687 1566 descensionis
2744 1511 3198 1582 ascensionisque
3254 1517 3539 1583 contineat,
3580 1525 3666 1575 veni

2153 1599 2347 1674 jam,et
2381 1603 2706 1674 incipiamus
2744 1619 2841 1674 per
2877 1619 2962 1670 ea,
3011 1619 3132 1675 quae
3165 1607 3444 1663 descendit
3472 1610 3666 1669 Christus

2156 1696 2478 1762 ascendere,
2530 1703 2585 1749 et
2633 1697 2862 1767 primam
2923 1700 3258 1754 mansionem
3309 1702 3462 1756 istam
3505 1705 3665 1770 facere,

2154 1804 2315 1860 quam
2358 1789 2448 1844 ille
2494 1789 2852 1846 novissimam
2893 1791 3041 1858 iecit,
3093 1794 3326 1861 scilicet,
3359 1780 3445 1866 qui
3476 1809 3604 1855 natus
3621 1817 3667 1856 et

2156 1882 2381 1952 Virgine
2407 1892 2490 1937 est
2527 1904 2539 1940 :
2581 1892 2633 1938 et
2683 1884 2798 1939 haec
2842 1885 2913 1939 sit
2955 1885 3127 1954 prima
3185 1886 3344 1942 nobis
3398 1892 3582 1945 mansio
3622 1896 3668 1950 de

474 1981 568 2038 ﬁlii
599 1981 786 2048 Israel,
818 1982 870 2036 iu
901 1982 1156 2052 operibus
1187 1955 1496 2036 Pharaonis
1537 1980 1684 2052 regis
1701 1955 1844 2036 vluto
1873 1996 1938 2035 ac
1976 1981 2050 2034 la-
2080 1955 2124 2010 Β
2153 1975 2390 2047 Egypto
2421 1975 2573 2032 exire
2604 1974 2936 2042 volentibus,
2986 1977 3039 2030 in
3069 1992 3198 2047 qua,
3232 1978 3422 2035 relicto
3463 1982 3668 2036 idolurnut

463 2083 586 2131 tere
617 2073 1014 2146 aﬂligebantur,
1045 2075 1218 2129 donec
1265 2073 1714 2146 ingemiscentes,
1746 2072 2050 2129 clamarent

467 2171 536 2226 ad
567 2170 878 2234 Dominum.
909 2178 964 2226 et
996 2168 1300 2226 exaudiens
1341 2171 1603 2240 gemitum
1633 2182 1824 2224 eorum
1867 2168 2050 2223 mitte-

470 2271 552 2319 ret
581 2262 660 2318 eis
689 2261 914 2316 verbum
944 2277 1100 2316 suum
1149 2276 1248 2333 per
1289 2260 1550 2333 Moysem,
1578 2269 1636 2315 et
1667 2260 1926 2315 educeret
1954 2272 2050 2314 eos

457 2359 536 2412 de
559 2353 818 2427 Egypto.
851 2355 917 2411 Et
956 2369 1056 2410 nos
1083 2368 1215 2426 ergo
1247 2367 1370 2411 cum
1417 2367 1665 2409 essemus
1697 2353 1751 2408 in
1781 2352 2047 2423 Egypto,

460 2449 654 2505 mundi
677 2449 799 2504 dico
831 2446 990 2518 hujus
1019 2446 1302 2503 erroribus
1331 2456 1385 2502 et
1422 2445 1750 2517 ignorantiae
1780 2446 2043 2512 tenebris,

460 2549 755 2611 operantes
781 2553 947 2611 opera
973 2538 1197 2606 diaboli,
1224 2546 1279 2594 et
1306 2537 1360 2591 in
1385 2537 1843 2607 concupiscentiis
1870 2544 1924 2591 et
1954 2550 2048 2590 vo-

463 2632 765 2703 luptatibus
792 2631 1000 2696 carnis,
1045 2631 1342 2686 miseratus
1378 2640 1461 2685 est
1498 2628 1764 2684 Dominus
1789 2627 2046 2683 alllictio-

464 2740 588 2782 nem
619 2734 894 2791 nostram;
932 2733 988 2781 et
1018 2724 1168 2781 misit
1221 2725 1458 2780 Verbum
1509 2736 1667 2777 suum
1699 2719 2044 2790 unigenitum

465 2817 686 2884 Filium,
714 2819 806 2888 qui
852 2832 954 2875 nos
995 2817 1062 2873 de
1112 2815 1419 2888 ignorantia
1461 2813 1669 2872 erroris
1717 2821 1935 2884 ereptos
1978 2813 2046 2870 ad

460 2913 639 2968 lucem
663 2912 858 2968 divinae
889 2910 1022 2981 legis
1049 2909 1369 2966 adduceret.

533 3008 590 3064 3.
615 3006 722 3063 Sed
746 3007 921 3078 primo
947 3004 1193 3061 omnium
1234 3005 1445 3059 intuere
1466 3002 1710 3074 mysterii
1737 3002 2041 3059 rationem:

457 3115 626 3172 quam
659 3099 750 3169 qui
781 3098 1072 3170 diligenter
1099 3097 1498 3163 observaverit,
1529 3095 1583 3152 in
1625 3095 1928 3166 Scripturis
1955 3096 2043 3149 in-

459 3193 647 3248 veniet
697 3192 750 3246 in
789 3189 1104 3260 egressione
1157 3189 1393 3245 ﬁliorum
1453 3189 1619 3246 Israel
1671 3189 1740 3244 de
1779 3187 2040 3259 Egypto,

459 3286 822 3358 quadraginta
845 3292 900 3340 et
928 3284 1063 3340 duas
1090 3283 1307 3372 habitas
1332 3296 1454 3372 esse
1481 3283 1827 3372 mansiones:
1851 3289 1908 3372 et
1928 3295 2044 3335 rur-
2070 3312 2112 3372 ο

457 3391 582 3432 sum
616 3377 884 3430 adventus
919 3373 1132 3429 Domini
1162 3381 1218 3429 et
1250 3371 1556 3428 Salvatoris
1588 3371 1764 3428 nostri
1793 3371 1849 3427 in
1892 3370 2039 3426 hunc

459 3468 742 3534 mundum,
779 3481 876 3536 per
903 3465 1264 3536 quadraginta
1297 3472 1352 3520 et
1376 3463 1511 3519 duas
1533 3461 1915 3534 generationes
1938 3462 2037 3518 ad-

458 3559 694 3614 ducitur.
739 3557 831 3613 Sic
877 3557 1025 3613 enim
1077 3555 1364 3612 Matthteus
1423 3554 1758 3625 evangelista
1798 3567 2039 3609 commec

459 3659 654 3712 morat,
699 3648 890 3703 dicens
910 3646 958 3681 ⁸ο
993 3664 1008 3705 :
1045 3664 1063 3699 ι
1092 3645 1176 3702 Ab
1210 3646 1486 3701 Abraham
1533 3659 1707 3714 usque
1752 3644 1818 3698 ad
1867 3643 2035 3698 David

447 3752 659 3809 regem,
677 3738 1066 3809 generationes
1084 3735 1604 3808 quatuordecim.Et
1622 3751 1651 3790 a
1676 3735 1841 3791 David
1865 3751 2036 3805 usque

453 3831 522 3887 ad
556 3830 1093 3901 transmigrationem
1125 3829 1442 3901 Babylonis,
1486 3829 1870 3902 generationes
1893 3843 2034 3899 qua-

457 3922 776 3978 tuordecim.
832 3921 899 3976 Et
945 3935 978 3977 a
1019 3921 1504 3988 transmigratione
1538 3921 1828 3992 Babylonis
1863 3934 2034 3990 usque

453 4014 521 4070 ad
561 4012 866 4078 Christum,
921 4011 1308 4084 generationes
1359 4011 1843 4081 quatuordet-imu
1897 4009 2034 4066 Istas

455 4120 592 4178 ergo
623 4103 987 4176 quadraginta
1012 4115 1068 4162 et
1111 4104 1249 4160 duas
1277 4105 1686 4177 generationes,
1719 4118 1855 4174 quas
1885 4103 2034 4158 velut

455 4197 770 4254 mansiones
780 4195 1032 4257 Christus
1052 4193 1177 4252 fecit
1188 4196 1526 4252 descendens
1541 4195 1593 4250 in
1607 4192 1901 4266 Egyptum
1918 4193 2032 4266 (66)

452 4288 638 4346 mundi
691 4288 875 4358 hujus,
929 4289 1049 4359 ipso
1099 4301 1328 4343 numero
1381 4288 1742 4358 quadraginta
1789 4297 1844 4343 et
1893 4289 2032 4342 duas

452 4382 761 4438 mansiones
791 4381 1020 4446 faciunt,
1051 4379 1141 4450 qui
1168 4377 1334 4451 376
1359 4378 1663 4435 ascendunt
1685 4380 1750 4435 de
1767 4377 2028 4452 Egypto.

451 4475 517 4532 Et
571 4478 710 4533 bene
763 4476 1123 4532 observanter
1173 4475 1355 4543 posuit
1417 4473 1630 4546 Moyses
1689 4474 1877 4530 dicens
1922 4475 1965 4507 ⁸¹
2013 4491 2026 4529 :

453 4586 476 4622 ι
499 4570 878 4627 Ascenderunt
909 4570 1004 4624 ﬁlii
1036 4568 1203 4626 lsrael
1227 4583 1350 4624 cum
1375 4568 1577 4625 virtute
1598 4584 1718 4624 sua.
1742 4588 1760 4622 ι
1785 4568 1915 4637 Qua:
1947 4578 2029 4625 est

2151 2068 2322 2134 culttt,
2363 2075 2417 2123 et
2459 2066 2874 2133 dmmoniorum,
2905 2084 3009 2123 non
3056 2070 3312 2138 deorum,
3361 2078 3667 2138 veneratione.

2149 2159 2422 2216 credimus
2442 2158 2720 2214 Christum
2749 2169 2936 2215 natum
2964 2177 3030 2216 ex
3068 2160 3319 2234 Virgine,
3347 2173 3399 2220 et
3427 2167 3485 2221 de
3513 2166 3667 2238 Spiritu

2149 2260 2363 2318 sancto,
2394 2259 2448 2308 et
2475 2250 2716 2307 Verbum
2748 2267 2972 2308 carnem
3014 2255 3218 2310 factum
3251 2259 3467 2314 venisse
3492 2261 3536 2315 in
3564 2263 3667 2316 hunc

2150 2345 2432 2400 mundum.
2473 2343 2600 2400 Post
2627 2345 2743 2399 hanc
2765 2345 2879 2415 jam
2925 2348 3208 2414 proﬁcere,
3242 2358 3298 2405 et
3330 2353 3597 2408 ascendere
3621 2357 3668 2409 sd

2148 2430 2392 2515 singulos
2420 2452 2667 2508 quosque
2697 2438 2825 2492 ﬁdei
2855 2449 2909 2493 et
2943 2441 3207 2496 virtutum
3240 2445 3441 2512 gradus
3465 2423 3666 2498 nitamur.

2147 2530 2353 2598 Quibus
2378 2530 2425 2586 si
2455 2531 2641 2585 tandiu
2691 2531 3068 2597 immorcmur,
3116 2533 3295 2591 donec
3327 2537 3392 2591 ad
3423 2537 3664 2608 perfectum

2148 2623 2451 2688 veniamus,
2483 2623 2538 2677 in
2562 2621 2791 2693 singulis
2815 2624 3075 2678 virtutum
3108 2627 3368 2697 gradibus
3399 2633 3667 2686 mansionem

2147 2715 2344 2772 fecisse
2380 2718 2645 2783 dicemur,
2680 2732 2966 2788 ttsquequo
2996 2719 3062 2774 ad
3096 2735 3373 2776 summum
3407 2726 3666 2793 pervenien-

2149 2808 2290 2866 libus
2323 2811 2483 2866 nobis
2526 2811 2934 2867 institutionum
2967 2811 3418 2887 profectuumque
3446 2819 3665 2890 fastigium

2145 2901 2412 2971 promissa
2446 2901 2789 2971 compleatur
2814 2902 3128 2958 hazreditas.

2218 2992 2274 3047 4.
2306 2991 2413 3048 Sed
2445 3002 2502 3048 et
2523 2993 2706 3048 anima
2731 3009 2854 3049 cum
2895 2996 2960 3050 de
2992 2993 3228 3066 Egypto
3259 2999 3386 3053 vitae
3410 2998 3552 3067 hujus
3577 3016 3667 3069 pro-

2147 3086 2431 3156 ﬁciscitur,
2461 3096 2519 3142 ut
2548 3089 2734 3144 tendat
2769 3089 2834 3143 ad
2869 3100 3072 3146 terram
3106 3095 3552 3163 repromissionis,
3577 3112 3666 3165 per-

2147 3181 2223 3252 git
2265 3183 2576 3237 necessario
2630 3183 2697 3236 ad
2728 3182 2850 3238 illas
2878 3183 3013 3256 (67),
3051 3202 3171 3256 quae
3210 3188 3356 3257 apud
3397 3187 3587 3245 Patrem
3623 3193 3669 3244 ab

2148 3274 2308 3329 initio
2353 3283 2674 3345 prteparatae
2722 3284 2851 3330 sunt
2896 3277 3234 3334 mansiones.
3284 3281 3516 3348 Quarum
3547 3287 3669 3336 creta

2147 3381 2358 3423 memor
2412 3366 2726 3438 Propheta,
2785 3369 3111 3425 diccbat”:
3151 3369 3325 3428 «Haec
3395 3387 3671 3429 memoratus

2147 3473 2290 3527 sum,
2320 3468 2375 3515 et
2416 3457 2578 3515 ell‘udi
2624 3476 2788 3532 super
2833 3476 2917 3516 me
2956 3463 3195 3517 animam
3239 3481 3439 3529 meam,
3467 3466 3669 3536 quoniam

2147 3551 2423 3622 ingrediar
2455 3551 2507 3607 in
2539 3552 2719 3608 locum
2753 3553 3095 3610 tabernaculi
3147 3557 3505 3622 admirabilis,
3547 3573 3671 3625 usque

2145 3646 2211 3700 ad
2245 3647 2464 3701 domum
2489 3646 2608 3702 Dei.
2630 3665 2648 3698 ι
2687 3645 2809 3703 Istae
2839 3657 2966 3702 sunt
2991 3651 3324 3719 mansiones,
3344 3663 3397 3704 et
3424 3653 3514 3706 ista
3538 3653 3672 3705 taber-

2144 3738 2360 3806 nacula,
2383 3740 2448 3794 de
2478 3738 2676 3808 quibus
2707 3739 2761 3793 in
2789 3739 2902 3795 alio
2934 3740 3056 3796 loco
3079 3742 3316 3797 dicit”:
3343 3762 3361 3794 ι
3385 3742 3542 3811 Quam
3561 3759 3672 3797 alti:-

2143 3829 2273 3886 bilia
2304 3839 2432 3884 sunt
2465 3830 2814 3886 tabernacula
2848 3841 2961 3899 tua,
3001 3831 3227 3889 Domine
3258 3836 3548 3890 virtutum!
3571 3851 3669 3890 ωηο

2143 3921 2380 3993 cupiscit
2423 3929 2481 3977 et
2523 3921 2708 3978 deﬁcit
2755 3924 2936 3978 anima
2987 3941 3104 3980 mea
3155 3926 3208 3980 in
3249 3929 3391 3983 atria
3441 3929 3667 3984 Domini:

2143 4012 2352 4069 Idcirco
2381 4021 2436 4070 et
2466 4014 2520 4068 in
2546 4013 2654 4070 alio
2679 4013 2797 4069 loco
2828 4015 2971 4071 idem
2992 4013 3267 4088 Propheta
3291 4019 3425 4076 dicit
3444 4021 3486 4053 ⁸³
3506 4039 3516 4073 :
3537 4019 3670 4073 «Mid-

2144 4115 2257 4162 tum
2286 4107 2636 4178 peregrinata
2668 4116 2753 4162 est
2783 4108 2964 4162 anima
3003 4124 3143 4165 mea.
3169 4128 3189 4162 s
3221 4109 3465 4182 lntellige
3491 4124 3614 4180 ergo.
3635 4109 3668 4163 si

2141 4209 2315 4272 potes,
2342 4216 2463 4272 quae
2491 4201 2600 4256 sint
2631 4201 2748 4257 ista:
2775 4202 3247 4272 peregrinationes
3274 4206 3490 4270 animm,
3515 4205 3560 4259 in
3580 4206 3669 4275 qui-

2139 4294 2244 4349 bus
2270 4309 2391 4348 cum
2422 4293 2657 4364 quodam
2693 4295 2898 4365 gemitu
2941 4310 3005 4351 ac
3042 4295 3230 4352 dolore
3273 4297 3594 4369 peregrinari
3626 4306 3670 4348 se

2141 4385 2343 4440 diutius
2386 4384 2565 4442 deﬁet.
2616 4385 2722 4442 Sed
2769 4387 3017 4442 hebescit
3061 4389 3257 4444 harum
3307 4390 3596 4446 intellectus
3628 4396 3670 4440 et

2139 4477 2485 4546 obscuratur,
2517 4480 2690 4536 donec
2713 4483 2891 4538 adlme
2917 4483 3304 4553 peregrinatur
3331 4500 3347 4537 :
3376 4493 3501 4538 tunc
3519 4492 3661 4538 autem

2139 4569 2324 4625 verius
2371 4571 2709 4636 edocebitur,
2752 4582 2808 4627 et
2841 4573 3021 4628 verius
3068 4573 3336 4642 intelliget
3381 4590 3498 4644 quas
3540 4572 3667 4628 fuerit

447 4659 626 4716 virtus
654 4677 867 4728 eorum,
889 4661 991 4718 nisi
1026 4663 1141 4734 ipse
1164 4662 1440 4728 Christus,
1470 4661 1563 4732 qui
1595 4670 1677 4718 est
1703 4661 1874 4717 virtus
1894 4661 2026 4716 Dei?
2059 4684 2105 4741 ι)
2141 4659 2283 4714 ratio
2309 4662 2769 4731 peregrinationis
2803 4679 2936 4730 suae,
2974 4679 3096 4719 cum
3141 4681 3394 4737 regressa
3437 4665 3583 4720 fuerit
3617 4665 3665 4714 ad

446 4753 550 4822 Qui
581 4767 712 4823 ergo
743 4754 1007 4818 ascendit,
1039 4769 1162 4810 eum
1211 4754 1327 4824 ipso
1363 4753 1628 4820 ascendit,
1681 4753 1772 4823 qui
1810 4754 1876 4807 ad
1924 4769 2026 4810 nos

449 4846 577 4903 inde
611 4846 910 4910 descendit,
962 4856 1022 4900 ut
1071 4846 1200 4902 illuc
1247 4847 1553 4916 perveniat,
1598 4847 1742 4903 unde
1785 4847 1873 4902 ille
1921 4863 2026 4902 non

445 4937 799 5002 necessitate,
827 4939 923 4992 sed
957 4937 1274 5008 dignatione
1302 4938 1604 5004 descendit,
1647 4948 1707 4994 ut
1732 4953 1920 4993 verum
1960 4937 2032 4994 sit

447 5031 579 5086 illud
621 5031 768 5102 quod
803 5031 1008 5088 dictum
1044 5039 1130 5085 est
1156 5031 1225 5093 ⁸⁸,
1255 5031 1382 5099 quia
1414 5050 1433 5085 s
1455 5033 1548 5103 qui
1585 5032 1888 5099 descendit,
1915 5032 2031 5101 ipse

2134 4755 2382 4825 requiem
2414 4771 2594 4825 suam,
2625 4755 2678 4811 id
2703 4765 2786 4811 est
2821 4758 2888 4812 ad
2917 4758 3146 4828 patriam
3177 4773 3334 4813 suam
3364 4758 3660 4830 paradisum:

2132 4848 2275 4919 quod
2322 4849 2423 4903 sub
2473 4850 2740 4920 mysterio
2782 4850 3002 4906 intuens
3053 4851 3326 4921 Propheta
3377 4853 3577 4907 dicebat
3599 4849 3663 4896 “z

2137 4957 2158 4992 s
2179 4939 2724 5004 Convertere,anima
2742 4957 2881 5008 mea,
2902 4943 2953 4998 in
2983 4943 3224 5014 requiem
3259 4954 3432 5009 tuam,
3458 4944 3568 5013 quia
3589 4943 3665 4996 Do-

2133 5033 2312 5089 minus
2340 5031 2754 5089 benefacittibi.
2781 5053 2801 5088 ι
2840 5033 2948 5090 Sed
2990 5035 3209 5090 interim
3247 5037 3604 5107 peregrinatur
3624 5041 3665 5084 ct

444 5131 531 5178 est
562 5133 617 5176 et
645 5122 736 5192 qui
771 5122 1040 5176 ascendit.
1073 5141 1092 5174 ι
1127 5123 1297 5194 Igitur
1330 5123 1383 5178 in
1420 5122 1780 5194 quadraginta
1823 5125 2034 5180 duabus
2133 5126 2244 5198 agit
2267 5126 2368 5182 iter
2391 5136 2447 5181 et
2471 5124 2691 5181 conﬁcit
2733 5126 3068 5192 mansiones,
3101 5127 3351 5184 utilitatis
3380 5131 3497 5184 sine
3534 5126 3662 5180 dubio

553 5270 598 5300 τ’
626 5271 784 5322 Joan.
822 5281 876 5334 κ,
919 5267 974 5332 9,
1017 5277 1071 5322 et
1107 5233 1317 5330 x1v,l6.
1395 5267 1441 5300 ⁸ο
1487 5267 1680 5323 Matth.
1726 5284 1765 5336 ι,
1812 5269 1900 5324 17.

1977 5269 2022 5301 ⁸⁸
2057 5267 2217 5325 Num.
2263 5283 2461 5335 sunt,
2506 5270 2558 5324 1.
2633 5269 2680 5301 ⁸¹
2703 5269 2903 5341 Ephes.
2947 5284 3020 5334 tv,
3055 5268 3142 5324 10.
3221 5271 3267 5302 ⁸³
3293 5269 3437 5328 Psal.
3480 5282 3595 5331 sui,
3619 5265 3659 5320 5.

446 5337 495 5371 “
519 5338 659 5393 Psal.
694 5353 918 5402 Lxxxtv,
950 5340 1004 5403 2,
1047 5339 1104 5392 3.
1178 5337 1223 5369 ⁸⁵
1248 5336 1392 5391 Psal.
1422 5353 1533 5404 χιχ,
1569 5339 1620 5393 5.
1695 5340 1742 5372 ⁸⁸
1765 5339 1913 5395 Psal.
1945 5354 2069 5404 cxv,
2099 5341 2152 5394 7.

515 5475 628 5549 (65)
661 5475 795 5532 Sunt
833 5493 954 5548 ergo
993 5477 1172 5534 multa:
1199 5477 1310 5532 illa:
1342 5477 1660 5543 mansiones,
1687 5487 1817 5542 etc.,
1851 5489 2023 5547 usque

445 5550 514 5602 ad
546 5549 645 5602 ista
679 5549 867 5617 verba,
907 5551 1000 5603 sed
1029 5563 1122 5603 nos
1165 5563 1294 5617 pene
1340 5549 1690 5612 immemores,
1733 5550 1933 5603 desunt
1965 5550 2019 5604 in

447 5617 603 5674 libris
636 5628 794 5686 antea
821 5619 1002 5686 editis,
1032 5628 1090 5674 et
1113 5620 1478 5674 restituuntur
1505 5635 1572 5674 ex
1597 5619 1850 5686 omnibus
1879 5634 2010 5676 mss.

445 5681 750 5771 Libried‘iti
783 5677 1002 5773 tantum:
1029 5690 1273 5773 habent;
1306 5707 1325 5742 ι
1353 5700 1475 5773 sunt
1507 5705 1657 5773 _ergo
1689 5677 1799 5744 illic
1829 5689 2013 5745 multae

446 5759 779 5832 mansiones,
811 5761 1087 5831 inquibus
1131 5760 1462 5832 postsaaeuli
1500 5759 1671 5832 huius
1713 5775 2009 5832 aerumnas,

444 5837 500 5901 et
523 5827 832 5901 @gyptiam
861 5827 1179 5887 servitutem
1213 5829 1397 5887 ﬁdeles
1423 5827 1617 5888 anima:
1636 5830 2009 5900 requiescant.

445 5897 552 5955 Sed
578 5897 685 5968 nos
703 5914 839 5968 pene
867 5901 1230 5967 immemores,
1259 5921 1276 5950 ι
1319 5912 1428 5958 etc.

513 5969 626 6042 (66)
651 5967 1020 6027 Generationes
1061 5989 1192 6043 quas
1243 5974 1382 6027 velut
1421 5975 1716 6030 mansiones
1766 5971 2009 6029 Christus

2131 5476 2253 5548 fecit
2279 5476 2594 5532 descendens
2614 5476 2683 5548 in
2727 5473 3039 5548 ﬁgypturn.
3083 5475 3175 5532 Sic
3216 5475 3379 5548 habet
3404 5472 3559 5548 codex
3580 5469 3654 5522 ab.

2129 5546 2289 5603 batize
2352 5548 2538 5602 Sancti
2611 5546 2898 5602 Teodorici

2123 5627 2284 5672 antea
2305 5618 2456 5680 editi,
2484 5637 2503 5670 ι
2525 5617 2944 5688 generatiouum
2969 5618 3277 5672 mansiones
3297 5630 3433 5686 quas
3453 5613 3657 5668 Christus

2125 5688 2255 5744 fecit
2279 5686 2583 5758 ascendens
2615 5687 2667 5742 in
2696 5686 3013 5758 Egyptum.
3045 5707 3065 5740 ι

2962 5546 3304 5603 ithemensis.
3355 5544 3499 5600 Libri
3559 5553 3656 5592 vero

2193 5759 2308 5830 (67)
2337 5759 2515 5830 codex
2549 5757 2736 5812 Sancti
2770 5750 3091 5814 Theoderici
3112 5776 3124 5812 :
3148 5775 3167 5809 ι
3191 5756 3365 5829 pergit
3391 5750 3653 5830 necessario

2119 5825 2218 5900 per
2245 5825 2507 5911 quasdam
2537 5831 2677 5911 vias,
2727 5838 2784 5884 et
2838 5836 3018 5911 certas
3061 5825 3319 5911 quasque,
3347 5825 3650 5911 ut‘dix‘i‘mns‘.

2121 5909 2426 5969 conspiciet
2470 5909 2804 5955 mansiones.

2122 5967 2471 6028 Ebroicensis
2493 5986 2593 6041 pro
2625 5989 2643 6023 ι
2671 5971 2998 6042 conspiciet,
3023 5988 3044 6024 ι
3079 5970 3266 6040 habet,
3296 5987 3313 6022 ι
3336 5967 3558 6025 conﬁcit.
3576 5982 3591 6011 ι

2833 5894 3296 5966 ριιοιηυηῖετεξὼ,
3324 5916 3342 5950 ι
3374 5906 3474 5951 etc.
3504 5894 3646 5948 Cum
