3874 6510
446 220 549 277 78'!

1881 215 2204 273 ()RIGENIS

3590 221 3673 277 783

442 338 700 394 dicuntur
725 340 818 395 lilii
849 338 1011 393 Israel
1049 338 1115 392 de
1147 339 1236 395 illo
1275 336 1411 403 loco,
1440 347 1495 392 et
1523 336 1885 408 applicuisse:
1912 340 2006 392 sed
2037 344 2083 399 Α
2112 339 2178 393 ad
2226 346 2427 392 tactum
2470 348 2633 407 atque
2661 338 2941 393 odoratum
2976 347 3301 411 gustuinque
3323 338 3572 401 veniunt,
3600 342 3677 393 itc-

443 437 495 485 et
524 446 667 485 nunc
700 431 896 485 iterum
935 445 1028 499 per
1061 430 1278 485 verbum
1315 430 1522 484 Domini
1552 430 1784 485 describi
1812 431 2007 498 juben-

445 534 532 576 tur
559 540 587 576 a
623 523 823 593 Moyse.
870 523 1020 578 Unde
1060 534 1114 577 et
1156 523 1256 578 hoc
1289 524 1459 591 ipsum
1488 523 1629 593 quod
1661 524 1899 577 secundo
1928 536 2013 575 re-

442 616 644 684 petitur
685 616 784 669 ista
816 616 1126 683 descriptio,
1178 616 1314 669 satis
1356 630 1595 685 congrue
1634 615 1765 669 mihi
1800 616 2010 669 videtur

442 707 509 759 ad
563 713 878 776 mysterium
912 707 1273 774 eXpositionis
1323 705 1481 775 hujus
1526 723 1687 776 quam
1722 706 2007 775 proposui-

438 812 559 853 :nus
595 812 611 852 :
649 797 729 853 bis
780 798 923 853 enim
960 808 1298 869 repetuntur,
1331 811 1387 853 ut
1438 800 1572 853 duas
1599 800 1789 852 anima:
1826 809 2009 852 osten-

435 888 627 942 derent
672 888 826 955 vias;
860 904 1021 942 unam
1053 904 1157 959 qua
1189 890 1240 944 in
1269 904 1436 946 carne
1479 890 1650 961 posita
1690 905 1785 960 per
1835 890 2005 959 legem

437 979 529 1034 Dei
563 984 614 1034 in
646 980 940 1035 virtutibus
968 992 1284 1047 exercetur,
1315 991 1368 1037 et
1396 996 1495 1052 per
1520 982 1720 1053 gradus
1745 982 2005 1051 quosdam

436 1067 770 1136 profectuum
820 1072 1122 1126 ascendens
1176 1072 1372 1142 pergit,
1423 1081 1481 1126 ut
1511 1072 1768 1137 diximus,
1801 1073 1866 1127 de
1897 1072 2003 1125 vir-

436 1166 549 1212 tute
589 1158 641 1213 in
674 1159 952 1225 virtutem,
988 1171 1041 1214 et
1074 1162 1203 1229 ipsis
1229 1160 1557 1230 profectibus
1583 1162 1735 1230 quasi
1770 1160 2007 1214 mansio-

436 1251 595 1304 nibus
642 1253 849 1317 utitur;
899 1251 1059 1305 aliam
1096 1269 1223 1307 vero
1264 1269 1368 1323 qua
1403 1264 1521 1321 post
1554 1254 2001 1308 resurrectionem

435 1358 728 1398 ascensura
782 1344 850 1398 ad
884 1344 1051 1399 ctelos
1081 1361 1185 1398 non
1219 1346 1398 1399 subito
1433 1360 1530 1400 nec
1584 1347 1888 1415 importune
1936 1345 2003 1399 ad

432 1449 645 1488 summa
683 1437 1021 1499 conscendit,
1056 1436 1148 1489 sed
1187 1451 1280 1506 per
1307 1436 1500 1491 multas
1529 1437 1813 1492 deducitur
1846 1453 2004 1492 man-

432 1526 634 1592 siones,
690 1526 740 1580 in
794 1528 990 1597 quibus
1044 1529 1342 1583 illuminata
1393 1545 1488 1599 per
1519 1530 1760 1599 singulas
1787 1541 1841 1585 et
1869 1545 2003 1600 ang-

434 1626 617 1672 mento
663 1632 879 1689 semper
934 1620 1235 1689 Splendoris
1283 1631 1531 1691 accepto,
1580 1623 1630 1675 in
1681 1638 2004 1693 unaquaque

436 1712 716 1767 mansione
740 1713 1011 1768 illustrata
1033 1715 1311 1783 sapientia
1329 1715 1531 1769 lumine
1552 1719 1801 1785 usquead
1827 1716 1999 1786 ipsum

432 1802 712 1870 perveniat
747 1802 1007 1859 luminum
1055 1803 1292 1861 Patrem.
1338 1824 1355 1858 ι
1403 1806 1664 1861 Exierunt
1714 1822 1865 1877 ergo,
1917 1809 2001 1865 iu-

429 1894 544 1962 quit
584 1894 650 1957 ",
696 1896 785 1949 filii
812 1896 971 1950 Israel
1003 1913 1122 1952 cum
1153 1899 1351 1952 virtute
1382 1915 1499 1953 sua.
1544 1920 1561 1952 ι
1594 1900 1722 1955 Erat
1750 1917 1870 1955 cum
1894 1902 2001 1955 illis

434 1990 601 2041 virtus
638 1990 724 2042 illa
773 2006 890 2059 qua:
939 1992 1152 2045 dixerat
1176 1992 1219 2022 δ’
1257 2010 1271 2045 z
1317 1992 1560 2047 tTecum
1592 1995 1916 2049 descendam
1950 1995 2000 2048 in

428 2079 756 2148 .‘Egypllllll;
796 2101 812 2132 ι
844 2092 897 2135 et
930 2082 1055 2151 quia
1091 2093 1206 2136 erat
1234 2098 1354 2137 cum
1388 2085 1491 2139 illis
1521 2087 1621 2139 ista
1657 2086 1849 2149 virtus,
1879 2102 2002 2155 pro-

428 2184 609 2239 pterea
644 2172 777 2235 dicit
806 2172 1078 2243 Propheta
1105 2175 1150 2206 ”
1194 2197 1205 2231 :
1247 2193 1265 2228 ι
1289 2176 1355 2231 Et
1387 2193 1491 2231 non
1527 2187 1643 2233 erat
1668 2178 1719 2232 in
1755 2178 2001 2232 tribubus

426 2280 614 2319 eorum
651 2265 953 2323 inﬁrmatis.
986 2287 1003 2321 ι
1051 2269 1313 2325 Exierant
1339 2270 1515 2325 autem
1549 2272 1600 2325 in
1634 2286 1793 2325 manu
1830 2271 1998 2343 Moysi

424 2365 478 2409 et
504 2355 708 2410 Aaron.
752 2358 832 2411 Ad
860 2360 1162 2413 exeundum
1193 2361 1258 2415 de
1278 2360 1509 2432 Egypto
1536 2378 1639 2417 non
1671 2362 1866 2417 sufficit
1894 2380 1999 2420 una

429 2461 619 2503 manus
654 2447 1145 2519 Moysi,.quteritur
1190 2460 1244 2506 et
1289 2467 1482 2506 manus
1526 2453 1727 2510 Aaron.
1790 2454 2000 2526 Moyses

428 2539 629 2593 indit-at
680 2542 959 2595 scientiam
994 2542 1146 2614 legis,
1197 2545 1374 2597 Aaron
1401 2545 1743 2602 sacriﬁcandi
1795 2548 1904 2605 Deo
1943 2559 1999 2604 et

429 2635 740 2691 immolandi
794 2639 1066 2706 peritiam.
1126 2638 1271 2709 Opus
1306 2652 1389 2695 est
1437 2655 1588 2712 ergo,
1629 2651 1687 2696 ut
1738 2652 1998 2698 exeuntes

426 2726 494 2780 de
530 2725 767 2798 Egypto
796 2744 902 2783 non
950 2731 1123 2785 solum
1154 2733 1435 2787 scientiam
1466 2734 1598 2804 legis
1628 2745 1681 2789 et
1719 2735 1861 2803 ﬁdei,
1902 2737 1995 2790 sed

424 2832 649 2884 υριϊιιιιι
678 2818 879 2887 quibus
904 2822 1011 2874 Deo
1032 2820 1270 2890 placetur
1296 2824 1504 2879 fructus
1524 2824 1839 2880 habeamus.
1872 2825 1996 2881 Ideo

423 2910 568 2962 enim
616 2919 669 2965 et
700 2926 891 2966 manus
920 2924 1377 2969 commemoratur
1404 2915 1570 2987 Moysi
1620 2928 1672 2970 et
1700 2917 1895 2982 Aaron,
1922 2930 1993 2972 -ut

420 3016 584 3068 opera
641 3018 739 3073 per
787 3021 978 3060 manus
1024 3007 1309 3078 intelligas.
1349 3008 1559 3063 Etenim
1612 3010 1655 3064 si
1691 3010 1880 3066 exiens
1924 3012 1990 3066 de
2020 3044 2063 3102 α

422 3091 679 3166 Εεγριο,
731 3104 785 3150 et
836 3113 1133 3153 conversus
1182 3102 1247 3153 ad
1281 3099 1445 3155 Deum
1496 3101 1745 3172 abjiciam
1801 3117 1991 3172 super-

424 3185 589 3253 biam,
649 3204 745 3258 per
780 3206 970 3246 manus
1018 3192 1198 3248 Aaron
1260 3204 1468 3248 taurum
1509 3196 1615 3250 Deo
1665 3194 1991 3250 sacriﬁcavi.

424 3278 479 3332 Si
514 3281 868 3347 petulantiam
908 3283 1295 3354 lasciviamque
1323 3302 1626 3355 peremero,
1657 3287 1864 3342 hircum
1894 3287 1995 3341 Do-

427 3373 871 3444 minojugulasse
920 3392 1004 3431 me
1033 3378 1213 3432 Aaron
1249 3379 1498 3435 manibus
1544 3381 1783 3436 credam.
1828 3379 1883 3437 Si
1924 3382 1992 3435 li-

424 3465 659 3520 bidinem
701 3467 905 3533 vicero,
959 3469 1217 3536 vitulum;
1255 3471 1301 3524 si
1339 3472 1645 3538 stultitiam,
1698 3488 1851 3528 ovem
1887 3475 1993 3528 im-

424 3558 654 3613 molasse
690 3559 935 3614 videbor.
996 3560 1086 3615 Sic
1135 3576 1263 3633 ergo
1314 3578 1436 3619 cum
1472 3564 1665 3619 anima:
1708 3565 1832 3619 vitia
1863 3581 1992 3635 pur-

421 3664 639 3721 gantur,
684 3670 875 3710 manus
901 3655 1083 3711 Aaron
1109 3667 1365 3727 operatur
1395 3658 1446 3713 in
1489 3660 1679 3727 nobis;
1716 3671 1773 3715 et
1803 3678 1993 3718 manus

423 3742 589 3814 Moysi
629 3744 907 3800 nobiscum
958 3756 1063 3815 est,
1090 3763 1211 3801 cum
1244 3748 1311 3802 ad
1358 3749 1471 3803 lucc
1503 3750 1615 3818 ipsa
1647 3751 1989 3821 intelligenda

422 3835 794 3892 illuminamur
816 3856 877 3893 cx
912 3839 1043 3909 lege.
1090 3840 1154 3894 Et
1185 3839 1305 3894 ideo
1330 3850 1557 3910 utraque
1589 3857 1783 3897 manus.
1804 3858 1991 3898 neces-

418 3929 560 3982 saria
594 3940 677 3983 est
729 3932 793 3984 de
820 3929 1055 4000 Egypto
1104 3932 1440 3995 exeuntibus,
1492 3941 1559 4005 ut
1592 3932 1897 3987 inveniatur
1936 3937 1986 3989 in

422 4019 503 4073 eis
532 4036 639 4075 non
668 4020 838 4076 solum
870 4022 991 4076 ﬁdei
1025 4032 1079 4075 et
1131 4022 1390 4087 scientiae,
1417 4023 1509 4077 sed
1539 4030 1592 4077 et
1623 4033 1837 4077 actuum
1862 4040 1990 4094 ope-

421 4128 650 4182 rumque
697 4113 999 4183 perfectio;
1025 4126 1076 4166 et
1124 4123 1301 4167 tamen
1334 4123 1572 4182 utrmque
1616 4116 1697 4169 hae
1730 4132 1831 4169 non
1866 4128 1987 4172 sunt

418 4208 536 4260 dua:
569 4222 780 4272 manus,
821 4206 913 4281 sed
968 4220 1094 4262 una.
1136 4205 1190 4259 Iit
1222 4221 1383 4259 manu
1431 4208 1572 4261 enim
1613 4206 1778 4278 Moysi
1808 4218 1859 4263 et
1886 4210 1989 4263 Aa-

423 4311 519 4351 ron
547 4296 737 4351 eduxit
781 4310 876 4351 eos
904 4295 1193 4361 Dominus,
1231 4304 1285 4349 et
1319 4311 1423 4350 non
1454 4296 1506 4349 in
1537 4297 1784 4353 manibus
1816 4299 1986 4372 Moysi

2112 417 2395 493 Iec'tamur,
2442 429 2696 484 labantur
2741 431 2877 497 dies,
2907 438 3116 499 tempus
3152 439 3468 500 praetereat,
3503 440 3557 484 et
3586 447 3675 484 non

2111 531 2459 571 occurranms
2512 532 2671 570 omne
2704 516 2934 585 spatium
2983 517 3319 571 imminentis
3358 517 3572 570 itineris
3595 532 3676 571 cx-

2110 610 2335 679 plicare,
2368 619 2423 664 ct
2444 609 2763 664 deﬁciamus
2786 609 2839 663 in
2869 609 3065 671 medio,
3095 619 3257 679 atque
3285 610 3506 664 accidat
3537 612 3675 665 nobis

2115 702 2244 757 illud
2271 702 2414 771 quod
2437 702 2503 756 de
2524 703 2849 771 quibusdam
2878 699 3130 764 refertur,
3159 702 3247 771 qui
3272 702 3562 770 pervenire
3585 717 3673 755 non

2110 804 2412 863 potuerunt,
2464 795 2557 848 sed
2588 801 2737 848 artus
2788 808 2973 848 eorum
3009 795 3326 847 ceciderunt
3359 792 3415 846 in
3444 794 3671 848 deserto.

2110 885 2215 939 Iter
2262 901 2392 955 ergo
2439 886 2674 955 agimus,
2724 895 2778 939 et
2814 886 3018 940 idcirco
3069 886 3390 939 devenimus
3438 886 3493 939 in
3548 885 3673 940 hunc

2110 980 2389 1040 mundum,
2444 988 2501 1031 ut
2534 988 2869 1030 transeamus
2918 977 2984 1030 de
3014 975 3213 1031 virtute
3259 977 3326 1030 ad
3383 976 3673 1030 virtutem:

2109 1087 2213 1125 non
2246 1080 2304 1123 ut
2335 1084 2748 1139 permaneamus
2781 1082 2875 1137 pro
2912 1070 3143 1123 terrenis
3174 1069 3225 1123 in
3263 1081 3430 1130 terra,
3464 1067 3604 1121 sicut
3628 1077 3675 1121 et

2109 1164 2196 1219 ille
2232 1164 2323 1233 qui
2354 1163 2629 1218 dicebat”
2661 1181 2675 1218 :
2715 1181 2733 1214 ι
2757 1164 3035 1217 Destruam
3068 1163 3262 1216 horrea
3309 1177 3459 1226 mea,
3496 1170 3549 1213 et
3580 1162 3671 1213 alia

2109 1258 2310 1327 maiora
2329 1256 2626 1322 azdiﬁcabo,
2644 1265 2696 1311 et
2718 1256 2889 1311 dicam
2919 1255 3113 1309 aniuite
3134 1269 3268 1309 mea:
3300 1274 3312 1307 :
3349 1254 3671 1316 Anima,ha~

2106 1350 2201 1403 bes
2233 1348 2396 1401 multa
2431 1346 2571 1401 bona
2603 1346 2837 1417 reposita
2863 1346 2914 1399 in
2949 1360 3121 1401 annos
3147 1345 3369 1405 multos,
3396 1344 3679 1408 manduca,

2105 1452 2160 1494 et
2189 1440 2330 1503 bibe,
2367 1450 2421 1494 et
2457 1439 2661 1502 lmtare.
2698 1454 2762 1493 ne
2789 1438 2926 1493 forte
2955 1439 3099 1494 dicat
3122 1448 3176 1492 et
3204 1436 3364 1491 nobis
3399 1435 3673 1500 Dominus,

2105 1534 2247 1587 Sil'lll
2284 1532 2357 1587 illi
2402 1550 2415 1586 :
2450 1532 2648 1597 Stulte,
2705 1533 2806 1586 hac
2841 1542 2996 1587 noete
3030 1531 3311 1586 auferetur
3362 1546 3390 1585 a
3424 1541 3476 1585 te
3502 1532 3672 1583 anima

2108 1640 2218 1681 tua.
2253 1645 2271 1678 ι
2317 1624 2431 1679 Non
2463 1626 2600 1678 dixit
2654 1626 2703 1677 in
2739 1626 2841 1678 hac
2888 1624 2996 1685 die,
3029 1625 3122 1678 sed
3166 1624 3218 1678 in
3258 1624 3359 1677 hac
3399 1632 3577 1675 nocte.
3618 1623 3671 1674 In

2109 1727 2263 1771 nocte
2287 1717 2428 1771 enim
2454 1715 2737 1785 perimitur
2762 1724 2816 1768 et
2844 1714 2951 1777 hic,
2981 1715 3115 1767 sicut
3141 1712 3503 1784 primogenita
3520 1710 3672 1781 Egy-

2106 1810 2365 1878 ptiorum,
2399 1816 2655 1876 tanquam
2692 1806 2783 1877 qui
2835 1805 3085 1859 dilexerit
3117 1806 3409 1866 mundum.
3450 1813 3505 1857 et
3532 1814 3669 1857 tene-

2105 1902 2232 1956 bras
2261 1901 2399 1971 ejus.
2433 1910 2487 1954 et
2518 1900 2788 1969 particeps
2814 1898 2981 1953 fuerit
3008 1907 3280 1951 rectorum
3310 1897 3499 1949 mundi
3529 1897 3675 1963 huius

2060 2044 2063 2045 ν
2105 1995 2443 2048 tenebrarum
2470 1993 2660 2046 harum
2684 1992 2783 2044 π’.
2814 1990 3070 2044 Tenehrze
3096 1998 3273 2043 autem
3301 1998 3359 2042 et
3387 2004 3495 2042 nox
3527 2005 3672 2040 mun-

2102 2087 2200 2139 dns
2234 2085 2336 2139 iste
2368 2084 2671 2155 appellatur
2703 2102 2799 2155 pro
2832 2085 2895 2138 iis
2925 2084 3019 2152 qui
3051 2083 3104 2135 in
3128 2083 3440 2151 ignorantia
3472 2084 3669 2143 vivunt,

2104 2194 2202 2233 nec
2231 2178 2407 2233 lumen
2436 2178 2705 2247 recipiunt
2732 2179 3000 2233 veritatis.
3028 2178 3127 2245 Qui
3153 2188 3337 2230 autem
3369 2176 3509 2230 tales
3531 2186 3668 2241 sunt,

2100 2273 2168 2327 de
2199 2272 2457 2328 Ramesse
2505 2288 2611 2328 non
2661 2272 3099 2344 proﬁciscuntur,
3145 2285 3249 2327 nec
3292 2270 3668 2324 transeuntad

2102 2364 2364 2420 Sochoth.

2170 2459 2224 2514 8.
2264 2457 2548 2513 Videamus
2589 2468 2765 2512 tamen
2815 2458 2963 2527 prius
3006 2458 3225 2527 quando
3254 2451 3668 2527 proﬁciscuntur

2101 2551 2195 2605 ﬁlii
2228 2551 2388 2605 Israel
2427 2567 2492 2606 ex
2517 2550 2794 2607 Ramesse.
2842 2570 2860 2603 ι
2904 2550 3107 2615 Mense,
3155 2550 3333 2620 inquit
3376 2550 3443 2612 “,
3482 2550 3665 2618 primo.

2098 2644 2287 2712 quinta
2307 2643 2513 2699 decima
2544 2643 2631 2699 die
2663 2644 2885 2697 mensis.
2920 2662 2938 2694 ι
2982 2642 3083 2697 Per
3102 2651 3434 2711 praeceptum
3466 2640 3663 2693 Domini

2099 2736 2502 2806 quartadecima
2553 2736 2640 2791 die
2672 2736 2876 2791 mensis
2924 2743 3147 2805 egerant
3184 2733 3395 2787 Pascha
3429 2732 3485 2786 in
3513 2731 3664 2799 Aie}-

2097 2838 2219 2898 pto,
2239 2828 2551 2898 jugulanles
2599 2842 2796 2898 agnum
2839 2827 3012 2896 pridie
3041 2841 3201 2895 quam
3254 2825 3661 2893 proﬁciscercu~

2097 2928 2209 2984 tur,
2246 2928 2301 2974 et
2337 2919 2550 2973 initium
2585 2918 2983 2989 quodammodo
3033 2917 3356 2971 festivitatis
3406 2916 3584 2970 adhuc
3616 2917 3660 2967 in

2098 3012 2335 3083 Egypto
2381 3011 2540 3081 positi
2578 3020 2793 3081 gerunt.
2858 3010 3114 3079 Sequenti
3167 3023 3297 3080 ergo
3352 3008 3665 3078 die,quiest

2098 3104 2304 3175 primus
2337 3103 2454 3158 dies
2477 3104 2825 3175 Azymorum,
2859 3101 3044 3171 quinta
3082 3100 3296 3155 decima
3356 3099 3447 3155 die
3477 3100 3664 3154 mensis

2096 3194 2255 3266 primi
2286 3194 2704 3265 proﬁciscuntur
2730 3195 2796 3250 de
2826 3193 3109 3258 Ramesse,
3137 3203 3193 3248 et
3224 3192 3460 3247 veniunt
3483 3193 3534 3246 in
3575 3192 3663 3247 So-

2095 3289 2285 3354 choth,
2313 3298 2373 3343 ut
2403 3288 2474 3342 ibi
2522 3287 2730 3343 faciant
2776 3288 3088 3343 festivitatis
3118 3288 3455 3358 Azymorum
3506 3287 3659 3339 diem.

2100 3402 2118 3435 ι
2142 3383 2274 3451 Quis
2300 3382 2518 3451 sapiens
2544 3391 2595 3437 et
2617 3381 2883 3453 intelliget
2914 3382 3068 3437 haec?
3100 3388 3357 3436 sensatus
3387 3388 3441 3434 et
3474 3392 3661 3448 cogno-

2094 3484 2211 3531 scet
2242 3490 2303 3529 ea
2329 3473 2453 3528 πῖ»
2497 3472 2609 3527 lmo
2636 3474 2757 3542 quis
2796 3484 2881 3528 est
2910 3473 3001 3543 qui
3036 3473 3151 3527 haec
3180 3471 3265 3527 vel
3294 3486 3363 3527 ex
3394 3479 3551 3539 parte
3575 3482 3659 3522 co-

2093 3578 2343 3637 gnoscat,
2394 3567 2535 3621 sicut
2575 3565 2865 3635 Apostolus
2918 3564 3044 3620 dicit
3072 3563 3122 3596 "
3154 3581 3168 3617 ε
3205 3580 3225 3614 ι
3251 3561 3328 3616 Et
3367 3571 3525 3630 parte
3565 3559 3661 3613 sci-

2097 3674 2234 3722 mus,
2288 3665 2342 3712 et
2390 3672 2453 3712 ex
2511 3666 2665 3727 parte
2717 3656 3188 3725 prophetamus?»
3250 3653 3389 3720 Quis
3419 3651 3661 3717 intelligit

2093 3753 2364 3823 quomodo
2388 3767 2453 3805 ex
2486 3760 2641 3819 parte
2667 3750 2783 3804 dies
2814 3748 2981 3803 festos
3009 3748 3247 3818 agimus,
3288 3755 3349 3799 ut
3382 3759 3543 3799 nemo
3570 3757 3659 3796 nos

2088 3844 2293 3914 judicet
2322 3844 2375 3897 in
2414 3852 2565 3913 parte
2595 3841 2699 3897 diei
2734 3843 2877 3907 l'esti,
2911 3851 3003 3895 aut
3030 3840 3359 3903 Neomenite,
3393 3849 3488 3892 aut
3530 3837 3660 3891 Sab-

2094 3930 2243 3991 hati?
2279 3936 2470 3991 Omnis
2517 3951 2751 4003 namque
2805 3935 2919 3989 dies
2969 3934 3135 3988 festus
3184 3933 3274 4001 qui
3310 3933 3363 3985 in
3412 3927 3659 3985 terrisab

2093 4029 2404 4084 hominibus
2438 4030 2663 4101 geritur,
2693 4028 2744 4081 in
2773 4035 2944 4097 parte,
2980 4042 3084 4080 non
3121 4027 3173 4081 in
3208 4028 3440 4095 integro,
3491 4036 3661 4091 neque

2092 4120 2333 4189 perfecto
2365 4119 2677 4175 festivitatis
2709 4119 2862 4172 titulo
2886 4117 3090 4187 geritur
3122 4140 3133 4172 :
3161 4117 3255 4171 sed
3308 4131 3433 4171 cum
3466 4113 3659 4167 exieris

2091 4214 2158 4267 de
2186 4212 2419 4284 [Egypto
2454 4213 2580 4275 ista,
2634 4223 2761 4266 tunc
2807 4212 2913 4264 erit
2963 4210 3053 4264 tibi
3096 4208 3335 4279 perfecta
3372 4206 3655 4263 festivitas.

2092 4316 2222 4361 tunc
2275 4320 2463 4377 azyma
2511 4304 2843 4359 sinceritatis
2875 4314 2930 4358 et
2982 4302 3229 4357 veritatis
3260 4301 3326 4354 ad
3366 4298 3654 4369 perfectum

418 4388 701 4455 etAaron,
733 4404 897 4443 unum
947 4388 1090 4443 enim
1134 4403 1269 4457 opus
1323 4390 1603 4458 utriusque
1652 4405 1843 4445 manus
1883 4404 1985 4457 εει,
2025 4393 2064 4445 D
2092 4398 2328 4461 curabis,
2390 4407 2513 4451 tunc
2556 4394 2901 4451 Pentecostes
2944 4395 3082 4448 diem
3115 4394 3167 4447 in
3198 4406 3385 4446 eremo
3417 4405 3566 4460 ages,
3606 4399 3656 4441 et

417 4487 579 4549 atque
620 4495 720 4532 una
756 4478 1101 4549 perfectionis
1129 4478 1383 4548 cxpletio.

486 4575 539 4630 7.
574 4594 591 4626 ι
630 4576 694 4629 Et
726 4576 965 4644 scripsit,
1002 4574 1259 4643 inquit“,
1307 4573 1518 4645 Moyses
1551 4574 1908 4643 profectiones
1934 4587 1988 4632 et

416 4669 725 4723 mansiones
766 4683 977 4731 eorum,
1022 4682 1117 4735 per
1168 4668 1390 4721 verbum
1442 4667 1669 4721 Domini.
1696 4687 1713 4719 ι
1758 4666 1985 4739 Scripsit

414 4777 545 4831 ergo
596 4763 710 4817 hare
755 4777 849 4832 per
886 4762 1109 4815 verbum
1146 4760 1380 4824 Domini,
1413 4770 1471 4812 nt
1499 4760 1738 4831 legentes
1779 4776 1897 4825 nos,
1932 4770 1986 4817 et

417 4858 658 4912 videntes
702 4862 919 4923 quantae
964 4852 1117 4907 nobis
1167 4852 1481 4905 immineant
1522 4852 1886 4921 profectiones
1914 4855 1981 4908 ad

414 4950 520 5003 iter
551 4945 691 5016 quod
719 4944 867 4999 ducit
892 4944 957 4997 ad
988 4958 1234 5013 regnum,
1270 4958 1632 5012 praeparemus
1674 4958 1771 4998 nos
1800 4944 1865 4997 ad
1898 4943 1981 4997 vi-

413 5051 523 5094 tam
553 5040 715 5105 hanc,
761 5046 816 5091 et
862 5035 1264 5090 considerantes
1304 5034 1406 5088 iter
1437 5034 1577 5103 quod
1619 5034 1775 5087 nobis
1804 5035 1982 5087 immi-

412 5143 561 5198 neat,
601 5147 707 5187 non
738 5131 979 5199 segniter
1005 5143 1104 5181 nec
1132 5127 1351 5181 remisse
1391 5126 1512 5179 vine
1543 5136 1740 5180 nostrae
1770 5137 1979 5195 tempus

348 5214 359 5225 ’
409 5226 791 5295 permittamus
830 5222 996 5292 378
1053 5220 1285 5283 absumi,
1336 5234 1404 5272 ne
1447 5217 1583 5272 forte
1627 5218 1752 5272 dum
1798 5219 1851 5271 in
1896 5220 1981 5275 his

411 5318 596 5372 mundi
628 5315 954 5369 vanitatibus
980 5311 1090 5384 (75)
1118 5312 1489 5375 immoramur,
1533 5320 1585 5365 et
1612 5311 1838 5382 singulis
1861 5313 1979 5381 qui-

413 5412 619 5479 busque
666 5422 787 5477 qua:
831 5407 897 5460 ad
928 5406 1098 5459 visum
1142 5404 1226 5457 Vel
1255 5402 1523 5467 auditum,
1554 5404 1634 5456 vel
1672 5404 1834 5457 etiam
1862 5420 1982 5473 qua:

483 5532 527 5561 "
557 5528 712 5583 Num.
760 5527 1030 5592 XX‘III,L
1109 5524 1315 5581 "Gen.
1360 5541 1502 5582 XLVI.
1558 5526 1611 5578 4.

412 5599 457 5631 ⁸⁸
478 5603 495 5622 ⁶
524 5602 720 5671 Ephes.
752 5615 827 5664 vn,
858 5601 940 5653 12.
1016 5598 1063 5627 ⁸⁸
1088 5597 1248 5651 Num.
1274 5611 1474 5662 xum,
1499 5598 1549 5650 5.

484 5716 594 5779 (75)
633 5714 772 5771 Idem
797 5731 923 5781 ins.,
960 5733 977 5765 ι
1004 5715 1129 5769 dum
1162 5713 1213 5768 in
1243 5710 1546 5775 huiusmodi
1579 5712 1919 5768 raritatibus.
1951 5731 1971 5764 )

1688 5526 1733 5557 ’³
1759 5526 1900 5580 Psal.
1941 5544 2028 5588 cv,
2084 5529 2171 5583 57.

1627 5598 1670 5627 97
1697 5594 1823 5651 Ose.
1851 5614 1958 5663 MV,
1992 5600 2071 5653 l0.
2146 5601 2190 5632 ”“
2216 5600 2234 5652 Ι
2258 5601 2381 5657 Cor.
2406 5618 2523 5668 xm,
2548 5603 2602 5659 9.

2092 4497 2219 4543 tunc
2251 4488 2389 4543 forte
2414 4487 2645 4557 primum
2706 4500 2919 4540 mannte
2969 4486 3145 4539 cibum
3179 4483 3457 4539 ctelestem
3489 4480 3653 4536 susci-

2092 4583 2229 4650 pies,
2256 4596 2321 4634 ac
2347 4580 2587 4649 singulas
2614 4594 2855 4648 quasque
2883 4578 3206 4632 festivitates
3235 4590 3418 4646 geres,
3451 4575 3516 4629 de
3538 4575 3653 4643 qui-

2091 4675 2193 4727 bus
2217 4673 2329 4742 jam
2378 4671 2646 4739 superius,
2686 4680 2742 4723 ut
2791 4670 3089 4738 potuimus,
3134 4669 3337 4722 dictum
3366 4677 3470 4721 est.
3510 4667 3651 4720 Scito

2093 4774 2271 4817 tamen
2299 4763 2554 4832 quoniam
2589 4770 2709 4831 post
2754 4762 2881 4814 illud
2914 4762 3109 4831 pascha
3159 4761 3309 4828 quod
3348 4762 3398 4815 in
3431 4760 3649 4830 Egypto

2094 4856 2291 4910 factum
2323 4865 2427 4919 est,
2458 4854 2623 4909 semel
2669 4854 2969 4906 invenimus
3005 4854 3055 4906 in
3091 4853 3306 4907 deserto
3337 4855 3529 4922 pascha
3560 4868 3640 4903 τοι

2089 4959 2289 5012 ratum,
2326 4964 2447 5002 eum
2492 4942 2576 5000 lex
2613 4947 2733 5001 data
2778 4956 2880 5010 est,
2935 4955 2989 4999 et
3027 4946 3192 5009 aliud,
3226 4947 3372 5000 sicut
3397 4949 3647 4999 observa-

2088 5042 2267 5094 vimus
2299 5042 2349 5093 in
2388 5039 2662 5101 Nnmeris,
2695 5048 2812 5106 post
2840 5038 2952 5091 haec
2973 5038 3085 5107 jam
3118 5052 3384 5105 nusquam
3417 5035 3547 5105 geri,
3580 5034 3636 5084 ni

2088 5132 2132 5187 si
2165 5133 2216 5186 in
2252 5141 2394 5186 terra
2439 5132 2894 5196 repromiSsionis.
2920 5129 3087 5198 Igitur
3116 5130 3307 5199 quinta
3332 5130 3536 5183 decima
3564 5128 3643 5181 die

2091 5224 2293 5277 mensis
2345 5223 2525 5292 primi,
2583 5222 2830 5291 sequenti
2885 5233 3004 5290 post
3037 5220 3241 5275 PaScha
3279 5221 3387 5285 die,
3447 5219 3529 5287 qui
3566 5227 3642 5271 esl

2090 5316 2295 5383 primus
2326 5314 2653 5383 Azytnorum
2689 5314 2826 5379 dies,
2852 5312 3077 5382 profecti
3111 5320 3234 5365 sunt
3266 5311 3360 5365 lilii
3394 5310 3546 5365 Israel
3580 5308 3639 5362 de

2090 5402 2371 5470 Ramesse,
2409 5424 2427 5457 ι
2468 5408 2519 5461 in
2549 5420 2729 5471 manu,
2764 5406 3021 5475 inquit”,
3058 5404 3298 5473 excdsa,
3335 5406 3387 5458 in
3422 5418 3637 5471 compe-

2247 5530 2473 5584 “Nnm.
2534 5548 2731 5593 xxxnn,
2774 5532 2828 5585 Ξ.
2905 5532 2949 5562 ’⁵
2980 5529 3107 5583 Luc.
3148 5544 3247 5595 xtl,
3318 5526 3505 5594 18,19,
3548 5521 3630 5580 20

2678 5603 2720 5635 ’³
2750 5601 2906 5656 Nunt.
2935 5616 3123 5666 χχχιιι,
3146 5600 3199 5653 5.
