3874 6500
136 223 221 275 78’)
1230 212 1293 267 IN
1328 210 1658 268 NUMEHOS
1685 209 1966 268 HOMILIA
2001 210 2213 268 XXVII.

3245 213 3346 267 τυο

130 348 205 391 cm
226 328 461 387 omuiﬂm
489 324 887 399 Egyptiornm.
909 348 929 382 ι
989 328 1119 395 Qua:
1143 338 1227 383 est
1267 344 1459 384 tuanus
1496 328 1675 385 exeel-
1702 335 1749 388 Α
1779 327 1965 382 rantize
1988 337 2258 383 conantur
2282 327 2519 397 operari.
2548 324 2733 396 Neque
2754 325 2898 381 enim
2916 324 3031 381 sine
3060 323 3193 395 ipsis
3211 342 3345 383 cons

128 423 292 480 saiEt
317 416 456 473 alibi
488 419 634 473 enim
665 420 796 474 dicit
818 422 833 451 ¹
870 436 885 475 :
933 436 953 471 ι
981 419 1259 475 Exaltetur
1284 433 1479 474 manus
1516 427 1603 475 tua
1624 437 1672 473 ,ι

138 517 224 572 Ubi
251 528 349 567 nou
385 518 470 563 est
517 509 814 565 humanum
843 525 978 580 opus
1007 525 1106 566 nec
1150 518 1445 577 terrenum,
1473 511 1566 566 sed
1598 511 1678 566 di-

146 610 329 668 vinum,
370 601 446 657 ibi
473 616 665 657 manus
708 606 923 660 excelsa
967 604 1293 659 nominatur.
1335 604 1440 660 Per
1484 620 1677 662 manus

140 711 348 767 namque
370 710 502 764 opus
530 696 776 768 intelligi,
806 713 948 767 saepe
974 697 1080 766 iam
1116 698 1316 752 dictum
1342 705 1443 752 est.
1478 697 1531 751 In
1558 713 1677 752 ma-

138 812 198 849 nu
221 806 339 862 ergo
360 789 591 856 excelsa,
620 790 673 843 in
709 798 1000 859 conspectu
1032 791 1270 844 omnium
1300 788 1676 861 Egyptiorum

132 883 336 959 profecti
370 892 511 937 sunt.
564 901 582 934 ι
631 883 695 937 Et
728 881 998 953 Egyptii,
1045 882 1215 952 inquit
1264 884 1306 948 ’,
1345 882 1699 951 sepeliebant

135 982 354 1029 mortuos
405 983 569 1036 suos;
600 987 618 1020 ι
668 970 909 1024 viventes
945 982 1126 1025 autem
1177 971 1543 1039 sequebantur
1572 969 1678 1023 Do-

131 1066 319 1119 minum
353 1060 517 1115 Deum
568 1076 747 1114 suum.
789 1060 917 1116 Post
966 1062 1081 1117 haec
1130 1062 1370 1116 dicitur8
1408 1062 1533 1129 quia
1578 1079 1597 1113 ι
1624 1069 1679 1116 et

127 1160 175 1210 in
203 1155 299 1210 diis
324 1167 513 1208 eorum
556 1151 686 1208 fecit
718 1151 977 1208 Dominus
1007 1153 1325 1209 vindictam.
1354 1172 1372 1206 ι
1406 1153 1512 1209 Sed
1541 1162 1595 1208 et
1623 1154 1675 1208 in

128 1246 298 1301 Exodo
344 1245 423 1298 ita‘
445 1243 579 1299 dicit
610 1261 626 1299 :
664 1262 682 1295 ‹
712 1242 776 1297 Et
808 1244 858 1297 in
890 1245 1144 1299 omnibus
1167 1244 1275 1298 diis
1298 1243 1675 1315 [Egyptiorum

125 1340 272 1395 faciet
301 1336 559 1391 Dominus
605 1336 928 1391 vindictam.
960 1356 978 1389 ι
1026 1335 1124 1391 Hic
1170 1346 1351 1391 autem
1382 1338 1513 1391 dicit
1549 1337 1675 1407 quia

119 1430 236 1485 fecit
266 1427 316 1482 in
338 1442 433 1483 eos
463 1427 721 1483 Dominus
755 1428 1070 1483 vindictam.
1116 1446 1135 1479 ι
1165 1426 1303 1483 Sunt
1327 1428 1547 1497 quidam
1584 1429 1674 1498 qui

117 1523 352 1573 dicuntur
385 1517 459 1572 dii
488 1517 603 1577 sive
634 1518 683 1571 in
713 1518 872 1582 caelo,
905 1520 1020 1573 sive
1052 1521 1105 1573 in
1141 1528 1304 1581 terra,
1334 1538 1353 1571 ι
1388 1519 1678 1588 Apostolus

117 1612 189 1664 ait
216 1611 254 1666 ⁸.
297 1608 401 1665 Sed
431 1618 486 1663 et
509 1611 562 1665 in
593 1610 822 1665 Psalmis
850 1611 1051 1666 dicitur
1072 1612 1093 1643 ⁸
1129 1628 1142 1664 :
1175 1628 1193 1661 ι
1217 1608 1418 1666 Omnes
1442 1612 1514 1666 dii
1542 1626 1674 1680 gen-

117 1706 258 1769 tium,
274 1702 559 1757 dmmouia.
587 1722 609 1755 ι
640 1703 753 1757 Non
778 1719 909 1772 ergo
940 1703 1253 1768 simulacra,
1279 1704 1374 1759 sed
1402 1705 1669 1761 daemones

113 1792 197 1859 «μή
242 1792 555 1847 simulacris
604 1793 867 1861 assident,
920 1795 1051 1849 deos
1098 1795 1228 1849 dicit
1273 1796 1328 1849 in
1361 1811 1499 1865 quos
1542 1795 1670 1853 fecit

115 1885 359 1939 Dominus
392 1885 710 1941 vindictam.
755 1887 859 1941 Sed
888 1887 1050 1941 velim
1081 1888 1363 1957 requirere
1400 1890 1670 1957 quomodo

114 1980 244 2032 Deus
270 1975 564 2031 vindictam
594 1978 756 2032 faciat
792 1979 843 2032 in
871 1979 1163 2045 daemones,
1194 1994 1315 2034 eum
1342 1981 1525 2048 utique
1551 1980 1671 2034 vin—

108 2069 254 2122 dicta:
282 2067 398 2121 dies
440 2076 498 2122 et
536 2068 728 2138 judieii
778 2070 1015 2124 nondum
1073 2070 1357 2125 advenerit
1390 2070 1525 2141 (7t).
1563 2069 1667 2125 Sed

109 2161 242 2214 bane
275 2175 376 2230 ego
422 2168 555 2230 puto
588 2159 642 2214 in
674 2161 943 2216 dmmones
975 2161 1090 2216 ﬂeri
1123 2162 1437 2226 vindictam,
1477 2177 1597 2216 eum
1624 2161 1695 2241 is

106 2254 188 2320 qui
221 2252 286 2307 ab
338 2251 453 2307 illis
503 2252 764 2322 deceptus
818 2252 996 2306 fuerat
1046 2262 1103 2305 ut
1158 2252 1296 2306 idola
1324 2251 1543 2317 coleret,
1573 2266 1671 2322 per

98 2343 313 2398 verbum
353 2343 570 2398 Domini
621 2357 918 2397 conversus
973 2341 1257 2396 Dominum
1297 2340 1463 2409 colit;
1497 2350 1552 2396 et
1599 2356 1668 2397 ex

106 2440 213 2503 ipso
239 2448 406 2506 opere
437 2432 841 2501 conversionis,
875 2433 928 2487 in
961 2447 1082 2487 eum
1114 2433 1349 2488 vindicta
1393 2433 1486 2503 qui
1511 2433 1670 2489 dece-

104 2538 268 2601 perat,
313 2532 503 2587 datur.
566 2530 830 2585 Similiter
856 2531 899 2584 si
934 2529 981 2583 is
1009 2529 1099 2599 qui
1143 2545 1173 2583 a
1210 2529 1548 2584 daemonibus
1576 2531 1670 2585 de-

100 2634 277 2691 ceptus
305 2620 490 2675 fuerat
518 2622 584 2676 ad
609 2620 1008 2688 fornicandum,
1034 2632 1382 2677 convertatur
1409 2622 1476 2676 ad
1505 2622 1668 2693 pudi-

102 2716 296 2778 citiam,
331 2713 531 2783 diligat
555 2715 880 2779 castitatem,
924 2727 1140 2770 errasse
1166 2728 1225 2769 se
1247 2712 1462 2780 deﬂeat,
1487 2714 1666 2784 ι)ωηί-

102 2804 274 2858 tentia:
298 2804 476 2874 ipsius
503 2805 759 2875 lacrymis
791 2804 966 2860 utitur
992 2814 1048 2861 et
1095 2806 1400 2861 incenditur
1431 2807 1668 2874 daemon,

100 2906 148 2950 ct
185 2897 265 2951 sic
296 2896 541 2951 vindicta
582 2898 740 2952 datur
786 2898 839 2952 in
869 2897 1206 2967 deeeptionis
1230 2909 1526 2955 auctorem.
1577 2900 1667 2955 Si-

102 2992 295 3045 militer
337 2991 509 3046 etiam
556 2991 602 3044 si
639 2991 760 3061 quis
788 2992 853 3046 de
885 2993 1135 3063 superbia
1183 2994 1247 3046 ad
1277 2993 1665 3060 humilitatem,

98 3085 159 3137 de
187 3082 503 3155 profusione
530 3083 595 3137 ad
620 3083 1007 3152 parcitnouiam
1039 3084 1244 3150 redeat,
1278 3101 1373 3156 per
1406 3087 1518 3141 haec
1548 3087 1662 3141 sin-

98 3176 211 3245 gula
242 3178 546 3243 daemones,
597 3180 689 3247 qui
739 3195 797 3234 se
821 3179 874 3233 in
913 3180 1027 3234 iure
1054 3181 1396 3250 deceperant,
1434 3180 1671 3251 ﬂagellat

98 3278 146 3322 et
192 3271 423 3324 cruciat.
481 3270 707 3337 Quantis
752 3286 846 3327 eos
898 3274 1101 3342 putatis
1149 3272 1235 3343 agi
1284 3272 1587 3336 tormentis,
1622 3271 1669 3326 si

97 3378 247 3430 qncnt
272 3363 520 3431 videant,
569 3365 865 3420 secundum
898 3366 1124 3420 verbum
1169 3365 1398 3429 Domini,
1434 3366 1668 3420 vendere

97 3454 270 3508 omnia
299 3470 399 3509 sua
454 3471 573 3525 qua:
604 3456 864 3528 possidet,
887 3465 942 3510 et
978 3456 1110 3512 dare
1135 3457 1462 3527 pauperibus
1491 3467 1545 3512 et
1572 3457 1670 3513 tol-

97 3544 200 3601 lere
228 3560 459 3601 crucem
490 3564 666 3615 suam,
693 3556 744 3603 et
770 3549 923 3619 sequi
954 3547 1261 3604 Christum!
1292 3547 1464 3621 Super
1486 3551 1667 3607 omnia

98 3655 219 3692 vero
252 3640 337 3695 eis
370 3650 463 3696 est
486 3653 877 3698 tormentorum
909 3658 1133 3714 genera,
1180 3655 1236 3699 et
1281 3659 1444 3716 super
1475 3660 1669 3703 omnes

97 3743 300 3799 paruas,
350 3730 400 3787 si
450 3748 613 3804 quem
649 3734 869 3790 videant
915 3736 1080 3790 verbo
1111 3735 1204 3790 Dei
1249 3751 1467 3805 operam
1515 3737 1664 3805 dare,

97 3822 381 3878 scientiam
410 3826 611 3879 divina:
639 3825 772 3894 legis
794 3836 847 3880 et
872 3829 1124 3899 mysteria
1150 3827 1551 3899 Scripturarum
1583 3830 1669 3885 in-

97 3913 250 3968 tentis
294 3916 502 3971 studiis
529 3917 927 3985 perquirentem
962 3936 976 3974 :
1011 3919 1061 3973 in
1114 3920 1215 3975 boc
1260 3934 1446 3975 eorum
1489 3924 1668 3979 omnis

97 4002 297 4058 ilamma
328 4014 444 4069 est,
476 4006 530 4060 in
554 4007 660 4062 isto
698 4019 931 4062 uruntur
965 4009 1236 4075 incendio,
1264 4011 1522 4079 quoniam
1548 4014 1671 4082 qui-

98 4096 203 4147 dem
257 4094 591 4164 ignorantia:
637 4097 874 4152 tenebris
936 4099 1199 4151 humanas
1246 4097 1668 4153 obscuraverant

98 4198 321 4253 mentes,
348 4197 405 4243 et
461 4189 575 4245 haec
598 4189 976 4255 obtinuerant,
1004 4200 1061 4244 ut
1098 4189 1240 4245 Deus
1264 4192 1482 4261 quidem
1514 4191 1665 4261 igno-

97 4287 319 4344 rarctur,
345 4281 415 4334 ad
451 4281 597 4349 ipsos
636 4295 765 4336 vero
798 4282 963 4336 divini
999 4282 1175 4336 cultus
1200 4283 1376 4338 studia
1404 4284 1666 4340 transfer-

1694 3046 1741 3105 C

1779 428 2081 472 summatur
2102 433 2265 473 omne
2309 426 2613 487 peccatum.
2665 416 2797 474 Nam
2845 434 2967 474 cum
3021 419 3341 474 adulterium

1778 512 1901 580 quis
1925 510 2241 577 committit,
2272 525 2378 565 non
2413 521 2495 565 est
2519 508 2709 580 utique
2756 511 2875 567 sine
2921 510 3204 566 dmn‘ioue:
3261 509 3344 565 vel

1779 617 1898 657 cum
1929 603 2007 656 ira
2032 602 2385 658 immoderata
2415 615 2686 674 raptatur,
2714 606 2797 660 vel
2826 621 2949 660 eum
2975 605 3160 672 diripit
3207 603 3342 658 alie-

1778 701 1971 747 uazet
1992 694 2084 762 qui
2130 693 2327 749 sedens
2379 696 2641 750 adversus
2691 694 2994 766 proximqu
3044 708 3198 748 suum
3251 692 3346 747 de.

1782 786 1969 850 trahit,
1996 794 2047 841 et
2070 787 2357 841 adversum
2389 786 2558 841 tilium
2597 788 2787 843 matris
2843 802 2954 842 sua:
2994 787 3145 856 ponit
3189 799 3346 840 sean-

1778 875 1982 941 dalum,
2008 893 2113 933 non
2142 888 2225 934 est
2273 878 2393 935 sine
2444 880 2707 935 dmmone.
2742 879 2808 933 Et
2855 879 2977 935 ideo.
3034 876 3345 933 omnimode

1779 969 2049 1034 agendum
2078 978 2161 1024 est
2196 969 2370 1038 nobis,
2422 985 2489 1026 ne
2533 970 2675 1027 forte
2716 971 3087 1042 Egyptiornm
3145 970 3346 1040 primo-

1777 1058 1979 1129 genita,
2010 1059 2092 1114 vel
2121 1062 2251 1116 deos
2275 1077 2464 1117 eorum
2490 1076 2628 1131 quos
2679 1063 2934 1117 Dominus
2972 1060 3240 1131 percussit
3287 1068 3345 1113 et

1777 1153 2059 1217 exstinxit,
2088 1154 2476 1211 resuscitemus
2501 1156 2553 1209 iu
2587 1155 2765 1221 nobis,
2786 1154 2829 1208 si
2859 1155 2937 1208 eis
2982 1152 3153 1207 locum
3180 1151 3343 1205 dede-

1778 1243 1946 1299 rimus
1966 1246 2226 1314 operaudi
2256 1245 2308 1300 in
2341 1245 2496 1303 nobis
2522 1261 2583 1301 ea
2610 1262 2731 1318 qua:
2754 1247 2869 1302 odit
2892 1246 3052 1299 Deus.
3077 1242 3133 1298 Si
3160 1251 3341 1296 autem

1779 1336 1846 1390 ab
1874 1336 1959 1391 his
1993 1337 2249 1393 omnibus
2272 1339 2648 1395 contineamus
2682 1353 2802 1405 nos,
2834 1353 2899 1393 eo
2930 1336 3088 1391 modo
3125 1350 3230 1405 quo
3255 1349 3342 1387 su-

1779 1427 1959 1494 perius
1990 1428 2248 1496 diximus,
2302 1430 2449 1486 dedit
2493 1431 2787 1486 vindictam
2833 1430 2885 1485 in
2940 1427 3191 1483 omnibus
3239 1424 3343 1479 diis

1778 1518 2182 1591 Egyptiorum,
2212 1538 2508 1595 pinnasque
2551 1540 2618 1579 ex
2669 1533 2851 1578 nostra
2889 1519 3262 1576 emendatione
3288 1526 3345 1571 et

1780 1615 2137 1671 conversione
2168 1616 2444 1672 daemones
2471 1616 2794 1687 suscipiunt.

1704 1690 1743 1745 Β
1843 1703 1895 1760 9.
1938 1706 2151 1762 Exeunt
2174 1722 2303 1779 ergo
2335 1724 2402 1764 ex
2436 1708 2674 1780 Egypto
2714 1709 2807 1764 filii
2846 1706 3035 1769 lsrael.
3083 1714 3136 1759 et
3176 1702 3345 1774 proﬂ—

1772 1796 2037 1855 ciscentes
2076 1815 2143 1856 ex
2174 1799 2433 1858 Ramesse
2475 1804 2699 1857 veniunt
2746 1803 2799 1857 in
2851 1801 3110 1857 Socbotb.
3154 1793 3343 1851 Profe-

1772 1891 1970 1948 ctionis
2002 1895 2092 1950 hic
2118 1897 2273 1963 ordo,
2302 1905 2356 1951 et
2379 1896 2654 1951 distinctio
2682 1895 3046 1959 mansionum,
3066 1891 3220 1945 valde
3238 1903 3337 1943 ne-

1770 1983 2009 2037 cessaria
2037 1992 2093 2038 et
2118 1985 2457 2040 observanda
2484 1995 2566 2041 est
2593 1986 2661 2040 iis
2687 1987 2779 2055 qui
2816 1992 3115 2055 sequuntur
3144 1979 3337 2041 Deum,

1768 2081 1823 2127 et
1850 2073 1917 2127 de
1942 2074 2208 2129 virtutum
2233 2075 2571 2145 profectibus
2603 2076 2868 2146 cogitant.
2896 2074 2970 2129 De
3001 2069 3343 2142 quo'ordine

1771 2162 1989 2218 memini
2021 2165 2162 2233 quod
2183 2164 2295 2234 jam
2323 2175 2374 2220 et
2405 2166 2457 2221 in
2484 2166 2629 2233 aliis,
2655 2182 2776 2222 eum
2803 2165 3178 2222 aedificationis
3210 2177 3340 2216 cau-

1767 2267 1827 2309 sa
1852 2255 2032 2327 aliqua
2059 2258 2424 2328 loqueremur,
2465 2276 2583 2331 quae
2623 2260 2881 2315 Dominus
2918 2260 3047 2315 dare
3088 2258 3352 2325 dignatus

1773 2352 1878 2413 est,
1910 2349 2183 2416 prosecuti
2224 2364 2431 2405 sumus.
2490 2349 2595 2406 Sed
2638 2359 2692 2405 et
2716 2365 2857 2405 nunc
2909 2348 3094 2420 paucis
3145 2346 3340 2402 iterum

1769 2439 2060 2495 orantibus
2098 2441 2255 2497 vobis
2307 2442 2795 2497 commonebimus.
2855 2441 2942 2495 Fit
2997 2454 3128 2510 ergo
3166 2436 3343 2507 prima

1770 2530 2037 2600 profectio
2061 2547 2128 2589 ex
2162 2532 2445 2599 Ramesse,
2474 2546 2528 2590 et
2558 2534 2674 2589 sive
2711 2538 2788 2589 de-
2808 2534 2912 2589 boc
2942 2533 3142 2588 mundo
3159 2530 3338 2585 anima

1771 2623 2123 2693 proﬁciscens
2159 2626 2225 2681 ad
2246 2626 2481 2683 futurum
2504 2625 2757 2683 saeculum
2787 2626 2984 2696 pergil,
3012 2624 3128 2680 sive
3157 2621 3227 2677 ab
3254 2637 3342 2677 er-

1770 2716 1983 2771 roribus
2015 2717 2138 2772 vita:
2167 2719 2232 2772 ad
2262 2718 2404 2773 viam
2447 2719 2670 2773 virtutis
2696 2728 2751 2773 et
2795 2717 3085 2789 agnitionis
3106 2729 3339 2771 conver-

1773 2806 1922 2869 titur,
1948 2822 2011 2861 ex
2046 2808 2303 2865 lianxesse
2338 2809 2720 2879 proficiscitur.
2774 2806 3033 2863 Ramesse
3090 2806 3236 2861 enim
3283 2805 3339 2859 in

1771 2909 1954 2954 nostra
1984 2900 2165 2971 lingua
2187 2902 2384 2958 dicitur
2405 2903 2690 2957 commotio
2722 2901 2960 2963 turbida,
2991 2899 3075 2955 vel
3106 2913 3336 2952 commo—

1770 2992 1844 3046 tio
1865 2992 2018 3048 tineae
2044 2994 2178 3065 (75).
2207 2992 2261 3050 1η
2290 3011 2395 3071 quo
2425 2996 2613 3066 utique
2646 2994 2972 3056 ostenditur,
2996 2990 3138 3063 quod
3156 2989 3347 3045 omnia

1773 3085 1824 3140 in
1863 3084 1966 3141 hoc
1992 3089 2192 3143 mundo
2219 3087 2272 3142 in
2310 3087 2766 3144 commotionibus
2819 3095 2874 3141 et
2922 3082 3351 3156 perturbationi-7

1771 3173 1870 3229 bus
1895 3176 2068 3246 posita
2093 3187 2240 3243 sunt,
2270 3189 2325 3234 et
2348 3178 2402 3234 in
2442 3177 2749 3247 corruptela
2783 3195 2795 3231 :
2846 3177 2950 3232 hoc
3000 3176 3143 3231 enim
3196 3175 3353 3227 tinea.

1771 3265 1991 3322 indicat.
2031 3267 2087 3322 In
2134 3269 2332 3338 quibus
2376 3284 2481 3325 non
2526 3278 2740 3340 oportet
2789 3268 3027 3324 residere
3078 3265 3339 3330 animam,

1770 3359 1863 3412 sed
1894 3358 2187 3427 proﬁcisci,
2220 3370 2274 3414 et
2298 3361 2487 3416 venire
2515 3362 2565 3416 in
2593 3360 2851 3417 Socbotb.
2886 3359 3128 3416 Socbotb
3156 3368 3339 3413 autem

1771 3449 2161 3521 interpretatur
2187 3454 2533 3509 tabernacula
2561 3453 2697 3526 (76).
2727 3452 2896 3523 Igitur
2920 3452 3127 3521 primus
3144 3452 3339 3505 anima:

1770 3543 2046 3612 profectus
2069 3555 2153 3600 est
2175 3555 2233 3600 ut
2261 3545 2542 3600 auferatur
2561 3562 2589 3599 a
2619 3544 2985 3601 commotione
3015 3550 3251 3603 terrena,
3281 3548 3339 3594 et

1769 3639 1909 3691 sciat
1928 3636 2028 3692 sibi
2067 3646 2323 3708 tanquam
2355 3637 2723 3709 peregrinanti
2749 3637 2800 3692 in
2834 3634 3199 3692 tabernaculis
3239 3632 3339 3686 ba-

1767 3729 2069 3797 bitandum,
2095 3748 2205 3801 quo
2230 3722 2380 3787 velut
2409 3732 2460 3787 in
2520 3731 2797 3799 procinctu
2853 3730 3025 3801 posita
3082 3728 3339 3783 adversus

1770 3820 2089 3876 insidiantes
2132 3823 2382 3889 expedita
2442 3835 2735 3877 occurrere
2807 3820 2979 3891 possit
3032 3826 3086 3874 et
3143 3818 3336 3876 libera.

1768 3915 1896 3972 Inde
1912 3916 2023 3987 jam
2058 3917 2144 3983 ubi
2174 3931 2232 3972 se
2263 3916 2429 3971 sentit
2454 3928 2576 3970 esse
2624 3914 3005 3984 prmparatam,
3041 3907 3342 3980 proﬁcisci-

1768 4014 1857 4061 tur
1889 4023 1953 4063 ex
1987 4006 2225 4063 Sochoth
2268 4017 2323 4063 et
2349 4007 2586 4078 applicat
2614 4006 2665 4059 in
2701 4005 2936 4061 Butban.
2982 4004 3190 4061 Butban
3214 4019 3339 4057 cott-

1767 4098 1917 4154 valli:
1940 4100 2242 4169 appellatur
2273 4100 2407 4172 (77).
2446 4100 2716 4179 Virtutum
2749 4098 2986 4153 diximus
3011 4100 3066 4151 in
3092 4097 3177 4151 bis
3216 4107 3339 4150 esse

1768 4190 2093 4260 profectum.
2163 4192 2348 4247 Virtus
2400 4207 2507 4247 non
2571 4190 2675 4245 nisi
2716 4190 2999 4246 exercitiis
3050 4198 3107 4244 et
3156 4187 3338 4242 labore

1768 4283 2130 4351 coitquiritur,
2165 4298 2263 4337 nec
2297 4291 2510 4337 tantum
2545 4283 2596 4337 in
2625 4281 2924 4353 prosperis,
2971 4289 3232 4351 quantum
3282 4279 3337 4333 in

97 4381 291 4430 'eutur.
319 4373 460 4439 Quae
488 4383 644 4443 putas
667 4373 720 4427 in
748 4372 869 4428 illos
892 4372 1131 4428 vindicta
1158 4374 1338 4439 datur,
1364 4389 1484 4444 qua:
1506 4374 1666 4429 infer-
1696 4390 1740 4445 ι)
1771 4372 2013 4428 adversis
2038 4374 2317 4444 probatur.
2354 4372 2580 4427 Venitur
2607 4371 2673 4425 ad
2728 4371 3052 4428 convallem.
3103 4368 3157 4423 ln
3206 4382 3337 4423 con-

110 4481 171 4518 ur
190 4466 271 4520 eis
298 4465 526 4520 ﬂamma
550 4481 773 4535 ptenaru
785 4481 979 4532 m,cum
1006 4467 1188 4521 vident
1212 4467 1323 4521 haec
1343 4468 1543 4523 lumine
1565 4485 1660 4525 ve-

98 4557 256 4613 itatis
284 4558 520 4630 aperiri,
547 4569 599 4612 et
622 4552 827 4613 fraudis
842 4574 952 4614 sua:
973 4557 1195 4613 nebulas
1221 4574 1319 4628 per
1334 4560 1659 4629 agnitionem

101 4649 214 4719 egis
245 4650 453 4705 divina:
478 4652 745 4706 reserari?
769 4651 1056 4706 Possident
1080 4650 1223 4705 enim
1244 4660 1473 4705 cunctos
1499 4652 1588 4721 qui
1608 4652 1660 4706 in

104 4744 395 4809 gnorantia
431 4743 625 4798 vivunt
656 4761 670 4798 :
708 4754 763 4798 et
792 4759 895 4813 non
917 4742 1092 4798 solum
1126 4741 1249 4797 illos
1275 4742 1365 4812 qui
1394 4743 1569 4798 adhuc
1606 4744 1659 4799 in

102 4837 392 4897 gnorautia
428 4844 576 4903 sunt,
619 4835 714 4891 sed
740 4836 991 4905 ingerunt
1015 4847 1073 4887 se
1105 4847 1248 4902 saepe
1273 4834 1437 4888 etiam
1470 4834 1535 4889 iis
1568 4837 1659 4905 qui

97 4924 244 4997 379
267 4937 616 4997 agnoverunt
640 4928 826 4988 Deum,
856 4934 911 4979 et
937 4939 1125 4980 rursus
1156 4925 1207 4979 in
1236 4924 1302 4980 iis
1323 4939 1484 4995 opera
1511 4927 1661 4996 igno-

1770 4461 1996 4518 vallibus
2047 4471 2227 4519 autem
2273 4474 2330 4518 et
2374 4464 2427 4517 in
2485 4463 2831 4520 inferioribus
2882 4462 3015 4516 locis
3062 4468 3339 4514 certamen

1771 4554 2004 4608 habetur
2037 4556 2298 4611 adversus
2339 4553 2611 4609 diabolum
2665 4564 2721 4610 et
2750 4552 3057 4609 contrarias
3100 4561 3341 4621 potesta-

1772 4658 1871 4704 tes.
1902 4650 1956 4703 ln
1983 4649 2215 4704 convalli
2240 4664 2372 4719 ergo
2404 4663 2539 4716 agon
2561 4649 2828 4719 gerendus
2851 4658 2952 4712 est,
2990 4655 3045 4702 et
3091 4648 3146 4701 in
3202 4662 3337 4702 con-

1772 4743 1896 4797 valli
1929 4744 2272 4814 pugnandum
2303 4752 2408 4798 est.
2441 4742 2680 4812 Denique
2705 4754 2760 4797 et
2786 4741 3058 4796 Abraham
3093 4740 3145 4795 in
3200 4738 3335 4795 vaile

1769 4835 2073 4889 Saliuarum
2103 4833 2356 4905 pugnavit
2405 4834 2689 4888 adversum
2745 4832 3009 4887 barbaros
3069 4845 3247 4900 reges,
3280 4836 3336 4883 et

1769 4926 1840 4981 ibi
1874 4927 2154 4981 victoriam
2183 4936 2505 4995 consecutus
2535 4935 2619 4978 est
2646 4924 2687 4979 ‘.
2720 4923 3009 4979 Descendit
3058 4937 3188 4993 ergo
3221 4925 3333 4975 via-

148 5041 165 5072 ‘
192 5039 339 5096 Psal.
370 5056 431 5105 κ,
459 5039 546 5095 12.
622 5045 644 5076 ³
666 5038 823 5095 Num.
851 5054 1049 5103 χχχιιι,
1075 5037 1129 5097 Ai.
1204 5037 1225 5070 ³
1254 5038 1382 5093 ibid.
1433 5038 1454 5069 ⁵
1480 5038 1498 5091 l
1522 5040 1644 5095 Cor.

1774 5082 1788 5107 ,
1818 5040 1869 5097 5.
1922 5042 1944 5073 '
1970 5040 2112 5096 Psal.
2139 5054 2283 5105 xcvr,
2305 5040 2360 5096 5.
2435 5042 2455 5074 ‘
2476 5039 2614 5097 Gen.
2646 5056 2756 5097 xiv.

146 5152 263 5223 (Ἰᾶ)
294 5151 404 5210 Sed
448 5152 596 5206 velim
623 5149 1182 5223 requirereiqttomodo
1209 5152 1347 5206 Deus
1376 5153 1656 5208 vindictam

98 5222 238 5274 'aciat
270 5224 327 5276 in
358 5224 647 5286 dwmones,
686 5222 1019 5292 0112711111.un
1044 5224 1286 5277 vindictre
1310 5224 1418 5277 dies
1441 5235 1486 5276 et
1506 5223 1657 5292 judi—

98 5294 144 5345 'it'
190 5293 439 5347 nondum
479 5292 763 5364 advenerit.
809 5291 940 5347 Vide
985 5290 1427 5364 Origenianorum
1479 5290 1570 5348 lib.
1600 5309 1660 5357 ιι,

97 5374 271 5431 piaast.
299 5365 358 5425 5,
396 5379 546 5417 num.
574 5363 664 5416 22.

145 5456 261 5527 (Ἱὸ)
298 5452 705 5527 Βανῖηεεδεᾼεηὶηι
740 5456 791 5507 in
817 5465 991 5510 nortra
1014 5454 1415 5527 linguodicitur
1435 5470 1662 5507 commo-

100 5525 165 5577 io‘
197 5526 452 5587 turbida,
500 5525 572 5579 vel
619 5530 895 5579 commotio
944 5528 1116 5579 tinea’.
1169 5526 1428 5579 Nimirum
1478 5541 1503 5576 τι
1542 5534 1662 5586 D‘J‘t

98 5615 100 5643 τ
133 5596 501 5656 commoveri,
539 5595 834 5663 percellin
868 5607 921 5650 et
960 5608 1037 5656 DD
1071 5615 1087 5645 ι
1121 5598 1285 5656 tinea,
1313 5597 1496 5648 blatta.
1532 5615 1549 5645 ι

146 5665 265 5739 (76)
299 5666 539 5722 Sachoth
573 5675 745 5720 utilem
770 5667 1145 5736 interpretatur
1171 5665 1661 5721 tabcrrruculaJia-

1766 5156 1855 5211 dix
1891 5163 1972 5210 est
1996 5166 2108 5237 Ῥω
2153 5176 2172 5209 ι
2206 5158 2357 5223 texit,
2419 5158 2664 5223 obtexit,
2725 5176 2743 5210 ι
2795 5158 2934 5211 unde
2973 5168 3085 5217 mo
3126 5174 3144 5208 ι
3178 5165 3335 5225 tugu-

1765 5250 1929 5317 rium,
1955 5250 2382 5317 tabernaculum,
2413 5269 2431 5302 ι
2463 5260 2516 5304 et
2548 5253 2600 5304 in
2632 5248 2823 5321 plurali
2858 5257 2996 5309 nu:
3030 5268 3047 5301 ι
3082 5249 3335 5304 taberna-

1765 5322 2183 5461 “lavimus”
2206 5390 2459 5445 convallis
2485 5390 2800 5461 appellatur.
2826 5385 2917 5461 _[n_
2943 5387 3171 5461 Hebraeo
3199 5388 3332 5461 lygi-

1770 5458 1856 5514 tur
1897 5471 2063 5522 onst:
2114 5480 2134 5513 ι
2172 5463 2224 5517 in
2252 5461 2464 5516 Etham.
2502 5479 2519 5512 ι
2556 5458 2731 5529 Ἁριιά
2781 5458 2920 5521 LXX
2967 5459 3162 5530 legitur
3211 5458 3335 5530 βου-

1768 5530 2073 5657 οᾴἶμμιοιι,
2126 5547 2225 5589 cur
2262 5552 2279 5585 ι
2318 5530 2585 5589 convallis
2623 5549 2642 5582 ι
2686 5530 2945 5600 appellari
2989 5529 3180 5599 possit,
3226 5546 3328 5586 non

1768 5618 1941 5658 vueo.
