3874 6502
552 209 650 268 ’191

2041 192 2363 250 οιιισειιιιε
2847 192 2850 194 ⁷
3629 201 3703 259 792

549 335 641 386 tor
668 328 757 383 hic
790 341 975 385 noster
999 330 1066 384 ad
1096 345 1192 386 eos
1224 329 1312 399 qui
1357 328 1410 382 in
1443 325 1731 398 profundis
1782 329 1909 378 sunt
1963 329 2018 375 et
2078 317 2130 371 in
2160 315 2480 386 Ajaceutes
2519 314 2586 370 ad
2617 315 2768 371 littus
2797 314 2988 371 maris.
3031 313 3166 371 Cum
3216 325 3386 370 autem
3438 318 3600 377 videris
3642 341 3703 381 eos

554 422 700 486 imis,
726 439 832 478 non
865 434 921 477 ut
946 423 1018 478 ibi
1045 425 1378 489 demoretur,
1398 423 1490 477 sed
1522 431 1581 475 ut
1607 420 1677 475 ibi
1703 417 1982 473 victoriam
2001 429 2083 469 cor

2226 407 2494 476 iacentes,
2533 415 2587 462 ιιι
2616 423 2849 479 exsurge
2877 417 2930 462 et
2980 416 3142 462 canta
3178 408 3231 462 in
3265 411 3480 468 canticis
3523 414 3702 484 Domino,

552 524 828 584 sequatur.
869 513 1099 569 Profecti
1136 524 1263 569 sunt
1289 525 1467 569 autem
1502 529 1568 568 ex
1598 508 1830 576 Buthan,
1871 520 1924 564 et
1953 507 2127 578 appli-

555 614 782 660 cuerunt
810 607 877 659 ad
905 621 967 660 os
999 605 1164 661 lroth.
1200 605 1346 661 lroth
1381 607 1524 660 vicus
1569 606 1958 674 interpretatur
1988 598 2125 671 (78).

549 695 792 751 Nondum
856 698 1000 752 enim
1061 699 1284 753 venitur
1345 699 1412 753 ad
1465 698 1780 760 civitatem,
1844 709 1944 749 nec
2001 707 2124 761 qua:

548 788 787 857 perfecta
844 799 971 845 sunt
1019 791 1131 861 jam
1188 802 1480 855 tenentur,
1535 791 1628 845 sed
1676 788 1890 844 interim
1947 787 2123 856 primo

546 895 709 950 parva
741 896 969 952 quaeque
993 883 1299 953 capiuntur.
1367 881 1465 938 Hic
1495 891 1576 938 est
1623 882 1766 937 enim
1819 879 2120 951 prolectus,

545 982 602 1025 ut
633 975 867 1040 aparvis
900 977 966 1030 ad
1023 991 1213 1046 magna
1261 977 1531 1031 veniatur.
1587 977 1813 1032 Venitur
1861 989 1992 1046 ergo
2042 973 2111 1027 ad

541 1063 836 1130 lroth,b‘oc
873 1079 958 1122 est
1002 1069 1070 1121 ad
1126 1069 1424 1138 ingressum
1483 1069 1716 1140 primum
1776 1069 1902 1133 vici,
1973 1067 2116 1136 quod

540 1166 624 1211 est
648 1159 862 1213 initium
898 1162 1330 1219 cmiversatiouis
1357 1203 1372 1226 ,
1429 1171 1481 1218 et
1521 1162 1862 1216 abstinentiae
1910 1161 2116 1216 medio-

539 1248 672 1303 eiis.
716 1247 1030 1306 Periculosa
1087 1265 1170 1306 est
1229 1269 1462 1322 namque
1496 1254 1546 1307 in
1601 1253 1774 1307 initiis
1804 1252 2026 1323 grandis
2059 1260 2115 1306 et

538 1339 895 1395 immoderata
919 1343 1268 1399 abstinentia.
1317 1345 1464 1400 lroth
1492 1354 1669 1400 autem
1699 1344 1812 1398 htcc
1832 1344 2004 1412 posita
2029 1353 2114 1399 est

533 1440 724 1486 contra
751 1433 1107 1508 Beelsephon,
1130 1448 1185 1496 et
1207 1451 1396 1496 contra
1423 1441 1747 1513 Magdalum.
1774 1440 2107 1512 Beelsephou

534 1524 929 1596 interpretatur
984 1533 1223 1588 ascensio
1284 1533 1528 1602 specut'w,
1589 1533 1704 1589 sive
1751 1535 1918 1589 turris
1970 1533 2104 1607 (79).

529 1615 574 1670 A
633 1619 816 1688 parvis
877 1632 1008 1689 ergo
1071 1621 1384 1677 ascenditur
1443 1622 1511 1677 ad
1579 1636 1812 1691 magna,
1865 1633 1920 1677 et
1965 1638 2103 1678 non-

529 1710 653 1763 dum
689 1709 740 1763 iu
774 1711 884 1780 ipsa
911 1714 1152 1782 specula,
1179 1713 1274 1769 sed
1319 1724 1506 1769 contra
1559 1715 1869 1784 speculam,
1908 1715 1962 1769 id
2017 1726 2102 1771 est

529 1802 582 1856 in
611 1814 900 1873 conspectu
934 1805 1165 1874 speculae
1193 1807 1363 1876 posita
1391 1817 1497 1863 est.
1530 1807 1814 1879 Speculari
1839 1809 1984 1864 enim
2025 1809 2102 1864 in-

524 1893 677 1962 cipit,
713 1905 766 1950 et
795 1897 1112 1965 prospicere
1157 1915 1309 1968 spem
1363 1898 1596 1955 futuram
1649 1911 1703 1957 et
1755 1901 2099 1959 altitudinem

524 1985 861 2053 profectuum
899 1989 1279 2060 contemplari,
1307 2001 1362 2047 et
1398 1993 1652 2063 paulatim
1704 1996 1921 2062 crescit,
1968 1996 2096 2050 dum

524 2079 642 2144 plus
679 2095 774 2150 spe
827 2082 1065 2136 nutritur
1104 2099 1264 2154 quam
1313 2086 1590 2142 laboribus
1635 2087 1914 2159 fatigatur.
1966 2089 2098 2156 Quae

518 2173 699 2237 statio,
731 2173 846 2227 sive
867 2176 1078 2233 mansio
1107 2188 1295 2233 contra
1329 2179 1631 2252 Magdalum
1687 2193 1792 2245 est,
1849 2186 2092 2239 nondum

520 2263 569 2316 in
613 2264 728 2335 ipso
786 2265 1055 2336 Magdalo.
1114 2269 1418 2342 Magdalum
1490 2275 1635 2330 enim
1700 2278 2094 2345 magniﬁcentia

515 2353 719 2410 dicitur
756 2358 895 2427 (80).
924 2360 1142 2418 llabeus
1167 2379 1300 2432 ergo
1329 2366 1380 2420 in
1408 2379 1702 2438 conspectu
1734 2379 1787 2424 et
1816 2373 2094 2426 ascensio-

513 2462 633 2502 nem
667 2451 922 2516 speculze,
951 2463 1006 2508 et
1045 2457 1501 2525 magniﬁcentiam
1546 2476 1727 2515 rerum
1757 2461 2086 2528 futurarum,

512 2536 738 2604 spebus,
763 2550 820 2594 ut
856 2541 1126 2608 diximus,
1163 2544 1475 2614 ingentibus
1517 2550 1762 2618 pascitur
1810 2561 1866 2607 et
1917 2555 2091 2607 nutri-

512 2637 620 2682 tur.
655 2628 710 2683 In
738 2632 1162 2700 profectionibus
1191 2638 1338 2694 enim
1369 2650 1487 2710 est,
1522 2657 1631 2698 non
1666 2643 1718 2698 in
1752 2643 2090 2714 perfectione

502 2722 616 2788 jam
652 2722 848 2792 posita.

575 2811 663 2866 lt).
689 2810 816 2870 Post
850 2817 964 2872 haec
989 2819 1410 2888 proficiscuntur
1436 2824 1502 2878 de
1533 2823 1699 2892 lroth,
1722 2836 1777 2884 et
1802 2841 2086 2887 transeunt

507 2920 600 2973 per
635 2908 870 2963 medium
915 2913 1081 2967 maris
1108 2913 1300 2983 Rubri,
1333 2927 1386 2973 et
1409 2918 1787 2987 applicuerunt
1822 2924 1888 2977 ad
1929 2941 2080 2979 ama-

2229 511 2280 555 et
2311 497 2559 554 eollauda
2594 515 2718 554 eum
2758 501 2851 570 qui
2883 515 3082 571 equum
3117 510 3170 556 et
3204 516 3526 561 ascensorem
3553 511 3705 568 dun“.

2227 595 2298 647 sit
2332 594 2382 647 in
2419 592 2663 648 Rubrum
2707 609 2878 651 mare.
2922 594 3447 666 Applicueruntergo
3469 600 3526 652 ad
3569 609 3706 660 amri-

2229 685 2461 741 tudiues.
2497 686 2738 742 Audiens
2785 687 3183 744 amaritudines
3224 704 3325 743 non
3368 705 3707 760 pavescas,»

2223 792 2330 848 que
2361 779 2643 843 terrearis.
2681 798 2700 832 ι
2724 779 2914 836 Omnis
2959 781 3106 836 enim
3144 783 3375 836 eruditio
3431 784 3491 837 ad
3537 801 3706 854 praem

2223 881 2329 921 non
2368 865 2582 920 videtur
2607 865 2782 922 dulcis
2818 882 2940 923 esse
2963 908 2978 933 ,
3010 869 3106 923 sed
3156 883 3359 922 amara.
3416 867 3582 926 Postea
3622 889 3707 931 vero

2221 958 2457 1014 fructum
2489 959 2862 1015 dulcissimum
2913 972 2968 1017 et
3013 961 3414 1031 pacatissimam
3469 967 3707 1024 exercitatis

2219 1066 2317 1121 per
2348 1053 2702 1122 semetipsam
2736 1055 2912 1108 reddit
2933 1055 3166 1124 justitia:
3190 1055 3229 1118 ⁷,
3270 1075 3290 1107 ι
3318 1056 3455 1109 sicut
3488 1060 3708 1126 Apostolus

2217 1148 2402 1202 docet.
2434 1146 2676 1216 Denique
2705 1157 2761 1202 et
2807 1162 3001 1216 azyma
3053 1163 3176 1202 cum
3237 1148 3576 1203 amaritudine
3611 1159 3707 1210 vesci

2216 1239 2610 1309 prmcipiuntur
2637 1258 2652 1294 :
2685 1256 2786 1296 nec
2813 1250 2898 1296 est
2938 1241 3197 1311 possibile
3243 1241 3518 1310 pervenire
3547 1246 3600 1298 ad
3633 1257 3707 1301 ιιι.

2215 1347 2330 1386 ram
2362 1333 2822 1401 repromissionis,
2850 1335 2951 1390 nisi
2999 1349 3094 1404 per
3124 1336 3507 1391 amaritudines
3532 1347 3709 1394 transa-

2213 1436 2353 1476 mus.
2405 1419 2560 1477 Sicut
2618 1421 2764 1478 enim
2834 1424 3031 1480 medici
3091 1425 3476 1482 amaritudiues
3515 1431 3708 1498 quasdam

2211 1513 2624 1570 medicamentis
2649 1513 2900 1570 inserunt
2930 1516 3123 1572 salutis
3150 1526 3438 1587 prospectu
3477 1528 3524 1574 et
3562 1525 3707 1577 sauia.

2212 1607 2282 1662 tis
2303 1607 2676 1680 languentium
2707 1648 2724 1675 ,
2763 1609 2838 1666 ita
2862 1619 2918 1666 et
2963 1610 3155 1667 salutis
3194 1622 3477 1682 prospectu
3520 1617 3706 1673 medim

2210 1698 2516 1754 animarum
2545 1711 2860 1756 nostrarum
2899 1703 3296 1758 amaritudines
3328 1718 3425 1759 nos
3455 1704 3564 1760 vita:
3597 1707 3709 1773 huius

2209 1791 2378 1845 voluit
2412 1792 2523 1862 pati
2567 1793 2622 1847 in
2680 1793 2913 1850 diversis
2959 1795 3386 1860 tentationibus,
3434 1796 3591 1852 sciens
3621 1801 3705 1867 quia

2210 1884 2335 1940 linis
2363 1886 2522 1958 hujus
2544 1887 2930 1944 amaritudinis
2967 1889 3163 1945 anima:
3193 1901 3400 1946 nostra
3443 1891 3704 1948 dulcedinem

2207 1979 2400 2035 salutis
2429 1981 2678 2050 acquirat
2715 1995 2730 2034 :
2761 1982 2905 2037 sicut
2937 1991 2992 2038 et
3036 1983 3352 2038 econtrario
3382 1982 3499 2039 ﬂuis
3534 1986 3704 2041 dulcedi.

2207 2073 2289 2126 nis
2319 2087 2442 2142 quae
2465 2081 2549 2128 est
2581 2073 2634 2128 in
2663 2073 2942 2145 voluptate
2978 2089 3267 2145 corporea,
3309 2085 3371 2130 ut
3405 2075 3570 2132 divitis
3608 2079 3703 2136 illius

2204 2162 2453 2235 exempla
2494 2167 2819 2233 docuerunt,
2851 2181 3100 2222 amarum
3126 2168 3296 2222 linem
3332 2169 3502 2224 reddit
3525 2170 3569 2224 in
3591 2171 3703 2225 inier-

2203 2274 2331 2314 num
2379 2273 2684 2328 pcenarum.
2716 2259 2796 2315 Tu
2833 2275 2963 2329 ergo
3003 2260 3095 2330 qui
3134 2261 3240 2316 iter
3288 2261 3500 2317 virtutis
3539 2263 3698 2332 incedis,

2203 2369 2306 2407 non
2350 2352 2589 2423 refugias
2620 2353 2894 2423 applicare
2916 2353 2981 2408 ad
3018 2355 3434 2412 amaritudines.
3457 2355 3702 2413 Proﬁcisce-

2200 2447 2275 2500 ris
2304 2447 2451 2501 enim
2483 2456 2536 2502 et
2558 2447 2704 2513 inde,
2735 2449 2878 2504 sicut
2899 2458 2954 2502 et
2981 2448 3075 2503 filii
3101 2448 3292 2504 Israel.

2269 2546 2355 2600 ll.
2389 2564 2408 2599 ‹
2442 2545 2678 2602 Profecti
2714 2555 2859 2612 sunt,
2894 2546 3070 2617 inquit
3097 2546 3139 2612 ⁸,
3165 2547 3233 2602 de
3287 2546 3635 2616 amaritudine,
3665 2560 3700 2602 et

2198 2649 2466 2694 venerunt
2491 2639 2545 2694 in
2570 2637 2767 2693 llelim.
2803 2656 2822 2690 ι
2861 2637 3037 2694 llelim
3063 2648 3170 2707 est,
3201 2639 3294 2694 ubi
3329 2651 3454 2696 sunt
3489 2640 3698 2696 duodecim

2193 2732 2374 2788 fontes
2399 2747 2685 2803 aquarum,
2723 2740 2778 2788 et
2807 2733 3150 2802 septuaginta
3173 2732 3297 2788 duze
3325 2733 3536 2790 arbores
3553 2734 3698 2804 palma-

2192 2841 2336 2881 rum.
2364 2825 2526 2881 Vides
2555 2835 2675 2896 post
2715 2827 3130 2893 amaritudines,
3161 2839 3286 2898 post
3308 2829 3602 2900 asperitates
3621 2839 3700 2882 teu-

2193 2919 2483 2985 tationum,
2521 2934 2684 2989 quam
2720 2929 2771 2976 te
2820 2935 3034 2975 amoena
3090 2921 3403 2991 suscipiunt
3464 2921 3582 2976 loca.
3619 2920 3696 2974 Non

505 2995 786 3056 ritudines.
821 2998 1067 3057 Diximus
1095 3012 1304 3075 tempus
1325 3006 1692 3075 profectuum,
1722 3017 1932 3080 tempus
1963 3027 2083 3068 esse
2111 3044 2156 3104 ο
2193 3012 2438 3068 venisses
2466 3015 2533 3069 ad
2557 3013 2788 3083 palmas,
2825 3016 2926 3070 nisi
2958 3015 3322 3071 tentationum
3381 3016 3698 3070 amaritudinis

504 3089 1085 3161 periculorum.Quam
1145 3097 1366 3153 molesta
1405 3101 1634 3157 tentatio
1686 3104 1922 3158 transire
1985 3120 2083 3175 per

510 3183 750 3238 medium
784 3200 956 3251 mare.
991 3188 1173 3245 videre
1203 3191 1398 3247 ﬂuctus
1422 3193 1473 3247 in
1499 3195 1770 3250 cumulum
1811 3212 2077 3264 crescere,

501 3274 694 3331 audire
723 3279 991 3334 undarum
1026 3281 1414 3339 insanientium
1461 3300 1626 3342 voces
1675 3297 1727 3344 et
1764 3290 2027 3360 strepitus
2060 3308 2075 3346 :

497 3367 592 3422 sed
621 3376 802 3426 tamen
840 3373 884 3427 si
911 3376 1161 3444 sequaris
1201 3375 1446 3448 Moysen,
1483 3379 1535 3433 id
1597 3391 1682 3436 est
1735 3381 1908 3453 legem
1955 3384 2076 3452 Dei,

496 3473 652 3528 aqua:
685 3463 778 3516 tibi
810 3481 998 3522 murus
1025 3469 1250 3524 dextera
1303 3472 1546 3543 laevaque
1587 3477 1738 3542 lient,
1774 3487 1827 3532 et
1860 3479 1964 3534 iter
1994 3481 2076 3534 in-

498 3552 682 3606 venies
711 3570 809 3623 per
834 3559 1040 3612 siccum
1079 3561 1130 3614 in
1167 3562 1346 3618 medio
1384 3565 1542 3620 mari.
1576 3565 1683 3622 Sed
1728 3579 1782 3624 et
1815 3569 1942 3625 illud
1972 3571 2077 3625 iter

492 3645 714 3701 cceleste
751 3649 896 3718 quod
928 3665 1089 3721 agere
1122 3654 1353 3712 dicimus
1372 3657 1632 3725 animam,
1667 3670 1844 3731 potest
1873 3663 1988 3718 tieri
2017 3673 2075 3718 ut

493 3731 692 3791 habeat
724 3738 928 3810 aliquid
961 3757 1264 3811 aquarum,
1295 3758 1474 3816 potest
1520 3750 1638 3806 fieri
1673 3762 1731 3807 ut
1787 3754 1857 3809 ibi
1917 3756 2071 3811 inve-

493 3827 714 3883 niantur
742 3833 898 3886 unda}
925 3852 938 3901 ;
968 3845 1053 3891 est
1084 3840 1228 3893 enim
1266 3841 1339 3896 ibi
1382 3858 1511 3912 pars
1561 3845 1741 3916 aliqua
1779 3863 2068 3920 aquarum,

487 3927 539 3970 ct
565 3933 694 3986 pars
743 3922 922 3992 aliqua
975 3927 1078 3981 sub
1126 3931 1296 3994 cmlo;
1341 3943 1396 3986 et
1454 3950 1551 3989 nos
1597 3935 1814 3992 interim
1876 3941 2066 3996 harum

489 4021 612 4075 qua:
669 4011 768 4064 sub
823 4013 963 4068 cmlo
1030 4027 1156 4071 sunt
1220 4036 1479 4089 aquarum
1537 4028 1709 4083 undas
1765 4028 2068 4102 ﬂuctusque

488 4097 812 4165 perferimus
850 4120 865 4159 :
908 4105 1072 4164 Deus.
1106 4111 1307 4165 viderit
1337 4113 1380 4167 si
1434 4115 1538 4171 illa:
1586 4120 1785 4188 quieta:
1847 4097 2068 4181 smul-et

487 4189 738 4259 placidae,
777 4209 878 4250 nec
913 4197 1187 4269 aliquibus
1218 4205 1391 4260 \eutis
1433 4205 1692 4266 ﬂantibus
1729 4215 2059 4270 excitantur.

485 4280 590 4337 Sed
627 4299 728 4340 nos
757 4288 1000 4361 interim,
1037 4308 1160 4347 cum
1192 4298 1500 4356 venerimus
1541 4303 1606 4357 ad
1636 4306 1921 4361 transitum
1952 4327 2064 4362 ma-

2191 3105 2506 3168 pertulisses
2531 3147 2547 3172 ,
2584 3121 2682 3162 nec
2713 3109 2959 3163 venisses
2985 3108 3051 3162 ad
3103 3107 3450 3164 dulcedinem
3507 3107 3693 3168 fontium,

2189 3197 2294 3253 nisi
2322 3200 2474 3270 prius
2505 3214 2627 3270 qua:
2654 3200 2831 3255 tristia
2869 3199 3085 3255 fuerant
3114 3209 3168 3256 et
3193 3215 3392 3271 aspera
3413 3214 3693 3270 superasses:

2188 3305 2293 3347 non
2321 3291 2554 3362 quoiam
2587 3291 2713 3347 (illis
2743 3295 2815 3348 sit
2877 3293 2928 3346 in
2975 3293 3058 3348 bis
3107 3294 3350 3356 itineris,
3412 3303 3466 3348 et
3502 3291 3695 3360 perfodio

2186 3393 2507 3440 cunctorum
2543 3399 2557 3450 ;
2615 3383 2711 3438 sed
2779 3383 3120 3454 dispensator
3157 3383 3468 3438 animarum
3515 3384 3625 3437 Deus
3659 3381 3696 3436 is

2187 3476 2300 3544 ipso
2337 3474 2534 3531 itinere
2565 3475 2850 3532 interserit
2888 3476 3164 3532 laboribus
3185 3480 3356 3532 etiam
3395 3477 3612 3547 quaedam
3639 3491 3691 3527 re-

2182 3565 2425 3636 frigeria,
2454 3567 2653 3635 quibus
2669 3566 2842 3622 refota
2871 3567 3048 3622 anima
3076 3577 3130 3623 et
3161 3578 3438 3638 reparata,
3463 3565 3695 3638 promptior

2184 3660 2459 3714 redeatad
2495 3658 2734 3728 reliquos
2763 3658 2996 3715 labores.
3037 3660 3211 3715 llelim
3255 3671 3444 3715 autem
3491 3659 3696 3727 interprro

2183 3759 2326 3804 tatur
2350 3750 2542 3805 arietes
2574 3751 2709 3822 (8i).
2739 3751 2950 3805 Arietes
2983 3751 3150 3806 duces
3181 3743 3313 3806 sunt
3368 3766 3595 3823 gregum.
3624 3748 3694 3816 Qui

2178 3851 2304 3896 sunt
2333 3856 2463 3911 ergo
2501 3843 2667 3896 duces
2721 3839 2902 3910 gregis
2932 3839 3174 3906 Christi,
3225 3842 3332 3896 nisi
3368 3839 3594 3910 apostoli,
3631 3839 3692 3904 qui

2177 3921 2307 3989 sunt
2338 3947 2394 3990 et
2431 3935 2710 3990 duodecim
2744 3933 2970 3989 fontes?
3019 3933 3213 3989 Verum
3246 3935 3506 4004 quoniam
3531 3945 3694 3987 nosse-

2177 4029 2287 4082 lum
2323 4028 2442 4084 illos
2465 4027 2748 4083 duodecim
2775 4027 2938 4097 elegit
2969 4027 3228 4081 Dominus
3273 4037 3332 4082 et
3379 4027 3605 4080 Salvator
3627 4037 3694 4073 no-

2174 4129 2307 4189 ster,
2335 4122 2429 4175 sed
2457 4131 2513 4175 et
2534 4121 2670 4176 alios
2691 4121 3032 4192 septuaginta
3059 4120 3218 4185 duos,
3254 4120 3465 4175 idcirco
3511 4132 3601 4172 non
3632 4129 3694 4167 sn-

2174 4214 2282 4267 lmu
2315 4213 2602 4269 duodecim
2631 4213 2830 4277 fontes,
2859 4216 2952 4268 sed
2989 4223 3044 4269 et
3067 4215 3419 4284 septuaginta
3451 4211 3560 4265 dua:
3580 4207 3694 4262 arbo-

2173 4321 2262 4360 res
2291 4305 2606 4360 scribuutur
2634 4321 2754 4360 esse
2785 4307 3112 4377 palmarum,
3139 4314 3194 4361 et
3228 4305 3334 4375 ipsi
3358 4304 3498 4360 enim
3519 4299 3692 4370 apostvli

484 4375 582 4442 ris,
607 4379 825 4436 etiamsi
875 4383 1152 4453 videamus
1188 4388 1524 4447 Pharaonem
1557 4405 1610 4451 et
1642 4397 1926 4468 Egyptios
1983 4403 2062 4456 in-
2095 4418 2140 4472 ι)
2173 4400 2542 4464 nominantur,
2570 4401 2711 4455 sicut
2743 4375 2800 4456 et
2845 4401 2962 4469 ipse
3019 4399 3220 4455 Paulus
3267 4399 3406 4455 dicit
3429 4400 3472 4465 ’ν
3520 4411 3619 4450 cum
3649 4396 3694 4444 δέ

482 4483 796 4542 sequentes,
833 4477 966 4533 nihil
999 4481 1354 4550 trepidemus,
1392 4487 1573 4544 nullus
1605 4491 1670 4546 de
1728 4492 1811 4548 bis
1861 4506 2058 4561 metus,

481 4563 630 4616 nulla
661 4564 894 4624 formido
919 4570 1010 4626 sit.
1035 4571 1338 4631 Credamus
1363 4588 1570 4634 tantum
1597 4583 1649 4636 in
1681 4599 1843 4640 unum
1875 4603 2056 4642 verum

482 4653 675 4722 Deum,
707 4668 760 4712 et
791 4675 952 4730 quem
984 4664 1132 4721 misit
1175 4668 1370 4724 Filium
1429 4687 1586 4727 suum
1638 4672 1820 4730 Jesum
1891 4678 2059 4752 380

477 4743 776 4804 Christum.
813 4753 964 4820 Quod
987 4767 1040 4812 et
1070 4761 1114 4814 si
1141 4761 1355 4817 dicatur
1377 4765 1602 4836 populus
1629 4766 1736 4822 Deo
1759 4743 2055 4830 credidisse

477 4847 532 4892 et
562 4841 764 4896 famulo
799 4848 915 4915 ejus
945 4850 1137 4922 Moysi,
1165 4857 1442 4912 credimus
1493 4869 1546 4912 et
1609 4876 1707 4915 nos
1754 4869 2051 4921 secundum

479 4931 580 4984 hoc
611 4935 773 4989 etiam
813 4936 1007 5011 Moysi,
1050 4944 1098 4997 id
1153 4957 1237 5001 est
1318 4949 1420 5018 legi
1487 4949 1580 5004 Dei
1633 4963 1686 5005 et
1747 4957 2052 5025 prophetis.

475 5025 750 5082 Constans
774 5047 903 5101 ergo
930 5046 1070 5098 esto,
1094 5048 1147 5090 et
1183 5041 1340 5106 paulo
1376 5051 1496 5110 post
1525 5044 1734 5098 videbis
1771 5046 2055 5118 Egyptios

546 5120 570 5153 ⁷
610 5121 775 5179 Hebr.
805 5141 903 5191 χιι,
938 5127 1024 5184 Η.
1119 5132 1142 5164 ⁸
1179 5132 1338 5189 Num.
1366 5153 1565 5205 χχχιιι,
1597 5138 1651 5194 9.
1712 5142 1735 5172 '
1764 5141 1783 5195 ι
1811 5144 1932 5198 Cor.
1963 5162 2054 5204 χν.

548 5235 663 5302 (78)
705 5236 1025 5314 [rotltpvicua
1051 5242 1444 5312 interpretatur.
1476 5249 1530 5304 lu
1566 5251 1795 5308 Hebrteo
1825 5254 2062 5314 habetur

473 5315 620 5392 ῃπνη
654 5325 670 5359 ι
709 5309 922 5373 Ηίτοιιι,
966 5332 986 5365 ι
1019 5317 1159 5392 apud
1187 5309 1352 5378 Lxx,
1402 5321 1600 5392 Εἰρώθ.
1655 5323 1770 5378 Jam
1825 5309 2058 5385 vero-si

475 5377 655 5454 littera
677 5393 718 5442 Π
757 5394 998 5454 mutatur
1027 5377 1078 5439 in
1112 5395 1150 5449 ν
1175 5399 1230 5440 et
1275 5377 1574 5444 masculina
1608 5377 1777 5448 forma
1812 5377 2061 5454 invfemi;

476 5449 682 5514 uiuam,
711 5454 859 5534 lroth
902 5452 1092 5534 deduci
1153 5460 1352 5534 poterit
1414 5464 1625 5534 abin:
1672 5468 1812 5533 quod
1864 5449 2058 5534 plurali

471 5534 702 5641 illiillel'o
734 5521 911 5579 Judic.
945 5543 996 5594 χ,
1029 5528 1084 5595 4,
1111 5521 1392 5599 significat
1423 5521 1630 5599 «villas,
1661 5521 2060 5604 vit-os,i'émd;

503 5605 582 5653 εις

544 5661 651 5727 UO)
702 5662 1020 5732 Beelsephon
1083 5671 1460 5728 iuleruretntttr
1510 5679 1742 5732 ascensio
1793 5682 2046 5743 speculan

2173 4495 2574 4549 resurrectione
2598 4493 2902 4549 Salvatoris
2939 4503 3258 4563 exponeret.
3309 4492 3493 4555 Visus,
3546 4488 3692 4557 inquit.

2170 4596 2252 4640 est
2279 4586 2386 4642 illis
2411 4588 2684 4654 undecim,
2713 4587 2908 4641 deinde
2940 4587 3189 4655 apparuit
3220 4594 3273 4640 et
3314 4585 3555 4640 omnibus
3599 4595 3692 4647 ψο-

2167 4679 2342 4734 stolis.
2397 4677 2452 4732 ln
2513 4694 2621 4749 quo
2672 4679 2906 4734 ostendit
2957 4693 3080 4733 esse
3135 4689 3187 4733 et
3251 4677 3390 4732 alios
3449 4672 3688 4744 apostolos,

2164 4773 2406 4842 exceptis
2434 4771 2542 4828 illis
2570 4773 2877 4828 duodecim.
2926 4773 3050 4827 "th
3081 4783 3130 4828 te
3154 4787 3284 4842 ergo
3311 4771 3582 4826 ammnitas
3606 4775 3690 4834 post

2166 4868 2607 4931 amaritudinem,
2641 4870 2756 4922 haec
2783 4875 2832 4921 te
2869 4868 3085 4937 requies
3112 4877 3229 4937 post
3255 4866 3519 4930 laborem,
3540 4866 3630 4916 hac
3655 4869 3687 4907 Ic

2164 4961 2338 5030 gratia
2389 4969 2510 5031 post
2541 4969 2877 5014 tentamenta
2929 4960 3208 5028 suscipiet.
3245 4976 3266 5011 ι
3323 4955 3549 5013 Profecti
3579 4963 3684 5008 sunt.

2166 5054 2433 5124 inquit”,
2473 5055 2540 5109 de
2588 5053 2798 5120 llelim,
2839 5063 2896 5111 et
2955 5053 3333 5126 applicuerunt
3381 5052 3530 5121 juxta
3574 5059 3684 5102 mare

2131 5153 2174 5185 ’°
2199 5149 2358 5206 Num.
2396 5167 2588 5215 χχχιιι,
2615 5149 2700 5202 10.

2159 5265 2264 5319 sive
2285 5269 2470 5320 turris.
2500 5265 2581 5320 Ab
2607 5247 2718 5330 τὼν
2743 5281 2762 5315 ι
2789 5263 3055 5332 ascendit,
3086 5281 3107 5318 ι
3147 5273 3206 5320 et
3231 5275 3353 5328 nm:
3393 5257 3680 5334 «speculatus

2157 5346 2344 5473 cst(.8t.))
2383 5404 2693 5477 Magdalum
2719 5406 2856 5459 enim
2885 5404 3278 5476 magniﬁcentia
3301 5406 3514 5460 dicitur.
3549 5398 3676 5455 Radix

2155 5511 2242 5554 est
2263 5481 2357 5560 51:
2385 5518 2414 5569 ι
2446 5515 2696 5569 magnum
2730 5514 2873 5563 esse,
2906 5498 2988 5552 Vel
3031 5499 3167 5553 fieri.
3199 5517 3219 5550 ι

2228 5551 2566 5640 ιὸ-ΙῙΗεΫΙῨίιιῗ
2591 5551 3186 5639 autentinterpretatur
3240 5571 3450 5626 arietes.
3479 5551 3599 5628 5’1“
3632 5575 3672 5618 ³³

2156 5662 2281 5719 ries.
2328 5683 2346 5715 ι
2389 5662 2588 5721 Plural.
2620 5647 2786 5723 ῠνθνδι
2820 5683 2836 5716 ι
2879 5665 3096 5719 τιιὶριςε.
3131 5684 3150 5716 ι
