3874 6506
123 211 220 269 793

1222 203 1290 258 IN
1332 204 1670 261 NUMEROS
1703 205 1987 291 ΗΟΜΙῌᾼ
2018 209 2236 264 XXVII.

3265 209 3369 268 79‘

123 332 367 387 Rubrum.
401 346 421 381 ι
461 325 705 383 Observa
740 324 868 395 quia
896 323 1010 394 jam
1042 337 1149 378 non
1204 324 1408 378 intrant
1441 324 1495 378 in
1526 338 1676 379 mare
1704 330 1751 387 Α
1781 340 2110 396 unaquaque
2182 325 2231 379 si
2284 340 2392 394 qua
2452 339 2521 380 ex
2568 325 2848 380 nominum
2903 326 3367 395 contemplatione

120 422 366 485 Rubrum,
390 419 557 476 semel
591 426 806 473 tantum
832 414 1037 473 Sullicit
1085 415 1341 481 intrasse,
1375 416 1533 472 modo
1558 414 1670 485 jam

120 517 373 587 applicant
393 513 552 582 juxta
587 524 763 574 mare,
792 522 851 565 ut
899 508 1121 564 videant
1158 508 1376 578 quidem
1413 523 1588 573 mare,
1619 516 1673 562 et

120 610 281 663 mulas
318 606 433 674 ejus
494 602 793 674 aspiciant,
846 615 1188 671 nequaquam
1248 610 1455 655 tamen
1492 609 1675 655 motus

118 705 273 773 ipsius
292 713 344 756 et
370 703 603 769 impetus
632 696 1048 769 pertimescant.
1085 713 1104 747 ι
1136 693 1201 756 Et
1226 693 1456 764 profecti
1483 706 1612 752 sunt
1643 712 1673 752 a

117 789 288 845 Rubro
323 789 478 853 mari,
506 797 562 842 et
621 785 999 856 applicuerunt
1066 784 1122 839 in
1158 786 1376 840 deserto
1425 784 1522 840 Sin
1555 788 1614 839 “.
1648 805 1668 839 ι

118 884 209 938 Sin
243 882 391 935 rubus
420 880 831 947 interpretatur,
879 877 994 932 sive
1037 879 1255 932 tentatio
1291 877 1428 949 (82).
1480 878 1673 949 Incipit

114 991 239 1040 ergo
269 974 355 1027 tibi
378 971 492 1041 jam
527 970 770 1024 arridere
802 971 1067 1024 bonorum
1102 984 1247 1039 spes.
1299 971 1429 1037 Quae
1457 980 1540 1026 est
1570 988 1671 1025 au-

115 1072 217 1117 tem
252 1065 509 1119 bonorum
537 1060 708 1129 spes?
746 1062 819 1115 De
852 1061 986 1114 rubo
1014 1061 1267 1130 apparuit
1305 1062 1588 1126 Dominus,
1614 1071 1668 1116 et

108 1170 357 1224 responsa
379 1153 522 1208 dedit
558 1152 750 1223 Moysi,
779 1162 833 1207 et
884 1152 1082 1207 dehinc
1131 1152 1344 1209 initium
1390 1153 1666 1208 visitatio-

109 1248 195 1302 nis
224 1247 417 1301 factum
446 1262 476 1301 a
508 1245 739 1301 Domino
767 1246 835 1300 ad
869 1245 1012 1301 tilios
1050 1256 1133 1302 est
1165 1245 1353 1302 Israel.
1404 1245 1509 1303 Sed
1565 1262 1673 1303 non

106 1341 273 1396 otiose
299 1339 392 1396 Sin
426 1339 588 1396 etiam
618 1340 839 1395 tentatio
885 1340 1298 1411 interpretatur.
1330 1343 1484 1399 Solet
1524 1341 1673 1399 enim

108 1433 160 1486 in
194 1432 484 1487 visionibus
501 1445 621 1486 esse
663 1431 914 1486 tentatio.
943 1431 1079 1487 Nam
1135 1448 1521 1505 nonnunquam
1574 1449 1673 1489 an-

106 1524 575 1594 gelusiuiquitatis
624 1523 979 1595 transﬁgurat
1006 1540 1069 1581 se
1120 1525 1177 1580 in
1202 1527 1449 1597 angelum
1505 1526 1666 1582 lucis.

107 1618 308 1674 Etideo
349 1619 650 1674 cavendum
699 1627 802 1684 est,
853 1626 909 1672 et
963 1618 1194 1676 sollicite
1245 1622 1514 1691 agendum
1545 1663 1559 1684 ,
1612 1632 1671 1677 ιιι

1775 425 2160 485 suggeruntur,
2190 416 2406 487 aperire
2446 434 2459 470 :
2502 416 2738 473 strictim
2788 426 2982 473 tamen.
3018 429 3075 474 et
3119 419 3366 477 breviter

1774 522 2184 578 percurremus,
2217 516 2415 562 utnon
2453 517 2562 563 tam
2610 507 2827 580 plenam
2868 508 3024 564 vobis
3057 511 3365 581 expositio.

1776 617 1922 667 nem,
1949 601 2075 672 quia
2101 600 2326 657 minime
2358 601 2410 656 id
2448 612 2661 672 tempus
2686 603 2955 673 indulget,
2998 606 3091 659 sed
3121 606 3364 661 occasio-

1777 709 1872 748 nes
1900 695 1952 748 iu
1982 694 2065 750 eis
2097 694 2472 763 intelligentiae
2512 698 2873 766 praebeamus.
2928 696 3364 755 Proﬁciscuntur

1774 785 1935 856 381
1964 800 2094 857 ergo
2125 801 2192 842 ex
2221 784 2494 856 Rapbaca,
2521 796 2574 841 et
2607 788 2830 842 veniunt
2885 788 2935 841 in
2975 787 3162 844 llalus.
3198 788 3363 844 llalus

1775 882 1982 935 labores
2015 882 2446 951 interpretantur
2486 880 2622 951 (85).
2660 879 2771 935 Nec
2817 882 3033 936 mireris
3075 884 3119 937 si
3158 882 3364 937 sanita-

1778 981 1887 1027 tem
1917 980 2239 1041 sequuntur-
2254 970 2489 1028 labores.
2526 970 2818 1043 Propterea
2848 973 2990 1028 enim
3023 983 3078 1027 et
3103 973 3361 1043 adipisci-

1778 1073 1868 1118 tur
1897 1078 1926 1117 a
1964 1063 2194 1121 Domino
2226 1063 2409 1117 anima
2435 1064 2753 1128 sanitatem,
2791 1074 2850 1119 ut
2878 1065 3095 1121 labores
3129 1066 3366 1121 delecta-

1777 1155 1959 1211 biliter
1994 1163 2047 1209 et
2093 1170 2199 1210 non
2236 1154 2405 1209 invita
2436 1154 2716 1223 suscipiat.
2762 1155 2970 1210 Dicitur
2996 1157 3140 1211 enim
3178 1158 3228 1212 ei
3271 1157 3361 1215 ":

1782 1266 1803 1302 ι
1859 1248 2099 1304 Labores
2154 1248 2424 1303 fructuum
2473 1258 2691 1303 tuorum
2742 1248 3115 1312 manducabis,
3175 1250 3363 1303 beatus

1778 1354 1857 1405 es,
1892 1349 1946 1397 et
1987 1342 2121 1396 bene
2155 1341 2250 1396 tibi
2278 1340 2408 1397 erit.
2453 1360 2472 1393 ι
2511 1340 2641 1396 Post
2682 1339 2797 1395 haec
2825 1340 3048 1395 veniunt
3075 1341 3128 1395 in
3155 1340 3359 1410 Raphi-

1777 1433 1891 1487 din.
1925 1430 2321 1504 Interpretatur
2343 1443 2522 1489 autem
2566 1432 2833 1503 Ilapltidin
2859 1432 2979 1487 Inus
2998 1433 3196 1503 judicii
3224 1434 3362 1506 (86).

1777 1524 2089 1583 Justissime
2114 1525 2232 1581 laus
2266 1526 2510 1596 sequitur
2538 1535 2658 1595 post
2692 1523 2907 1581 labores
2943 1545 2957 1581 :
2992 1527 3146 1596 cujus
3181 1538 3362 1582 tamen

1782 1618 1857 1673 rei
1892 1618 2051 1673 laus?
2088 1616 2307 1684 Judicii,
2334 1620 2528 1688 inquit.
2565 1618 2652 1674 Fit
2686 1634 2817 1689 ergo
2862 1618 3023 1675 laude
3052 1620 3211 1689 digna
3242 1619 3363 1673 ani-

106 1713 336 1767 scienter
368 1712 647 1768 discernas
685 1710 955 1766 visionum
990 1726 1179 1782 genus,
1220 1713 1363 1768 sicut
1400 1724 1452 1768 et
1506 1713 1683 1787 Jesns
1707 1710 1749 1765 Β
1781 1728 1867 1765 ma
1891 1727 2009 1780 quae
2045 1722 2191 1767 recte
2214 1710 2447 1779 judicat,
2484 1724 2628 1768 recte
2669 1712 2952 1778 discernit,
3002 1712 3053 1767 id
3106 1722 3192 1768 est
3240 1729 3363 1784 qua:

101 1804 408 1871 Nave,cum
440 1805 703 1860 visionem
724 1805 955 1870 videret,
980 1806 1159 1861 sciens
1188 1821 1310 1862 esse
1346 1807 1396 1861 in
1428 1812 1529 1863 hoc
1556 1817 1676 1864 ten-

102 1897 382 1961 tatiouem,
408 1898 589 1952 statim
623 1897 853 1967 requirit
875 1898 944 1953 ab
976 1913 1042 1953 eo
1067 1899 1159 1967 qui
1184 1901 1437 1968 apparuit
1478 1909 1532 1956 et
1580 1903 1667 1956 di-

98 1990 174 2044 cit
201 1988 242 2022 "
274 2009 287 2044 :
331 2009 349 2042 ι
386 1990 583 2045 Noster
614 2004 693 2056 es,
731 2006 799 2045 an
831 1993 1269 2047 adversariorum
1298 1993 1321 2046 ?
1354 2012 1373 2045 ι
1429 1992 1506 2048 Ita
1541 2010 1672 2064 ergo

96 2082 458 2151 etproﬁcieus
495 2082 675 2136 anima
707 2081 797 2135 ubi
846 2082 912 2135 ad
948 2082 998 2137 id
1056 2085 1268 2138 venerit
1299 2084 1409 2155 (85)
1458 2095 1516 2139 ιιι
1563 2084 1673 2155 jam

96 2173 323 2243 incipiat
344 2172 728 2227 discretionem
758 2171 960 2227 habere
984 2172 1281 2242 visionum,
1310 2175 1436 2231 inde
1472 2177 1673 2246 proba—

98 2267 244 2319 bitur
304 2264 568 2334 spiritalis
615 2280 785 2329 esse,
832 2265 875 2321 si
925 2264 1030 2319 scit
1083 2266 1267 2320 omnia
1329 2266 1663 2323 discernere.

91 2356 299 2410 Idcirco
325 2355 560 2424 denique
587 2365 642 2409 et
679 2355 821 2408 inter
861 2354 1001 2408 dona
1048 2355 1343 2421 Spiritalia,
1396 2373 1562 2410 unum
1609 2373 1673 2412 ex

90 2450 251 2502 donis
279 2448 452 2503 sancti
481 2447 722 2517 Spiritus
750 2462 872 2502 esse
902 2455 1240 2503 memoratur
1266 2449 1524 2505 discretio
1567 2451 1675 2521 spi.

90 2551 317 2596 tlinum.

166 2655 255 2709 12.
288 2673 307 2706 ι
345 2655 577 2710 Profecti
609 2670 739 2712 vero
764 2672 828 2712 ex
858 2656 1080 2712 deserto
1136 2656 1255 2721 Sin,
1296 2665 1566 2712 venerunt
1620 2656 1674 2711 in

90 2746 349 2815 Rapbaca
378 2748 443 2800 ³³.
483 2763 501 2799 ι
558 2747 814 2817 Rapbaca
860 2749 1250 2820 interpretatur
1290 2750 1492 2803 sanitas
1538 2748 1672 2819 (84).
1720 2790 1723 2795 η

92 2840 261 2895 Vides
285 2841 533 2895 ordinem
562 2840 930 2911 profectuum,
957 2841 1227 2910 quomodo
1256 2840 1346 2894 ubi
1399 2839 1514 2907 jam
1565 2840 1676 2909 spi-

90 2934 277 2987 ritalis
302 2933 531 2988 ellicitur
568 2933 771 2993 anima.
825 2942 880 2988 et
928 2933 1315 2987 discretionem
1368 2930 1672 2985 ccelestinm

1784 1805 2103 1873 spiritaliter
2150 1805 2409 1873 dijudicat
2455 1806 2660 1871 onmia,
2690 1814 2744 1860 et
2777 1805 2894 1875 ipsa
2919 1821 2949 1859 a
2980 1805 3195 1860 nemine
3226 1806 3366 1876 diju-

1785 1898 2020 1951 dicatur.
2084 1897 2216 1952 Post
2270 1897 2385 1954 haec
2427 1900 2746 1967 pervenitur
2798 1899 2851 1954 in
2904 1898 3177 1954 desertum
3210 1900 3362 1953 Sina.

1785 1990 1914 2045 Sina
1945 1990 2059 2059 ipse
2098 1990 2316 2061 quidem
2348 1992 2499 2049 locus
2523 2002 2607 2049 est
2634 1992 2861 2057 deserti,
2887 2008 3047 2061 quem
3074 2008 3236 2064 supra
3267 1993 3362 2048 Sin

1783 2083 2103 2141 memoravit
2143 2099 2158 2137 :
2211 2083 2305 2138 sed
2357 2083 2445 2138 bic
2490 2084 2662 2154 magis
2704 2084 2855 2141 locus
2908 2084 3128 2149 montis,
3170 2085 3260 2155 qui
3310 2086 3362 2138 in

1783 2183 1901 2253 ipso
1934 2183 2151 2237 deserto
2191 2190 2292 2241 est.
2319 2180 2623 2250 appellatur
2661 2199 2676 2235 :
2715 2181 2807 2251 qui
2861 2182 3023 2236 etiam
3058 2182 3170 2250 ipse
3201 2196 3361 2237 voca-

1781 2274 1907 2330 bulo
1960 2273 2159 2328 deserti
2203 2270 2332 2327 Sina
2383 2274 2716 2326 nominatur.
2745 2271 3031 2339 Postquam
3065 2285 3194 2339 ergo
3246 2269 3365 2322 lau-

1780 2365 1978 2420 dabilis
2032 2364 2219 2434 iudicii
2286 2363 2429 2417 facta
2460 2374 2544 2417 est
2597 2363 2798 2427 anima,
2852 2369 2907 2415 et
2952 2371 3153 2415 rectum
3199 2361 3363 2428 cmpit

1781 2459 1986 2514 habere
2035 2457 2320 2527 judicium,
2381 2465 2508 2510 tunc
2552 2457 2601 2510 ei
2656 2454 2817 2509 datur
2864 2455 2949 2509 lex
3001 2470 3030 2508 a
3069 2454 3198 2518 Deo,
3241 2469 3362 2507 cum

1779 2569 1953 2621 capax
2036 2565 2157 2606 esse
2227 2549 2455 2618 coeperit
2528 2560 2865 2604 secretorum
2936 2546 3239 2601 divinorum
3313 2556 3364 2597 ct

1778 2645 2076 2701 C(Blcslium
2122 2642 2410 2697 visionum.
2456 2640 2583 2694 Inde
2642 2639 2855 2694 venitur
2903 2638 2972 2693 ad
3016 2645 3364 2693 monumenta

1779 2738 2252 2808 concupiscentiae.
2317 2733 2457 2799 Quid
2525 2741 2611 2787 est
2689 2739 3032 2786 monumenta
3106 2728 3364 2796 cuncupi~

1778 2830 2034 2886 scentiae?
2085 2830 2215 2884 Sine
2277 2829 2441 2884 dubio
2489 2827 2581 2882 ubi
2634 2826 2862 2895 sepulta:
2914 2831 3040 2878 sunt
3089 2830 3144 2876 et
3202 2822 3365 2876 obru-

1780 2934 1845 2979 ta:
1908 2923 2381 2993 concupiscentiae,
2441 2922 2530 2978 ubi
2586 2920 2851 2976 exstincta
2914 2925 2999 2972 est
3042 2915 3220 2970 omnis
3266 2930 3362 2968 eu-

89 3027 322 3094 cueperit
355 3024 556 3080 habere
602 3027 911 3092 visionum,
960 3025 1213 3094 pervenit
1257 3024 1323 3078 ad
1358 3024 1670 3086 sanitatem,

1784 3016 1998 3086 piditas,
2055 3030 2155 3069 nec
2206 3014 2344 3068 ultra
2385 3010 2725 3082 concupiscit
2776 3025 2904 3065 caro
2948 3009 3209 3061 adversus
3252 3006 3364 3074 spi-

89 3129 143 3169 ut
176 3118 374 3171 merito
400 3117 544 3171 dicat
571 3115 615 3148 ιδ
647 3134 661 3169 :
698 3135 717 3168 ι
766 3116 1055 3171 Benedicat
1089 3115 1267 3169 anima
1318 3130 1431 3168 mea
1489 3113 1673 3167 Domi-

89 3232 243 3278 tzttm,
276 3225 330 3265 et
356 3213 535 3267 omnia
568 3213 821 3267 interiora
856 3229 971 3267 mea
997 3227 1192 3266 nomen
1218 3221 1466 3265 sanctum
1493 3209 1664 3280 ejus.»

90 3308 261 3370 Quem
307 3303 589 3357 Dominum
619 3304 642 3357 ‘I
671 3322 688 3354 ι
723 3304 822 3369 Qui
862 3314 1041 3363 sanat,
1090 3302 1291 3371 inquit,
1319 3316 1510 3355 omnes
1557 3300 1673 3353 lan-

89 3410 286 3455 gliOl‘ES
305 3405 447 3457 tuos,
473 3395 563 3463 qui
598 3395 815 3450 redimit
843 3395 909 3448 de
940 3395 1165 3449 interitu
1194 3395 1358 3447 vitam
1393 3402 1539 3447 tuam
1569 3393 1666 3446 ¹⁵.ι

89 3484 230 3542 Sunt
256 3489 402 3541 enim
432 3487 587 3541 multi
617 3488 907 3557 languores
938 3488 1152 3540 animae.
1174 3486 1415 3540 Avaritia
1445 3485 1674 3554 languor

90 3580 204 3644 :jns
236 3586 343 3640 est,
369 3587 425 3631 et
448 3577 665 3646 quidem
697 3579 988 3648 pessimus.
1020 3577 1309 3646 Superbia,
1335 3577 1437 3641 ira,
1462 3578 1675 3647 jactan-

90 3669 181 3729 .ia,
224 3666 488 3735 formido,
548 3668 937 3733 inconstantia,
987 3668 1427 3737 pusillanimitas,
1463 3678 1519 3722 et
1577 3670 1673 3722 lm—

90 3775 204 3811 -ιιιιι
230 3758 456 3813 similia.
487 3758 713 3825 Quando
743 3775 848 3823 me,
877 3760 1100 3813 Dmniue
1123 3756 1274 3824 Jesu,
1298 3759 1365 3814 ab
1390 3760 1473 3814 his
1493 3760 1675 3815 omni-

92 3867 183 3905 ms
211 3850 566 3921 languoribus
593 3851 811 3907 curabis
838 3852 860 3905 ?
885 3852 1113 3919 Quando
1162 3853 1409 3917 sanabis,
1466 3862 1523 3905 ut
1574 3866 1671 3921 ego

90 3945 260 3996 licam
291 3962 304 3997 :
351 3961 370 3993 ι
414 3943 675 4008 Benedic,
706 3946 885 3998 anima
920 3960 1062 4008 mea,
1093 3945 1377 3999 Dominum
1403 3945 1493 4015 qui
1519 3944 1675 3998 sanat

89 4053 275 4090 mines
305 4037 599 4108 languores
635 4048 777 4103 tuos,
818 4058 836 4089 ι
868 4048 926 4092 ιιι
960 4038 1161 4107 possim
1203 4047 1258 4092 et
1287 4054 1387 4108 ego
1436 4039 1667 4093 mansio-

90 4147 141 4183 te
174 4153 199 4181 ξι
235 4128 422 4184 facere
450 4130 502 4184 in
526 4129 803 4199 Rapltaca,
836 4132 980 4200 quod
1008 4139 1090 4186 est
1140 4131 1387 4186 sanitas?
1431 4129 1671 4201 Longum

90 4234 154 4275 2st
186 4223 231 4276 si
283 4223 516 4279 velimus
560 4224 643 4278 ire
688 4239 784 4295 per
836 4224 1075 4294 singulas
1127 4223 1460 4290 ntausioues,
1505 4235 1558 4276 et
1608 4237 1673 4276 ex

145 4388 191 4418 ”
220 4386 389 4443 Nunt.
430 4404 601 4455 xxxn,
644 4389 729 4444 II.
808 4389 848 4421 “
871 4387 985 4443 Jos.
1011 4403 1062 4456 v,
1093 4388 1179 4441 l5.

142 4551 267 4635 (Si)
294 4549 394 4605 Sin
418 4554 577 4606 rubus
600 4553 998 4633 interpgetatur,
1046 4551 1152 4604 sive
1176 4550 1446 4635 tentatio.”
1470 4551 1659 4603 Rubus
1696 4558 1736 4610 Ι)

90 4621 302 4689 mittent
355 4638 385 4673 ιι
422 4634 547 4687 δεῖ).
607 4624 833 4676 tentatio
876 4635 1056 4677 autem
1110 4637 1136 4673 a
1166 4628 1268 4680 no:
1302 4639 1318 4671 ι
1354 4621 1584 4687 tollere,
1639 4643 1657 4673 ι

89 4694 221 4765 [ιιιιιΙ
250 4695 451 4765 ἰιιΑΡίΙι.
480 4694 752 4764 signiﬁcat
790 4714 807 4745 ι
845 4695 1090 4765 tentavit.
1116 4714 1147 4765 ν»
1312 4712 1317 4719 ί

141 4765 267 4835 (85)
306 4762 598 4833 Ριοβεὶειιε
627 4765 806 4817 anima
833 4764 919 4817 ubi
946 4767 1013 4817 ad
1067 4764 1121 4816 id
1166 4763 1383 4835 venerit.
1435 4762 1526 4817 Sic
1568 4764 1671 4835 Ita-

89 4847 208 4891 vent
236 4852 373 4889 mss.
404 4835 549 4890 Libri
581 4850 709 4890 vero
737 4845 897 4890 antea
926 4835 1082 4898 editi,
1123 4852 1141 4885 ι
1179 4834 1533 4903 proﬁciscens
1554 4834 1671 4887 ani-

89 4926 157 4960 mi
193 4908 288 4958 ubi
324 4908 629 4961 advenerit.
668 4924 687 4956 ›

137 4976 265 5051 (84)
292 4977 544 5051 Bap/tuen
573 4979 948 5051 interpretatur
968 4977 1206 5051 sanitas._
1226 4974 1283 5051 |n_
1310 4975 1554 5051 _II_ebr_a_‘o
1596 4975 1670 5029 le-

98 5045 254 5105 ititr'
284 5048 448 5103 hodie
483 5058 632 5129 ripa?
663 5064 682 5098 ι
719 5047 957 5115 Dopltca.
998 5065 1017 5097 ι
1052 5048 1208 5116 Apud
1265 5045 1407 5099 LXX
1467 5046 1669 5115 Ῥαφα-

90 5143 171 5199 ἀ.
202 5151 408 5205 nempe
435 5139 720 5204 ltescbpru
748 5137 935 5192 Daletb
970 5137 1236 5207 legebant.
1273 5136 1329 5190 Si
1375 5147 1553 5189 autem
1578 5152 1667 5190 so-

90 5227 179 5263 IIIS
214 5209 340 5263 soni
374 5206 673 5278 litterarum
703 5209 934 5261 habetur
982 5210 1122 5263 ratio
1144 5247 1159 5269 ,
1218 5207 1468 5278 liaphaca
1511 5209 1671 5261 inter-

90 5280 292 5334 ,ιυρισιτὶ
317 5286 526 5347 potesti
554 5276 1031 5340 sanitasnaverbo
1063 5287 1183 5341 διε-ι
1209 5298 1228 5333 ι
1262 5276 1477 5335 sanavit
1510 5318 1526 5343 ,
1576 5295 1672 5334 cu-

92 5352 237 5403 εινὶι.
270 5368 289 5399 ι

143 5402 272 5489 (85)
302 5418 476 5473 Halm
508 5424 713 5471 labores
762 5419 1197 5489 interpretantur.
1244 5418 1405 5473 Forte
1446 5419 1513 5473 ab
1556 5402 1668 5484 3:5,»:

118 5488 470 5553 molestavit,
501 5490 892 5559 tnolesteittrsit.
928 5509 944 5540 ι
972 5488 1083 5544 Nec
1107 5490 1287 5544 obstat
1311 5490 1453 5559 quod
1487 5490 1537 5543 in
1559 5491 1665 5543 ιιι·-

90 5578 229 5617 meo
260 5561 434 5615 llalus
471 5576 573 5613 non
601 5575 694 5629 per
718 5558 891 5614 Tsade
924 5561 1014 5614 sed
1043 5576 1136 5629 per
1168 5558 1343 5615 Scbin
1382 5562 1661 5614 scribitur.

90 5636 418 5702 'lerumque
440 5631 581 5683 enim
601 5640 817 5702 veteres
832 5630 1221 5702 elytnologistte
1240 5632 1305 5686 ad
1330 5630 1502 5687 solum
1531 5632 1669 5688 litte-

90 5720 274 5760 arun:
303 5700 501 5758 sonum
532 5700 905 5758 attcndebant.

1260 4389 1301 4419 ’³
1328 4387 1482 4441 Num.
1512 4403 1707 4452 χχχιιι,
1740 4386 1823 4443 12.

1775 3109 1971 3172 ritum,
2040 3107 2364 3161 mortiﬁcata
2429 3106 2641 3161 scilicet
2707 3112 2878 3158 morte
2939 3099 3164 3155 Christi.
3236 3096 3367 3153 Post

1775 3204 1891 3257 Iure
1931 3202 2144 3256 venitur
2191 3202 2244 3254 in
2279 3200 2533 3260 Aseroth,
2585 3197 2727 3268 quod
2782 3197 3166 3264 interpretatur
3223 3193 3364 3244 atria

1774 3296 2036 3363 perfecta,
2088 3293 2175 3349 vel
2232 3293 2498 3346 beatitudo
2556 3292 2691 3361 (87).
2738 3290 2952 3344 Intuere
3021 3280 3385 3356 diligentius.‘

1774 3388 1954 3442 omnis
1990 3390 2182 3454 viator,
2247 3387 2369 3457 quis
2412 3388 2483 3441 sit
2525 3386 2660 3440 ordo
2706 3383 3041 3453 profectuum
3076 3397 3090 3435 :
3151 3388 3365 3448 postea-

1777 3494 1939 3550 quam
1968 3479 2248 3550 sepelieris
2286 3487 2340 3534 et
2376 3478 2533 3532 morti
2562 3476 2844 3531 tradideris
2895 3470 3363 3541 concupiscentias

1779 3574 1993 3637 carnis,
2038 3573 2222 3628 venies
2278 3572 2344 3625 ad
2398 3570 2783 3641 amplitudines
2836 3568 3121 3627 atriorum,
3180 3562 3369 3616 venies

1778 3670 1846 3725 ad
1901 3668 2310 3725 beatitudinem.
2366 3665 2527 3719 Beata
2577 3677 2811 3731 namque
2867 3668 2955 3715 est
3002 3658 3183 3713 anima
3242 3670 3360 3723 qtne

1780 3763 1941 3818 nullis
1977 3762 2086 3831 jam
2127 3760 2272 3814 vitiis
2323 3758 2505 3814 carnis
2565 3764 2803 3826 urgetur.
2862 3751 2993 3806 Inde
3042 3749 3254 3803 venitur
3304 3745 3359 3799 iu

1783 3856 2016 3909 Ratltma
2070 3854 2185 3908 sive
2228 3851 2485 3905 Pbaram.
2536 3847 2768 3903 Ratltma
2814 3846 2943 3899 visio
2991 3848 3358 3896 consummata

1782 3948 2189 4015 interpretatur,
2242 3943 2474 3997 Pliaram
2523 3954 2651 3995 vero
2696 3937 2898 3993 uisibile
2933 3953 2991 3990 os
3023 3935 3158 4006 (88).
3184 3932 3366 3999 Quid?

1782 4038 1884 4093 nisi
1932 4038 2002 4092 ita
2045 4045 2259 4092 crescat
2299 4036 2502 4096 anima,
2546 4041 2603 4085 ut
2638 4045 2759 4084 cum
2815 4027 3034 4083 deeierit
3084 4024 3353 4080 molestiis

1782 4132 1965 4187 carnis
1997 4130 2201 4201 urgeri,
2226 4129 2463 4183 visiones
2512 4128 2713 4180 habeat.
2754 4128 3180 4186 consummatas,
3235 4132 3363 4187 pcr-

1785 4219 2096 4290 fectamque
2128 4233 2311 4277 rerum
2345 4215 2524 4286 capiat
2558 4213 2990 4285 intelligentiam,
3021 4224 3216 4267 causas
3240 4207 3353 4265 θείς

1903 4385 1946 4417 ¹⁸
1968 4384 2112 4439 Psal.
2156 4400 2275 4450 cur,
2306 4384 2356 4438 I.
2438 4383 2480 4414 ’⁸
2507 4358 2636 4436 ibid.
2664 4381 2718 4434 5.
2798 4381 2841 4410 ¹⁶
2872 4377 3015 4443 Psal,
3043 4391 3266 4439 cxxvnt,
3301 4374 3361 4432 2.

1838 4548 1949 4618 (86)
1996 4554 2382 4616 Interpretatur
2436 4555 2612 4618 autem
2663 4541 2925 4618 Raphidin
2979 4539 3097 4592 laus
3135 4538 3363 4618 judirii.

1776 4612 1940 4675 Ferte
1978 4638 2004 4672 a
2046 4612 2168 4679 κεή
2205 4636 2223 4669 ι
2262 4617 2504 4679 sanavit,
2540 4623 2764 4669 sanatus
2802 4612 2918 4677 fuit,
2956 4631 2976 4663 ι
3011 4623 3064 4664 et
3106 4618 3183 4696 ἶττ
3221 4629 3239 4660 ι
3267 4612 3356 4679 ju«

1777 4712 2007 4777 dicavit;
2043 4731 2059 4763 ι
2089 4712 2211 4780 quia
2239 4724 2430 4778 nempe
2463 4721 2652 4763 sanum
2693 4702 2958 4774 judicium
3006 4702 3155 4756 omni
3196 4701 3355 4756 laude

1776 4786 1996 4854 dignum
2030 4792 2132 4836 est.

1848 4843 1966 4924 (87)
2000 4852 2217 4906 Aseroth
2254 4850 2394 4921 quod
2417 4850 2798 4924 interpretatur
2839 4843 3237 4924 atr_ia_perfecnta
3280 4843 3361 4924 ret

1776 4914 2067 4979 beatitudo.
2101 4932 2220 4982 13m
2264 4914 2281 4973 ἆ
2326 4922 2519 4975 atrium
2552 4939 2569 4970 ι
2610 4928 2711 4973 est.
2742 4916 2945 4969 Plural.
2983 4916 3141 4969 form.
3169 4914 3355 4968 lentim

1773 5007 1959 5057 m-zm
1999 5012 2016 5045 ι
2054 4996 2215 5055 atria,
2244 4991 2402 5048 villae.
2445 5009 2463 5041 ι
2503 4989 2601 5056 Qui
2652 4999 2830 5042 autem
2882 4987 3111 5040 Aserotb
3140 5056 3143 5057 ν
3169 5002 3188 5035 ι
3224 4985 3357 5039 bea-

1782 5056 2063 5121 titudinem
2092 5085 2108 5116 ι
2144 5062 2483 5131 interpretati
2509 5069 2656 5131 sunt,
2688 5061 2789 5112 boc
2817 5056 3356 5131 uomeniderivarunt

1778 5140 1847 5191 ab
1891 5147 1986 5195 tm
2019 5138 2163 5205 quod
2225 5126 2455 5203 in'pilu-I
2503 5130 2794 5201 signiticat,
2832 5146 2850 5179 ι
2884 5130 3084 5194 beavit,
3140 5126 3355 5181 beatum

1778 5209 1919 5262 fecit.
1967 5227 1986 5258 ι

1848 5279 1963 5349 (88)
1995 5276 2223 5349 Rathma
2248 5275 2377 5349 visio
2401 5280 2764 5349 consummata
2794 5271 3193 5349 interpretatur,
3215 5265 3356 5320 Plia-

1780 5340 1895 5402 rain
1945 5340 2066 5402 uero
2133 5345 2333 5400 uisibile
2386 5360 2463 5397 os.
2512 5341 2566 5395 lu
2625 5342 2776 5397 libris
2834 5352 2992 5395 antea
3046 5340 3207 5394 editis
3255 5352 3353 5407 pro

1784 5439 1802 5471 ι
1851 5419 2080 5473 Ratluna
2131 5436 2148 5468 ι
2192 5416 2391 5485 legitur
2438 5432 2455 5466 ι
2517 5413 2826 5477 Rathanim,
2873 5431 2891 5465 ι
2945 5412 3035 5467 sed
3072 5411 3123 5464 in
3166 5412 3353 5465 codice

1778 5490 2083 5545 'I‘uronensi
2120 5506 2138 5539 ι
2172 5486 2405 5541 Bathma
2439 5506 2451 5539 :
2486 5505 2504 5537 ι
2537 5485 2678 5555 quod
2712 5503 2729 5535 ι
2762 5485 2894 5536 visio
2925 5492 3298 5555 consummata
3326 5496 3348 5530 ι

1778 5562 1883 5615 dici
1927 5569 2103 5631 potest
2144 5577 2171 5611 a
2206 5570 2341 5631 rtij
2381 5574 2400 5607 ι
2432 5552 2585 5617 vidit,
2618 5569 2708 5608 »ει
2734 5564 2930 5631 opm}
2965 5552 3189 5631 absolvi,
3231 5566 3353 5618 per-

1781 5632 1889 5685 lici.
1928 5624 1947 5682 ἱ
1981 5631 2240 5685 Similiter
2284 5629 2518 5681 Pbaram
2572 5643 2590 5676 ι
2632 5640 2692 5680 os
2743 5624 2950 5677 visibile
2996 5643 3015 5674 ι
3059 5624 3267 5677 dicetur
3318 5637 3348 5675 ι

1779 5711 1855 5764 n5
1904 5704 2043 5774 quod
2078 5711 2156 5756 est
2192 5719 2209 5751 ‹
2245 5716 2325 5762 os,
2364 5699 2494 5764 oris,
2534 5716 2550 5749 ι
2598 5707 2649 5752 et
2693 5712 2719 5749 a
2759 5706 2878 5755 Πκῆ
2916 5714 2933 5747 μη
2969 5695 3115 5762 vidit,
3149 5712 3166 5746 ι
3201 5693 3283 5748 vel
3319 5705 3350 5748 a
