3874 6512
516 203 624 258 735

1967 183 2294 244 omums
3604 202 3676 263 ππ

515 323 642 376 licet
691 317 1080 375 incarnationis
1121 315 1284 372 Verbi
1332 314 1461 380 Dei,
1513 312 2092 385 dispensationnmque
2118 313 2163 368 A
2197 320 2328 361 vero
2368 312 2612 376 potestas
2661 304 2890 360 indicari
2927 305 3173 373 Videtur,
3203 317 3260 362 et
3289 313 3422 378 qvod
3463 316 3602 374 anima
3635 341 3680 381 ε,

515 415 636 486 ejus
695 413 934 467 rationes
982 410 1195 480 plenius
1247 408 1518 479 altiusque
1547 405 1923 478 cognoscens?
1960 403 2100 459 Hinc
2204 413 2375 469 usque
2401 396 2722 468 proiecerit,
2753 407 2810 453 υι
2843 399 3156 456 dominetur
3183 405 3413 474 corpori,
3445 419 3495 462 et
3536 412 3621 482 ipsa
3645 419 3678 472 in

512 503 626 574 jam
661 505 879 559 venitur
902 502 955 556 in
983 501 1416 570 Bemonphares,
1445 499 1589 568 quod
1621 498 1674 553 in
1700 505 1886 553 nostra
1911 495 2097 566 lingua

518 599 722 653 excelsa
749 595 1015 651 intereisio
1039 593 1239 649 dicitur
1261 591 1399 666 (89),
1432 593 1534 648 hoc
1574 603 1681 658 est,
1731 592 1821 647 tibi
1877 604 2098 660 magna-

520 705 638 743 rum
665 697 718 744 et
740 687 1040 742 caelestium
1084 700 1267 740 rerum
1297 700 1326 739 a
1354 683 1585 739 terrenis
1611 693 1666 738 et
1695 682 1900 737 inlimis
1943 695 2099 751 sepa-

524 781 664 835 ratio
692 780 764 834 sit
805 787 860 834 et
892 779 1172 835 discretio.
1213 777 1506 832 Crescente
1544 790 1778 846 namque
1823 773 2096 830 intellectu

515 872 732 935 animae,
763 881 818 926 et
845 871 1036 926 notitia
1069 871 1118 926 ei
1159 872 1496 928 excelsorum
1532 870 1827 942 praebetur,
1862 880 1916 924 et
1951 867 2098 936 judi-

513 967 658 1019 cium
689 966 872 1030 datur,
896 980 1007 1035 quo
1045 966 1182 1020 sciat
1213 981 1242 1020 a
1273 963 1658 1034 temporalibus
1687 973 1888 1018 aeterna
1927 962 2097 1016 inter-

517 1057 720 1124 cidere,
750 1067 806 1111 et
849 1073 879 1111 a
913 1058 1189 1128 perpetuis
1231 1058 1434 1112 caduca
1481 1071 1756 1126 separare.
1804 1055 1936 1110 Post
1983 1057 2097 1110 hazc

520 1148 738 1202 venitur
772 1146 979 1214 Lebna,
1035 1147 1176 1218 quod
1236 1149 1623 1217 interpretatur
1661 1146 1927 1202 dealbatio
1957 1145 2092 1218 (90).

519 1240 649 1294 Scio
681 1240 736 1294 in
765 1240 885 1295 aliis
915 1241 1312 1296 dealbationem
1339 1241 1681 1310 culpabiliter
1705 1240 1852 1311 poni,
1879 1249 1935 1294 ut
1969 1256 2093 1295 cum

521 1333 720 1388 dicitur
743 1334 924 1402 paries
958 1333 1257 1398 dealbatus,
1286 1343 1342 1388 et
1371 1343 1718 1389 monumenta
1752 1332 1998 1388 dealbata
2027 1333 2090 1387 ".

521 1420 628 1476 Sed
655 1423 743 1478 hic
769 1423 1042 1480 dealbatio
1079 1424 1162 1478 illa
1186 1433 1293 1490 est,
1324 1426 1391 1480 de
1410 1441 1517 1496 qua
1548 1426 1677 1480 dicit
1703 1425 1975 1498 Pr0pheta
2008 1426 2091 1481 “:

523 1534 542 1567 1
578 1515 811 1570 Lavabis
835 1532 940 1580 me,
972 1525 1028 1572 et
1060 1533 1223 1586 super
1256 1519 1432 1572 nivem
1487 1518 1796 1575 dealhabor.
1845 1537 1864 1570 1
1901 1519 1965 1573 Et
1994 1520 2096 1576 ite-

520 1625 636 1662 rum
691 1609 854 1664 lsaias
903 1611 945 1642 ¹⁹
989 1627 1004 1664 :
1046 1629 1064 1662 1
1106 1609 1164 1665 Si
1205 1611 1406 1665 lucrint
1467 1621 1688 1680 peccata
1737 1621 1916 1667 vestra
1950 1613 2093 1668 sicut

516 1704 868 1770 phmnicium,
903 1714 959 1758 ut
991 1705 1166 1758 nivem
1200 1705 1482 1771 dealbabo,
1528 1714 1583 1760 et
1637 1715 1696 1760 ut
1749 1705 1925 1760 lanam
1957 1722 2092 1761 can-

514 1795 635 1848 dida
686 1794 799 1867 (9t)
850 1794 1094 1850 efficiam.
1150 1816 1169 1849 1
1220 1794 1352 1852 Item
1409 1797 1462 1851 in
1522 1798 1734 1853 Psalino
1762 1801 1808 1831 ²⁰
1844 1817 1859 1853 :
1899 1817 1920 1850 1
1961 1798 2094 1854 Nive

513 1887 907 1944 dealhabuntur
951 1891 1003 1946 in
1053 1890 1290 1946 Selmon.
1331 1911 1350 1943 1
1390 1892 1454 1947 Et
1485 1891 1693 1948 Vetusti
1742 1893 1950 1948 dierum
2005 1909 2093 1949 ca-

515 1977 624 2045 pilli
648 1978 900 2034 dicuntur
940 1994 1062 2035 esse
1083 1981 1325 2047 candidi,
1361 1982 1412 2036 id
1446 1992 1550 2046 est,
1579 1983 1685 2037 albi
1711 1983 1853 2038 sicut
1877 1983 2087 2038 lana“.

514 2068 606 2123 Sic
645 2069 808 2140 igitur
837 2070 1109 2126 dealbatio
1143 2072 1256 2127 haec
1309 2087 1376 2127 ex
1422 2072 1712 2143 splendore
1758 2089 1899 2130 vera:
1952 2073 2091 2130 lucis

512 2161 697 2216 venire
737 2161 1084 2233 intelligenda
1115 2172 1219 2228 est,
1256 2175 1312 2220 et
1353 2179 1420 2219 ex
1457 2166 1730 2222 visionum
1783 2167 2089 2223 caelestium

511 2253 756 2309 claritate
779 2255 1127 2313 descendere.
1150 2255 1278 2312 Pos1
1303 2258 1417 2314 haec
1449 2259 1660 2314 mansio
1688 2260 1746 2313 lit
1780 2260 1832 2314 in
1863 2260 2033 2315 Ressa
2071 2279 2085 2315 :

508 2345 650 2413 quod
687 2346 826 2414 apud
881 2361 979 2401 nos
1011 2347 1116 2402 dici
1149 2357 1327 2418 potest
1379 2351 1598 2406 visibilis
1641 2352 1756 2407 sive
1798 2352 2088 2407 laudabilis

509 2439 732 2494 tentatio
767 2439 902 2512 (92).
936 2440 1079 2507 Quid
1113 2451 1197 2497 est
1230 2443 1350 2507 hoc,
1393 2444 1534 2513 quod
1573 2443 1818 2516 quamvis
1852 2446 2089 2516 grandes

512 2537 713 2590 habeat
745 2535 924 2589 anima
966 2535 1261 2606 prolectus,
1309 2545 1487 2593 tamen
1540 2539 1865 2595 tentationes
1910 2540 1980 2596 ab
2023 2555 2088 2598 ea

511 2641 619 2681 1.on
663 2627 1020 2683 auferuntur?
1055 2627 1210 2685 Unde
1237 2642 1462 2700 apparet
1485 2632 1637 2701 quia,
1675 2632 1820 2687 velut
1843 2634 2087 2689 custodia

509 2720 755 2786 quaedam
814 2727 870 2774 et
911 2721 1213 2788 munimen,
1245 2721 1294 2776 ei
1361 2721 1688 2779 tentationes
1735 2723 2084 2782 adhibentur.

511 2807 668 2864 Sicut
705 2811 846 2865 enim
876 2825 1005 2866 caro
1033 2812 1076 2867 si
1114 2813 1228 2868 sale
1277 2827 1384 2868 non
1436 2823 1789 2886 aspergatur,
1835 2817 2087 2886 quamvis

498 2902 582 2956 ’sit
610 2918 802 2972 magna
832 2914 886 2960 et
915 2906 1207 2976 prrecipua,
1229 2909 1598 2977 corrumpitur
1638 2923 1654 2963 :
1695 2910 1767 2964 ita
1805 2920 1863 2966 et
1905 2910 2086 2966 anima

2201 491 2330 544 illud
2361 492 2568 562 virgam
2613 487 2900 561 potestatis
2945 494 3194 552 obtineat
3223 512 3239 562 ;
3298 498 3402 554 imo
3437 516 3528 556 non
3560 509 3680 565 solum

2197 582 2436 652 corpori,
2485 583 2583 639 sed
2634 593 2690 640 et
2729 585 2984 642 universo
3041 587 3272 654 mundo,
3313 605 3430 646 cum
3478 595 3679 659 dicit“;

2205 696 2224 730 1
2262 676 2389 732 Mihi
2417 687 2598 734 autem
2629 680 2863 736 mundus
2899 682 3195 737 cruciﬁxus
3223 693 3324 750 est,
3364 696 3418 742 et
3467 706 3550 759 ego
3576 711 3680 750 mn.

2199 771 2293 824 do.
2327 789 2346 822 1
2384 769 2516 824 Inde
2546 772 2764 826 venitur
2789 772 2843 827 in
2881 784 3121 829 montem
3156 775 3380 846 Sephar,
3406 784 3529 850 quod
3550 790 3680 842 tritici.

2199 862 2347 916 natio
2376 863 2678 932 appellatur
2706 862 2842 935 (94).
2879 864 3031 922 Tuba
3057 869 3270 938 signum
3301 872 3421 927 belli
3457 887 3545 929 est.
3569 877 3682 949 Igitur

2200 953 2289 1007 ubi
2324 968 2386 1007 se
2419 955 2584 1011 tantis
2617 971 2682 1011 ac
2710 957 2908 1013 talibus
2940 959 3231 1018 virtutibus
3273 965 3443 1018 anima
3468 970 3600 1024 sentit
3625 988 3682 1028 ar-

2201 1056 2425 1112 matam,
2459 1050 2770 1104 necessario
2800 1053 3049 1121 procedit
3081 1055 3149 1108 ad
3182 1056 3398 1123 bellum,
3427 1062 3550 1128 quod
3577 1070 3682 1123 estsi

2199 1137 2459 1192 adversus
2516 1140 2881 1210 principatus,
2933 1153 2989 1198 et
3032 1154 3347 1216 potestates,
3393 1159 3444 1204 et
3472 1153 3680 1210 adversum

2198 1228 2383 1282 mundi
2419 1239 2700 1285 rectores:
2731 1231 2815 1287 vel
2845 1244 2994 1289 certe
3025 1235 3151 1290 tuba
3182 1239 3330 1293 canit
3356 1239 3406 1294 in
3447 1244 3586 1299 verbo
3606 1249 3683 1312 Dei.

2199 1321 2596 1389 praedicationis
2623 1324 2834 1381 scilicet
2859 1337 2910 1382 et
2937 1329 3218 1395 doctrinae,
3248 1341 3308 1386 ut
3337 1332 3425 1387 det
3454 1335 3685 1406 signiﬁcas-

2201 1423 2307 1468 tem
2342 1429 2534 1470 vocem
2570 1431 2667 1486 per
2697 1419 2902 1485 tubam,
2951 1429 3009 1474 ut
3042 1422 3135 1490 qui
3171 1424 3426 1490 audierit,
3458 1443 3684 1497 preparari

2197 1522 2256 1562 se
2289 1508 2458 1577 possit
2485 1509 2550 1562 ad
2581 1509 2800 1568 bellum.
2828 1511 2957 1567 Post
2982 1513 3098 1569 hac
3122 1516 3338 1570 venitur
3365 1533 3514 1588 super
3534 1521 3681 1580 Clim—

2198 1600 2350 1666 dath,
2383 1601 2524 1670 quod
2574 1602 2626 1656 in
2677 1613 2865 1659 nostra
2906 1605 3071 1676 382
3113 1606 3295 1678 lingua
3341 1621 3490 1666 sonat
3526 1614 3683 1674 idonea

2195 1692 2410 1760 eﬂ'ectus
2427 1693 2540 1764 (95)
2569 1711 2583 1749 :
2613 1696 2858 1764 profecto
2883 1707 2940 1752 nt
2963 1708 3018 1752 et
3045 1699 3158 1768 ipse
3183 1698 3327 1755 dicat
3347 1704 3414 1770 “,
3440 1707 3550 1774 quia
3576 1727 3592 1758 1
3612 1710 3685 1764 ido-

2195 1805 2327 1844 neos
2365 1807 2463 1847 nos
2519 1791 2651 1847 fecit
2692 1793 2974 1850 ministros
3009 1795 3133 1850 novi
3192 1802 3510 1856 testamenti.
3559 1804 3685 1862 11nd:

2194 1883 2402 1937 mansio
2429 1883 2658 1938 habetur
2678 1885 2820 1954 apud
2858 1884 3146 1956 Maceloth,
3177 1891 3325 1960 quod
3376 1892 3685 1963 interpretatsr

2193 1974 2257 2026 ab
2283 1975 2435 2029 initio
2462 1974 2598 2046 (96).
2621 1976 3035 2047 Contemplatur
3059 1997 3296 2052 namque
3315 1983 3404 2052 qui
3433 1984 3494 2037 ad
3513 1995 3685 2041 contem-

2192 2065 2486 2135 plationem
2512 2069 2700 2133 tendit,
2734 2069 2944 2124 initium
2981 2087 3181 2136 rerum,
3215 2075 3328 2130 imo
3370 2076 3531 2144 potius
3553 2090 3684 2133 cuncta

2191 2159 2255 2211 ad
2291 2173 2415 2214 eum
2441 2160 2630 2226 refert,
2662 2163 2755 2232 qui
2793 2171 2912 2218 erat
2964 2163 3018 2219 in
3063 2166 3356 2235 principio,
3403 2182 3493 2222 nec
3531 2169 3583 2224 ab
3618 2170 3684 2224 isto

2194 2250 2346 2305 initio
2377 2250 2667 2321 aliquando
2715 2255 2968 2310 discedit.
3020 2255 3144 2312 Post
3192 2258 3312 2313 haec
3343 2259 3403 2312 lit
3445 2261 3617 2314 mansio
3651 2263 3684 2313 i1

2189 2341 2381 2409 Caath,
2425 2343 2567 2414 quod
2593 2353 2679 2400 est
2710 2345 3044 2415 conﬁrmatio
3078 2349 3160 2402 vel
3200 2350 3461 2418 patientia
3492 2349 3686 2420 (97).!ie-

2189 2451 2348 2491 cessc
2382 2446 2467 2492 est
2503 2436 2648 2492 enim
2697 2451 2823 2493 eum
2852 2439 2945 2508 qui
2975 2439 3086 2494 vult
3112 2441 3279 2494 etiam
3314 2440 3438 2496 aliis
3483 2444 3684 2510 prodesse.

2191 2529 2358 2584 multa
2389 2529 2520 2599 pati,
2545 2539 2600 2584 et
2629 2539 2823 2584 cuncta
2851 2528 2994 2586 ferre
3024 2531 3315 2601 patienter,
3345 2533 3479 2588 sicut
3499 2534 3556 2588 de
3573 2532 3687 2587 Paulo

2189 2622 2390 2677 dictum
2415 2632 2498 2679 est
2514 2624 2560 2656 “
2589 2642 2604 2679 :
2636 2641 2656 2676 1
2687 2623 2798 2693 Ego
2823 2623 2969 2679 enim
2987 2623 3270 2680 ostendam
3297 2625 3353 2680 ei
3376 2636 3558 2695 quanta
3573 2642 3684 2694 opor-

2191 2725 2302 2771 teat
2335 2731 2457 2770 eum
2508 2732 2606 2786 pro
2639 2717 2858 2772 nomine
2903 2717 3014 2787 pati
3075 2732 3218 2773 meo.
3285 2737 3306 2772 1
3357 2717 3479 2774 lude
3531 2719 3684 2772 venitur

2189 2808 2403 2875 Thara,
2462 2810 2606 2880 quod
2659 2811 2801 2880 apud
2863 2826 2966 2866 nos
3014 2809 3338 2882 intelligitur
3382 2812 3680 2879 contemplatio

2185 2905 2414 2973 stuporis
2437 2904 2574 2974 (98).
2606 2903 2723 2959 NOII
2752 2919 3040 2974 possumus
3097 2906 3152 2960 in
3198 2905 3394 2961 Latina
3427 2907 3580 2976 lingua
3619 2922 3689 2961 1111

511 2994 616 3050 nisi
663 2999 1056 3054 tentationibus
1097 3000 1332 3056 assiduis
1381 3002 1784 3072 quodammodo
1835 3003 2081 3070 saliatur,
2110 3015 2152 3074 ρ
2186 3015 2441 3055 sermone
2459 2999 2766 3070 exprimere
2790 2999 3012 3055 verbum
3030 2999 3305 3066 Gracum,
3326 3003 3464 3071 quod
3479 3001 3690 3056 illituu-

507 3087 768 3143 rontinno
837 3090 1126 3146 resolvitur
1185 3108 1250 3148 ac
1304 3093 1595 3149 relaxatur.
1664 3094 1818 3151 Unde
1866 3107 2082 3151 constat

509 3187 727 3248 propter
770 3181 873 3237 hoc
927 3183 1128 3238 dictum
1176 3200 1318 3254 esse,
1357 3187 1498 3257 quod
1545 3202 1704 3242 omne
1743 3188 2078 3244 sacriﬁcium

506 3272 622 3327 sale
649 3273 872 3329 salietur
895 3278 962 3331 ’⁸.
992 3275 1121 3331 Inde
1148 3277 1382 3346 denique
1406 3289 1490 3332 est
1511 3281 1656 3346 quod
1681 3288 1736 3334 et
1765 3278 1966 3336 Paulus
1999 3279 2082 3335 di-

507 3366 729 3419 cubat”
763 3384 778 3420 :
817 3385 836 3418 1
877 3367 940 3421 Et
973 3383 1036 3423 ex
1069 3367 1397 3423 sublimitate
1433 3369 1825 3424 revelationnm
1869 3387 1939 3424 ne
1985 3385 2082 3426 ex-

508 3458 683 3521 tollar,
710 3459 868 3514 datus
890 3469 972 3515 est
1001 3461 1130 3514 mihi
1175 3461 1427 3516 stimulus
1469 3462 1652 3517 carnis
1677 3476 1811 3516 mea:
1853 3462 2079 3534 angelus

505 3548 742 3614 Satanae,
783 3551 874 3620 qui
908 3567 992 3606 me
1017 3552 1340 3623 colaphizet.
1368 3573 1387 3606 1
1415 3553 1539 3609 Haec
1569 3569 1698 3626 ergo
1721 3563 1806 3610 est
1829 3556 2078 3625 visibilis,

502 3641 588 3695 vel
619 3641 902 3697 laudabilis
934 3645 1178 3699 tentatio.
1213 3645 1286 3698 Ex
1322 3646 1422 3700 hac
1446 3647 1662 3701 venitur
1688 3647 1754 3701 ad
1786 3646 2079 3714 Macelatb,

501 3737 646 3802 quod
704 3745 788 3790 est
829 3738 1179 3806 principatus,
1223 3738 1306 3793 vel
1347 3739 1494 3811 virga
1543 3739 1684 3812 (9'5).
1722 3739 1799 3794 Ex
1851 3750 2082 3812 utroque

576 3875 617 3905 "
645 3873 837 3930 Matth.
876 3891 1035 3942 χχιιι,
1057 3875 1147 3930 27.
1245 3875 1288 3908 "
1310 3874 1451 3932 Psal.
1484 3891 1558 3942 1.1,
1597 3875 1650 3931 7.
1731 3877 1772 3909 "
1801 3877 1902 3932 lsa.
1935 3893 1973 3943 1,
2002 3877 2088 3933 l8.

503 3942 551 3976 ”
578 3943 620 3997 ll
645 3944 770 4000 Cor.
810 3961 906 4012 x11,
939 3947 992 4002 7.
1069 3947 1114 3978 "
1145 3944 1265 4002 Gal.
1299 3962 1372 4013 v1,
1402 3948 1488 4002 14.
1567 3948 1612 3980 ’³
1645 3946 1686 4001 ΙΙ
1710 3948 1835 4003 Cor.
1864 3942 2022 4016 111,6.

501 4068 613 4116 UH
649 4076 666 4110 1
705 4057 873 4112 altum
920 4074 1069 4120 esse.
1105 4079 1122 4111 1
1159 4061 1413 4130 quoniam
1446 4061 1587 4131 quod
1622 4061 1920 4130 excelsum,
1951 4076 2080 4118 con-

505 4131 750 4195 spicuum
786 4138 870 4182 est
907 4139 962 4184 et
988 4131 1219 4184 visibile.

578 4197 693 4272 (89)
731 4198 1288 4272 llemonphares,quod
1331 4199 1387 4253 in
1424 4213 1603 4272 nostra
1643 4201 1836 4272 .lingna
1867 4203 2074 4258 excelsa

507 4270 1044 4359 intercisiordicitur.
1094 4271 1138 4325 Α
1185 4279 1289 4331 ῠτπ
1337 4287 1358 4323 1
1395 4270 1563 4327 altum
1607 4270 1748 4338 esse,
1785 4293 1804 4326 1
1852 4285 1907 4329 et
1949 4282 2073 4359 ’γ’-ιε

510 4359 526 4390 1
575 4341 1017 4410 r11pit,disrupit.
1059 4362 1078 4393 1

575 4411 689 4482 (90)
726 4411 923 4474 Lebna,
955 4414 1097 4482 quod
1138 4412 1517 4482 interpretatur
1563 4413 1849 4469 dealbatio.
1901 4413 2075 4471 Radix

504 4511 586 4556 cst
624 4487 716 4588 β’)
753 4521 773 4554 1
813 4501 1114 4568 albescere,
1141 4502 1421 4588 dealbare,
1445 4522 1465 4556 1

505 4585 692 4708 dJ(9'l)
735 4588 888 4656 Μέθη
933 4607 951 4641 1
1019 4588 1272 4646 candida.
1326 4606 1345 4640 1
1401 4587 1558 4645 Libb.
1601 4585 1759 4655 editi,
1820 4604 1840 4639 1
1891 4587 2082 4645 candi-

547 4675 651 4708 ’Πι-
704 4677 724 4708 1

545 4674 651 4713 am.
704 4677 724 4710 ι

578 4729 692 4798 (92)
747 4728 934 4796 Ressa,
982 4730 1122 4795 quod
1176 4729 1317 4798 apud
1361 4745 1456 4782 nos
1504 4728 1610 4783 diri
1649 4737 1819 4799 potest
1861 4729 2083 4784 visibilis

505 4799 612 4852 sive
655 4801 939 4854 laudabilis
990 4800 1232 4856 tentatio.
1276 4801 1320 4854 Α
1370 4811 1492 4859 nm
1546 4819 1565 4851 1
1607 4801 1761 4866 vidit,
1797 4819 1816 4854 1
1875 4809 1932 4857 et
1975 4811 2081 4860 Ποὲ

503 4870 646 4938 quod
681 4872 732 4923 in
761 4871 875 4925 l‘ilt.
905 4881 1082 4934 sonat,
1113 4890 1130 4921 1
1177 4873 1424 4937 tentavit,
1455 4871 1725 4939 probavit.
1774 4891 1794 4924 1

578 4941 688 5010 (93)
731 4940 1020 5002 Macelath,
1072 4941 1211 5012 quod
1264 4952 1337 4997 est
1369 4942 1722 5012 principatus
1773 4941 1851 4996 vel
1905 4941 2078 5011 uirga.

501 4991 627 5096 sps
640 4991 818 5066 ’ὁεῐῖ
831 4991 1097 5076 Βάέέιῐιὶς]
1111 4991 1285 5082 iuga:
1301 4991 1344 5065 "1
1367 4991 1425 5066 lii
1463 4991 1718 5067 inus;
1740 4991 1927 5067 alia";
1938 4991 1949 4996 ⁷
1962 4991 2078 5066 ’ὄᾶιί

506 5096 702 5161 legitur
735 5113 755 5148 1
789 5095 1074 5158 Macelnth,
1111 5114 1130 5150 1
1166 5098 1261 5152 sed
1301 5116 1319 5149 1
1350 5097 1677 5162 Chehelath,
1720 5114 1740 5149 1
1768 5095 1913 5167 quod
1940 5095 2078 5152 verti

503 5177 679 5238 potest
731 5185 755 5238 1_
791 5170 1153 5238 congregatio.
1190 5187 1210 5221 1

2177 3877 2223 3908 ¹⁰
2249 3875 2392 3931 Psal.
2421 3892 2608 3941 vatn,
2636 3875 2722 3931 ﬂ.

2122 3947 2168 3980 “
2197 3949 2318 4004 Act.
2359 3964 2434 4010 1x,
2464 3948 2550 4002 16.

2191 3109 2276 3146 σιν
2304 3103 2522 3156 vocant,
2553 3092 2604 3146 id
2635 3100 2742 3160 est,
2773 3106 2896 3146 cum
2924 3107 3021 3161 pro
3047 3093 3283 3160 alicujus
3319 3109 3518 3165 magna:
3540 3097 3599 3150 rei
3623 3097 3687 3147 sd.

2190 3182 2482 3238 miratione
2506 3181 2841 3251 obstupescit
2871 3183 3100 3238 animus.
3153 3182 3270 3240 Hoc
3313 3194 3400 3240 est
3449 3201 3559 3255 ergo
3591 3186 3687 3256 quod

2187 3276 2318 3330 dicit
2342 3274 2726 3345 contemplatio
2759 3277 3018 3344 stuporis,
3061 3291 3184 3330 cunt
3235 3277 3293 3331 in
3347 3276 3593 3347 agnitione
3616 3291 3690 3330 1111-

2186 3384 2415 3437 gnarum
2433 3379 2492 3425 et
2514 3368 2910 3424 admirabilium
2934 3385 3111 3425 rerum
3135 3384 3293 3426 mens
3323 3370 3535 3425 attonita
3551 3381 3688 3440 stupet.

2187 3460 2316 3515 Post
2349 3461 2464 3516 htec
2511 3461 2726 3516 venitur
2762 3466 2829 3516 ad
2869 3460 3142 3527 Matheca,
3183 3465 3332 3532 quod
3380 3463 3690 3531 interpretatur

2189 3569 2327 3608 mors
2356 3571 2489 3608 nova
2518 3553 2651 3624 (99).
2677 3553 2808 3620 Quae
2832 3564 2917 3610 est
2943 3571 3080 3610 nova
3108 3556 3294 3609 mors?
3315 3556 3519 3624 quando
3535 3553 3690 3609 Christo

2189 3646 2580 3702 connnorimur
2608 3657 2666 3702 ut
2692 3657 2750 3702 et
2779 3648 3134 3704 convivamus
3155 3650 3229 3704 ei.
3264 3649 3393 3705 Inde
3423 3650 3607 3703 Asenna
3631 3662 3692 3700 1e-

2189 3741 2356 3806 nitur,
2389 3741 2533 3810 quod
2562 3757 2621 3796 os
2655 3740 2742 3798 vel
2780 3758 2901 3796 ossa
2933 3741 3243 3812 significare
3281 3743 3481 3799 dicitur
3509 3742 3590 3812 (l).
3616 3739 3692 3793 ius

2831 3876 2874 3908 ²¹
2911 3875 3147 3942 Dan.v11,
3181 3876 3234 3932 9.
3316 3879 3362 3910 "
3383 3876 3541 3934 Levit.
3564 3893 3608 3943 11,
3633 3877 3687 3932 l3.

2184 4076 2284 4116 cor
2335 4059 2766 4152 ety'ntologistam
2814 4077 2912 4132 pro
2961 4046 3167 4152 n‘mpn
3211 4081 3231 4116 1
3277 4063 3561 4120 Macheloth
3596 4085 3610 4118 1
3643 4065 3690 4120 le-

2182 4148 2326 4219 gisse
2366 4132 2573 4210 n‘mnt:
2606 4147 2748 4216 quod
2787 4160 2935 4204 recte
2978 4132 3113 4204 verii
3151 4161 3330 4218 potest
3374 4169 3392 4202 1
3427 4155 3490 4205 ab
3514 4153 3686 4206 initio.1

2179 4216 2626 4314 ﬁm‘en‘imest
2666 4251 2684 4285 1
2730 4216 3395 4314 principiuni.initium..1
3488 4305 3498 4314 _
3579 4305 3588 4312 _

2108 4341 2153 4396 υ
2254 4303 2364 4374 (97)
2414 4301 2607 4364 Catuli,
2640 4303 2780 4373 quod
2818 4301 3263 4372 est'conﬁrmatio
3299 4305 3376 4358 vel
3393 4305 3630 4373 patientis.
3652 4305 3687 4356 In

2182 4373 2406 4427 llebmo
2447 4373 2642 4427 leuitur
2687 4384 2812 4427 nm
2865 4392 2885 4426 1
2915 4372 3181 4427 Tachath.
3215 4393 3234 4426 1
3266 4377 3420 4427 Anud
3460 4373 3580 4427 LXX
3616 4375 3687 4426 lia-

2231 4372 2406 4428 ebmo
2447 4372 2661 4442 legitur
2687 4384 2812 4434 nm
2865 4392 2885 4426 1
2915 4372 3181 4428 Tachath.
3215 4393 3234 4426 1
3266 4372 3420 4440 Apud
3460 4373 3580 4428 LXX
3616 4375 3688 4426 lia-

2184 4443 2343 4496 ταάο.
2383 4444 2643 4496 Nimirum
2700 4459 2795 4511 pro
2841 4453 3006 4504 mna
3061 4463 3080 4496 1
3131 4445 3182 4498 in
3249 4445 3489 4500 Tachalb
3519 4465 3536 4497 1
3587 4445 3688 4513 lege-

2185 4525 2313 4569 rnnt
2354 4524 2513 4575 mn:
2552 4513 2800 4570 Καταάθ.
2861 4515 3193 4583 Quocnnqne
3248 4527 3427 4569 autem
3467 4516 3601 4569 modo
3638 4520 3686 4567 lc-

2184 4594 2365 4654 gatur,
2394 4601 2499 4638 11011
2533 4586 2688 4640 video
2720 4584 2866 4638 unde
2913 4587 3032 4639 erui
3087 4586 3256 4652 possit
3294 4605 3312 4637 1
3351 4587 3684 4640 continuatioi

2184 4654 2271 4709 vel
2301 4674 2320 4707 1
2351 4656 2628 4723 patientia.
2668 4675 2687 4708 1
2725 4654 2996 4709 Caeterum
3041 4672 3142 4708 vox
3183 4675 3202 4707 1
3240 4657 3410 4711 Canth
3446 4675 3464 4708 1
3495 4667 3686 4723 corntpu

2183 4735 2290 4847 ﬁt,
2333 4736 2388 4780 et
2432 4725 2646 4797 legend.
2700 4745 2718 4777 1
2755 4725 2982 4780 Cataath
3028 4747 3046 4778 1
3093 4742 3215 4780 cum
3285 4725 3426 4781 LXX
3483 4730 3686 4794 interpre-

2212 4813 2223 4847 1
2251 4811 2348 4847 ius.

2185 4805 2348 4849 tihns.

2255 4867 2368 4937 (98)
2401 4865 2600 4930 Thura,
2645 4865 2788 4937 quod
2837 4868 2978 4934 apud
3033 4883 3128 4920 nos
3175 4867 3488 4937 intelligitur
3515 4878 3685 4920 coemto

2181 4935 2356 5004 platio'
2372 4937 2624 5005 stuporis.
2654 4935 2874 5006 Aliquot
2912 4953 3041 4991 mss.
3069 4937 3289 5001 habent,
3346 4935 3365 4988 ἱ
3421 4941 3686 5004 contempla.

2185 5008 2258 5077 tio
2300 5015 2548 5076 stupens;
2586 5027 2606 5060 1
2641 5022 2670 5060 a
2704 5009 2869 5063 verbo
2904 5016 3011 5069 ’τα-ι
3044 5026 3063 5060 1
3101 5007 3419 5077 exploravit,
3448 5027 3466 5061 1
3493 5021 3541 5062 et
3572 5010 3686 5058 intrr-

2176 5076 2411 5147 iectione
2443 5087 2563 5137 mn
2602 5097 2620 5130 1
2653 5079 2750 5134 ah!
2785 5098 2804 5130 1

2253 5147 2364 5218 (99)
2422 5147 2690 5219 Matheca,
2756 5149 2901 5219 quod
2963 5149 3341 5217 interpretatur
3385 5165 3516 5202 mars
3575 5161 3682 5197 non.

1190 5210 1508 5295 vtubicinatio
1561 5236 1878 5308 appellatur.
1923 5244 2080 5298 nam

2189 5210 2325 5308 illius
2348 5210 2592 5308 quidem.
2610 5210 2870 5274 Hebraice
2899 5210 3107 5308 dicitur
3135 5229 3269 5300 mm,
3296 5221 3606 5308 :e—tl—EI'OI'SUS

502 5317 581 5360 est
613 5328 630 5357 1
676 5310 926 5371 buccina,
951 5313 1100 5364 tuba.
1137 5328 1157 5363 1

573 5379 685 5449 (95)
721 5380 1051 5450 (ῖΙιαιζαάαιΙι,
1086 5379 1228 5450 quod
1260 5379 1315 5434 in
1348 5388 1525 5432 nostra
1552 5379 1732 5450 lingua
1772 5389 1925 5432 sonat
1959 5378 2078 5450 ido-

503 5467 628 5504 neus
655 5449 890 5520 e/fectns.
917 5449 1105 5505 llteret
1127 5466 1284 5520 aqua.
1320 5459 1435 5520 Tan
1476 5449 1677 5505 enitna
1715 5464 1820 5519 quo
1848 5449 2076 5520 omnino

503 5519 856 5576 derivandnm
885 5519 1316 5576 videturnmnen
1369 5519 1698 5586 Charadath,
1747 5519 1882 5574 nihil
1926 5519 2073 5574 aliud

503 5601 678 5655 Sonat,
713 5608 897 5658 qnam.
930 5611 949 5643 ί
987 5593 1228 5656 tremuit,
1261 5591 1522 5646 Sollicitus
1550 5590 1669 5646 fuit.

573 5662 687 5735 (9’6)
718 5662 999 5732 Maceloth,
1022 5663 1159 5734 quod
1193 5667 1562 5732 interpretatur
1591 5663 1652 5716 ab
1683 5662 1850 5718 initio.
1883 5661 2071 5732 Suspi-

2177 5289 2313 5342 latet
2360 5289 2631 5371 quomodo
2680 5305 2938 5378 exuvoce
2985 5289 3248 5378 lleli‘raii'ca
3295 5300 3468 5378 apris.
3517 5300 3684 5378 1-120?

2179 5373 2316 5414 nova
2355 5381 2372 5414 1
2409 5361 2523 5414 erui
2549 5369 2731 5428 queat.
2760 5359 2974 5426 Melius,
3012 5361 3063 5414 ni
3095 5358 3272 5425 fallor,
3301 5358 3536 5442 a'vcrbo
3559 5365 3680 5442 pm.

2186 5463 2204 5497 1
2245 5445 2423 5510 dulce,
2486 5458 2656 5498 suave
2702 5459 2860 5508 csse,
2919 5463 2937 5496 1
2999 5447 3446 5515 interpretaretur
3497 5440 3679 5496 11:11:11

2182 5533 2202 5569 1
2227 5515 2454 5571 dulcedo
2475 5515 2610 5579 ejus.
2637 5533 2655 5567 1

2247 5587 2325 5654 (l)
2358 5587 2566 5639 Asenna
2622 5586 2848 5649 venitur,
2883 5586 3023 5654 quod
3081 5602 3138 5640 os
3185 5586 3260 5640 vel
3295 5601 3411 5639 ossa
3447 5579 3679 5654 signi/35ml

2173 5649 2388 5713 dicitur.
2419 5657 2597 5713 Codex
2654 5655 2839 5711 Sancti
2868 5649 3187 5714 Theudorici
3231 5658 3408 5721 habet,
3442 5674 3461 5708 1
3491 5649 3547 5708 ad
3579 5649 3670 5706 Scu-
