3874 6498
550 193 654 252 799

1997 198 2317 258 ORIGENIS

548 303 637 370 tur
660 317 861 382 Obotlt,
893 320 1050 390 cujus
1077 321 1310 377 nominis
1344 325 1596 392 quamvis
1621 339 1726 378 non
1755 324 2084 379 invenerimu

2192 355 2199 380 ι
2231 320 2374 376 enim
2410 337 2507 392 per
2541 324 2639 380 itas
2668 341 2862 384 omnes
2899 328 3131 386 virtutes
3177 331 3286 385 iter
3323 330 3504 400 egerit
3532 332 3716 399 anima,
3741 349 3787 390 ct

549 409 1051 480 interpretationem
1086 412 1220 482 (12),
1259 423 1435 469 tamen
1466 431 1572 469 non
1606 416 1951 483 dubitamus,
1980 417 2122 470 sicut

541 511 596 552 et
629 502 680 554 in
709 503 920 556 caneris
950 502 1225 572 omnibus,
1256 506 1421 560 etiam
1455 507 1506 561 in
1545 508 1649 562 hoc
1679 509 1900 563 nomine
1932 522 2122 563 conse-

542 593 818 658 quentiam
848 593 1187 662 profectuum
1213 599 1547 653 conservari.
1577 598 1835 669 Sequitur
1855 610 1976 669 post
2005 601 2120 655 haec

541 684 753 737 mansio
806 700 926 753 qua:
976 687 1278 757 appellatur
1327 689 1426 744 Gai
1467 729 1484 755 ,
1532 692 1676 761 quod
1734 691 2120 762 interpretatur

538 773 702 828 chaos
736 776 872 847 (l3).
921 778 1220 849 Appropiat
1266 781 1414 836 enim
1466 798 1565 852 per
1593 785 1690 839 hos
1731 784 2008 855 profectus
2051 787 2118 842 ad

538 867 692 921 sinus
712 867 967 935 Abrahae,
993 871 1086 938 qui
1111 871 1241 926 dicit
1267 873 1332 927 ad
1355 887 1452 928 eos
1471 875 1634 944 quiin
1655 877 1939 933 tormentis
1965 887 2114 945 sunt,

537 959 662 1024 quia
697 977 715 1011 t
749 960 892 1014 inter
919 977 1014 1020 vos
1043 973 1094 1018 et
1123 979 1220 1020 nos
1249 967 1419 1022 chaos
1444 983 1700 1038 utaguum
1731 971 2114 1026 confirmatum

533 1059 619 1102 est
643 1050 712 1116 ³³,
747 1068 768 1104 ι
813 1061 870 1107 ut
898 1063 952 1110 et
983 1055 1098 1124 ipse
1129 1057 1179 1111 iu
1215 1059 1428 1117 sinibus
1455 1063 1594 1130 ejus,
1622 1061 1764 1118 sicut
1794 1062 1988 1119 beatus
2013 1064 2116 1119 La-

534 1159 718 1212 zarus,
755 1149 1083 1219 requiescat.
1125 1151 1252 1210 lude
1303 1155 1498 1212 iterum
1541 1159 1758 1214 venitur
1806 1159 2106 1231 Dibongad,

531 1240 675 1306 quod
728 1241 1040 1310 significare
1094 1243 1265 1300 fertur
1312 1250 1576 1318 apiarium
1637 1255 2011 1313 tentationum.
2067 1260 2111 1316 Ο

534 1332 729 1385 miram
764 1333 959 1389 divina:
986 1337 1335 1406 providentiae
1361 1341 1628 1398 cautelam
1653 1344 1665 1396 !
1697 1345 1838 1401 Ecce
1855 1346 1965 1416 jam
1995 1352 2112 1407 via-

532 1431 618 1476 tor
661 1423 750 1478 hic
782 1424 1002 1482 itineris
1042 1429 1316 1497 caelestis,
1363 1448 1590 1489 sunmus
1621 1437 1946 1504 perfectioni
1980 1459 2108 1513 pro-

531 1512 708 1569 ximus
735 1514 796 1569 tit
835 1520 1183 1576 successione
1221 1523 1502 1591 virtutum,
1537 1538 1592 1581 et
1624 1538 1802 1586 tamen
1839 1535 1889 1588 ei
1923 1512 2106 1592 tenta-

530 1612 706 1660 menta
741 1622 846 1662 non
883 1610 1100 1678 desunt,
1147 1614 1244 1668 sed
1293 1617 1414 1670 novi
1463 1620 1678 1687 generis
1715 1625 1879 1680 audio
1925 1635 2109 1685 tenta-

529 1707 730 1751 tuenta.
758 1701 1060 1770 Apiarium,
1093 1704 1288 1776 inquit,
1329 1711 1721 1770 tentatiouutu.
1751 1719 1886 1790 Apis
1929 1721 2108 1780 laudae

527 1789 634 1845 bile
659 1791 861 1849 animal
905 1795 956 1848 iu
995 1795 1294 1868 Scripturis
1327 1803 1561 1872 positum
1588 1820 1690 1877 est,
1733 1789 1809 1867 ex
1839 1814 1992 1885 cujus
2030 1818 2107 1874 la-

524 1880 746 1938 boribus
789 1901 944 1957 reges
973 1899 1027 1942 ct
1056 1892 1357 1949 mediocres
1396 1896 1462 1950 ad
1506 1901 1796 1960 sanitatem
1829 1880 2100 1979 utuntur;

521 1974 664 2041 quod
697 1985 841 2032 recte
870 1981 937 2034 de
966 1980 1145 2037 verbis
1185 1987 1575 2054 prophetarum
1606 2003 1660 2048 et
1689 2000 2060 2066 apostolorum

519 2074 686 2134 atque
715 2069 957 2126 omnium
991 2076 1080 2142 qui
1117 2091 1271 2134 sacra
1301 2081 1574 2140 volumina
1607 2093 2098 2165 conscripserunt,

516 2159 816 2228 accipitur;
861 2173 915 2219 et
945 2165 1091 2223 istud
1122 2186 1245 2226 esse
1296 2176 1561 2242 apiarium
1588 2222 1602 2247 ,
1641 2181 1693 2236 id
1726 2159 1848 2248 est,
1879 2159 2098 2246 omnem

515 2270 803 2313 numerum
851 2259 1258 2334 Scripturarum
1305 2272 1609 2331 divinarum
1641 2279 1960 2351 dignissime
2015 2288 2100 2342 iu-

515 2347 682 2420 telligi
727 2361 879 2421 puto.
932 2355 1023 2412 Est
1063 2373 1198 2432 ergo
1240 2361 1306 2418 iis
1339 2366 1431 2434 qui
1463 2368 1530 2423 ad
1565 2347 1953 2439 perfectionem
1982 2389 2099 2436 ten-

511 2440 668 2507 dunt,
703 2446 866 2502 etiam
901 2448 957 2504 iu
988 2451 1091 2507 hoc
1117 2455 1359 2524 apiario,
1391 2459 1443 2515 id
1471 2471 1554 2517 est
1581 2463 1631 2518 iu
1657 2467 1837 2524 verbis
1864 2475 2097 2543 prophe-

513 2531 636 2590 ticis
672 2544 727 2592 et
761 2543 1079 2609 apostolicis
1104 2585 1120 2611 ,
1155 2551 1419 2606 nonnulla
1473 2559 1722 2615 tentatio.
1777 2531 1880 2620 Vis.
1908 2531 2094 2626 videre

507 2625 636 2692 quia
665 2627 736 2682 sit
766 2630 818 2685 in
858 2633 941 2689 his
972 2638 1200 2694 tentatio
1227 2657 1334 2696 non
1365 2645 1627 2703 minima?
1653 2651 1707 2706 lu
1745 2653 1850 2711 hoc
1880 2659 2092 2728 apiario

505 2717 768 2787 scriptum
807 2722 1058 2784 invenio:
1103 2732 1328 2807 rVide,
1363 2736 1542 2808 inquit
1591 2741 1672 2808 “,
1702 2761 1772 2802 ne
1817 2717 2090 2821 aspiciens

505 2807 674 2864 solem
703 2823 756 2868 et
783 2815 990 2885 lunam,
1027 2821 1226 2881 adores
1255 2842 1317 2881 ea
1356 2844 1478 2899 qua:
1508 2841 1868 2903 sequestravit
1900 2841 2087 2900 Domi-

507 2917 610 2958 nus
657 2904 800 2964 Deus
849 2918 974 2968 tuus
1005 2918 1276 2986 gentibus.
1309 2941 1328 2976 ι
1389 2925 1552 2984 Vides
1592 2945 1713 3000 quas
1764 2937 1991 2994 tentatio
2021 2940 2088 2996 de

504 2994 718 3064 apiario
742 2999 847 3057 isto
873 3009 1162 3073 procedit?
1185 3013 1252 3067 Et
1271 3015 1464 3072 iterum
1489 2994 1766 3081 cum-dicit
1785 3027 1864 3084 ³⁵ε
1905 3049 1923 3081 c
1948 3030 2085 3089 Deos
2113 3040 2155 3098 (ζ

502 3099 606 3140 non
625 3091 934 3152 maledices.
965 3117 982 3150 ι
1015 3099 1079 3154 Ει
1099 3102 1294 3161 iterum
1323 3107 1376 3162 in
1401 3109 1533 3167 Novi
1558 3114 1899 3177 Testamenti
1929 3127 2079 3194 apia-

503 3177 584 3231 rio
609 3181 697 3236 ubi
725 3181 954 3254 legimus
985 3191 1063 3246 "z
1098 3212 1116 3246 ι
1149 3194 1289 3262 Quid
1318 3215 1403 3256 me
1429 3205 1592 3262 vultis
1615 3211 1866 3268 occidere
1900 3216 2078 3273 homi-

500 3285 623 3325 nem
658 3276 750 3343 qui
782 3280 1062 3338 veritatem
1100 3285 1312 3347 locutus
1341 3310 1461 3350 sum
1493 3300 1682 3356 vobis?
1711 3322 1732 3357 ι
1772 3305 1835 3359 Ει
1878 3307 2073 3366 iterum

501 3364 553 3416 in
587 3365 709 3421 aliis
751 3369 864 3438 ipse
898 3373 1159 3434 Dominus
1190 3383 1321 3440 dicit
1357 3388 1430 3443 "':
1470 3409 1488 3441 ι
1511 3391 1803 3458 Propterea
1837 3399 1886 3454 in
1917 3418 2077 3472 para-

495 3455 638 3511 bolis
666 3459 858 3530 loquor
882 3465 980 3532 eis,
1017 3481 1073 3524 ut
1105 3473 1344 3532 videntes
1368 3497 1474 3536 non
1503 3485 1737 3555 videant,
1767 3501 1820 3546 et
1852 3455 2076 3552 audien-

495 3555 577 3599 tes
631 3564 736 3603 tmn
790 3551 1116 3630 intelligant,
1149 3581 1214 3620 ne
1267 3566 1403 3625 forte
1455 3587 1862 3647 convertantur,
1898 3597 1951 3640 et
1982 3604 2070 3642 sa-

493 3654 613 3695 ucm
641 3656 756 3699 eos.
784 3665 803 3698 ι
845 3646 948 3703 Sed
981 3663 1035 3707 et
1064 3671 1186 3712 cum
1216 3660 1507 3731 Apostolus
1539 3670 1668 3725 dicit
1693 3673 1766 3728 ³⁸ε
1818 3695 1836 3727 t
1867 3677 1921 3730 lu
1953 3681 2074 3748 qui-

493 3729 584 3748 .”
613 3732 647 3748 ,ι
768 3737 780 3748 .
844 3738 854 3748 .
1093 3746 1101 3748 -

489 3729 592 3784 bus
613 3732 750 3790 Deus
767 3737 924 3804 hujus
941 3746 1122 3800 saeculi
1143 3756 1438 3810 cxczecavit
1457 3770 1667 3817 mentes
1688 3729 1988 3826 infidelium
2011 3791 2023 3839 ;
2047 3793 2065 3827 ι

488 3830 546 3875 et
574 3825 744 3880 multa
772 3829 1078 3898 hujusmodi
1103 3841 1153 3895 in
1181 3844 1284 3900 hoc
1298 3847 1482 3905 divino
1501 3853 1712 3922 apiario
1737 3868 2067 3921 teutamenta

490 3919 753 3985 reperies,
785 3925 852 3978 ad
883 3942 1003 3995 qua:
1041 3946 1267 3991 necesse
1301 3949 1385 3995 est
1413 3945 1600 4001 venire
1623 3963 2070 4030 unumquemque

489 4021 829 4082 sanctorum,
873 4027 930 4072 ut
957 4022 1118 4078 etiam
1150 4035 1248 4096 per
1280 4031 1416 4098 haec,
1443 4051 1605 4106 quam
1644 4021 1880 4112 perfecte
1902 4060 1954 4107 et
1981 4021 2068 4122 pie

495 4102 553 4122 ,υ
588 4101 685 4122 ,ν-
764 4121 770 4122 γ
830 4109 864 4122 _.
914 4121 918 4122 ν

489 4102 556 4154 t'e
588 4101 694 4157 Deo
722 4109 946 4175 sentiat,
977 4131 1330 4186 agnoscatur.
1366 4125 1496 4183 Post
1546 4101 1663 4190 haec
1706 4135 1818 4205 jam
1848 4101 2068 4203 veniiur

488 4191 727 4308 felmon
754 4198 1118 4272 Deblathaim,
1148 4217 1290 4282 quod
1319 4191 1723 4292 interpretatur-
1739 4245 2064 4308 contemptus

483 4281 679 4348 [icuum
703 4288 838 4363 (Η),
882 4294 934 4351 id
967 4309 1053 4355 est
1082 4281 1177 4359 ubi
1220 4281 1644 4372 comeuniuntur

486 4383 574 4431 tur
623 4385 838 4448 penitus
892 4398 1126 4454 terrena.
1165 4397 1279 4456 Nisi
1327 4405 1472 4461 enim
1524 4423 1707 4480 spreta
1755 4383 1959 4478 fuerint
2004 4436 2060 4481 et
2096 4408 2138 4462 Ῑ)

479 4482 790 4579 coqtempta
829 4497 891 4537 ea
935 4501 1056 4555 qua:
1095 4490 1369 4552 delectare
1399 4500 1656 4559 videntur
1685 4508 1737 4562 in
1773 4515 1956 4579 terris.
1991 4523 2060 4577 ad

480 4562 720 4620 rtelestia
745 4575 980 4632 transire
1009 4595 1112 4634 non
1133 4598 1440 4652 possumus.
1471 4592 1731 4665 Sequitur
1754 4604 1901 4660 enim
1930 4622 2054 4678 post

481 4653 592 4678 ..Μ
624 4674 668 4678 __
720 4664 795 4678 ν.
877 4668 924 4678 ..
1013 4673 1025 4678 -

481 4653 592 4708 11ωο
624 4664 834 4718 mansio
861 4668 1082 4725 Abarim
1115 4688 1304 4732 contra
1336 4681 1556 4751 Nabau,
1584 4693 1727 4757 quod
1750 4706 1832 4750 est
1859 4653 2059 4758 (nimi-

477 4755 582 4801 tus.
640 4751 822 4810 Nabau
864 4775 990 4817 vero
1029 4767 1290 4827 abscessio
1339 4751 1732 4849 interpretatur
1775 4789 1912 4860 (l5).
1955 4795 2053 4853 Ubi

546 4892 591 4977 ξξ
627 4894 738 4977 [.uc
794 4904 1032 4977 xvr._26.
1109 4909 1152 4941 “
1183 4913 1334 4968 Deut.
1377 4934 1446 4976 tv,
1497 4922 1584 4977 i9.

472 4963 517 4997 ⁸⁸
551 4961 590 5016 il
621 4967 745 5020 Cor.
798 4986 869 5032 tv,
904 4975 962 5031 4.
1036 4979 1080 5011 ³⁹

543 5083 887 5176 μίξχοὺρυξ,
910 5094 1072 5176 cujus
1111 5101 1337 5156 nominis
1374 5111 1614 5174 quamvis
1643 5129 1747 5168 non
1785 5117 2045 5176 inveneri-

470 5159 1235 5262 2131‘."iff."i'ﬁ€‘i§f"f'tta°!9;
1258 5159 2047 5262 0381(9‘1356133‘331355:

472 5240 568 5282 nes
591 5246 611 5280 ι
649 5228 733 5282 vel
768 5248 789 5282 ι
817 5243 986 5290 utres.
1013 5255 1032 5288 ι
1066 5228 1237 5296 Radix
1260 5228 1512 5306 Sida;

541 5316 812 5410 Eoi,
840 5326 980 5410 quod
1008 5327 1391 5410 interpretatur:
1405 5339 1582 5410 chaos.
1615 5343 1669 5398 In
1699 5346 1852 5403 libris
1881 5320 2042 5410 antea

468 5390 651 5486 editis.
671 5390 969 5486 prouerGai
999 5416 1041 5486 ἰ
1063 5390 1261 5470 legitur
1289 5423 1324 5485 ot
1353 5390 1669 5486 Cai,_'ivs_e'd'

467 5460 740 5548 Fatethin
757 5466 965 5548 “codice
999 5460 1298 5528 Turoneusi
1335 5497 1355 5530 ε
1381 5460 1502 5547 Gai,
1537 5460 1654 5538 iit?
1683 5460 2044 5548 liEI‘t'ricoua‘ti:

471 5541 576 5626 rem
757 5534 925 5626 liadix
955 5549 1187 5626 εει-Περ,
1207 5550 1362 5626 qu_od_
1386 5534 2046 5626 εει’ᾣξίιῖᾙίι-,νέξῖῖιουέί

469 5615 592 5725 ἔμε,
617 5605 886 5732 οὲἱηυιιιιε,
921 5630 940 5664 ι
978 5611 1062 5669 vel
1094 5631 1113 5668 ς
1134 5605 1419 5677 des-clauo.
1448 5641 1466 5676 ›
1763 5605 2036 5696 ἶόῙιξίδξιι

508 5687 573 5727 ICI
613 5688 643 5732 ιι
706 5689 764 5732 88
796 5717 809 5732 .

508 5687 573 5727 ICI
613 5687 809 5737 DOICSL

1663 4925 1707 4958 "
1731 4927 1904 4990 Exod.
1963 4954 2094 5007 un,
2145 4943 2236 4999 28.

2227 415 2293 469 ad
2327 431 2601 474 summum
2629 420 2983 491 perfectionis
3008 425 3341 491 ascenderit,
3381 426 3578 480 transit
3603 426 3704 496 jam
3731 432 3786 484 de

2223 507 2444 574 saeculo,
2475 521 2532 566 et
2556 513 2838 569 abscedit:
2881 515 3018 570 sicut
3043 517 3308 587 scriptum
3336 527 3424 572 est
3455 516 3527 570 de
3555 516 3696 572 ane
3719 519 3784 574 ":

2229 612 2247 644 ι
2279 594 2344 649 Ει
2369 613 2472 653 non
2499 598 2902 669 inveniebatur,
2928 605 3054 672 quia
3080 607 3584 662 transtulerateum
3603 609 3746 663 Deos.
3766 631 3782 661 ι

2221 690 2375 757 Quod
2408 694 2509 748 etsi
2549 696 2802 752 videatur
2825 713 2948 754 esse
2973 699 3152 756 adhuc
3178 702 3231 756 iu
3263 703 3472 757 secqu
3502 704 3599 772 qui
3629 704 3786 773 hujus-

2221 787 2369 842 tuodi
2402 797 2517 854 est,
2545 799 2598 845 et
2623 792 2676 844 in
2704 805 2871 846 carne
2899 792 3182 859 habitare,
3208 802 3391 849 tamen
3423 810 3540 849 non
3575 796 3782 852 immic-

2219 889 2327 934 tur.
2363 879 2420 934 In
2453 898 2560 950 quo
2592 899 2699 938 non
2732 884 3079 942 invenietur?
3111 888 3165 942 In
3200 889 3352 944 nullo
3378 899 3515 944 actu
3544 891 3781 957 saeculari,

2220 975 2274 1028 in
2318 976 2464 1032 nulla
2501 993 2558 1033 re
2584 979 2814 1046 carnali,
2850 980 2905 1036 in
2939 981 3085 1038 nullo
3115 983 3391 1054 colloquio
3427 985 3695 1040 vanitatis
3721 988 3782 1042 is-

2219 1071 2454 1126 vcnitur.
2491 1070 2794 1129 Transtulit
2821 1075 2969 1131 enim
3006 1091 3130 1132 eum
3175 1078 3320 1134 Deus
3349 1077 3421 1133 ab
3461 1079 3535 1133 iis
3557 1119 3575 1145 ,
3608 1090 3663 1133 et
3691 1095 3781 1137 esse

2217 1161 2347 1217 fecit
2396 1163 2448 1217 in
2497 1164 2716 1232 regione
2762 1165 3046 1222 virtutum.
3084 1166 3288 1225 Ultima
3346 1170 3575 1226 mansio
3619 1182 3700 1226 est
3735 1179 3783 1230 ab

2215 1255 2501 1310 occidente
2534 1254 2692 1313 Moab
2710 1257 2865 1328 juxta
2890 1257 3205 1316 Jordauem.
3239 1259 3441 1316 Omnis
3464 1266 3780 1332 namquehic

2213 1363 2405 1404 cursus
2435 1356 2720 1419 propterea
2757 1350 2939 1420 agitur
2958 1391 2974 1415 ,
3003 1361 3059 1408 et
3101 1359 3395 1423 propterea
3428 1353 3680 1408 curritr
3699 1395 3713 1418 ,
3739 1367 3782 1410 ut

2211 1441 2561 1510 perveniatur
2595 1444 2662 1499 ad
2701 1442 2901 1500 flumen
2948 1445 3043 1500 Dei
3075 1485 3092 1512 ,
3124 1455 3184 1500 ut
3223 1445 3474 1516 proximi
3514 1445 3782 1505 cilicia-er

2211 1532 2426 1590 ﬂuentis
2449 1535 2747 1605 sapientius,
2773 1545 2828 1592 et
2855 1537 3094 1606 rigemur
3113 1537 3271 1593 undis
3301 1537 3564 1594 scientia:
3584 1539 3776 1596 divin:

2212 1635 2270 1680 ut
2315 1627 2395 1682 sic
2427 1633 2525 1697 per
2555 1629 2735 1684 omnia
2771 1629 3046 1699 puriﬁcati
3067 1668 3084 1694 ,
3115 1637 3320 1686 terram
3355 1630 3777 1698 repromissionis

2213 1733 2522 1773 mereamur
2552 1719 2778 1776 intrare.
2810 1719 2936 1777 litec
2962 1720 3178 1776 interim
3208 1720 3277 1778 de
3303 1719 3633 1776 lsraeliticis
3651 1738 3774 1778 tau-

2210 1811 2455 1867 sionibus
2506 1813 2805 1868 secundum
2873 1829 3039 1868 unum
3101 1814 3418 1884 exponendi
3476 1814 3690 1870 modum
3733 1818 3774 1872 ia

2209 1913 2525 1960 transcursu
2558 1907 2964 1978 perstringere,
2993 1915 3156 1978 atque
3181 1907 3238 1963 in
3269 1907 3528 1964 medium
3563 1909 3774 1978 proferre

2205 1998 2499 2066 p0tuimus.

2190 2158 2197 2164 .
2273 2109 2361 2163 l3.
2400 2109 2598 2165 Verum
2640 2127 2709 2168 ne
2749 2112 3053 2183 huiusmodi
3085 2119 3379 2188 expositio,
3420 2138 3552 2192 qua:
3577 2139 3666 2195 per
3691 2125 3771 2181 ile-

2200 2199 2467 2256 braeorum
2499 2203 2735 2276 linguam
2764 2217 2818 2262 et
2853 2208 3129 2264 nominum
3154 2212 3573 2281 significantias
3608 2222 3770 2281 currit,

2202 2295 2577 2366 ignorantibus
2644 2300 2839 2372 lingua:
2897 2303 3040 2359 illius
3088 2308 3500 2377 proprietatem
3556 2311 3767 2367 affectata

2199 2386 2448 2441 videatur
2494 2398 2547 2444 et
2592 2390 2860 2447 violenter
2903 2405 3118 2450 extorta
3145 2438 3160 2464 ,
3205 2397 3479 2456 dabimus
3533 2403 3687 2458 etiam
3726 2406 3764 2458 ia

2199 2490 2382 2536 nostra
2417 2482 2597 2554 lingua
2628 2485 3061 2553 similitudinem,
3105 2506 3209 2560 qua
3244 2497 3667 2566 consequentia-
3691 2501 3766 2552 tin-

2189 2573 2280 2644 jus
2300 2576 2438 2630 ratio
2460 2587 2724 2646 patescat.
2757 2577 2814 2633 ltt
2839 2578 3103 2638 litterario
3132 2583 3283 2651 ludo,
3314 2587 3412 2641 ubi
3444 2588 3606 2658 pueri
3627 2591 3760 2660 prim

2194 2667 2462 2723 elementa
2489 2669 2794 2740 suscipiunt
2821 2715 2838 2740 ,
2886 2673 3191 2730 abecedarii
3226 2677 3506 2735 dicuntur
3532 2683 3760 2752 quidam.

2193 2759 2287 2814 alii
2317 2759 2623 2831 syllabarii,
2659 2763 2750 2818 alii
2793 2767 3109 2836 nontinarii,
3141 2769 3232 2826 alii
3271 2771 3391 2842 jam
3429 2774 3762 2833 calculatores

2191 2850 2533 2921 appellantur
2562 2868 2577 2906 :
2614 2861 2670 2908 et
2705 2869 2830 2910 cum
2872 2857 3209 2916 audierimus
3244 2861 3366 2918 haec
3421 2867 3647 2921 nomina
3671 2910 3686 2933 ,
3713 2885 3760 2923 ex

2192 2943 2324 3013 ipsis
2345 2944 2436 3014 qui
2473 2944 2582 3000 sint
2616 2945 2668 3000 iu
2697 2949 2880 3016 pueris
2906 2950 3182 3020 profectus
3211 2957 3600 3026 agnoscimus.
3630 2962 3762 3016 Sini-

2191 3035 2314 3091 liter
2348 3047 2404 3092 et
2439 3038 2492 3092 in
2529 3038 2847 3096 liberalibus
2877 3043 3102 3112 studiis,
3131 3061 3256 3102 cum
3287 3061 3388 3104 aut
3427 3052 3615 3107 locum
3647 3061 3755 3110 reci-

2190 3141 2326 3195 tare,
2355 3143 2448 3186 aut
2478 3132 2887 3201 allocutionem,
2917 3137 2997 3191 vel
3029 3136 3264 3206 laudem,
3297 3143 3562 3215 aliasque
3583 3164 3670 3217 per
3691 3167 3757 3205 or.

2185 3222 2366 3278 dinem
2423 3227 2682 3281 materias
2730 3229 3093 3296 audierimus,
3143 3248 3207 3288 cx
3261 3240 3521 3296 materiae
3571 3247 3756 3297 nomine

2185 3315 2489 3388 profectum
2523 3320 2886 3377 adolescentis
2933 3324 3288 3386 advertimus.
3331 3331 3624 3398 Quomodo
3653 3353 3752 3405 ergo

2183 3417 2236 3463 ct
2268 3423 2364 3478 per
2406 3409 2519 3464 haec
2559 3425 2679 3479 qua:
2710 3411 2951 3468 locorum
3003 3418 3158 3483 quasi
3195 3423 3569 3478 materiarum
3610 3431 3752 3480 nomi-

2185 3516 2252 3554 ua
2283 3511 2685 3567 memorantur,
2722 3519 2829 3558 non
2863 3507 3151 3562 credamus
3192 3509 3244 3563 iu
3272 3509 3490 3569 divinis
3513 3518 3746 3572 eruditio-

2184 3592 2340 3647 nibus
2363 3592 2637 3663 profectus
2668 3595 2893 3650 iudicari
2923 3613 3080 3668 posse
3110 3601 3446 3660 discentium
3465 3607 3492 3660 2
3519 3607 3677 3682 384
3698 3611 3747 3664 Et

2181 3684 2322 3740 sicut
2369 3685 2483 3740 illic
2516 3686 2744 3755 singulis
2774 3689 3078 3760 quibusque
3118 3694 3341 3751 dicendi
3394 3703 3639 3756 materiis
3668 3705 3746 3756 im-

2182 3787 2482 3844 morantes,
2524 3781 2677 3848 quasi
2711 3781 3023 3838 mansiones
3066 3787 3118 3842 in
3145 3789 3228 3844 eis
3274 3795 3553 3862 quasdam
3593 3796 3746 3854 facere

2178 3871 2452 3936 videntur,
2491 3883 2546 3928 et
2578 3875 2644 3930 de
2679 3892 2783 3931 una
2817 3879 2885 3933 ad
2918 3881 3119 3948 aliam,
3153 3899 3219 3939 ac
3264 3887 3339 3942 de
3373 3888 3489 3943 alia
3541 3891 3661 3946 item
3689 3899 3742 3946 ad

2178 3964 2341 4019 aliam
2388 3966 2702 4036 proficisci:
2743 3970 2813 4025 ita
2843 3973 3007 4027 etiam
3041 3975 3128 4030 hic
3172 3979 3530 4035 mansionum
3572 3999 3738 4039 nomen

2176 4066 2230 4111 et
2279 4058 2542 4127 profectio
2572 4061 2638 4116 ab
2675 4077 2780 4116 una
2816 4065 2883 4119 ad
2910 4064 3068 4121 aliam
3090 4109 3105 4133 ,
3138 4068 3290 4124 etab
3327 4071 3437 4126 alia
3474 4074 3661 4130 iterum
3685 4077 3740 4127 ait

2175 4146 2360 4214 aliam,
2391 4162 2491 4204 cur
2511 4165 2618 4206 nou
2645 4151 2946 4220 profectqu
2979 4159 3175 4213 mentis
3204 4159 3462 4218 indicare
3489 4168 3738 4229 credatur.

2171 4251 2222 4294 et
2250 4241 2585 4299 incrementa
2613 4245 2924 4316 signiﬁcare
2948 4248 3249 4307 virtutum?
3270 4253 3430 4311 Illam
3451 4273 3580 4315 vero
3598 4263 3738 4315 aliaat

2170 4336 2530 4406 expositionis
2561 4349 2769 4409 partem
2813 4343 3170 4410 prudentibus
3211 4349 3530 4423 quibusque
3560 4371 3623 4410 ex
3650 4357 3734 4411 ista

2171 4425 2564 4496 coujiciendam
2599 4439 2653 4485 et
2685 4432 3154 4502 contemplandam
3205 4438 3488 4510 relinquo.
3530 4444 3732 4515 Sapien-

2173 4520 2316 4575 tilms
2365 4521 2508 4575 enim
2554 4519 2749 4577 suilicit
2793 4525 3139 4582 occasionem
3194 4531 3464 4588 dedisse:
3499 4538 3622 4607 quia
3651 4553 3730 4591 nec

2166 4611 2382 4680 expedit
2417 4620 2475 4666 ut
2507 4612 2810 4667 auditorum
2845 4629 3037 4672 sensus
3070 4619 3289 4688 penitus
3315 4611 3730 4683 remane-atoue-

2165 4717 2257 4756 sus
2287 4714 2342 4758 et
2374 4704 2547 4774 piger.
2593 4705 2669 4759 Ex
2709 4706 2899 4760 horum
2943 4723 3074 4777 ergo
3115 4711 3416 4770 collatione
3450 4719 3614 4774 etiam
3657 4720 3726 4774 illa

2164 4799 2457 4855 meditetur
2481 4839 2498 4866 ,
2532 4801 2641 4856 imo
2671 4810 2728 4857 ct
2757 4803 2961 4876 aliquid
2996 4810 3373 4880 perspicacius
3421 4830 3490 4870 ac
3525 4818 3725 4872 divinius

2344 4944 2390 4976 ³⁸
2416 4942 2572 4999 Joan.
2607 4961 2722 5010 vtu,
2778 4946 2870 5003 40.
2948 4947 2992 4980 ³⁷
3030 4947 3220 5007 Matth.
3274 4970 3398 5022 xtlt,
3457 4957 3525 5013 15
3574 4971 3624 5013 e;
3655 4959 3720 5015 l5.

2232 5124 2346 5198 (l4)
2382 5123 2602 5218 (iegmon
2650 5122 2999 5218 θέμεθλαἰωῖ
3198 5130 3597 5218 ξηισγρηιᾳκν.
3619 5153 3718 5218 τος-

2155 5194 2382 5266 teniptus
2434 5196 2654 5264 licitum.
2692 5194 2885 5251 Melius
2902 5194 3262 5253 redderetur:
3295 5215 3315 5248 ‹
3339 5194 3632 5261 occultatio
3670 5208 3716 5259 i-

2151 5305 2314 5344 cmnu
2345 5307 2395 5370 in
2417 5287 2486 5340 ab
2528 5269 2644 5353 D5?
2696 5305 2715 5340 ι
2762 5289 3050 5356 latitarit,t
3103 5299 3159 5345 et
3207 5307 3238 5346 a
3274 5275 3388 5358 ’τι-τ
3437 5301 3709 5370 «palatia,

2154 5374 2331 5414 massa
2366 5357 2584 5412 ficuum.
2613 5377 2633 5411 ι

2225 5428 2338 5502 (l5)
2385 5428 2600 5502 Abarim
2643 5439 2830 5483 contra
2871 5428 3104 5497 Nabau,
3139 5434 3285 5502 quod
3324 5449 3402 5490 est
3437 5443 3705 5501 transitu;

2154 5498 2350 5553 Nabau
2383 5516 2499 5553 vero
2519 5499 2778 5554 abscesrio
2807 5498 3204 5568 interpretatur.
3248 5506 3477 5563 Abarim
3506 5529 3525 5562 ι
3550 5498 3705 5565 ιηυεὲ

2153 5571 2260 5624 itus
2285 5589 2302 5621 ι
2346 5570 2732 5642 interpretatur
2769 5572 2970 5636 λιι-πεῖ
3019 5576 3297 5642 «transiit,
3324 5599 3344 5632 ι
3377 5578 3559 5635 Nabau
3597 5596 3704 5636 rem

2159 5659 2176 5691 ι
2208 5641 2502 5718 abscessio,
2537 5660 2555 5691 ι
2598 5642 2640 5718 si
2669 5651 2753 5700 ’ω
2781 5643 3079 5701 deducatur
3108 5662 3135 5701 a
3158 5656 3266 5708 mn
3286 5673 3303 5702 ι
3337 5653 3536 5718 venit,»
3566 5654 3692 5717 item,

2157 5730 2176 5763 ς
2209 5711 2392 5778 abivit,
2435 5713 2672 5769 recessit.
2707 5732 2724 5765 ο
