3874 6516
88 520 139 577 Οἱ
1112 512 1178 566 IN
1201 510 1546 594 NUMEROS
1582 510 1869 567 HOMILIA
1907 512 2146 568 XXVIII.

3165 512 3272 570 80‘]

87 632 456 703 untempletur:
503 650 521 683 ‹
553 629 669 686 Νοη
701 632 845 687 enim
879 636 945 689 ad
980 649 1290 690 mensuram
1324 636 1415 689 dat
1456 635 1595 689 Deus
1627 637 1674 695 A
1703 634 1903 689 buntur
1936 635 1988 689 in
2018 633 2137 705 lege
2162 672 2176 698 ,
2215 630 2438 687 umbras
2468 648 2589 689 esse
2629 634 2934 689 futurorum
2961 633 3231 688 bonorum
3252 668 3268 694 .

88 730 278 807 piritum
306 725 378 789 ⁸ος
406 743 423 776 ι
453 727 547 778 sed
575 727 699 794 quia
727 726 987 783 Dominus
1013 737 1095 784 est
1116 730 1355 796 spiritus,
1389 729 1590 783 ideirco

112 822 185 875 ubi
218 816 352 879 vult,
381 814 547 883 spirat
588 817 656 883 “,
688 834 708 868 ι
753 825 805 871 et
838 826 1092 889 Optamus
1123 828 1183 872 ut
1230 820 1393 873 etiam
1436 821 1590 876 vobis

89 916 251 983 spiret,
275 923 375 979 quo
403 908 626 963 meliora
654 909 874 975 horum,
899 920 1065 980 alque
1094 911 1289 966 altiora
1323 913 1374 965 in
1410 911 1591 966 verbis

87 1003 240 1062 tomqu
263 1000 517 1061 sentiatis,
544 1001 649 1055 iter
674 1010 893 1071 agentes
928 1017 1024 1072 per
1052 1002 1165 1058 haec
1199 1018 1319 1072 qua:
1361 1018 1459 1073 pro
1493 1018 1590 1056 uo-

87 1108 151 1151 lra
185 1090 543 1148 mediocritate
568 1092 958 1163 descripsimus
985 1113 1000 1160 ;
1026 1103 1084 1149 ut
1112 1103 1166 1150 et
1191 1094 1242 1149 in
1271 1094 1357 1148 illa
1384 1094 1468 1147 via
1497 1111 1589 1148 sn-

87 1188 241 1244 eriore
271 1192 323 1238 ct
348 1182 671 1249 excelsiore,
696 1185 857 1240 etiam
889 1201 992 1241 nos
1012 1186 1291 1241 vobiscum
1322 1187 1591 1256 possimus

87 1280 274 1337 tcedere
300 1293 319 1341 ;
344 1275 643 1332 deducente
677 1292 777 1332 nos
824 1278 943 1347 ipso
982 1280 1210 1334 Domino
1238 1290 1427 1334 nostro
1454 1278 1583 1334 Jesu

88 1374 265 1434 hristo,
296 1368 383 1438 qui
419 1377 500 1422 est
537 1370 620 1422 via
646 1410 659 1433 ,
691 1381 745 1425 et
775 1372 976 1426 veritas
996 1412 1011 1436 ,
1046 1380 1101 1426 et
1132 1373 1241 1426 vita
1264 1412 1279 1433 ,
1312 1388 1591 1441 usquequo

88 1462 400 1519 erveuiamus
421 1460 488 1515 ad
508 1461 747 1528 Patrem,
775 1477 896 1516 cum
923 1463 1206 1518 tradiderit
1233 1478 1454 1534 regnum
1482 1466 1590 1518 Deo

87 1599 92 1611 .
137 1556 312 1621 Patri,
351 1561 405 1608 et
457 1554 752 1624 subiecerit
785 1554 835 1610 ei
886 1570 1100 1611 omnem
1135 1558 1497 1626 principatum
1538 1565 1593 1610 et

88 1656 363 1704 nestatem.
392 1645 500 1715 Ipsi
533 1645 701 1717 gloria
728 1654 783 1703 et
806 1648 1092 1716 imperium
1121 1649 1171 1704 lu
1200 1648 1394 1704 sarcula
1423 1663 1591 1703 sarcu-

87 1755 211 1795 rum.
250 1739 444 1793 Amen.

528 1829 809 1887 HOMILIA
861 1829 1098 1888 XXVIII.

88 1940 152 1978 ne
196 1925 259 1976 sit
307 1933 466 1978 terra,
526 1934 724 1980 sancta:
776 1926 1062 1989 descriptio
1090 1965 1103 1989 ,
1146 1926 1592 1995 terminorumque

224 1996 337 2065 ejus
360 2006 409 2049 et
436 1996 625 2065 ﬁniunt
650 2013 779 2066 quos
804 1995 1057 2050 Dominus
1080 1998 1377 2066 descripsit.

92 2103 138 2155 l.
185 2101 380 2156 Ultima
416 2100 471 2155 in
508 2100 643 2156 libro
677 2100 1031 2157 Numerorum
1070 2100 1296 2155 historia
1334 2099 1590 2163 refertur,

103 2208 199 2261 qua
233 2192 673 2264 Dominusjubet
702 2193 868 2266 Moysi
902 2204 1168 2265 praecepta
1202 2195 1330 2249 dare
1366 2193 1488 2247 ﬁliis
1518 2194 1593 2245 ls-

87 2286 123 2340 el
149 2327 162 2354 ,
196 2295 252 2340 ut
299 2302 430 2340 cum
477 2288 707 2358 ingressi
745 2288 943 2343 fuerint
980 2297 1178 2343 terram
1216 2298 1460 2343 sanctam
1505 2303 1593 2341 ca-

92 2396 143 2434 re
176 2380 560 2436 bccreditatem
610 2381 749 2450 ejus,
777 2382 954 2436 sciant
983 2396 1118 2451 quos
1147 2380 1198 2434 in
1234 2394 1295 2434 ea
1335 2382 1595 2436 terminos

96 2475 197 2526 ium
224 2487 455 2527 suorum
486 2472 722 2528 debeant
742 2473 1056 2527 observare.
1082 2473 1146 2526 Et
1167 2481 1284 2541 post
1301 2472 1413 2526 haec
1428 2473 1592 2526 etiam

87 2578 127 2617 so
159 2561 392 2617 Domino
438 2564 550 2635 (l6)
588 2564 930 2619 describente
966 2564 1205 2619 dicitur:
1250 2566 1314 2617 ad
1349 2565 1592 2621 Africum

90 2657 248 2722 idem,
278 2658 385 2711 hoc
418 2668 526 2719 est,
555 2658 619 2711 ad
645 2657 980 2717 occidentem
1021 2658 1164 2713 illius
1191 2658 1296 2713 lori
1331 2660 1595 2715 terminus

87 2756 360 2814 servetur,
382 2756 443 2801 et
474 2746 619 2800 illius
644 2748 710 2802 ad
733 2747 1027 2810 orientem,
1058 2753 1115 2800 et
1142 2747 1221 2801 sic
1244 2761 1341 2816 per
1364 2757 1595 2815 quatuor

87 2838 131 2890 eli
157 2838 349 2907 plagas
384 2838 609 2891 nomina
646 2837 891 2906 qumdam
924 2837 1183 2892 Dominus
1216 2839 1327 2907 ipse
1350 2838 1595 2909 designat

87 2943 127 2980 te
160 2928 213 2981 iu
242 2926 439 2982 Iudaea
479 2928 578 2982 ista
612 2937 830 2999 terrena
879 2928 1109 2998 populus
1144 2928 1238 2984 Dei
1279 2929 1471 2984 debeat
1500 2945 1596 2983 cu-

88 3019 228 3076 dire.
268 3018 417 3073 Dicit
455 3033 587 3087 ergo
619 3019 671 3073 in
700 3020 766 3074 iis
798 3019 1099 3091 simplicior
1129 3021 1360 3090 quisque
1386 3022 1596 3077 audito-

88 3126 123 3164 n
147 3152 162 3177 ,
190 3113 321 3181 quia
373 3122 608 3180 possunt
652 3112 767 3168 haec
817 3112 1125 3167 necessaria
1154 3113 1326 3168 videri
1357 3122 1411 3167 et
1446 3114 1593 3168 utilia

87 3218 163 3255 am
190 3204 507 3258 secundum
551 3204 809 3269 litteram,
837 3219 934 3273 pro
959 3219 1024 3259 eo
1050 3212 1108 3258 ut
1135 3219 1291 3260 nemo
1318 3216 1599 3275 transgre-

92 3305 179 3349 tur
202 3296 491 3350 terminos
518 3311 613 3365 per
645 3307 974 3367 praeceptum
1002 3296 1219 3351 Domini
1245 3298 1593 3366 constitutos,

87 3390 223 3445 lines
254 3389 501 3446 alterius
535 3390 711 3446 tribus
747 3390 854 3444 alia
888 3390 1092 3445 violare
1128 3405 1235 3444 non
1274 3390 1495 3445 audeat.
1528 3389 1597 3444 Et

89 3484 118 3537 d
156 3484 469 3549 faciemus,
502 3499 624 3539 cum
658 3484 711 3537 in
747 3484 906 3539 terris
945 3483 1065 3539 iStis
1092 3498 1196 3537 non
1227 3482 1402 3538 solum
1438 3481 1596 3537 inva-

88 3575 150 3629 ιάί
179 3574 429 3630 alterius
459 3574 596 3629 fines
615 3573 851 3639 ludatis,
880 3575 972 3629 sed
996 3573 1450 3644 qualitercnnque
1473 3587 1595 3642 pos-

87 3668 206 3721 endi
247 3667 502 3723 facultas
530 3666 674 3721 nulla
705 3665 1073 3721 remanserit?
1108 3663 1325 3735 Profugi
1359 3679 1594 3734 namque

88 3775 183 3824 ea,
219 3768 278 3816 et
323 3767 589 3814 extorres
615 3757 902 3818 exsulant.
937 3767 991 3813 et
1024 3756 1160 3813 lines
1200 3772 1306 3812 non
1337 3772 1473 3826 quos
1506 3757 1595 3811 lex

87 3854 167 3905 ina
215 3853 478 3916 statuit,
531 3865 675 3904 nunc
720 3849 1062 3922 possidentes
1104 3848 1462 3915 custodiunt,
1501 3847 1595 3902 sed

87 3957 122 3997 is
152 3941 452 3997 victorum
479 3941 602 4011 jura
633 3942 982 3994 mandarunt.
1020 3938 1180 4007 Quid,
1215 3938 1459 4008 inquam,
1494 3953 1595 3993 nos

91 4049 254 4089 emus
279 4034 383 4104 qui
422 4033 545 4088 haec
570 4030 623 4085 in
649 4030 895 4087 Ecclesia
919 4030 1187 4103 legimus?
1219 4029 1276 4086 Si
1297 4031 1594 4087 secundum

87 4140 304 4181 acorum
335 4140 574 4181 sensum
616 4124 883 4197 legamus,
916 4123 1185 4194 superflua
1218 4123 1376 4178 nobis
1409 4123 1596 4194 profe-

95 4218 472 4275 videbuntur
517 4225 573 4271 et
616 4215 819 4270 inania.
861 4215 969 4271 Sed
1008 4223 1064 4270 et
1096 4229 1199 4286 ego
1244 4215 1338 4286 qui
1386 4214 1505 4286 lego
1532 4215 1598 4270 de

88 4312 250 4365 Fcntia
284 4311 576 4380 scriptum
605 4309 683 4366 “z
720 4326 739 4361 ι
769 4308 865 4363 Exi
902 4316 1023 4377 post
1045 4322 1164 4362 eam
1189 4307 1331 4362 sicut
1358 4309 1597 4378 vestiga-

113 4423 133 4456 ι
185 4404 325 4458 volo
354 4403 525 4457 exire
566 4410 687 4472 post
727 4415 874 4464 eam,
920 4409 977 4455 et
1005 4399 1131 4469 quia
1176 4399 1233 4454 in
1284 4400 1445 4455 rebus
1477 4414 1597 4455 eam

88 4498 392 4552 )oralibus
431 4509 543 4550 non
575 4493 815 4559 invenio,
849 4493 1060 4563 insequi
1092 4491 1209 4563 ejus
1242 4492 1468 4561 vestigia
1504 4507 1601 4546 cu-

88 4630 103 4652 ,
138 4600 198 4643 et
247 4587 618 4657 investigare
651 4601 760 4656 quo
792 4595 879 4641 eat
905 4626 920 4652 ,
963 4598 1027 4639 ac
1055 4584 1238 4639 videre
1285 4583 1597 4638 intellectus

1699 727 1987 795 omnisque
2018 724 2306 779 haereditas
2335 731 2491 778 terra:
2515 723 2676 789 illius,
2707 740 2825 794 quae
2852 723 2905 778 in
2939 720 3120 778 Judaza
3161 731 3273 777 ter-

1696 831 1754 871 ra
1786 826 1971 873 saneta
1998 828 2052 872 et
2080 826 2222 872 terra
2251 817 2393 872 bona
2422 817 2746 887 appellatur,
2781 818 2962 888 imago
2997 816 3068 871 sit
3096 817 3273 871 bono-

1700 925 1818 963 rum
1847 910 2181 965 caelestium;
2214 924 2444 978 quorum
2480 913 2628 976 haec,
2675 920 2735 966 ut
2765 911 3022 976 diximus,
3057 924 3176 979 quae
3214 906 3269 962 in

1698 1001 1860 1056 terris
1888 1004 2027 1058 bona
2074 1011 2466 1070 memorantur,
2502 1004 2748 1058 umbram
2790 1014 2952 1075 atque
2981 1003 3271 1076 imaginem

1699 1101 1938 1147 teneant.

1765 1185 1822 1239 2.
1849 1186 1955 1241 Sed
1989 1197 2043 1241 ut
2081 1189 2357 1258 paululum
2391 1200 2447 1244 et
2478 1204 2631 1244 meus
2671 1200 2871 1252 sermo,
2905 1198 2961 1241 et
2984 1195 3159 1239 vestra
3193 1184 3273 1238 in-

1699 1279 1991 1350 telligentia
2041 1283 2368 1340 sublimetur
2391 1328 2404 1349 ,
2441 1296 2603 1352 atque
2648 1286 2952 1351 ingressum
2983 1279 3271 1348 quemdam

1696 1370 1765 1424 ad
1805 1386 1867 1424 ea
1910 1386 2033 1440 qua:
2071 1372 2305 1429 dicimus
2348 1373 2677 1430 advertenda
2706 1370 3017 1439 concipiat,
3058 1379 3275 1421 utamur

1698 1462 1879 1533 aliqua
1904 1464 2286 1521 similitudine.
2320 1466 2490 1521 Nemo
2519 1465 2726 1521 dubitat
2759 1463 2901 1531 quod
2931 1461 2984 1514 in
3012 1469 3154 1514 terra
3180 1456 3275 1511 .lu-

1700 1556 1813 1612 data
1846 1557 2024 1612 omnis
2050 1557 2233 1623 locus,
2272 1560 2450 1613 omnis
2483 1575 2661 1622 mons,
2686 1555 2865 1611 omnis
2893 1554 3085 1608 civitas
3113 1559 3167 1605 et
3196 1550 3275 1601 vi-

1698 1663 1815 1713 cus,
1847 1650 2013 1703 certis
2038 1651 2343 1725 quibusque
2367 1650 2644 1705 vocabulis
2674 1649 2988 1717 designetur
3013 1662 3026 1698 :
3064 1657 3161 1697 nec
3190 1651 3275 1694 est

1702 1740 1850 1795 ullus
1880 1742 2101 1795 omnino
2136 1744 2254 1798 sine
2289 1744 2510 1797 nomine
2556 1743 2708 1795 locus
2729 1784 2742 1803 ,
2777 1739 2871 1794 sed
2904 1736 3137 1807 propriis
3162 1734 3282 1789 sin-

1699 1832 1821 1904 gula
1886 1850 2112 1905 quaeque
2160 1836 2616 1907 appellationibus
2666 1833 3066 1903 designantur:
3123 1826 3274 1884 verbi

1699 1926 1890 1993 gratia,
1912 1928 2113 1997 quibus
2144 1937 2237 1981 aut
2264 1928 2553 1984 Chananmi
2592 1928 2642 1979 in
2676 1925 2789 1981 suis
2827 1922 2978 1987 locis,
3012 1929 3104 1976 aut
3133 1918 3275 1973 Phe-

1623 2005 1667 2059 Β
1699 2017 1849 2071 resazi
1877 2017 2231 2073 nihilominus
2257 2018 2310 2072 in
2343 2019 2477 2081 suis,
2519 2014 2952 2083 Amorrhteique,
2993 2022 3082 2065 aut
3108 2008 3275 2073 Evmi,

1694 2108 1777 2163 vel
1809 2110 1972 2163 etiam
2029 2108 2240 2164 Hebraei
2274 2112 2643 2163 nominarunt.
2695 2106 2772 2161 Ita
2814 2120 2944 2174 ergo
2979 2100 3276 2157 secundum

1695 2188 2021 2254 sententiam
2061 2198 2232 2266 Pauli,
2300 2216 2404 2271 qua
2453 2201 2696 2253 umbram
2737 2207 2790 2252 et
2847 2193 3126 2263 exemplar
3160 2204 3275 2246 eoa-

1695 2289 1909 2345 lestium
1940 2293 2071 2346 dicit
2103 2307 2222 2348 esse
2257 2302 2491 2355 terrena,
2532 2291 2763 2363 fortasse
2792 2299 2846 2343 et
2875 2288 2927 2341 in
2958 2283 3278 2340 caelostibus

1696 2385 2012 2454 regionibus
2040 2394 2197 2441 erunt
2251 2384 2493 2439 locorum
2525 2381 2846 2436 diﬂ‘ereutiae
2880 2396 2983 2433 non
3014 2377 3276 2430 miuimm.

1696 2477 1903 2531 Videtis
1927 2478 2146 2546 quibus,
2174 2477 2259 2530 vel
2284 2492 2512 2545 quorum
2539 2472 3011 2545 appellationibus,
3041 2468 3279 2523 vocabu-

1696 2568 1873 2638 lisque
1913 2570 2218 2633 distinctaa,
2261 2578 2316 2621 et
2364 2568 2583 2623 nomina
2631 2580 2736 2620 non
2774 2564 2945 2618 solum
2997 2562 3275 2631 plagarum

1697 2660 1820 2715 caeli
1861 2700 1877 2725 ,
1937 2661 2030 2716 sed
2085 2662 2248 2715 etiam
2308 2660 2551 2713 omnium
2603 2657 2883 2712 stellarum
2931 2654 3279 2720 siderumque

1697 2752 1935 2821 signata.
1987 2770 2005 2804 ι
2036 2751 2137 2820 Qui
2170 2752 2320 2807 enim
2352 2750 2477 2805 fecit
2524 2749 2924 2804 multitudinem
2953 2744 3233 2801 stellarum
3256 2784 3274 2808 ,

1698 2852 1757 2898 ut
1787 2844 1862 2898 ait
1891 2843 2155 2914 Propheta
2189 2843 2259 2911 ⁸⁸,
2285 2842 2537 2898 omnibus
2565 2841 2646 2895 eis
2676 2840 2891 2894 nomina
2925 2846 3101 2892 vocat.
3134 2853 3156 2887 ι
3201 2835 3278 2889 De

1697 2936 1895 3007 quibus
1927 2936 2146 3007 quidem
2201 2933 2786 3002 nominibusplurima
2823 2932 2876 2986 in
2933 2930 3137 2985 libellis
3184 2927 3275 2996 qui

1699 3028 2041 3099 appellantur
2072 3028 2259 3084 Enoch
2295 3024 2432 3099 (l7),
2468 3034 2678 3081 secreta
2708 3024 3058 3078 continentur
3101 3032 3156 3075 et
3186 3036 3279 3071 ar-

1701 3133 1877 3184 cana;
1907 3117 2002 3174 sed
2028 3117 2157 3186 quia
2206 3115 2372 3171 libelli
2422 3114 2523 3185 ipsi
2565 3128 2675 3168 non
2712 3112 2965 3166 videnlur
2998 3110 3136 3178 apud
3172 3107 3279 3161 llr-

1700 3210 1876 3266 brzeos
1923 3210 1976 3264 in
2008 3207 2328 3264 auctoritate
2359 3207 2592 3269 haberi,
2628 3204 2842 3260 interim
2873 3217 3017 3257 nunc
3058 3215 3120 3257 ea
3158 3214 3280 3269 qua:

1705 3301 1783 3357 ibi
1813 3300 2171 3356 nominantur
2195 3336 2211 3363 ,
2254 3298 2320 3352 ad
2358 3296 2666 3366 exemplum
2709 3308 2905 3348 vocare
2942 3290 3276 3348 differamus.

1702 3394 1797 3451 sed
1819 3408 1884 3448 ex
1918 3393 2004 3447 his
2033 3406 2153 3460 qua:
2181 3391 2450 3445 habemus
2477 3389 2530 3442 iu
2559 3387 2834 3451 manibus,
2864 3387 2928 3441 de
2955 3384 3152 3454 quibus
3181 3385 3278 3438 du-

1698 3486 1862 3543 bitari
1894 3499 2000 3539 non
2041 3490 2257 3554 potest,
2296 3496 2480 3537 rerum
2521 3492 2912 3550 prosequamur
2938 3475 3277 3544 indaginem.

1700 3578 2037 3636 Describitur
2049 3592 2178 3646 ergo
2197 3574 2377 3630 verbis
2396 3574 2487 3628 Dei
2509 3573 2558 3626 in
2578 3572 2695 3643 lege
2709 3570 2884 3625 divina
2902 3577 3045 3625 terra
3058 3565 3083 3620 .l
3093 3569 3280 3629 udtem,

1699 3681 1755 3728 et
1776 3673 1891 3727 hazc
1924 3669 2118 3725 referri
2137 3668 2337 3724 debere
2352 3665 2630 3722 diciturad
2648 3663 2932 3732 imaginem
2952 3661 3280 3717 caelestium.

1697 3763 1862 3836 385
1891 3764 1947 3819 ln
1982 3762 2137 3819 caelis
2172 3768 2353 3816 autem
2389 3759 2668 3814 evidenter
2710 3770 2832 3811 esse
2871 3752 3166 3810 Jerusalem
3210 3752 3282 3807 ci-

1704 3856 1849 3911 vitas
1874 3853 2257 3926 pronuntiatur
2279 3851 2347 3906 ab
2376 3849 2657 3919 Apostolo,
2684 3858 2739 3902 et
2770 3861 2926 3901 mons
2949 3845 3101 3899 Sion.
3129 3843 3280 3899 Cun-

1701 3959 1939 4016 sequens
1975 3944 2140 4012 igitur
2172 3949 2256 3997 est
2284 3948 2345 3995 ut
2378 3940 2519 3995 sicut
2542 3945 2670 3993 sunt
2693 3937 2854 3992 etiam
2892 3935 3009 3990 alia:
3033 3934 3284 3990 civitates

1700 4037 1847 4093 circa
1875 4033 2175 4090 Jerusalem
2203 4043 2479 4087 terrenam
2508 4030 2651 4093 sitae,
2698 4037 2755 4083 et
2800 4025 2929 4091 vici,
2962 4033 3020 4081 et
3041 4025 3271 4079 diversa:

1700 4146 1929 4204 quatqne
1985 4129 2237 4200 regiones
2282 4145 2295 4182 :
2340 4127 2411 4181 ita
2455 4133 2510 4179 et
2562 4122 2649 4177 illa
2695 4119 2933 4175 cmlestis
2976 4116 3277 4173 Jerusalem

1702 4225 2003 4283 secundum
2034 4222 2325 4293 imaginem
2357 4228 2697 4273 terrenorum
2725 4215 2924 4270 habeat
2949 4211 3099 4267 circa
3134 4225 3193 4265 se
3227 4221 3282 4264 et

1702 4319 1841 4374 alias
1869 4315 2146 4377 civitates,
2191 4326 2257 4366 ac
2286 4311 2460 4374 vicos,
2504 4308 2865 4375 diversasque
2909 4302 3183 4373 regiones,
3223 4304 3280 4354 ln

1701 4409 1898 4480 quibus
1925 4403 2154 4476 populus
2190 4401 2279 4455 Dei
2330 4409 2385 4454 et
2428 4413 2589 4452 verus
2619 4395 2806 4459 Israel,
2850 4408 2946 4463 per
2978 4390 3159 4445 .lcsum
3185 4404 3278 4443 ve-

1702 4516 1844 4565 rum,
1878 4499 2032 4569 cujus
2059 4495 2149 4551 ille
2176 4492 2336 4550 Iesus
2365 4490 2512 4545 Nave
2536 4489 2747 4544 ferebat
2792 4484 3113 4554 imaginem,
3161 4481 3281 4535 col--

1704 4592 1965 4649 locandus
2013 4596 2096 4643 est
2148 4585 2494 4658 quandoque,
2559 4589 2613 4635 et
2680 4576 3054 4634 hazrcditatem
3117 4574 3281 4627 sortis

87 4699 128 4735 IS
160 4683 233 4736 ad
265 4697 410 4752 quae
442 4695 533 4734 me
562 4678 761 4733 cubilia
785 4679 1084 4748 pertrahat.
1120 4670 1256 4731 Puto
1284 4677 1426 4730 enim
1453 4676 1593 4746 quod
1628 4708 1673 4763 ι)
1708 4683 2126 4745 distributione,
2180 4679 2233 4733 id
2281 4687 2365 4732 est
2412 4673 2729 4729 meritorum
2781 4666 3242 4738 contemplatione
3265 4705 3282 4729 ,

88 4776 364 4845 iligenter
397 4787 532 4827 eam
566 4771 717 4842 sequi
749 4780 998 4839 potuero,
1029 4779 1084 4824 et
1117 4769 1450 4838 investigare
1480 4768 1598 4823 vias

104 4912 119 4937 ,
153 4868 327 4923 dabit
362 4866 515 4920 mihi
564 4864 775 4935 aliquas
807 4863 1129 4918 occasiones
1158 4876 1225 4917 ex
1264 4860 1599 4930 Scripturis,

88 4964 253 5019 nodo
298 4962 493 5016 etiam
540 4957 606 5013 de
647 4958 730 5012 bis
769 4956 902 5010 locis
945 4954 1220 5024 explicare
1261 4953 1557 5009 debeamus
1585 4992 1602 5020 ,

96 5057 373 5113 redimus
413 5052 492 5107 iis
524 5064 644 5121 quae
687 5047 884 5102 Paulus
923 5047 976 5099 in
1030 5045 1291 5116 mysterio
1325 5045 1603 5115 loquitur-,

88 5154 107 5206 .l
142 5167 248 5222 qut
285 5164 407 5221 per
441 5146 616 5216 legem
641 5142 972 5206 deserviunt,
1011 5158 1029 5191 ι
1059 5140 1264 5194 umbrae
1293 5147 1351 5194 et
1379 5139 1604 5209 imagini

88 5244 313 5299 rviunt
348 5236 676 5295 caelestium
707 5234 773 5287 ⁸³.
813 5252 833 5286 ›
880 5232 947 5287 Ει
998 5232 1042 5287 si
1084 5233 1382 5287 secundum
1434 5230 1603 5301 ipsius

87 5335 352 5390 [ominus
397 5326 741 5384 sententiam
776 5324 886 5391 lex,
913 5323 1069 5395 cujus
1102 5338 1229 5394 pars
1267 5332 1352 5379 est
1382 5323 1498 5379 haec
1529 5323 1605 5378 le-

103 5442 296 5501 quam
329 5426 623 5483 habemus
654 5422 711 5476 in
749 5420 1024 5485 manibus,
1056 5419 1305 5475 umbram
1335 5418 1500 5474 habet
1526 5418 1605 5471 fu-

88 5540 223 5581 rum
248 5524 559 5580 bonorum
576 5517 643 5584 ⁸⁸,
662 5529 1000 5585 consequens
1022 5514 1237 5569 videtur
1262 5522 1316 5569 et
1343 5528 1602 5569 necessa-

88 5636 151 5684 l,
193 5615 413 5672 omnia
470 5625 588 5680 qua;
613 5608 769 5681 quasi
813 5609 880 5664 de
924 5609 1088 5661 rebus
1120 5608 1351 5662 terrenis
1399 5609 1604 5664 descri-

116 5760 308 5817 Joan.
357 5756 430 5818 3,
462 5752 554 5806 Si.
630 5750 675 5782 ⁸⁸
708 5748 841 5805 ibid.
869 5748 924 5806 4.
1000 5747 1044 5780 ⁸⁸
1088 5746 1251 5803 Eccli.
1284 5763 1395 5815 xw,
1419 5748 1510 5804 ‘25.

88 5908 149 5980 6)
213 5904 404 5980 Mss,
474 5917 494 5949 ι
526 5900 587 5954 Ει
631 5909 754 5978 post
784 5898 900 5980 hfee
931 5898 1118 5980 etiam
1149 5895 1264 5965 ipso
1296 5895 1542 5952 Domino.
1576 5914 1594 5948 ι

87 5968 339 6042 ..'editi,
395 5989 419 6022 ι
459 5980 517 6024 et
542 5968 661 6041 post
682 5969 793 6037 jam
826 5971 940 6040 ipso
971 5968 1216 6023 Domino.
1253 5983 1273 6018 ι

1586 5749 1632 5779 ⁸³
1658 5748 1821 5804 llebr.
1857 5760 1980 5812 vnt,
2011 5742 2065 5797 5.

1704 4788 1983 4849 capturus.
2035 4773 2128 4830 Sic
2171 4786 2301 4844 ergo
2340 4782 2483 4823 nunc
2526 4765 2786 4821 Dominus
2833 4762 2966 4818 dicit
3011 4762 3065 4815 in
3101 4760 3284 4815 distri-

1706 4871 1931 4927 butione
1962 4880 2139 4927 terra),
2176 4863 2329 4919 verbi
2369 4860 2571 4931 gratia,
2614 4856 2876 4911 terminos
2926 4853 3100 4908 tribus
3138 4849 3284 4904 illius

1706 4977 1827 5019 esse
1854 4963 2011 5026 istos,
2042 4968 2097 5015 et
2134 4956 2362 5011 alterius
2397 4952 2576 5007 alios:
2612 4964 2680 5004 ne
2704 4948 2868 5015 forte,
2896 4945 3150 5017 quoniam
3193 4942 3287 4997 di-

1708 5068 1865 5110 versa
1898 5061 2054 5109 erunt
2092 5049 2285 5105 merita
2314 5061 2504 5101 eorum
2536 5043 2629 5114 qui
2670 5041 3044 5096 hatreditatetn
3086 5050 3282 5091 conse—

1708 5148 1887 5207 cuturi
1927 5153 2052 5201 sunt
2098 5142 2245 5212 regni
2301 5138 2592 5199 cmlorum,
2646 5133 2853 5188 idcirco
2900 5131 3063 5186 etiam
3111 5129 3165 5182 in
3216 5126 3284 5180 iis

1708 5240 1964 5294 tribubus
1989 5236 2345 5291 observanter
2377 5225 2806 5295 dirimijubetur
2853 5223 2958 5278 ista
3003 5219 3285 5276 distinctio

1714 5331 2093 5390 terminorum,
2136 5334 2197 5379 ut
2221 5323 2457 5379 sciamus
2487 5321 2584 5375 has
2614 5333 2736 5373 esse
2778 5315 3098 5371 meritorum
3126 5310 3279 5365 dill‘o-

1707 5423 1913 5480 rentias
1954 5416 2326 5475 observandas
2368 5414 2421 5469 in
2459 5424 2806 5482 unoquoque.
2858 5404 3020 5461 Verbi
3066 5402 3241 5473 gratia
3267 5440 3284 5465 ,

1709 5517 1800 5588 qui
1826 5517 1898 5570 ita
1927 5512 2267 5583 negligenter
2289 5507 2490 5562 vixerit
2532 5516 2590 5560 ut
2640 5518 2739 5574 pro
2783 5502 2885 5557 fide
2914 5497 3139 5569 quidem
3182 5510 3279 5588 sua

1713 5587 1988 5666 mereatur
2015 5604 2200 5660 haberi
2230 5602 2371 5657 inter
2406 5600 2545 5654 ﬁlios
2583 5595 2771 5661 Israel,
2812 5607 2911 5663 pro
2958 5587 3283 5659 negligentia

2142 5739 2189 5773 ⁸⁸
2231 5737 2392 5794 llebr.
2426 5753 2479 5799 χ,
2519 5736 2569 5791 l.
2645 5731 2691 5764 "
2730 5730 2865 5785 Psal.
2894 5741 3092 5789 chvn,
3121 5722 3176 5780 4.

1785 5890 1896 5960 (l7)
1941 5888 2004 5943 In
2033 5885 2224 5960 libellis
2258 5841 2350 5953 qui
2380 5880 2713 5960 appellantur
2760 5876 2965 5960 Erige/3,
2996 5882 3105 5929 etc.
3151 5868 3287 5925 Vide

1707 5946 1964 6018 noias'ad
1989 5958 2085 6014 lib.
2120 5971 2151 6010 v
2181 5946 2366 6008 contra
2393 5946 2624 6015 celsum,
2653 5963 2802 6004 mnn.
2836 5946 2924 6003 54.
