3874 6504
622 485 728 540 835

2021 481 2110 537 ex
2137 478 2439 537 ORIGENE
3672 492 3733 550 θοι

623 620 748 660 vero
782 603 904 658 vitae
945 611 1337 674 gestorumque
1379 604 1587 658 desidia
1627 605 1680 658 in
1709 605 1850 659 tribu
1879 605 2070 659 Ruben
2107 613 2203 658 aut
2232 605 2279 662 Α
2310 600 2554 664 torridis,
2593 608 2687 656 aut
2715 601 2918 672 frigore
2950 601 3178 674 geluque
3219 604 3544 672 torpentibus,
3564 609 3625 663 vel
3647 625 3734 670 eam

618 696 752 758 Gad,
779 704 872 750 aut
896 695 1122 749 dimidia
1152 696 1294 750 tribu
1329 695 1578 752 Manasse
1612 697 1800 752 debeat
1827 698 2097 766 reputari,
2138 708 2194 752 et

618 803 724 843 non
764 789 906 842 intra
930 786 1246 851 Iordanem,
1275 789 1370 842 sed
1399 797 1552 843 extra
1583 805 1730 854 eum,
1768 799 1969 844 sortem
2016 791 2192 844 haere-

616 880 805 936 ditatis
857 882 1130 951 accipere.
1181 881 1339 936 Alius
1383 897 1513 937 vero
1573 883 1666 952 qui
1712 897 1772 938 se
1817 884 2193 940 emendatione

616 974 746 1028 vita:
769 983 825 1030 et
851 976 1267 1032 conversatione
1291 977 1556 1046 propositi
1586 976 1749 1032 talem
1776 977 2098 1041 reddiderit.
2133 986 2194 1032 ut

615 1066 911 1120 secundum
961 1082 1095 1135 quas
1135 1067 1287 1122 solus
1328 1066 1470 1121 Deus
1518 1067 1664 1121 novit
1708 1069 1971 1133 rationes,
2016 1080 2109 1124 aut
2138 1070 2189 1122 in

615 1158 759 1212 tribu
807 1155 964 1225 Juda,
1019 1160 1310 1213 autetiam
1354 1160 1405 1213 in
1457 1160 1568 1228 ipsa
1600 1161 1744 1214 tribu
1775 1160 2076 1230 Benjamin,
2136 1163 2187 1214 in

613 1264 718 1320 qua
767 1250 882 1320 ipsa
921 1248 1311 1309 Jerusalem.et
1356 1251 1614 1322 templum
1661 1253 1754 1308 Dei
1802 1264 1970 1322 atque
2017 1252 2191 1308 altare

611 1345 880 1410 consistit,
928 1346 1121 1400 debeat
1169 1347 1450 1417 reputari:
1484 1358 1539 1402 et
1572 1347 1712 1403 alius
1762 1348 1816 1402 in
1867 1348 1996 1413 alia,
2025 1359 2188 1418 atque

612 1437 753 1492 alius
783 1436 837 1494 in
867 1438 994 1494 alia.
1029 1441 1092 1494 Et
1136 1441 1236 1495 hoc
1261 1442 1422 1496 modo
1456 1443 1572 1496 haec
1597 1458 1716 1511 quae
1763 1458 1907 1498 nunc
1944 1442 1996 1497 in
2045 1443 2188 1498 libro

613 1529 969 1588 Numerorum
987 1535 1187 1604 scripta
1214 1533 1545 1599 referuntur,
1569 1537 1913 1591 adumbratio
1936 1539 2184 1608 quaedam

612 1623 726 1677 sint
767 1623 962 1679 futura:
985 1626 1146 1680 sortis
1177 1627 1230 1680 in
1269 1625 1444 1691 etnlis,
1468 1641 1653 1680 eorum
1679 1627 1941 1681 duntaxat
1967 1629 2056 1697 qui
2091 1643 2188 1697 per

609 1714 792 1772 Jesum
841 1719 1125 1774 Dominum
1169 1735 1233 1774 ac
1271 1718 1612 1774 Salvatoretn
1653 1730 1903 1774 nostrum
1951 1721 2184 1776 haeredi-

610 1816 798 1876 tatem,
846 1821 904 1863 ut
944 1811 1205 1874 diximus.
1263 1814 1479 1881 capient
1523 1815 1673 1883 regni
1725 1811 2017 1868 caelorum.
2069 1811 2182 1879 lbi,

607 1903 796 1967 credo,
825 1903 1114 1974 diligenter
1147 1905 1582 1960 observabuntur
1609 1904 1778 1961 etiam
1806 1906 1910 1961 ista
1937 1906 2180 1976 quzehic

2302 691 2394 745 ubi
2441 691 2601 746 nulla:
2645 691 2813 763 leges,
2864 694 2957 761 sed
3011 692 3260 746 immanis
3297 703 3346 746 et
3386 709 3507 748 szcva
3535 697 3722 754 barbaris

2302 786 2392 840 ubi
2429 785 2566 841 bella
2601 801 2817 855 semper
2862 794 2916 839 et
2965 800 3239 854 nunquam
3278 786 3442 854 quies,
3484 798 3531 842 et
3565 791 3647 844 lu‘c
3673 811 3731 847 nor.

2300 877 2416 933 sine
2444 878 2652 933 occulta
2689 879 2925 946 quadam
2965 876 3058 931 Dei
3093 876 3501 946 dispensatione,
3537 891 3579 935 et
3610 884 3732 951 jndicic

2299 970 2436 1038 ejus,
2488 981 2537 1025 et
2575 971 2791 1039 iustitia
2835 969 3127 1040 unicuique
3179 970 3629 1029 decernunturzita
3655 981 3730 1032 etin

2301 1064 2408 1118 illis
2437 1065 2571 1119 locis
2598 1064 2702 1118 erit
2730 1064 2933 1131 aliquid
2961 1063 3092 1134 tale,
3114 1069 3169 1115 ιιι
3199 1061 3250 1114 in
3269 1063 3410 1116 nullo
3434 1080 3616 1133 prorsus
3631 1068 3731 1124 hinni:

2299 1157 2564 1213 habeatur
2615 1159 2668 1217 in
2719 1159 2880 1210 terris
2907 1155 3100 1210 umbra
3135 1156 3451 1211 rmlestium.
3492 1157 3731 1229 Eritergeu

2299 1250 2396 1316 ibi,
2427 1261 2487 1304 ut
2512 1251 2774 1316 diximus,
2820 1249 3002 1321 aliqua
3035 1249 3228 1302 civitas
3269 1247 3478 1319 refugii,
3508 1260 3553 1304 et
3577 1253 3652 1306 erit
3675 1258 3730 1310 alia

2296 1342 2350 1398 in
2380 1345 2616 1405 deserto,
2643 1343 2780 1397 sicut
2805 1341 3003 1397 Bossor
3027 1341 3081 1396 in
3103 1340 3423 1396 haereditate
3444 1341 3599 1396 Ruben
3617 1347 3732 1401 civitas

2294 1451 2416 1492 esse
2442 1436 2640 1490 dicitur
2671 1435 2724 1489 in
2757 1436 2995 1490 deserto.

2393 1528 2451 1582 4.
2523 1527 2630 1582 Sed
2669 1535 2724 1582 et
2767 1527 2857 1581 illa
2916 1524 3273 1582 nihilominus
3321 1529 3647 1595 consequentia
3683 1548 3733 1583 u-

2293 1619 2490 1688 pienda
2539 1627 2669 1674 est:
2709 1618 2834 1687 quia
2893 1619 3034 1673 sicut
3092 1636 3112 1671 r
3157 1633 3281 1674 cum
3331 1617 3620 1688 diSpergeret
3656 1619 3732 1676 Des:

2295 1711 2437 1765 ﬁlios
2491 1711 2686 1778 Adam,
2717 1712 2908 1766 statuit
2946 1711 3083 1767 ﬁnes
3128 1711 3371 1782 gentium
3416 1713 3652 1766 set-uado
3680 1732 3733 1765 ηις

2293 1819 2504 1858 nierum
2524 1804 2837 1874 angelorum
2857 1803 2972 1870 Dei,
3001 1823 3021 1856 ι
3040 1803 3146 1869 vel,
3166 1813 3225 1858 ut
3250 1804 3303 1858 iu
3325 1803 3439 1858 aliis
3455 1803 3730 1872 exemplaribus

2293 1896 2545 1967 legimus,
2583 1915 2602 1948 ι
2631 1897 2927 1952 secundum
2953 1910 3235 1951 numermn
3267 1895 3486 1948 ﬁliorum
3512 1893 3728 1954 lsrael“;.

606 1995 1005 2050 adumbrantur
1032 1997 1314 2068 privilegia
1344 1999 1716 2062 sacerdotum,
1756 1999 1954 2068 quibus
1997 2000 2168 2054 vicina

2287 1989 2338 2044 in
2376 1989 2532 2044 initio
2564 1991 2750 2045 mundi
2797 1991 2872 2046 ita
2905 1991 3136 2061 dispersi
3185 1998 3314 2044 sunt
3352 1987 3440 2041 lilii
3478 1987 3595 2041 illius
3615 1989 3728 2050 Atlas.

603 2100 832 2157 qumque
881 2088 1110 2144 urbibus
1146 2088 1285 2153 loca,
1311 2099 1369 2144 et
1411 2091 1545 2159 ipsis
1576 2091 1848 2145 moenibus
1872 2090 2056 2160 juncta
2085 2107 2176 2147 se-

604 2177 813 2247 gregari
849 2180 1180 2234 mandantur
1208 2197 1236 2234 a
1266 2181 1390 2235 ﬁliis
1417 2180 1607 2237 Israel.
1637 2182 1740 2246 lbi,
1766 2184 1950 2245 credo,
1998 2192 2053 2237 et
2090 2182 2175 2238 ci-

603 2265 801 2321 vitales
828 2268 944 2322 ista;
973 2279 1155 2334 erunt,
1200 2285 1428 2339 quarum
1477 2271 1566 2326 hic
1613 2272 1784 2342 ﬁgura
1817 2271 2172 2337 describitur,

599 2373 738 2426 quas
783 2359 976 2428 refugii
1024 2361 1268 2414 nominat
1293 2362 1569 2424 civitates,
1598 2364 1666 2416 ad
1697 2377 1836 2432 quas
1859 2363 2176 2434 confugiant

600 2465 708 2504 non
731 2466 920 2508 omnes
949 2453 1260 2519 homicida',
1311 2455 1408 2510 sed
1457 2456 1552 2524 qui
1584 2456 1896 2525 ignoranter
1942 2458 2176 2513 homici-

597 2542 748 2597 dium
783 2546 1196 2600 commiserunt.
1224 2546 1362 2600 Sunt
1385 2547 1531 2601 enim
1558 2547 1812 2607 fortassis
1841 2548 2020 2618 aliqua
2050 2563 2175 2618 pec-

596 2642 743 2697 cata,
778 2650 898 2706 qua:
927 2638 970 2692 si
1004 2638 1284 2706 proposito
1327 2655 1393 2695 ac
1431 2641 1713 2694 voluntate
1761 2640 2170 2706 committimus,

596 2725 896 2783 homicidas
943 2745 1040 2784 nos
1080 2729 1278 2784 faciunt
1309 2745 1324 2795 ;
1351 2739 1405 2786 et
1438 2743 1568 2786 sunt
1616 2730 1722 2784 alia
1771 2747 1896 2802 qua:
1936 2732 1981 2786 si
2021 2732 2174 2802 igno-

597 2829 784 2873 ranter
807 2820 1161 2884 admittimus,
1191 2822 1504 2877 decernitur
1529 2823 1709 2886 nobis,
1735 2824 1924 2888 credo,
1950 2833 2006 2879 et
2029 2838 2172 2892 prae-

597 2919 816 2979 paratur
835 2927 902 2966 ex
930 2925 1201 2982 praecepto
1239 2913 1334 2969 Dei
1376 2915 1573 2984 aliquis
1617 2914 1790 2981 locus,
1823 2915 1912 2970 ubi
1942 2916 2010 2972 ad
2051 2931 2172 2972 cer-

595 3008 708 3054 tum
730 3011 945 3070 tempus
962 3004 1213 3059 habitare
1231 3005 1546 3071 debeamus,
1560 3005 1605 3059 si
1625 3006 1716 3075 qui
1738 3021 1843 3060 non
1866 3005 2168 3061 voluntaria

592 3102 816 3158 peccata
843 3094 1257 3160 commisimus;
1297 3096 1342 3150 si
1369 3104 1547 3151 tamen
1589 3098 1772 3151 mundi
1823 3097 2169 3153 inveniantur

590 3193 648 3238 et
693 3184 854 3238 alieni
899 3186 967 3239 ab
1009 3187 1074 3240 iis
1121 3187 1361 3256 peccatis
1405 3203 1525 3256 qua!
1572 3190 1850 3244 voluntate
1878 3191 2165 3246 commissa

592 3286 741 3332 sunt.
781 3280 842 3332 Et
883 3280 952 3334 ob
991 3283 1094 3336 hoc
1131 3293 1494 3336 secernuntur
1524 3286 1770 3354 quaedam
1803 3284 2054 3342 civitates
2096 3290 2164 3343 ad

598 3367 890 3440 refugium.
957 3371 1184 3428 Videtur
1245 3374 1573 3442 quibusdam
1619 3377 1764 3445 quod
1830 3377 2165 3449 singulorum

588 3478 808 3532 quoque
859 3465 1098 3520 siderum
1146 3469 1342 3536 positio
1382 3478 1432 3522 et
1489 3478 1666 3524 coetus
1714 3470 1910 3527 civitas
1939 3472 2044 3527 dici
2085 3473 2167 3528 vel

587 3556 774 3612 haberi
811 3559 983 3628 possit
1034 3561 1086 3614 in
1135 3561 1273 3617 ctelo
1299 3579 1314 3618 :
1345 3563 1493 3631 quod
1533 3577 1636 3632 ego
1677 3564 1897 3633 quidem
1942 3565 2167 3623 deﬁnire

587 3663 692 3703 non
735 3650 928 3707 audeo.
959 3652 1129 3707 \‘idco
1160 3654 1305 3708 enim
1354 3669 1571 3709 omnem
1609 3663 1925 3710 creaturam
1969 3657 2021 3711 in
2070 3673 2166 3729 spe

581 3741 804 3812 quidem
836 3753 1054 3813 prepter
1088 3759 1212 3798 eum
1259 3745 1352 3814 qui
1395 3744 1634 3814 subjecit
1675 3762 1801 3802 esse
1845 3746 2160 3817 subiectam,

583 3842 906 3902 exspectare
951 3844 1130 3890 tamen
1167 3835 1475 3891 libertatem
1519 3837 1573 3891 in
1612 3837 1983 3907 redemptione
2021 3840 2160 3897 ﬁlio-

589 3940 710 3981 rum
756 3924 851 3980 Dei
879 3927 997 3982 sine
1044 3929 1228 3995 dubio,
1257 3938 1313 3985 et
1345 3929 1661 4000 praclarius
1687 3930 1892 4002 aliquid
1937 3942 2030 3988 aut
2066 3948 2161 3989 suo

584 4017 806 4072 hlimius
832 4018 1076 4088 opperiri
1102 4018 1171 4074 “.

654 4108 709 4162 5.
754 4107 810 4162 Si
837 4123 990 4179 ergo,
1020 4119 1080 4164 ut
1121 4109 1380 4176 diximus,
1406 4112 1660 4167 umbram
1691 4112 1856 4170 habet
1884 4113 1971 4171 lex
2012 4115 2162 4170 futu-

587 4217 769 4258 rorum
794 4204 1081 4268 bonorum,
1111 4213 1168 4260 et
1191 4206 1489 4276 exemplari
1519 4217 1574 4262 et
1611 4209 1816 4264 umbras
1844 4210 2162 4267 deserviunt

581 4296 884 4352 caelestium
929 4297 1024 4369 qui
1082 4298 1136 4352 in
1187 4297 1305 4368 lege
1356 4299 1708 4365 deserviunt,
1761 4309 1814 4356 et
1869 4318 2013 4357 nunc
2065 4319 2161 4374 per

582 4387 860 4455 speculum
905 4397 960 4443 et
1006 4388 1059 4443 in
1103 4389 1416 4459 mnigmate,
1447 4399 1574 4444 tunc
1601 4399 1780 4446 autem
1822 4392 1959 4447 faeie
1983 4393 2048 4447 ad
2078 4393 2158 4448 fac

582 4478 721 4533 ciem
752 4479 1047 4534 habebitur
1084 4495 1266 4534 rerum
1291 4480 1703 4550 contemplatio,
1735 4483 1900 4538 credo
1931 4485 2074 4552 quod
2103 4496 2160 4540 et

583 4587 726 4625 nunc
753 4574 1220 4629 conversationem
1267 4573 1500 4630 dicimur
1541 4577 1744 4632 habere
1783 4577 1836 4632 in
1871 4578 2027 4634 caelis
2061 4595 2158 4650 per

2286 2081 2428 2135 sicut
2465 2080 2550 2135 vel
2597 2080 2814 2135 illorum
2840 2082 3053 2147 merita,
3106 2080 3186 2136 vel
3211 2079 3562 2162 ipsinsoAdam
3580 2091 3731 2134 conten-

2283 2171 2452 2241 platio
2494 2173 2811 2240 postulabat
2837 2189 2852 2229 :
2886 2173 3014 2242 quid
3041 2171 3286 2228 dicemus
3313 2170 3552 2234 futurutn,
3577 2184 3660 2224 cum
3678 2186 3732 2224 no-

2283 2265 2496 2321 vissimi
2523 2266 2696 2318 Adam
2725 2263 2840 2334 (qui
2871 2279 2974 2319 non
3006 2264 3058 2318 in
3083 2264 3324 2318 animam
3356 2264 3729 2325 viventem,seslia
3808 2277 3809 2332 ς

2281 2355 2532 2425 spiritum
2571 2353 2940 2408 viviﬁcantem
2990 2352 3167 2408 factus
3207 2361 3297 2408 est
3335 2351 3403 2421 “l
3449 2353 3629 2421 coeperit
3653 2352 3730 2404 ﬁlia
3808 2343 3809 2412 ξ

2283 2466 2390 2504 non
2426 2450 2761 2519 dispergere,
2789 2447 2886 2502 sed
2909 2447 3222 2517 dispensare
3247 2445 3429 2500 divina
3457 2447 3728 2516 dignatio,nn

2281 2542 2334 2595 in
2372 2541 2550 2609 initio,
2575 2541 2671 2597 sed
2699 2541 2752 2595 in
2781 2538 2885 2594 line
2919 2538 3099 2593 mundi
3129 2554 3144 2603 ;
3172 2547 3226 2594 et
3263 2553 3370 2592 non
3413 2545 3469 2591 ut
3501 2537 3597 2591 illos
3622 2539 3679 2604 qui
3701 2541 3728 2588 in
3808 2537 3809 2596 1

2278 2632 2451 2685 Adam
2475 2646 2667 2687 omnes
2695 2631 2891 2685 mortui
2917 2639 3064 2690 sunt,
3101 2630 3195 2683 sed
3225 2637 3288 2682 ut
3313 2643 3406 2683 eos
3444 2629 3525 2697 qui
3546 2628 3586 2680 in
3604 2627 3728 2681 Christi
3808 2613 3809 2690 ξ

2279 2739 2472 2779 oumes
2516 2722 2776 2779 viviﬁcati
2829 2732 2954 2777 sunt
2977 2720 3067 2775 ⁸³2
3097 2720 3227 2776 Sine
3250 2719 3416 2774 dubio
3450 2721 3543 2774 erit
3576 2720 3728 2788 quia:
3808 2727 3809 2734 ‘

2279 2816 2474 2870 divisio
2523 2825 2577 2872 et
2626 2813 2935 2870 distributio
2983 2814 3145 2881 talis,
3194 2828 3322 2882 quae
3367 2828 3466 2867 non
3515 2813 3642 2866 solum
3680 2828 3731 2879 pro

2280 2909 2490 2964 meritis
2521 2923 2711 2964 eorum
2747 2909 2840 2978 qui
2873 2909 3282 2978 dispensantur,
3312 2906 3404 2960 sed
3444 2915 3494 2960 et
3527 2920 3603 2972 pro
3625 2918 3731 2957 nont-

2277 3000 2399 3054 simi
2419 3001 2614 3067 Adam,
2643 3001 2694 3054 in
2722 3014 2828 3069 quo
2844 3013 3034 3054 omnes
3057 2998 3370 3053 vivificandi
3401 2997 3628 3058 dicuntur,
3655 3010 3730 3047 eoa-

2279 3092 2639 3162 templatione
2678 3091 2954 3162 pensanda
2991 3091 3082 3146 sit.
3133 3089 3238 3146 Sed
3287 3090 3414 3161 quis
3453 3098 3642 3143 nostrum
3662 3086 3731 3136 talis

2275 3195 2380 3250 est,
2427 3194 2486 3240 ut
2523 3186 2590 3240 ad
2641 3183 2951 3254 huiusmodi
2993 3185 3460 3248 distributionem,
3498 3192 3545 3237 et
3574 3182 3624 3235 ad
3648 3179 3729 3232 illan

2277 3278 2517 3333 caelestis
2547 3277 2884 3334 hrereditatis
2909 3287 3115 3333 sortem
3143 3277 3336 3332 venire
3375 3271 3729 3336 mereaturiQuts
3808 3291 3809 3336 ξ

2275 3370 2348 3425 ita
2395 3371 2590 3425 beatus
2615 3371 2739 3434 erit,
2767 3370 2924 3440 cujus
2957 3385 3080 3425 sors
3117 3369 3168 3423 in
3209 3367 3508 3424 Jerusalem
3534 3367 3682 3428 veniat,
3702 3374 3732 3415 ut

2273 3464 2344 3517 sit
2374 3461 2445 3515 ibi
2475 3462 2562 3516 ubi
2590 3461 2846 3530 templum
2875 3460 2968 3516 Dei
2999 3469 3107 3525 est,
3134 3462 3243 3516 itno
3267 3471 3329 3514 ut
3359 3459 3469 3530 ipse
3491 3458 3553 3514 sit
3573 3457 3638 3512 Dei
3658 3467 3731 3510 (tl

2274 3553 2465 3623 plum?
2492 3553 2626 3620 Quis
2678 3556 2752 3607 ita
2797 3554 2989 3608 beatus
3019 3563 3103 3606 est
3145 3562 3203 3606 ut
3249 3552 3326 3608 ibi
3369 3553 3479 3606 dies
3500 3551 3731 3618 festosapt

2272 3645 2363 3700 ubi
2397 3647 2568 3700 altare
2612 3645 2852 3700 divinum
2883 3646 3159 3715 perpetuis
3197 3644 3371 3716 386
3411 3644 3593 3714 ignibus
3619 3641 3731 3693 adole
3808 3641 3809 3716 ἦ

2273 3737 2404 3792 tur?
2443 3736 2574 3804 Quis
2601 3737 2674 3792 ita
2708 3738 2898 3794 beatus
2943 3746 3044 3809 est,
3073 3736 3162 3806 qui
3206 3735 3532 3792 sacriﬁcium
3561 3741 3732 3794 suomet

2271 3829 2560 3884 incensum
2608 3829 2897 3884 suavitatis
2936 3843 3101 3898 supra
3139 3828 3294 3883 illum
3327 3829 3498 3900 ignem
3534 3836 3667 3896 ponat.
3696 3823 3730 3875 δε

2269 3935 2376 3990 quo
2408 3920 2625 3974 diccbat
2665 3919 2917 3974 Salvator
2954 3919 3003 3952 ⁸⁸
3031 3938 3045 3974 :
3078 3938 3098 3973 ι
3129 3919 3316 3990 Ignem
3362 3918 3477 3973 veni
3521 3918 3678 3972 mittere
3700 3912 3730 3964 in

2271 4009 2510 4065 terram?
2542 4028 2562 4063 ι
2602 4007 2734 4077 Quis
2761 4011 2832 4064 ita
2866 4011 3058 4065 beatus
3086 4011 3298 4082 εει,ᾳυί
3350 4011 3423 4065 ibi
3464 4022 3638 4077 semper
3660 4017 3731 4072 apt

2268 4103 2477 4158 Pascha
2515 4101 2570 4158 in
2616 4103 2740 4158 loco
2791 4116 2953 4173 quem
3007 4102 3172 4173 elegit
3213 4103 3480 4158 Dominus
3522 4098 3658 4156 suos!
3687 4096 3729 4149 ιιι

2267 4193 2617 4252 Pentecostes
2643 4195 2786 4251 diem
2815 4204 2992 4266 gerat,
3019 4205 3072 4252 et
3105 4195 3458 4252 festivitatem
3502 4189 3730 4264 repmpit'a-

2270 4286 2452 4354 tionis,
2480 4296 2536 4343 et
2563 4288 3039 4344 tabernaculorum
3088 4288 3511 4354 solemnitatem,
3549 4301 3630 4341 non
3660 4284 3725 4352 in

2264 4393 2365 4449 per
2413 4381 2686 4446 umbram,
2740 4381 2835 4436 sed
2886 4394 2984 4450 per
3025 4380 3198 4451 ipsam
3247 4383 3482 4452 speciem
3536 4388 3730 4441 rerumque

2265 4472 2593 4527 veritatem?
2640 4471 2773 4540 Quis
2823 4480 3068 4528 nostrum
3119 4473 3320 4544 dignus
3383 4473 3630 4528 habebitur
3664 4479 3726 4520 tam

2266 4565 2440 4620 beatae
2475 4564 2644 4620 sortis
2683 4563 2970 4631 electione,
3001 4580 3126 4620 cum
3153 4565 3298 4621 Deus
3323 4567 3547 4621 dividere
3581 4561 3726 4630 caper“

581 4664 886 4733 speculum,
938 4677 994 4722 et
1041 4667 1094 4722 iu
1137 4666 1444 4736 aenigmate,
1504 4676 1632 4723 tunc
1678 4679 1858 4724 autem
1905 4649 2154 4727 facieiad

2269 4657 2408 4712 ﬁlios
2448 4658 2723 4712 novissimi
2771 4657 2988 4711 Adam:
3031 4673 3137 4713 non
3186 4661 3273 4713 cui
3328 4659 3471 4714 dicat
3495 4658 3534 4688 ⁸¹
3569 4673 3581 4709 :
3619 4649 3728 4704 tiri!

581 4757 798 4822 faciem,
847 4757 1010 4812 talem
1049 4760 1521 4815 conversationem
1569 4762 1906 4818 merebimur
1955 4764 2157 4820 habere

582 4847 634 4901 in
663 4847 837 4903 caelis.
869 4849 925 4903 Si
952 4865 1080 4919 ergo
1105 4865 1200 4921 per
1229 4852 1679 4920 consequentiam
1719 4869 1900 4909 rerum
1936 4867 1990 4912 et
2024 4873 2153 4927 pro-

578 4938 899 4995 missionum
933 4941 1089 4994 ﬁdem
1116 4957 1216 4997 nos
1239 4941 1522 4996 transferri
1551 4945 1617 4998 de
1643 4944 1807 4999 terris
1836 4957 2055 5016 oportet
2085 4949 2152 5002 ad

579 5031 797 5098 caelum,
844 5043 974 5101 puto
1000 5033 1144 5102 quod
1194 5033 1246 5087 in
1280 5033 1412 5101 ipsis
1454 5033 1772 5089 coelestibus
1815 5034 1949 5090 locis
1991 5036 2151 5093 Jesus

581 5124 840 5180 Dominus
868 5133 1056 5179 noster
1089 5140 1192 5179 non
1221 5125 1427 5194 absque
1450 5126 1766 5181 meritorum
1792 5137 1940 5183 sorte
1960 5145 2150 5184 unum-

575 5231 849 5287 quemque
885 5217 940 5272 in
985 5217 1073 5270 illa
1113 5218 1195 5272 vel
1239 5217 1325 5271 illa
1353 5219 1480 5273 caeli
1511 5229 1667 5288 parte
1711 5229 1767 5274 et
1814 5221 2151 5280 habitatione

577 5311 892 5364 constituat.
922 5309 1029 5365 Sed
1055 5310 1197 5364 sicut
1221 5310 1381 5364 multa
1407 5320 1490 5366 est
1527 5310 1832 5368 differentia
1877 5315 1929 5369 in
1961 5317 2148 5382 terris,

576 5401 724 5456 verbi
758 5404 953 5471 gratia,
991 5403 1245 5457 habitare
1271 5403 1323 5456 in
1349 5402 1483 5458 locis
1519 5403 1768 5460 fecundis
1814 5415 1868 5461 et
1908 5408 2148 5478 copiosis

574 5508 638 5549 ac
666 5498 820 5550 bonis
847 5497 1100 5550 omnibus
1123 5495 1552 5562 abundantibus,
1599 5496 1688 5550 ubi
1731 5507 1788 5552 et
1822 5500 1966 5555 aeris
2010 5513 2148 5556 tem-

574 5586 775 5658 peries,
805 5594 860 5640 et
885 5586 1124 5640 eruditio
1160 5587 1460 5651 hominum,
1501 5601 1566 5641 ac
1604 5586 1848 5643 liberalia
1897 5591 2142 5648 instituta

576 5689 681 5730 non
707 5677 898 5732 desunt
922 5696 936 5732 :
963 5687 1017 5733 et
1039 5679 1199 5746 longe
1224 5678 1372 5733 aliud
1403 5687 1486 5733 est
1511 5677 1776 5743 habitare,
1811 5689 1902 5735 aut
1929 5681 1982 5735 in
2008 5682 2142 5739 locis

576 5767 897 5837 infecundis,
944 5783 998 5827 et
1039 5787 1216 5828 rerum
1251 5772 1480 5841 penuria
1535 5772 1819 5841 squalidis,
1871 5783 1965 5829 aut
2003 5787 2136 5831 azstn

2261 4764 2428 4820 super
2469 4749 2711 4819 quinque
2755 4749 3010 4805 civitates
3054 4759 3379 4820 potestatem
3416 4749 3649 4810 habensn
3674 4753 3727 4794 all

2262 4844 2349 4899 cui
2401 4845 2550 4898 dicat
2581 4843 2628 4874 ⁸²
2664 4860 2680 4896 :
2717 4861 2736 4894 ι
2782 4842 2902 4898 Eris
2942 4858 3108 4914 super
3145 4843 3334 4899 decem
3386 4844 3602 4898 civitates
3635 4844 3726 4906 poi!-

2257 4942 2456 4989 statem
2492 4934 2721 5002 habens,
2764 4951 2784 4985 ι
2838 4948 2938 4988 nec
2981 4934 3072 4989 cui
3103 4934 3352 4990 dicat”:
3388 4953 3409 4987 ι
3440 4934 3567 4988 lntra
3590 4931 3725 4994 ὶιιεεε·

2256 5027 2404 5082 dium
2453 5027 2666 5082 Domini
2722 5027 2797 5081 tui
2833 5043 2848 5093 ;
2889 5045 2913 5080 ι
2947 5029 3043 5083 sed
3075 5028 3161 5083 cui
3190 5027 3337 5082 dicat
3357 5028 3445 5080 ἐς
3479 5044 3496 5077 ι
3521 5024 3666 5078 Sedete
3693 5026 3726 5066 ει

2259 5136 2358 5175 vos
2380 5135 2588 5174 mecum
2631 5135 2794 5187 super
2819 5121 3102 5176 duodecim
3137 5121 3390 5186 thronos,
3427 5121 3673 5188 iudicantes
3695 5123 3726 5162 cl

2259 5229 2360 5269 vos
2391 5215 2677 5269 duodecim
2709 5215 2888 5270 tribus
2916 5214 3087 5272 Israel
3120 5233 3138 5284 ;
3175 5235 3194 5268 ι
3230 5216 3296 5270 de
3328 5215 3515 5280 quibus
3543 5204 3721 5265 dicat":

2263 5329 2284 5362 ι
2316 5309 2498 5373 Pater,
2522 5309 2643 5362 volo
2673 5319 2731 5364 ut
2755 5310 2845 5364 ubi
2869 5323 2968 5379 ego
2992 5325 3136 5373 sum,
3165 5318 3219 5362 et
3242 5307 3347 5377 ipsi
3383 5307 3486 5362 sint
3513 5317 3686 5358 meeum
3710 5315 3721 5344 ι

2264 5402 2399 5457 Volo
2434 5403 2600 5457 etiam
2629 5402 2763 5457 istos
2788 5417 2909 5458 esse
2936 5417 3114 5474 reges,
3141 5411 3201 5456 ut
3222 5417 3322 5475 ego
3348 5403 3449 5456 sim
3482 5413 3560 5452 rex
3586 5405 3720 5460 rerum

2257 5496 2392 5551 Volo
2419 5506 2475 5550 et
2507 5496 2641 5550 istos
2675 5495 2878 5550 habere
2925 5495 3379 5559 dominationem,
3405 5504 3460 5547 ut
3489 5501 3534 5545 et
3565 5503 3640 5557 ego
3660 5483 3721 5535 Sim

2256 5588 2518 5642 Dominus
2565 5586 2990 5642 dominantium.
3031 5585 3182 5642 Beati
3227 5587 3316 5654 qui
3359 5586 3424 5640 ad
3461 5585 3578 5638 hanc
3600 5586 3722 5645 pem-

2255 5680 2407 5733 nicnt
2439 5679 2792 5735 beatitudinis
2820 5694 3110 5734 smnmam.
3147 5676 3294 5732 Beati
3342 5675 3433 5746 qui
3457 5676 3514 5728 ad
3543 5671 3622 5725 ista
3641 5678 3721 5717 cor-

2251 5773 2519 5827 sceadere
2547 5782 2802 5842 poterunt
2826 5772 3040 5844 fastigia
3063 5771 3398 5834 meritorum,
3416 5777 3465 5822 et
3492 5758 3720 5819 benedictus

579 5886 886 5975 ,ηκξχιξξριιιἰ
923 5892 1200 5975 vn_t_.
1238 5892 1282 5923 ⁸⁷
1320 5891 1474 5975 Deut:
1507 5891 1788 5975 xxxir,_8._
1829 5892 1878 5926 “
1918 5891 1933 5944 I
1974 5893 2106 5975 ger.
2141 5912 2240 5975 ἓν,
2281 5892 2370 5947 45.
2447 5893 2491 5924 δ’
2524 5891 2654 5975 ibid.
2684 5892 2777 5948 22.
2852 5891 3052 5949 “Luc.
3075 5889 3281 5958 “1,49.
3344 5887 3387 5920 ⁸⁸
3413 5885 3530 5941 Luc.
3559 5870 3717 5937 xix,”-

669 5947 910 6013 ibid.17.
981 5947 1490 6020 "'Mattlt.xxv.23.
1571 5962 1618 5994 “
1642 5947 1830 6019 Matth.
1852 5947 2103 6030 xrxﬁlti.”
2139 5947 2185 6000 ’3
2209 5947 2365 6021 ioan.
2397 5979 2531 6030 xm,
2553 5962 2646 6018 ‘24.
