3874 6516
162 309 250 368 8θὲ
1337 301 1648 360 SELECTA
1679 301 1750 358 1N
1779 301 2175 359 DEUTERON.

3291 305 3395 364 8H)

161 432 370 500 πέφυκεν
400 425 460 480 ἐν
488 425 626 498 καλῇ
660 424 757 480 καὶ
795 423 999 497 ἀγαθῇ,
1039 423 1288 477 τουτέστι
1319 423 1517 496 ψυχῆς.
1554 425 1688 478 Ἔστ

1816 425 1994 481 omnis
2027 425 2291 498 particula
2323 427 2388 481 ad
2424 435 2584 482 terrm
2618 423 2828 482 cultum
2862 433 3055 482 natura
3092 438 3215 498 apta
3257 440 3344 486 est
3370 473 3388 500 ,

155 530 202 583 δὲ
224 521 480 592 τὺ,μάννα
509 521 722 575 λευκόν.
751 519 872 585 Φῶς
899 520 1009 590 γὰρ
1049 521 1078 572 6
1105 518 1262 587 λόγος
1292 519 1386 573 καὶ
1416 518 1666 591 λαμπρὸν
1689 559 1704 584 ,

156 619 235 672 καὶ
263 614 394 667 κατὰ
421 611 580 666 τοῦτο
604 611 796 665 λευκὸν
812 652 826 676 ,
853 611 931 681 τῷ
953 611 1114 665 αὑτὸν
1138 610 1373 664 συνιέντι
1395 610 1491 664 καὶ
1515 629 1710 683 τρεφο-

154 711 280 782 μένῳ
315 707 404 759 ὑπ⁹
446 704 633 758 αὑτοῦ.
688 705 843 757 Ἔστι
893 703 950 756 δὲ
988 704 1082 758 καὶ
1140 704 1274 757 ὡσεὶ
1319 704 1527 768 πάγος·
1583 722 1709 760 συν-

149 797 504 868 εστραμμένος
549 795 691 867 γὰρ,
739 797 834 849 καὶ
876 795 1111 866 οὐδαμοῦ
1156 795 1536 861 πλαδῶν,ούδὲ
1562 797 1706 869 διερ-

147 890 363 966 ρυηκὼς,
390 890 526 946 ἀλλά
551 891 768 958 πάγιος,
790 888 825 942 ἃ
852 889 916 959 δὴ
941 887 1171 960 ούρανοῦ
1203 888 1380 958 λόγος,
1409 891 1503 944 καὶ
1522 892 1704 959 ἀπαγ-

144 985 329 1056 γέλλων
358 983 490 1055 ἡμῖν
518 983 587 1037 τὰ
619 983 866 1054 οὐράνια.

211 1172 268 1224 '0
288 1168 396 1239 γὰρ
423 1169 639 1237 Κύριος
670 1170 704 1221 o'
727 1169 871 1234 Θεός
905 1183 1022 1222 σου
1045 1167 1335 1238 εἰσαγάγῃ
1368 1184 1440 1222 σε
1474 1171 1562 1235 εὶς
1590 1167 1704 1238 γῆν

135 1260 351 1331 ἀγαθὴν
389 1259 487 1313 καὶ
536 1258 800 1326 πολλὴν.
855 1260 1014 1330 Ἡμῖν
1069 1261 1097 1312 6
1140 1260 1376 1330 Χριστὸς
1425 1260 1485 1312 οὑ
1528 1259 1703 1314 ταῦτα

133 1356 306 1409 δώσειν
339 1353 626 1422 ὑπέσχετο,
656 1350 793 1405 ἀλλὰ
831 1351 1074 1423 οὐρανῶν
1118 1351 1395 1422 βασιλείαν
1419 1393 1433 1416 ,
1481 1355 1572 1410 καὶ
1599 1354 1703 1424 γῆν

130 1445 328 1514 ἀγαθὴν
361 1444 454 1496 καὶ
483 1443 673 1506 ἀΐδιόν,
700 1438 770 1514 ἦς
793 1443 1094 1514 χείμαρρος
1120 1444 1148 1494 6
1177 1444 1430 1515 Χριστὸς,
1465 1446 1704 1509 ποτίζων

132 1541 232 1600 τοῖς
260 1536 358 1606 τῆς
384 1534 575 1604 σοφίας
614 1535 871 1606 νάμασιν.
916 1535 1336 1606 Ἐκπορεύονται
1385 1537 1441 1590 δὲ
1484 1538 1533 1590 oi
1592 1537 1704 1608 χεί-

131 1609 316 1701 μαρροι
350 1628 438 1681 διὰ
469 1627 580 1682 τῶν
623 1629 822 1682 πεδίων
849 1628 943 1682 καὶ
989 1628 1262 1684 ταπεινῶν
1309 1631 1402 1682 καὶ
1461 1629 1702 1700 γονίμων

126 1717 443 1791 ἀνθρώπων,
471 1721 566 1774 καὶ
591 1719 688 1772 διὰ.
703 1719 812 1774 τῶν
848 1719 1069 1790 ὑψηλῶν
1103 1720 1294 1792 ὀρέων,
1335 1720 1445 1775 τῶν
1496 1723 1704 1776 ἀνατει-

125 1812 352 1884 νομένων
380 1811 468 1866 διὰ
496 1813 556 1865 τὸ
579 1811 712 1881 ὕψος
741 1813 838 1883 τῆς
867 1813 1102 1884 θεωρίας
1121 1814 1202 1876 εἰς
1230 1812 1510 1884 οὐρανούς.
1556 1816 1702 1869 Ἐκεῖ

123 1909 148 1957 6
167 1905 302 1966 σίτος
321 1906 350 1956 6
376 1903 645 1974 στηρίζων
681 1905 908 1975 καρδίαν
932 1903 1244 1976 ἀνθρώπου,
1268 1906 1362 1960 καὶ
1389 1906 1550 1978 κριθὴ
1574 1908 1699 1972 τοὺς

121 1996 533 2068 ὑποδεεστέρους
560 1997 853 2069 τρέφουσα.
901 1998 1046 2050 Ἐκεῖ
1080 1998 1111 2068 ἡ
1151 1987 1375 2070 ἀληθινὴ
1401 1999 1641 2071 ἄμπελος
1670 2001 1698 2052 6

114 2091 367 2163 Χριστός.
406 2092 550 2144 Ἐκεῖ
577 2092 636 2144 τὸ
665 2091 844 2145 ἔλαιον
867 2092 928 2144 τὸ
967 2091 1212 2145 λιπαῖνον
1249 2092 1356 2147 τῶν
1389 2093 1552 2146 ὁσίων
1599 2093 1696 2158 τὰς

115 2185 374 2255 κεφαλάς.
422 2184 651 2256 Ὁμοίως
704 2185 801 2240 καὶ
848 2187 998 2257 ῥοαὶ,
1035 2184 1096 2237 τὸ
1124 2185 1295 2253 γλυκὺ
1339 2187 1438 2257 μὲν
1487 2187 1697 2242 ἔνδοθεν

113 2278 396 2351 φέρουσαι,
427 2279 528 2348 τῆς
567 2278 844 2342 πολιτείας
883 2277 938 2330 δὲ
965 2277 1026 2330 τὸ
1055 2276 1327 2348 αὐστηρὸν
1364 2278 1563 2345 ἔξωθεν
1611 2282 1697 2334 ὲν-

109 2372 428 2441 δυσάμεναι.
476 2372 622 2424 Ἐκεῖ
650 2371 681 2441 ἡ
713 2370 872 2442 συκῆ,
899 2369 996 2440 οὑχ
1024 2371 1056 2439 ἡ
1082 2369 1331 2444 ἄκαρπος
1361 2371 1453 2424 καὶ
1477 2371 1695 2440 φύλλοις

105 2465 353 2536 κομῶσα,
393 2464 504 2518 ἀλλ’
537 2467 570 2535 ἡ
602 2462 904 2516 πλουτοῦσα
936 2463 1031 2516 τοῦ
1065 2463 1371 2534 πνεύματος
1422 2463 1518 2535 τὴν
1567 2465 1696 2533 γλυ-

105 2558 329 2629 κύτητα.
384 2558 529 2610 Ἐκεῖ
558 2559 584 2610 6
617 2556 935 2626 γλυκασμὸς
959 2555 1055 2608 τοῦ
1092 2555 1373 2627 φάρυγγος
1399 2556 1493 2608 τοῦ
1517 2557 1692 2628 Σωτῆ-

101 2668 189 2721 ρος
228 2652 257 2703 6
287 2647 666 2719 ἐπιθυμητὸς,
711 2649 804 2701 καὶ¹
837 2647 904 2700 τὰ
935 2647 1085 2719 χείλη
1128 2649 1229 2718 τῆς
1271 2650 1329 2701 ὲν
1367 2648 1444 2720 τῷ
1488 2649 1694 2720 ᾅσματι

97 2743 314 2814 νύμφης
346 2742 548 2813 κηρίον
577 2740 952 2806 ἁποστάζοντα
972 2781 987 2806 ,
1019 2741 1112 2796 καὶ
1135 2742 1184 2794 οἱ
1214 2739 1351 2794 λίθοι
1379 2743 1428 2794 οἱ
1451 2741 1617 2810 ἅγιοι,
1641 2742 1692 2797 οἱ

95 2837 184 2888 ἐπὶ
212 2836 313 2906 τῆς
338 2834 454 2905 γῆς
489 2833 832 2896 κυλισθέντες
860 2834 996 2905 πρὸς
1025 2836 1365 2906 πειρασμοὺς
1400 2833 1690 2901 ἀνένδοτοι,

99 2928 189 2979 καὶ
216 2926 387 2996 φύσιν
416 2925 640 2998 σιδήρου
666 2923 1123 2995 ἀπομιμούμενοι.
1165 2925 1310 2977 Ἐκεῖ
1350 2924 1420 2978 τὰ
1457 2925 1694 2995 μέταλλα

93 3019 185 3071 τοῦ
254 3019 504 3090 χαλκοῦ,
556 3018 616 3084 ἐξ
662 3013 725 3071 οὖ
761 3017 857 3088 τὴν
905 3018 1102 3088 νοητὴν
1165 3017 1463 3073 πανοπλίαν
1525 3036 1691 3073 κατε-

96 3113 391 3168 οκεύασαν.
431 3112 542 3166 Καὶ
563 3112 624 3165 τὸ
650 3111 852 3165 τούτων
886 3111 1180 3181 κεφάλαιον
1211 3111 1505 3176 ἀπαύστως
1541 3112 1694 3165 εὑλο-

90 3207 205 3274 γεῖν
237 3207 336 3259 τὸν
368 3205 530 3259 Θεὸν.

168 3295 282 3349 Τοῦ
323 3295 540 3349 αὐτοῦ.
579 3295 692 3348 Οὑκ
715 3293 828 3348 ἔστι
853 3335 868 3359 ,
909 3293 1083 3366 φησὶ,
1124 3291 1280 3365 πηλῷ
1315 3294 1410 3348 καὶ
1443 3294 1692 3366 πλινθείᾳ

90 3389 356 3462 μοχθεῖν,
404 3389 506 3442 καὶ
547 3388 913 3459 ταλαιπωρεῖν
938 3427 952 3453 ,
993 3386 1130 3441 ἀλλὰ
1169 3387 1350 3452 λίθους
1403 3387 1547 3458 ἔχειν
1596 3389 1690 3442 καὶ

86 3484 312 3547 τούτους
364 3482 745 3554 ἰταμωτάτους
765 3521 781 3544 ,
813 3483 909 3535 καὶ
939 3481 1012 3554 μὴ
1050 3481 1249 3553 ῥαδίως
1281 3480 1687 3552 διαλυομένους,

85 3581 157 3642 ὡς
183 3581 282 3633 καὶ
309 3578 657 3648 οἰκοδομίαις
689 3577 942 3649 ἐξαρκεῖν
971 3578 1065 3630 καὶ
1094 3577 1188 3631 ἐπὶ
1224 3577 1358 3630 πολὺ
1391 3577 1685 3648 διαμένειν.

85 3673 272 3724 Ταῦτα
308 3671 370 3724 δὲ
408 3670 558 3739 λέγει
617 3670 714 3741 τὴν
765 3669 1003 3724 διάνοιαν
1041 3669 1220 3722 αὑτῶν
1260 3670 1558 3741 ἀποστῆναι
1589 3669 1690 3740 τῆς

85 3764 373 3834 Αἰγύπτου
411 3762 754 3833 βουλόμενος.
781 3760 879 3814 Διὰ
903 3761 1012 3834 γὰρ
1036 3761 1130 3814 τοῦ
1157 3761 1350 3826 εἰπεῖν,
1378 3781 1396 3812 ι
1419 3760 1683 3832 ἀγαθὴν,›

85 3859 133 3911 τὸ
161 3860 408 3929 γόνιμον
442 3856 628 3921 ἔδειξε·
662 3856 748 3909 διὰ
776 3855 831 3908 δὲ
862 3855 977 3918 τοῦ,
1012 3873 1030 3906 ι
1055 3855 1272 3923 πολλὴν,
1305 3875 1322 3907 ι
1359 3855 1420 3907 τὸ
1461 3855 1688 3925 μέγεθος

85 3955 165 4006 uti
198 3953 261 4006 τὸ
294 3951 535 4014 πλάτος.
570 3968 588 4000 ι
622 3941 696 4000 Ob
724 3947 1017 4019 χείμαρῤοι
1044 3946 1252 4001 ὑδάτων
1292 3944 1466 4018 (τοῦτο
1498 3947 1598 3999 οὑκ
1629 3949 1686 3999 ἐν

85 4045 401 4115 λξγύπτῳ),
438 4041 535 4096 καὶ
560 4041 734 4112 πηγαὶ
764 4039 1038 4093 ἀϐύσσωνο
1073 4059 1091 4092 ι
1130 4039 1267 4109 ὅπερ
1294 4038 1572 4109 ἐξαίρετον
1619 4041 1684 4110 τῇ

85 4141 137 4210 (ᾖ
189 4140 298 4210 τῆς
348 4133 711 4204 ἐπαγγελίας.
765 4131 1080 4205 Προσέθηκε
1149 4131 1208 4183 δὲ
1252 4131 1344 4184 καὶ
1407 4149 1424 4182 ι
1454 4129 1541 4183 διὰ
1579 4130 1687 4185 τῶν

85 4234 266 4304 ιρέωνο
301 4250 324 4282 ι
367 4231 515 4301 ὅπερ
553 4230 619 4299 τῇ
653 4225 914 4296 Αἰγύπτῳ
944 4226 1005 4278 οὑ
1037 4223 1350 4296 πρόσεστιν,
1397 4223 1511 4276 ἀλλ’
1564 4221 1686 4274 οὑδὲ

85 4324 353 4396 ιμπέλοις
385 4322 560 4392 κομᾷ,
595 4319 715 4372 οὐδὲ
747 4317 1008 4388 ἀφθονίαν
1041 4317 1152 4387 ἔχει
1179 4315 1381 4369 ὲλαίου⁶
1419 4316 1452 4387 ἡ
1489 4315 1548 4368 δὲ
1591 4313 1687 4384 τῆς

95 4417 433 4486 παγγελίοις
462 4414 532 4485 γῆ
571 4411 748 4465 πάντα
786 4408 1079 4472 πλουσίως.

127 4599 440 4666 Πρόσεχε
469 4590 724 4658 σεαυτῷ,
746 4590 832 4660 μὴ
855 4588 1112 4656 ἐπιλάϐῃ
1137 4587 1356 4655 Κυρίου
1403 4585 1509 4639 τοῦ
1537 4586 1686 4640 Θεοῦ

85 4707 202 4746 Ὄυ.
235 4690 421 4746 Μετὰ
472 4687 568 4758 τὴν
618 4687 724 4740 τῶν
761 4683 979 4754 ἀγαθῶν
1023 4681 1352 4751 ἐπαγγελίαν
1401 4681 1480 4743 είς
1525 4679 1689 4750 νῆψιν

91 4786 270 4847 ὑτοὺς
325 4780 707 4848 διανίστησιν,
753 4777 846 4830 τοῦ
889 4776 1180 4847 εὐεργέτου
1226 4772 1558 4844 μεμνῆσθαι,
1593 4774 1689 4826 καὶ

85 4883 131 4953 .ὴ
167 4879 512 4951 ἐξυϐρίζειν
539 4875 616 4947 τῷ
645 4875 810 4946 κόρῳ,
847 4855 980 4944 μηδὲ
1011 4871 1358 4942 περιφρονεῖν
1389 4868 1482 4921 τοῦ
1515 4868 1688 4922 ταῦτα

85 4974 508 5048 δωρησαμένου,
536 4970 632 5024 καὶ
651 4971 731 5022 ὅτι
760 4970 823 5020 ὲκ
845 4966 944 5036 τῆς
967 4965 1023 5018 ὲν
1051 4961 1311 5032 Αἰγύπτῳ
1339 4959 1581 5034 δουλείας
1610 4962 1690 5024 είς

85 5072 252 5126 λευθε
265 5073 406 5143 ρίαν
439 5068 638 5130 αὐτοὺς
666 5063 1046 5136 μετεκόμισεν.

124 5165 217 5218 Οὐ
277 5158 585 5225 ποιήσεις
623 5155 810 5220 οὕτως
845 5153 1042 5222 Κυρίῳ
1067 5149 1146 5216 τῷ
1175 5147 1296 5214 Θεῷ
1331 5163 1472 5205 σου.
1498 5148 1690 5201 Aleti-

85 5279 139 5312 αι
170 5257 241 5309 τὸ
273 5254 454 5307 θύειν
500 5251 569 5304 τὰ
608 5247 814 5303 ἑαυτῶν
856 5246 1022 5301 τέκνα
1069 5245 1194 5308 τοὺς
1234 5241 1556 5314 ἀνθρώπους
1579 5245 1693 5306 τοῖς

86 5353 199 5413 ιοῖς
235 5347 368 5400 τῶν
401 5342 602 5406 ἐθνῶν,
635 5341 710 5404 ῶς
738 5339 888 5410 ὠμὸν
930 5339 1022 5391 καὶ
1046 5335 1436 5408 ἀπάνθρωπονο
1462 5335 1536 5399 ὼς
1570 5332 1688 5404 βδε-

85 5440 282 5496 ρκτόν.
316 5435 455 5490 Καὶ
480 5433 605 5496 τοὺς
636 5431 896 5499 λέγοντας
925 5430 1085 5484 θύσαι
1117 5429 1256 5489 θεοῖς
1280 5424 1386 5479 τῶν
1427 5427 1595 5481 ἐθνῶν
1629 5428 1688 5479 οὑ

85 5541 218 5592 ονον
280 5531 754 5604 ἀποστρέφεσθαι
787 5529 886 5593 δεῖ,
923 5526 1058 5582 ἀλλὰ
1106 5525 1200 5580 καὶ
1239 5525 1335 5595 τὴν
1384 5525 1554 5595 ἀκοὴν
1580 5525 1692 5585 τοῖς

85 5632 239 5701 Syrth
266 5625 487 5682 αὐτῶν
510 5625 585 5694 μὴ
607 5622 850 5692 ὑπέχειν.

110 5817 163 5846 "‘
201 5815 392 5869 Deut.
435 5823 556 5870 vm,
593 5807 646 5863 7.
722 5807 769 5838 "
798 5805 953 5859 Deut.
986 5820 1066 5869 ιιι,
1107 5802 1197 5860 ll.
1273 5801 1319 5834 '"
1363 5767 1521 5855 Deut.
1556 5815 1650 5861 xu,
1675 5795 1730 5852 4.

413 5904 698 5965 Panos.
743 5903 858 5963 Gn.
890 5901 1025 5962 XII.

1817 521 1861 574 si
1907 519 2190 573 mandetur
2236 517 2533 573 commoda:
2580 525 2636 573 et
2682 519 2839 574 bonae
2892 527 3090 586 terrm,
3133 520 3234 576 hoc
3287 536 3393 590 est,

1816 611 2033 666 animm.
2073 610 2162 666 Est
2191 611 2358 665 etiam
2397 599 2593 665 manna
2622 611 2823 666 album.
2851 611 3057 666 Lumen
3089 615 3234 668 enim
3270 630 3394 669 ver-

1815 703 1940 758 bum
1955 711 2060 766 est,
2077 703 2237 772 idque
2257 701 2622 772 splendidum,
2641 716 2702 756 ac
2717 702 2946 772 proinde
2971 717 3186 771 quoque
3211 704 3392 759 album

1814 796 1862 850 ei
1896 795 1985 865 qui
2019 795 2192 864 ipsum
2231 793 2506 863 intelligit,
2536 795 2604 850 ab
2632 809 2804 864 eoque
2831 795 3088 850 nutritur.
3111 796 3204 850 Est
3228 797 3391 853 etiam

1817 897 2074 956 tanquam
2117 885 2259 957 gelu.
2302 885 2629 940 Contortum
2679 887 2824 942 enim
2856 896 2940 942 est
2971 898 3025 941 et
3071 889 3390 950 neutiquam

1813 976 2095 1034 ﬂaccidum
2137 992 2312 1047 neque
2360 977 2589 1043 ﬂuxum,
2641 981 2734 1032 sed
2788 990 3124 1034 concretum.
3157 980 3393 1037 leeste

1813 1073 2013 1142 quippe
2052 1073 2276 1127 verbum
2307 1079 2411 1137 est,
2443 1087 2508 1125 ae
2544 1070 2702 1125 uobis
2729 1071 2971 1127 cmlestia
3003 1076 3316 1130 annuntiat.

1888 1164 2143 1236 Dominus
2190 1166 2329 1220 enim
2386 1164 2526 1219 Deus
2578 1175 2700 1220 tuus
2751 1166 2967 1219 inducet
3012 1177 3060 1220 le
3091 1169 3144 1222 in
3191 1172 3390 1223 terrain

1813 1258 2001 1311 bonam
2051 1265 2101 1310 et
2162 1257 2384 1311 multam
2412 1259 2480 1311 '“.
2514 1257 2683 1314 Nobis
2736 1259 2988 1314 Christus
3028 1275 3135 1315 non
3171 1276 3232 1315 se
3275 1263 3392 1317 haec

1811 1350 2068 1401 daturum
2108 1349 2378 1418 promisit,
2411 1350 2506 1403 sed
2541 1350 2799 1404 caelorum
2832 1365 3080 1420 regnum,
3107 1361 3161 1408 et
3189 1361 3386 1407 terram

1813 1441 2010 1493 bonam
2035 1448 2091 1495 et
2115 1451 2398 1508 aeternam,
2427 1443 2585 1513 cujus
2615 1452 2831 1498 torrens
2860 1443 3115 1500 Christus
3142 1445 3258 1515 ipse
3284 1455 3389 1515 est,

1811 1540 2006 1599 potans
2060 1535 2341 1602 sapientiae
2380 1549 2492 1589 sua:
2528 1535 2771 1591 ﬂuentis.
2814 1535 3083 1592 Caeterum
3118 1546 3387 1594 torrentes

1810 1636 1909 1690 per
1937 1625 2237 1694 explicatos
2268 1627 2551 1683 hominum
2589 1629 2993 1686 submissorum
3019 1629 3390 1700 fertiliumque

1811 1729 2034 1786 campos
2071 1725 2522 1787 erumpunt,'nec
2558 1734 2662 1776 non
2695 1735 2792 1790 per
2815 1730 3028 1777 montes
3053 1723 3390 1779 sublimitate

1733 1807 1774 1861 Β
1808 1800 2284 1880 contemplationis
2326 1813 2392 1866 ad
2447 1813 2615 1868 malos
2683 1829 2852 1883 usque
2904 1814 3096 1870 elatos.
3140 1815 3255 1872 Illic
3305 1829 3390 1872 est

1810 1901 2143 1959 frumentum
2191 1907 2333 1975 quod
2391 1906 2669 1962 inferioris
2700 1907 2869 1962 sortis
2905 1908 3154 1964 homines
3191 1911 3384 1964 nutrit.

1804 1993 1920 2051 Illic
1971 2012 2094 2052 vera
2143 1999 2266 2053 vitis
2312 2006 2395 2054 est
2433 1997 2701 2055 Christus.
2737 2000 2854 2056 Illic
2893 2010 2977 2056 est
3022 2002 3225 2066 oleum,
3259 2019 3388 2059 sau-

1805 2100 2017 2144 ctormn
2053 2091 2397 2162 impinguans
2433 2093 2634 2162 capita.
2665 2092 2746 2148 Ita
2779 2108 2998 2163 quoque
3025 2093 3227 2151 ﬂuenta
3257 2105 3386 2153 sunt

1805 2181 2150 2261 dulcedinem
2185 2182 2330 2236 intra
2381 2198 2444 2238 se
2492 2184 2750 2250 ferentia,
2776 2185 2979 2255 politiae
3010 2202 3140 2244 vero
3170 2189 3388 2243 acerbi-
3473 2253 3482 2262 .

1805 2283 1974 2328 tatem
2028 2273 2340 2330 forinsecus
2391 2275 2860 2331 circumlabentis.
2916 2277 3028 2333 Illic
3080 2277 3214 2334 ficus
3261 2296 3384 2350 qua

1803 2381 2001 2436 magna
2033 2367 2282 2422 ubertate
2330 2368 2558 2438 spiritus
2591 2367 2910 2422 suavitatem
2947 2369 3140 2440 gignit,
3183 2386 3287 2426 non
3320 2388 3384 2427 ea

1801 2473 1937 2513 vero
1966 2474 2085 2528 qua
2111 2460 2318 2515 sterilis
2350 2471 2455 2527 est,
2507 2475 2572 2515 ac
2602 2460 2748 2514 foliis
2784 2459 2963 2515 solum
2988 2471 3238 2517 ornatur.
3271 2463 3385 2518 Illic

1801 2551 2030 2607 dulcedo
2067 2551 2308 2608 faucium
2355 2553 2659 2608 Salvatoris
2690 2553 3022 2620 desiderata,
3063 2563 3117 2609 et
3146 2555 3287 2610 labia
3320 2556 3384 2610 il-

1802 2641 1906 2698 lius
1933 2644 1997 2697 de
2025 2659 2130 2714 qua
2171 2646 2224 2698 in
2275 2646 2516 2708 cantico,
2553 2660 2766 2715 sponsae
2792 2647 2898 2702 mel
2939 2647 3225 2701 stillantia.
3269 2646 3382 2703 Illic

1800 2735 2012 2800 lapides
2035 2736 2235 2804 sancti,
2257 2750 2420 2808 super
2447 2745 2594 2792 terra
2620 2738 2852 2793 volutati
2877 2749 2933 2793 et
2957 2740 3023 2794 ad
3053 2746 3197 2793 tenta
3210 2739 3384 2794 tiones

1802 2828 2045 2898 infracti,
2081 2842 2136 2885 et
2187 2829 2320 2885 ferri
2368 2840 2618 2886 naturam
2675 2832 2974 2888 imitantes.
3019 2832 3134 2888 lllic
3162 2835 3380 2889 metalla

1800 2923 1950 2987 reris,
1981 2937 2051 2977 ex
2085 2937 2192 2992 quo
2218 2933 2558 2979 armaturam
2597 2924 2937 2994 spiritualem
2979 2926 3244 2981 certaturi
3296 2928 3383 2982 in-

1800 3023 2140 3072 struxerunt.
2192 3015 2397 3070 Horum
2447 3024 2610 3084 caput
2655 3025 2775 3081 est,
2807 3017 2977 3074 Deum
3011 3019 3383 3076 indesinenter

1801 3105 2056 3162 laudibus
2086 3107 2388 3163 celebrare.

1869 3287 2148 3357 Ejusdem.
2177 3286 2294 3342 Non
2322 3296 2430 3352 est,
2457 3288 2634 3358 inquit
2661 3327 2677 3352 ,
2727 3288 2837 3344 illic
2873 3288 2924 3342 in
2973 3290 3088 3344 luto
3116 3297 3170 3344 et
3196 3290 3381 3347 lateri-

1798 3377 1899 3433 bus
1937 3378 2114 3442 labor,
2149 3394 2326 3450 neque
2358 3381 2598 3446 miseria,
2634 3383 2730 3434 sed
2767 3380 2973 3448 lapides
3005 3380 3216 3436 affatim
3250 3391 3380 3437 sunt

1799 3471 1893 3539 qui
1929 3481 2124 3540 sponte
2167 3484 2228 3525 se
2259 3470 2520 3535 oll‘erunt,
2553 3486 2730 3542 neque
2775 3470 2935 3526 facile
2967 3471 3376 3538 dissolvuntur,

1799 3561 1873 3615 ita
1911 3573 1970 3616 ut
2012 3570 2069 3617 et
2113 3561 2359 3618 aediliciis
2390 3561 2680 3626 sufﬁciant,
2719 3573 2771 3616 et
2803 3563 2870 3616 ad
2906 3561 3132 3617 multum
3169 3572 3382 3633 tempus

1797 3655 2116 3725 perdurent.
2154 3654 2282 3710 Haec
2307 3664 2487 3709 autem
2516 3654 2672 3718 dicit,
2716 3661 2778 3708 ut
2814 3667 3006 3709 eorum
3039 3663 3277 3710 mentem
3309 3658 3377 3710 ab

1797 3747 2030 3819 Egypto
2061 3757 2292 3803 avertat.
2324 3748 2459 3805 Cum
2496 3749 2642 3804 enim
2686 3749 2783 3813 ait,
2818 3765 2838 3801 ι
2873 3749 3154 3815 ιιοηεηι,“»
3183 3749 3398 3813 fertili-_

1797 3852 1962 3898 tatem
1996 3843 2166 3914 389
2211 3845 2470 3899 ostendit.
2519 3843 2656 3900 Cum
2704 3859 2836 3899 vero
2880 3843 2978 3910 ait,
3008 3862 3027 3896 ι
3054 3845 3278 3898 multam
3301 3884 3318 3912 ,
3350 3863 3373 3899 ι

1797 3935 2229 4000 magnitudinem
2261 3945 2316 3990 et
2357 3935 2700 3990 latitudinem
2752 3936 3040 3991 indicavit.
3076 3954 3096 3987 ι
3131 3935 3233 3992 Ubi
3267 3947 3380 3992 tor-

1797 4038 1983 4083 rentes
2031 4043 2297 4099 aquarum
2352 4028 2478 4098 (hoc
2527 4029 2723 4083 nonin
2774 4028 3035 4101 Egypto)
3092 4039 3147 4086 et
3196 4031 3378 4088 fontes

1796 4121 2158 4192 abyssorum,
2193 4141 2214 4174 ι
2265 4123 2410 4192 quod
2462 4131 2624 4177 terrae
2669 4124 3047 4192 promissionis
3097 4125 3380 4193 peculiare

1795 4222 1900 4266 est.
1949 4215 2179 4270 Addidit
2209 4216 2394 4283 etiam,
2436 4234 2456 4268 ι
2493 4232 2589 4282 per
2641 4226 2872 4284 montes,
2905 4235 2925 4270 ι
2978 4217 3176 4288 quibus
3227 4227 3379 4273 caret

1794 4300 2088 4374 Egyptus,
2115 4321 2236 4375 quae
2265 4321 2363 4364 nec
2402 4308 2858 4377 viueis'abundat,
2887 4297 2990 4376 nec
3031 4309 3137 4366 olei
3160 4311 3374 4380 cepiam

1801 4400 1994 4467 habet;
2030 4410 2172 4455 terra
2221 4410 2403 4456 autem
2446 4400 2818 4470 promissionis
2868 4383 3109 4453 omnium
3147 4398 3363 4452 abunde

1800 4493 1968 4550 ferax.

1869 4586 2092 4639 Attende
2135 4586 2258 4650 tibi,
2305 4603 2367 4639 ne
2412 4588 2728 4641 obliviscaris
2775 4587 2984 4640 Domini
3029 4586 3127 4640 Dei
3176 4589 3255 4640 tui
3297 4589 3364 4641 ⁷³.

1804 4678 1933 4732 Ροει
1975 4678 2239 4732 bonorum
2285 4679 2730 4746 promissionem.
2768 4679 2834 4733 ad
2875 4679 3221 4734 sobrietatem
3273 4697 3368 4736 eos

1804 4779 2048 4836 revocat,
2091 4779 2151 4824 ut
2201 4770 2558 4826 benefactoris
2601 4771 2982 4838 meminerint,
3036 4789 3212 4842 neque
3255 4789 3369 4843 prae

1805 4863 2049 4917 satietate
2084 4863 2436 4928 insolescant,
2489 4879 2664 4933 neque
2711 4873 3062 4919 contemnant
3105 4879 3227 4919 eum
3275 4865 3368 4934 qui

1805 4955 1884 5009 eis
1911 4955 2028 5009 haec
2058 4955 2197 5010 bona
2226 4955 2392 5018 dedit,
2424 4966 2479 5011 et
2500 4956 2568 5012 ab
2595 4956 2806 5028 Egypti
2836 4958 3096 5014 servitute
3123 4959 3177 5012 in
3207 4958 3367 5013 Iiber-

1804 5057 1968 5102 tatem
1997 5064 2091 5103 eos
2125 5050 2412 5104 transtulit.

1875 5144 1994 5198 Non
2030 5146 2189 5215 {acies
2227 5147 2301 5199 sic
2349 5144 2564 5198 Domino
2608 5145 2714 5199 Deo
2745 5155 2832 5198 tuo
2863 5147 2927 5200 ⁷³.
2960 5146 3144 5218 Carpit
3172 5149 3369 5203 erude-

1809 5248 1950 5305 lcm,
2007 5243 2357 5296 inhumanum
2420 5252 2577 5305 atque
2644 5243 3033 5297 exsecrandum
3089 5243 3368 5297 hominum

1798 5344 2006 5385 morem
2041 5327 2132 5397 qui
2183 5326 2435 5397 proprios
2470 5325 2674 5380 liberos
2704 5324 2806 5379 diis
2851 5323 3088 5394 gentium
3130 5317 3379 5373 immola-

1799 5425 1952 5480 bant.
1985 5420 2171 5492 Neque
2204 5420 2378 5476 solum
2416 5419 2654 5491 fugiendi
2689 5427 2813 5473 sunt
2843 5416 2934 5485 qui
2967 5415 3158 5468 dicunt
3184 5425 3243 5465 se
3273 5410 3380 5462 diis

1799 5515 2041 5585 gentium
2074 5512 2376 5578 immolare,
2401 5516 2495 5567 sed
2529 5527 2700 5580 neque
2732 5508 2879 5564 auris
2901 5521 3089 5562 eorum
3112 5500 3381 5559 sermoni-

1802 5612 1900 5666 bus
1925 5609 2236 5681 praebenda.

3003 5883 3084 5941 26
