3798 6384
395 242 494 300 sn
1768 233 1860 291 ex
1896 231 2194 293 omam
3027 202 3050 216 ”
3502 233 3589 292 tua

474 364 652 435 Neque
679 361 897 432 adjicies
941 359 1010 414 ad
1051 357 1208 422 illud,
1246 373 1409 427 neque
1453 356 1662 426 auferes
1703 358 1767 410 ab
1803 375 1863 411 eo
1895 358 1964 412 “.

2142 355 2224 410 Οὐ
2285 352 2657 422 προσθήσεις
2699 348 2792 403 ἐπ’
2843 347 3016 412 αὐτὸ,
3064 345 3205 401 οὐδὲ
3248 345 3466 416 ἀφελεῖς
3512 337 3587 403 ἀπ’

401 458 663 513 llomines
688 454 782 524 qui
809 461 1057 522 peccant,
1087 449 1386 519 generatim
1412 448 1696 518 dupliciter
1722 463 1901 517 peccat

2089 449 2282 502 κὺτοῦ.
2339 447 2404 501 0i.
2474 444 2749 517 ἄνθρωποι
2810 442 3213 515 ἁμαρτάνοντες
3261 440 3443 510 γενικῷ
3482 442 3589 511 λόγῳ

398 551 479 606 vel
497 546 942 617 transgrediendo
971 543 1250 606 mandata,
1280 541 1365 596 vel
1386 541 1716 597 cvacuando.
1747 541 1896 608 Quan

2091 543 2238 614 ῑιχῶς
2258 542 2686 614 ἁμαρτάνουσιν,
2711 541 2745 612 ἦ
2797 539 3215 611 ὑπερϐαίνοντες
3241 537 3334 600 τὰς
3367 538 3591 612 ἔντυλάςῆ

396 644 542 699 enim
578 656 681 694 non
713 653 777 694 ex
809 635 1097 706 disciplina
1128 636 1386 698 vivimus,
1437 647 1611 703 neque
1640 647 1896 704 cognosce

2092 635 2482 698 ὅποκενοῦντες.
2520 635 2686 688 Ὅταν
2725 632 2833 704 γὰρ
2878 631 2952 702 μὴ
2999 629 3106 684 ἀπὸ
3158 630 3447 700 ἐπιστήμης
3477 630 3592 684 πολι·

399 744 480 790 tes
515 730 738 804 iustitiae
769 742 1056 784 mensuras
1082 726 1356 790 fallimur;
1391 725 1519 780 item
1551 724 1771 793 quando
1811 739 1899 793 reg

2093 727 2367 798 τευόμεθα,
2409 725 2541 797 μηδὲ
2567 725 2928 794 γινώσκοντες
2953 722 3021 775 τὰ
3052 721 3349 809 μέτραιτῆς
3373 722 3593 777 δικαιοσύ-

398 827 504 880 lam
559 821 1014 894 transgredimur,
1055 819 1261 892 opinati
1311 817 1509 874 melius
1541 816 1670 888 quid
1718 831 1898 888 agere,

2094 839 2172 893 mc
2201 820 2565 890 σφαλλόμεθα,
2601 819 2696 874 καὶ
2722 817 2833 871 ἐσθ’
2871 816 2957 869 ὅτε
2991 812 3397 884 ὑπερϐαίνοντες
3418 814 3495 867 τὸν
3517 831 3594 868 κα-

397 932 564 990 scopo
595 916 939 972 aberramus.

2097 913 2222 978 μόνα,
2252 911 2523 983 φαντασίᾳ
2551 910 2646 964 τοῦ
2698 909 2872 963 ποιεῖν
2912 924 2965 959 τι
3007 908 3280 977 κρεῖττον,
3313 906 3597 977 ὲκπίπτομεν

2075 1006 2168 1060 τοῦ
2195 1004 2579 1075 προκειμένου.

433 1095 744 1174 'Ejusdem.
787 1097 887 1166 Qui
922 1096 1089 1166 igitur
1133 1110 1237 1151 non
1275 1093 1458 1150 omnia
1501 1091 1730 1158 faciunt,
1764 1090 1848 1147 vel
1881 1105 1933 1161 qt

2151 1096 2264 1152 Τοῦ
2309 1095 2515 1152 αὑτοῦ.
2573 1096 2636 1148 υἱ
2692 1087 2786 1148 οὖν
2837 1095 2910 1168 μὴ
2955 1094 3235 1165 ποιοῦντες
3284 1093 3463 1158 πάντα,
3504 1092 3599 1164 ῆοί

397 1192 629 1263 amplius
662 1189 890 1254 faciunt,
922 1189 1097 1258 legem
1125 1186 1620 1255 transgrediuntur.

2077 1189 2258 1244 πλεῖόν
2282 1207 2333 1242 τι
2364 1187 2660 1252 ποιοῦντες,
2694 1188 3021 1260 παράνομοι.
3421 1200 3423 1204 ’

469 1283 638 1340 Omne
663 1297 820 1352 pecus
847 1281 1095 1351 difﬁssum
1121 1279 1318 1333 habens
1345 1279 1621 1348 ungulam,
1645 1286 1693 1329 et
1720 1275 1969 1329 reducens

2149 1279 2277 1335 Πᾶν
2302 1278 2523 1348 κτῆνος
2560 1277 2858 1346 διχηλοῦν
2887 1278 3111 1348 ὁπλὴν,
3161 1279 3258 1332 καί
3287 1275 3494 1346 ἀνάγον
3521 1296 3602 1346 μη-

397 1377 806 1432 ruminationem
832 1374 897 1429 ".
942 1372 1151 1427 Diil‘tssa
1187 1370 1407 1441 ungula,
1439 1369 1707 1440 signiﬁcat
1731 1367 1835 1422 iter
1866 1382 1897 1437 q

2102 1377 2390 1444 ›υκισμόν.
2422 1374 2496 1426 Τὸ
2543 1373 2640 1444 μὲν
2686 1372 2920 1445 διχηλεῖν
2945 1374 3038 1427 ἐπὶ
3076 1374 3176 1444 τῆς
3211 1373 3394 1443 ὁπλῆς,
3419 1372 3502 1442 τὴν
3531 1389 3602 1425 πο·

397 1470 463 1525 ad
491 1468 759 1540 quaslibet
804 1468 974 1521 bonas
1001 1463 1316 1533 disciplinas
1363 1461 1728 1532 pervenimus.
1786 1459 1897 1513 Run

2104 1469 2228 1522 νείαν
2256 1467 2377 1522 καθ’
2403 1467 2472 1538 ῆν
2505 1466 2640 1538 πρὸς
2666 1469 2773 1520 πᾶν
2800 1467 2978 1522 ὁτιοῦν
3000 1467 3273 1538 ἐρχόμεθα
3297 1465 3402 1520 τῶν
3428 1464 3604 1533 ἀγαθῶν

397 1576 534 1616 nare
561 1569 740 1616 autem
768 1569 853 1614 est
901 1571 1118 1612 sursum
1169 1556 1535 1624 deorsumque
1579 1567 1784 1624 ponere
1826 1553 1894 1608 Sc

2105 1560 2508 1631 mou8aapd1tov
2535 1561 2842 1631 ὲμφάνειενο
2863 1562 2891 1613 ὁ
2905 1560 2961 1613 δὲ
2993 1559 3358 1632 μηρυκισμὸς,
3379 1562 3434 1612 τὸ
3459 1559 3605 1612 duum

396 1662 572 1724 plura!
617 1651 879 1706 divinitus
926 1649 1202 1717 inspirata:
1251 1647 1441 1710 verba,
1471 1654 1525 1700 et
1557 1645 1722 1699 veluti
1769 1644 1896 1698 itert

2109 1655 2170 1707 ni.
2195 1655 2345 1708 κάτω
2379 1654 2553 1706 ποιεῖν
2581 1653 2680 1724 τῆς
2729 1653 3088 1707 θεοπνεύστου
3135 1653 3359 1724 Γραφῆς
3402 1654 3510 1715 τοὺς
3543 1651 3609 1705 λι-

396 1744 653 1800 ntandere
680 1751 736 1796 et
785 1739 1158 1796 comminuere
1204 1736 1738 1808 perscrutationibus
1765 1750 1896 1793 occu

2110 1765 2234 1813 ὀυς,
2258 1748 2350 1800 καὶ
2375 1741 2486 1800 οἷον
2519 1717 2900 1816 ἀναμασᾶσθαι
2932 1746 3026 1798 καὶ
3056 1717 3470 1799 καταλεπτύνειν
3491 1744 3610 1816 ἐρεύ-

395 1836 754 1891 theoremata.

2082 1856 2202 1902 ναις
2231 1837 2298 1892 τά
2325 1836 2682 1909 κεκρυμμένα
2712 1835 2819 1889 τῶν
2844 1835 3234 1909 θεωρημάτων.
3383 1845 3387 1848 ’

469 1927 662 1984 Omnia
688 1927 876 1998 quibus
902 1935 1021 1980 sunt
1045 1925 1099 1980 in
1123 1925 1195 1980 eis
1219 1923 1462 1994 pennula:
1487 1930 1537 1977 et
1562 1937 1814 1994 squamce,
1834 1937 1969 1976 com-

2147 1931 2350 1985 Πάντα
2391 1929 2508 1983 ὅσα
2545 1929 2718 1984 ἐστίν
2757 1929 2828 1982 ἐν
2851 1929 3058 1995 αὐτοῖς
3099 1930 3386 1999 πτερύγια
3424 1928 3510 1983 καὶ
3539 1933 3613 1984 λε-

392 2020 559 2076 edetis
593 2019 662 2074 ⁷⁸.
703 2017 974 2084 Volatilia,
1018 2017 1251 2087 opinor,
1302 2028 1641 2085 quaecunque
1679 2024 1830 2084 patos
1873 2014 1892 2067 l

2114 2025 2273 2090 τίδες,
2301 2023 2582 2094 φάγεσθε.
2608 2023 2730 2078 Τῶν
2755 2023 2974 2094 πτηνῶν
3007 2017 3158 2094 οἶμαι
3197 2023 3302 2078 ὅσα
3347 2023 3439 2095 μὲν
3471 2023 3614 2077 σκόλο-

394 2115 522 2170 bent
574 2113 713 2167 infra
758 2127 930 2183 genua
961 2126 1125 2182 supra
1174 2111 1360 2181 pedes,
1398 2108 1514 2163 vult
1560 2122 1680 2164 esse
1731 2105 1894 2161 mund

2116 2134 2192 2180 τας
2234 2115 2347 2186 ἔχει
2399 2113 2698 2187 κατωτέρω
2740 2114 2848 2167 τῶν
2883 2114 3128 2184 γονάτων
3171 2115 3317 2189 ὑπὲρ
3355 2116 3447 2180 τὰς
3472 2116 3616 2187 βάσεις

395 2219 732 2275 quaecunque
761 2214 943 2258 autem
977 2217 1081 2257 non
1107 2202 1327 2267 habent,
1365 2216 1486 2256 esse
1517 2200 1817 2255 immunda.

2082 2209 2300 2282 καθαρά
2340 2205 2476 2263 εἶναι
2510 2208 2778 2280 βούλεταιο
2804 2209 2904 2263 ὅσα
2934 2209 2991 2263 δὲ
3021 2210 3116 2282 μὴ,
3143 2210 3445 2283 ἀκάθαρτα.

465 2294 832 2350 Festiuitatem
860 2294 1319 2348 tabernaculorum
1346 2293 1508 2362 facies
1531 2293 1626 2346 tibi
1649 2301 1838 2362 septem
1865 2291 1965 2344 die-

2165 2302 2408 2372 Ἐορτὴν
2423 2301 2670 2370 σκηνῶν
2693 2301 2969 2368 ποιήσεις
2993 2301 3227 2368 σεαυτῷ
3246 2305 3400 2358 ἑπτὰ
3421 2303 3616 2373 ἡμέρας.

393 2388 490 2442 bus
512 2389 580 2441 ".
619 2386 924 2442 Invenimus
950 2386 1004 2441 in
1032 2384 1334 2454 Scripturis
1357 2399 1554 2439 nomen
1585 2381 1893 2438 festivitatis

2119 2377 2423 2467 ἰὺρίσκομεν
2451 2396 2510 2448 ὲν
2545 2397 2666 2459 ταῖς
2696 2395 2938 2464 Γραφαῖς
2965 2395 3024 2448 τὸ
3043 2395 3213 2466 ὃνομα
3236 2397 3344 2468 τῆς
3366 2398 3619 2470 ἑορτῆςιαὶ

396 2478 782 2544 solemnitatis,
817 2486 877 2532 ut
904 2493 1030 2533 cum
1071 2480 1334 2546 propheta
1368 2475 1504 2532 dicit
1527 2475 1572 2507 ⁷⁸
1612 2493 1625 2528 :
1659 2493 1677 2526 ι
1714 2474 1853 2541 Quid
1894 2484 1896 2525 ι

2117 2490 2179 2561 ἧς
2206 2487 2585 2559 πανηγύρεως,
2612 2485 2800 2558 ὥσπερ
2832 2486 2984 2559 παρὰ
3021 2486 3099 2558 τῷ
3138 2491 3396 2560 προφήτῃ
3421 2489 3617 2557 λέγοντι·

393 2571 551 2628 cietis
581 2572 634 2626 in
672 2572 758 2628 die
782 2571 1171 2634 solemnitatis,
1201 2579 1255 2624 et
1284 2570 1334 2623 in
1375 2568 1464 2623 die
1512 2567 1832 2623 festivitatis
1869 2565 1893 2619 Ι

2143 2582 2208 2634 Τί
2236 2582 2489 2652 ποιήσετε
2527 2582 2584 2633 ὲν
2632 2579 2816 2652 ἡμέρᾳ
2855 2579 3211 2654 πανηγύρεως
3248 2583 3350 2636 καὶ
3386 2583 3441 2635 ὲν
3478 2581 3621 2653 ἡμέρᾳ

396 2665 566 2721 mini?
617 2682 636 2716 ι
684 2664 1043 2732 Quaerendum
1085 2673 1170 2719 est
1223 2663 1522 2718 discrimen
1573 2662 1879 2717 festivitatis

2123 2675 2279 2748 ψτῆς
2305 2674 2546 2747 κυρίους
2582 2692 2600 2726 ι
2633 2673 2902 2746 Ζητητέον
2930 2672 3029 2745 τὴν
3058 2673 3324 2746 διαφοράν
3357 2673 3534 2746 ἑορτῆς
3551 2674 3623 2726 καὶ

393 2759 780 2816 solemnitatis.
803 2756 993 2814 Omnis
1015 2759 1228 2828 itaque,
1261 2767 1322 2812 ut
1356 2758 1428 2812 ita
1457 2756 1658 2822 dicam,
1691 2755 1804 2810 dies
1837 2755 1892 2810 hi

2123 2759 2466 2833 avnydpewg.
2508 2760 2665 2813 Πᾶσα
2710 2758 2809 2830 μὲν
2849 2755 2964 2823 οὖν,
2994 2759 3060 2814 ἶν’
3089 2759 3264 2824 οὕτως
3305 2761 3462 2824 εἴπω,
3499 2759 3623 2830 ἱλαρὰ

396 2853 473 2908 ris
495 2852 550 2907 in
579 2866 685 2921 qua
713 2851 915 2906 eximia
953 2851 1199 2922 quaedam
1236 2849 1625 2921 praecipiuntur
1651 2863 1771 2918 qua:
1797 2847 1848 2902 in
1872 2862 1896 2902 c

2124 2855 2286 2926 μέρα,
2331 2855 2389 2907 ὲν
2538 2853 2939 2924 προστέτακται
2978 2854 3054 2918 ὡς
3097 2855 3154 2907 ὲν
3194 2855 3333 2925 ἁγίᾳ
3378 2853 3497 2907 τάδε
3534 2855 3623 2906 τινὰ

397 2946 531 3002 teris
562 2962 671 3001 non
703 2947 862 3011 iiunt,
891 2945 1164 3001 festivitas
1203 2954 1452 3000 vocatur.
1504 2944 1620 2998 Non
1649 2942 1830 2998 omnis
1877 2956 1897 2995 ε

2126 2942 2235 3012 αρὰ
2276 2943 2374 3006 τὰς
2418 2942 2610 3007 λοιπὰς
2637 2947 2808 2997 ποιεῖν
2844 2944 3118 3017 ἐξαίρετα,
3163 2945 3330 3017 ἑορτὴ
3387 2945 3622 2999 καλεῖται·

397 3047 504 3096 tem
543 3038 810 3093 festivitas
837 3047 920 3094 est
950 3037 1293 3100 solemnitas,
1325 3038 1420 3092 sed
1443 3052 1564 3093 cum
1603 3036 1759 3108 juxta
1794 3050 1897 3090 non

2125 3035 2141 3087 '1
2173 3037 2322 3088 πᾶσα
2348 3036 2405 3088 δέ
2437 3037 2552 3089 ἐστι
2580 3039 2902 3109 πανήγυρις,
2940 3035 3076 3090 ἀλλὰ
3110 3035 3249 3090 κατά
3278 3038 3342 3090 τὸ
3366 3037 3538 3107 ὄνομα,
3559 3037 3625 3089 ὅτε

395 3130 482 3186 nis
518 3128 898 3200 etymologiam
948 3129 1307 3198 undequaque
1352 3129 1680 3183 conveniunt
1735 3126 1895 3182 Hebr:

2123 3128 2175 3180 πὶ
2199 3127 2260 3180 τὸ
2303 3127 2435 3182 αὐτὸ
2470 3129 2905 3201 συναθροίζονται
2945 3130 2993 3182 oi
3036 3129 3378 3200 πανταχόθεν
3407 3129 3623 3200 Ἑϐραῖοι.

397 3221 472 3276 ita
503 3219 745 3290 utjuxta
797 3219 928 3274 illud
973 3219 1289 3275 solemnitas
1320 3221 1394 3275 sit
1437 3220 1731 3284 festivitas,
1782 3226 1836 3273 at
1867 3237 1897 3274 n

2122 3237 2224 3273 ιστε
2264 3221 2404 3274 κατὰ
2436 3220 2594 3275 τοῦτο
2626 3221 2724 3293 τὴν
2767 3221 2867 3292 μὲν
2907 3221 3210 3294 πανήγυριν
3258 3217 3404 3278 εἶναι
3447 3221 3622 3294 ἑορτὴν,

396 3315 516 3368 vice
541 3316 696 3367 versa
728 3311 999 3367 festivitas
1027 3312 1252 3366 omnino
1301 3312 1373 3368 sit
1421 3311 1586 3382 390
1635 3309 1896 3365 solemnit:

2125 3317 2266 3370 ὒκέτι
2298 3317 2355 3371 δὲ
2386 3318 2602 3382 πάντως
2633 3316 2730 3391 τὴν
2758 3315 2951 3388 ἑορτὴν
2991 3317 3298 3388 πανήγυριν
3319 3335 3332 3348 ·
3383 3311 3488 3371 οἷον
3523 3314 3625 3369 σάϐ-

395 3406 644 3478 Exempli
693 3421 857 3461 causa
915 3405 1143 3461 sabbata
1211 3415 1267 3460 et
1325 3405 1596 3460 novilunia
1658 3402 1891 3458 festivita

2127 3428 2224 3464 κτα
2257 3409 2350 3464 καὶ
2388 3410 2694 3482 νεομηνίαι,
2720 3409 2904 3480 ἑορταί
2941 3409 3108 3462 εἰσιν·
3153 3409 3342 3480 ἄζυμα
3384 3411 3440 3465 δὲ
3471 3410 3552 3464 καὶ
3584 3408 3627 3461 ai

394 3511 557 3566 sunt;
590 3513 777 3570 azyma
803 3512 933 3553 vero
961 3497 1156 3552 etdies
1189 3497 1648 3552 hebdomadarum
1688 3509 1752 3549 ac
1789 3509 1894 3548 scel

2127 3502 2285 3574 μέραι
2327 3500 2436 3556 τῶν
2470 3501 2777 3573 ἑϐδομάδων
2803 3501 2898 3555 καὶ
2926 3501 3290 3574 σκηνοπηγίαι
3318 3503 3380 3556 οὐ
3413 3502 3556 3574 μόνον
3585 3501 3627 3554 αἱ

395 3593 586 3663 pegiaa,
644 3606 750 3647 non
794 3590 970 3646 solum
1007 3589 1338 3645 festivitates
1364 3595 1513 3654 sunt,
1545 3586 1640 3642 sed
1689 3588 1856 3642 etiam
1891 3605 1895 3638 ε

2129 3595 2288 3666 ιρταὶ,
2316 3593 2453 3646 ἀλλά
2494 3594 2585 3648 καὶ
2611 3592 2965 3666 πανηγύρεις,
3001 3594 3088 3647 ὅτε
3128 3593 3522 3666 προστέτακται
3545 3595 3629 3647 πᾶν

395 3684 734 3748 lemnitates,
787 3683 1009 3752 quando
1038 3695 1199 3736 omne
1236 3679 1594 3736 masculinum
1625 3678 1895 3749 jubetura

2127 3683 2368 3756 ρσενικὺν
2395 3683 2675 3752 φαίνεσθαι
2703 3682 2934 3737 ἐνώπιον
2959 3683 3164 3756 Κυρίου
3191 3683 3286 3739 τοῦ
3298 3685 3432 3743 Θεοῦ
3465 3703 3546 3739 σου
3565 3686 3627 3748 εἰς

395 3789 593 3845 parere
617 3774 674 3829 in
706 3782 1000 3845 conspectu
1051 3773 1268 3830 Domini
1314 3773 1399 3829 sui
1427 3773 1483 3828 in
1513 3773 1635 3828 loco
1673 3784 1834 3841 quem
1860 3771 1895 3826 e3

1387 3773 1399 3829 i
1427 3773 1483 3828 in
1513 3773 1635 3828 loco
1673 3784 1834 3841 quem
1860 3769 1977 3826 ele-
2082 3776 2172 3831 τὸν
2213 3776 2376 3830 τόπον
2403 3776 2464 3830 ὃν
2492 3775 2557 3831 ἂν
2584 3776 2887 3848 ἐκλέξηται.

396 3869 559 3938 gerit.

471 3957 598 4014 Non
642 3958 926 4014 dimovebis
973 3958 1104 4028 ﬁnes
1150 3958 1380 4030 proximi
1406 3960 1474 4014 τ’.
1524 3957 1814 4016 Proximus
1835 3970 1971 4029 saepe

2158 3962 2240 4016 Οὐ
2288 3961 2712 4033 μετακινήσεις
2741 3960 2872 4030 ὅρια
2915 3961 3021 4017 τοῦ
3059 3961 3331 4031 πλησίον
3349 3976 3486 4016 σου.
3511 3959 3629 4030 Πλη-

398 4052 578 4107 omnis
606 4051 770 4107 homo
807 4050 1028 4108 dicitur.

2084 4052 2198 4107 σίον
2226 4053 2491 4126 πολλαχοῦ
2520 4057 2627 4119 πᾶς
2651 4054 2936 4126 ἄνθρωπος
2965 4053 3199 4126 εἴρηται.

471 4145 749 4216 Ejusdem.
787 4144 973 4217 Neque
1002 4146 1145 4201 enim
1172 4155 1391 4216 oportet
1419 4146 1629 4202 vicinos
1657 4159 1782 4202 sese
1831 4143 1971 4198 invi-

2158 4147 2270 4201 Τοῦ
2308 4147 2514 4202 αὑτοῦ.
2538 4147 2674 4201 Οὔτε
2710 4147 2818 4217 γὰρ
2846 4147 2926 4200 δεῖ
2950 4148 3074 4211 τοὺς
3108 4147 3276 4211 πέλας
3298 4147 3629 4207 πλεονεκτεῖν.

399 4254 517 4296 cem
569 4240 855 4308 fraudare,
911 4253 1089 4310 neque
1143 4239 1525 4310 transponendi
1576 4248 1702 4294 sunt
1758 4248 1894 4292 term

2131 4239 2202 4292 552-:
2243 4241 2370 4304 τοὺς
2410 4241 2518 4294 τῶν
2551 4240 2802 4312 πατέρων
2834 4241 2992 4312 ὄρους
3039 4239 3116 4304 ὼς
3164 4239 3347 4305 καλῶς
3389 4239 3631 4309 παγέντας

398 4348 538 4404 quos
571 4334 797 4404 pulchre
824 4341 1008 4404 patres
1037 4341 1352 4403 posuerunt.
1384 4331 1521 4387 Hinc
1567 4333 1712 4388 enim
1739 4329 1898 4386 nasci:

2129 4331 2498 4402 αρακελεύειν.
2559 4330 2730 4385 Τοῦτο
2770 4331 2879 4402 γὰρ
2907 4332 3078 4386 αἴτιον
3121 4330 3302 4402 πάσης
3343 4331 3629 4402 συγχύσεως

399 4425 576 4481 omnis
596 4424 865 4494 confusio,
892 4425 1018 4481 dum
1037 4423 1366 4479 contermini
1395 4423 1645 4494 injuriam
1671 4424 1899 4494 patiuntt

2131 4439 2257 4489 πται,
2295 4423 2407 4477 τῶν
2459 4424 2558 4496 μὲν
2589 4423 2935 4496 ὁμορούντων
2967 4423 3043 4488 ὡς
3077 4423 3467 4494 ἀδικουμένων,
3498 4439 3631 4493 περι·

307 4513 310 4515 Α
399 4525 458 4571 et
503 4517 804 4572 contemtui
863 4518 1135 4573 habentur
1180 4518 1274 4588 qui
1325 4517 1592 4572 terminos
1657 4529 1807 4586 posui

2132 4516 2471 4588 ρονουμένων
2511 4516 2568 4570 δὲ
2604 4516 2715 4569 τῶν
2763 4517 3083 4588 ὁρισάντων.
3139 4517 3371 4590 Πλησίον
3412 4517 3470 4571 δέ
3513 4530 3632 4576 τινες

397 4606 718 4664 Proximum
758 4611 978 4680 quidam
1010 4609 1285 4681 appellant
1310 4623 1526 4664 omnem
1573 4608 1871 4664 hominem.

1362 4624 1526 4664 nnem
1573 4608 1871 4664 hominem.
2085 4610 2262 4664 πάντα
2285 4608 2571 4680 ἄνθρωπον
2597 4609 2862 4679 λέγουσιν.

473 4697 533 4754 Si
573 4710 748 4754 autent
791 4702 1040 4756 institerit
1087 4705 1237 4758 testis
1286 4703 1522 4772 injustas
1573 4709 1758 4754 contra
1805 4697 1973 4752 homi-

2171 4701 2305 4755 Ἐὰν
2339 4701 2407 4755 δὲ
2433 4700 2705 4770 καταστῇ
2734 4700 2968 4771 μάρτυς
2995 4700 3197 4769 ἄδικος
3247 4703 3394 4758 κατὰ
3433 4698 3631 4770 ἀνθρὼ-

401 4807 519 4846 nem
541 4790 607 4844 '°.
638 4789 764 4846 Haec
793 4792 1010 4861 quidem
1043 4793 1128 4849 lex
1160 4793 1228 4848 ad
1269 4794 1515 4849 inﬁrmos
1536 4791 1844 4855 lsraelitas;
1877 4789 1901 4844 [

2134 4811 2225 4848 ου.
2247 4790 2430 4846 Ταῦτα
2470 4793 2567 4863 μὲν
2595 4795 2624 4846 ὁ
2649 4792 2810 4862 νόμος
2854 4792 2988 4865 πρὸς
3014 4791 3256 4857 ἀσθενεῖς
3288 4796 3410 4857 τοὺς
3448 4795 3634 4862 Ἰσραη-

403 4884 581 4937 minus
631 4893 811 4937 autem
871 4884 960 4954 qui
1024 4886 1138 4941 haec
1195 4886 1479 4957 praecepit,
1529 4881 1812 4952 discipulis
1863 4897 1903 4938 su

2131 4885 2237 4948 ἱτας
2256 4901 2269 4914 ·
2299 4885 2327 4937 ὁ
2349 4883 2407 4936 δὲ
2437 4883 2641 4955 Κύριος
2677 4887 2706 4938 ὁ
2741 4884 2914 4936 ταῦτα
2939 4884 3303 4955 νομοθετήσας
3328 4887 3432 4947 τοῖς
3461 4877 3631 4937 ἑαυτοῦ

401 4978 480 5032 ait
508 4975 594 5029 ἰι
632 4993 652 5028 ι
690 4976 932 5032 Audistis
964 4978 1095 5048 quia
1149 4979 1353 5034 dictum
1401 4986 1485 5034 est
1543 4992 1559 5030 :
1606 4975 1830 5034 Oculum
1877 4989 1901 5044 ι]

2135 4979 2354 5050 αθηταῖς
2382 4994 2563 5048 φησιν·
2606 4995 2625 5030 t
2670 4976 2965 5032 Ἠκούσατε
3008 4980 3335 5054 suspensa,
3363 4974 3635 5046 Ὀφθαλμὸν

401 5068 582 5135 oculo,
615 5086 634 5122 ι
666 5078 720 5125 et
751 5078 969 5129 caetera.
1000 5088 1020 5124 ι
1067 5071 1183 5144 Ego
1207 5081 1386 5128 autem
1416 5071 1540 5126 dico
1564 5069 1720 5126 vobis
1753 5083 1859 5124 non
1889 5083 1901 5124 ι

2297 5070 2541 5143 >θαλμοῦ,
2578 5090 2597 5124 ι
2618 5069 2805 5124 καὶτὰ
2847 5066 2997 5144 ἑξῆς,
3031 5090 3050 5125 ι
3099 5070 3239 5138 Ἐγὼ
3265 5071 3323 5125 δὲ
3346 5070 3480 5138 λέγω
3501 5069 3632 5138 ὑμῖν.
3687 5117 3694 5122 ,
3795 5089 3797 5120 ;

398 5162 592 5218 sistere
615 5161 809 5218 malo.»
1887 5200 1893 5210 .

1887 5200 1893 5210 ι
2089 5165 2163 5236 μὴ
2189 5165 2503 5236 ἀντιστῆναι
2524 5165 2602 5237 τῷ
2631 5163 2871 5238 πονηρῷ.
2917 5182 2934 5214 ι

472 5252 751 5323 Ejusdem.
778 5252 904 5310 Htec
936 5255 1155 5325 quidem
1196 5256 1250 5311 in
1287 5254 1635 5313 sensibilibus
1656 5264 1711 5311 et
1751 5255 1972 5310 munda-

2162 5257 2272 5312 Τοῦ
2297 5258 2501 5313 αὑτοῦ.
2527 5257 2713 5312 Ταῦτα
2750 5258 2845 5328 μὲν
2878 5255 2970 5309 ἐπὶ
2992 5254 3248 5326 αἰσθητοῦ
3278 5255 3371 5309 καὶ
3393 5252 3494 5306 τῶν
3509 5248 3633 5303 κατὰ

400 5345 485 5400 nis
535 5345 713 5401 locum
755 5347 986 5415 habent;
1030 5347 1097 5402 ad
1151 5357 1374 5419 peccata
1422 5363 1553 5405 vero
1614 5357 1798 5404 nostra
1834 5364 1900 5417 qn

2133 5351 2309 5424 ςσμον,
2363 5353 2456 5405 ἐπὶ
2503 5351 2561 5405 δὲ
2624 5350 2732 5404 τῶν
2785 5347 3188 5422 ἡμαρτημένων
3236 5349 3384 5418 ἡμῖν,
3437 5342 3633 5402 οὐδενος

401 5438 618 5503 attinet,
649 5439 790 5494 Deus
817 5439 965 5495 nullo
990 5449 1127 5497 teste
1155 5441 1378 5513 indiget.
1406 5441 1524 5512 Ipse
1563 5441 1709 5497 enim
1733 5440 1901 5496 omnii

2128 5448 2254 5500 εῖται
2298 5445 2448 5511 Θεός.
2479 5445 2651 5509 Αὐτὸς
2697 5443 2805 5517 γάρ
2832 5443 3074 5513 ἐπόπτης
3110 5442 3364 5497 ἁπάντων
3394 5439 3483 5494 καὶ
3527 5450 3628 5506 κρι-

403 5533 679 5600 inspector
705 5543 788 5588 est
813 5544 868 5589 et
897 5534 1086 5606 judex.
2083 5538 2206 5610 τής.

470 5672 518 5705 ⁷⁸
545 5673 698 5728 Deut.
731 5689 830 5740 xu,
861 5675 950 5731 '52.
1025 5673 1227 5728 "ibid.
1270 5690 1380 5740 xxv,
1426 5674 1481 5730 6.
1563 5675 1607 5706 ⁷⁸
1637 5672 1768 5732 ibid.
1793 5672 1848 5731 9.
1955 5674 1970 5707 ⁷

2129 5683 2195 5733 ιι.
2247 5691 2358 5744 xvt,
2392 5676 2480 5736 l5.
2590 5677 2638 5710 ’⁸
2675 5673 2803 5734 Ose.
2849 5689 2928 5741 ιτ,
2978 5673 3032 5730 5.
3136 5671 3356 5728 "Dent.
3399 5677 3508 5727 xix,
3553 5657 3629 5716 ιι.

404 5743 448 5776 ³³
483 5745 640 5800 Deut.
693 5761 810 5814 xu,
847 5748 930 5802 ~16.
1009 5746 1052 5778 ⁸¹
1080 5745 1273 5804 Matth.
1301 5763 1353 5816 ν,
1384 5747 1474 5802 58.

3785 4175 3798 4622 Ῑ
