3874 6518
129 323 216 379 815
1282 317 1592 379 SELECTA
1626 321 1694 378 IN
1733 319 2134 381 DEUTERON.

3264 334 3369 391 ειι

189 437 274 503 Τίς
310 435 340 490 δ
381 435 695 506 ἄνθρωπος
736 439 770 492 ό
809 439 1198 512 φοϐούμενος.
1239 441 1299 496 Ὀ
1328 447 1441 509 τοῖς
1471 447 1674 518 γηῖνοις

1855 446 1987 512 Qui:
2030 458 2106 501 est
2143 447 2300 504 homo
2341 451 2530 506 timens
2565 451 2632 508 ³⁸.
2680 453 2780 522 Qui
2834 455 3069 512 terrenis
3124 459 3372 515 addictus

123 535 408 608 ἐγκείμενος
432 534 525 588 καὶ
544 536 722 590 οἰκίαν
750 537 1070 609 οἰκοδομῶν,
1101 540 1196 592 καὶ
1224 541 1470 608 φυτεύων
1499 543 1680 614 ἀμπε-

124 631 290 694 λῶνας,
330 631 451 692 ταῖς
488 629 867 700 φιλοσαρκίαις
911 631 1114 703 ἡδονῶν
1154 631 1486 714 ήττῴμενος,
1529 635 1680 692 ἔσται

121 728 312 788 πάντως
335 723 506 788 δειλός
535 742 596 778 τε
635 727 730 781 καὶ
757 725 1002 790 ἄναλκις.

192 818 317 873 Ἐὰν
354 816 423 871 δέ
462 835 577 872 τινι
605 819 734 885 υἱὸς
761 819 1011 886 ἀπειθὴς
1045 814 1106 891 ᾖ.
1137 819 1250 892 Οὐχ
1274 821 1462 888 ἁπλῶς
1497 823 1680 895 βούλε-

113 932 192 970 ται
211 909 536 981 ἀναιρεῖσθαι
585 911 782 976 αὐτοὺς
829 916 1370 986 παραπικραίνοντας
1415 919 1539 981 τοὺς
1583 935 1678 988 γο-

117 1008 230 1066 νεῖς·
271 1001 380 1054 ἀλλ’
422 1001 553 1056 ὅταν
594 1003 897 1078 ἀμφότεροι
946 1008 1380 1078 συμφωνήσωσιν
1416 1011 1464 1062 οἱ
1505 1014 1681 1079 γονεῖς

113 1095 241 1152 κατά
283 1095 374 1147 τοῦ
412 1096 620 1160 παιδός.
659 1097 875 1169 Ἐπειδὴ
916 1100 1027 1170 γὰρ
1059 1099 1124 1153 ἄν
1155 1118 1212 1154 τε
1241 1103 1270 1154 6
1311 1102 1494 1177 πατὴρ
1525 1105 1678 1176 ὀργι-

113 1192 222 1262 σθῇ,
248 1188 338 1242 καὶ
369 1189 577 1243 ἀνελεῖν
613 1192 835 1267 ὁρμήσῃ
868 1193 960 1246 τὸν
1000 1195 1134 1258 υἱὸν,
1170 1197 1202 1267 ἡ
1247 1199 1430 1270 μήτηρ
1467 1200 1674 1271 ἐπέχει·

108 1289 166 1342 ἄν
190 1303 244 1338 τε
269 1285 407 1358 αὑτὴ
443 1287 776 1360 παροξυνθῇ,
804 1291 832 1342 6
876 1290 1058 1364 πατὴρ
1088 1294 1188 1346 οὐκ
1213 1294 1298 1365 ἐᾷ’
1333 1294 1428 1347 καὶ
1454 1294 1678 1347 σπάνιον

107 1380 242 1433 ἔσται
269 1379 626 1450 συμφωνῆσαι
664 1382 796 1445 τοὺς
826 1385 1003 1450 γονεῖς
1047 1385 1186 1439 κατά
1219 1385 1312 1438 τοῦ
1349 1383 1472 1438 ίδίου
1498 1384 1676 1440 αὐτῶν

102 1473 299 1537 τέκνου,
330 1471 657 1542 προστάττει
690 1475 717 1526 ὁ
760 1473 912 1540 Θεὸς,
950 1477 1078 1530 ὅταν
1116 1478 1417 1550 ἀμφότεροι
1453 1495 1679 1549 συμφω-

102 1567 292 1637 νήσωσι
337 1563 478 1617 κατά
507 1565 601 1618 τοῦ
638 1566 846 1631 παιδὸς,
874 1568 994 1621 τότε
1027 1568 1348 1624 καταλεύειν
1394 1571 1577 1635 αὑτὸν,
1613 1573 1675 1625 o6

97 1662 212 1722 τοὺς
237 1659 624 1728 γεννήσαντας,
660 1658 795 1713 ἀλλά
825 1661 950 1725 τοὺς
973 1661 1214 1726 λοιπούς.

165 1754 242 1806 Οὐ
267 1751 664 1821 κατασπερεῖς
693 1751 801 1806 τὸν
836 1753 1164 1823 ἀμπελῶνά
1204 1769 1322 1811 σου
1365 1755 1672 1826 διάφορον.

99 1848 202 1901 Ἵνα
231 1845 304 1916 μὴ
335 1846 647 1916 ἀτονωτέρα
692 1845 917 1916 γένηται
946 1848 980 1918 ή
1011 1849 1104 1919 γῆ,
1141 1849 1218 1912 ὡς
1251 1851 1388 1922 μήτε
1415 1849 1478 1904 :6
1508 1851 1676 1923 σπέρ-

95 1958 164 2010 μα
202 1937 408 2009 πλῆρες
443 1937 772 2000 ἀποδιδόναι,
817 1939 956 2009 μήτε
1008 1940 1108 2009 τῆς
1140 1940 1385 2011 ἀμπέλου
1431 1943 1521 1996 τὸν
1549 1961 1677 2016 καρ.

94 2032 208 2095 πὺν,
241 2028 384 2083 ἀλλά
411 2029 535 2082 καθ’
561 2029 756 2084 ἑαυτοῦ
777 2029 1033 2086 ἕκαστον.

159 2127 277 2178 Οὐκ
327 2122 708 2192 ἀροτριὰσεις
758 2123 830 2176 ἑν
883 2126 1100 2196 μόσχῳ
1148 2125 1245 2180 καὶ
1305 2127 1423 2194 ὄνῳ
1464 2129 1563 2183 ἐπὶ
1610 2130 1674 2185 τὸ

89 2217 247 2270 αὐτό.
283 2214 358 2267 Τὸ
393 2213 599 2284 γαῦρον
625 2213 726 2284 τῆς
753 2213 934 2284 ψυχῆς
963 2216 1056 2268 καὶ
1091 2216 1376 2286 φιλόπονον
1413 2218 1492 2290 τῷ
1521 2219 1676 2292 φιλη-

85 2311 214 2380 δόνῳ
246 2308 342 2362 καὶ
374 2307 662 2379 παθητικῷ
691 2306 764 2378 μὴ
794 2307 1076 2383 συζεύξῃς.

156 2401 264 2458 Τοῦ
300 2401 514 2456 αὐτοῦ.
554 2390 781 2466 Ἡσαΐας
821 2401 879 2455 δὲ
932 2403 1096 2457 πάλιν
1132 2405 1333 2477 γράφει
1357 2424 1371 2437 ο
1410 2425 1428 2458 ι
1481 2405 1674 2460 Μακάο

88 2511 184 2567 ριοι
209 2495 259 2546 οἱ
289 2493 610 2566 σπείροντες
657 2494 750 2546 ἐπὶ
781 2494 886 2547 πᾶν
920 2493 1086 2566 ὕδωρ.
1141 2516 1159 2548 ι
1197 2498 1355 2552 Ποῖον
1391 2498 1555 2571 ὕδωρ,
1588 2500 1673 2568 ἐφ’

83 2582 123 2654 ᾧ
143 2587 221 2639 δεῖ
259 2586 515 2658 σπείρειν
551 2585 612 2638 τὸ
657 2585 821 2639 καλὸν
853 2587 1076 2658 σπέρμα
1101 2605 1115 2652 ;
1143 2590 1242 2660 Εἴη
1289 2589 1346 2642 δὲ
1386 2590 1544 2644 τοῦτο
1579 2591 1674 2661 βά-

83 2697 291 2751 πτισμα
324 2680 429 2750 τῆς
461 2679 753 2750 σωτηρίας,
778 2683 838 2732 :6
853 2679 1075 2751 λουτρὸν
1101 2680 1202 2750 τῆς
1230 2681 1668 2752 παλιγγενεσίας.

83 2775 270 2844 Σπεῖρε
301 2771 397 2824 ἐπὶ
431 2771 496 2824 :6
518 2772 816 2841 μυστήριον
841 2771 934 2823 τοῦ
959 2771 1206 2844 λουτροῦ,
1233 2774 1324 2826 καὶ
1350 2774 1472 2846 γίνῃ
1505 2779 1675 2846 μακά-

83 2889 206 2943 ριος.
257 2870 415 2922 Ἐκεῖ
468 2867 592 2938 βοῦς
625 2867 718 2921 καὶ
752 2867 870 2930 ὄνος
907 2870 1085 2932 πατεῖ,
1127 2867 1252 2937 βοῦς
1296 2871 1324 2922 6
1377 2870 1617 2942 καθαρὸς
1644 2875 1672 2925 6

89 2962 460 3035 Ίσραηλίτης,
496 2962 590 3014 καὶ
636 2960 756 3022 ὄνος
804 2959 1117 3032 ἀκάθαρτος
1163 2963 1227 3014 ὲκ
1259 2961 1452 3030 γένους
1497 2965 1524 3017 6
1565 2965 1673 3018 ἀπὸ

83 3057 173 3110 τῶν
198 3055 395 3109 ὲθνῶν-
431 3056 521 3108 ἵνα
547 3053 609 3107 σύ
619 3054 816 3125 μθολον
910 3054 1196 3126 ἀμφότερα
1221 3055 1290 3109 τά
1318 3055 1432 3120 ζῶα
1463 3057 1555 3110 τοῦ
1582 3057 1670 3111 λό-

1785 548 1891 600 est.
1915 549 1970 594 et
2001 541 2220 595 domum
2254 543 2515 612 aediﬁcat,
2547 556 2603 601 et
2651 546 2866 618 plantat
2892 551 3100 617 vineas,
3133 563 3189 606 et
3217 555 3372 608 volu-

1781 635 2025 702 ptatibus
2051 635 2234 691 carnis
2273 637 2532 706 vincitur,
2568 640 2614 696 is
2653 644 2881 701 omnino
2935 646 3041 701 erit
3080 648 3371 705 meticulo-

1784 741 1878 782 sus
1901 735 1956 782 et
1987 727 2323 787 instrenuus.

1858 819 1920 875 Si
1948 822 2035 875 cui
2074 831 2249 876 autem
2292 823 2439 892 ﬁlius
2467 824 2631 896 fuerit
2654 830 2866 885 rebellis
2896 831 2963 885 ⁸³.
3011 829 3128 887 Non
3163 833 3366 905 simpli~

1783 912 1925 967 ciler
1964 913 2080 967 vult
2128 915 2360 971 interfici
2418 933 2447 971 a
2498 923 2819 989 parentibus
2867 926 3238 990 exacerbatis,
3273 929 3368 982 sed

1783 1017 1905 1058 cum
1956 1013 2186 1074 uterque
2253 1023 2453 1076 parens
2507 1015 2848 1068 consenserit
2905 1027 3095 1072 contra
3170 1019 3364 1075 ﬁlium.

1783 1095 2233 1166 Quandoquidem
2263 1101 2408 1154 enim
2444 1101 2486 1154 si
2530 1113 2686 1172 pater
2711 1103 2885 1158 iratus
2909 1107 3162 1163 occidere
3188 1109 3370 1179 volue-

1785 1190 1856 1242 rit
1888 1188 2081 1252 ﬁlium,
2114 1199 2288 1246 mater
2313 1194 2570 1258 cohibet;
2605 1195 2648 1248 si
2677 1203 2856 1250 autem
2890 1197 3006 1252 haec
3035 1201 3217 1256 animo
3247 1215 3371 1254 exa-

1781 1282 2002 1336 cerbata
2033 1283 2218 1346 fuerit,
2249 1294 2404 1354 pater
2455 1302 2562 1342 non
2605 1287 2756 1351 sinit,
2797 1296 2852 1343 et
2897 1304 3081 1344 rarum
3112 1301 3196 1346 est
3235 1308 3367 1349 cono

1782 1375 1987 1429 sentire
2019 1385 2278 1445 parentes
2307 1388 2499 1432 contra
2551 1379 2830 1449 proprium
2879 1379 3072 1448 ﬁlium,
3122 1386 3368 1453 praecipit

1782 1465 1924 1521 Deus
1959 1480 2018 1520 ut
2051 1485 2172 1523 cum
2213 1470 2372 1524 ambo
2394 1473 2768 1527 consenserint
2798 1483 2985 1528 contra
3017 1475 3211 1543 ﬁliuru,
3241 1487 3366 1533 tunc

1783 1561 2023 1632 lapident
2052 1578 2201 1630 eum,
2227 1579 2338 1620 non
2372 1564 2472 1635 ipsi
2500 1575 2780 1636 parentes,
2812 1569 2905 1623 sed
2931 1568 3150 1640 reliqui.

1857 1744 1982 1800 Non
2009 1746 2295 1802 seminabis
2321 1749 2525 1804 vineam
2555 1760 2699 1807 luam
2727 1753 2927 1809 variam
2956 1755 3022 1811 ⁸⁸.
3051 1756 3129 1812 Ne
3157 1758 3368 1816 scilicet

1707 1827 1750 1882 Β
1781 1835 2052 1895 inﬁrmior
2078 1842 2278 1895 evadat
2312 1852 2478 1903 terra.
2523 1844 2595 1899 ita
2651 1855 2712 1900 ut
2763 1863 2942 1918 neque
2991 1865 3173 1908 semen
3225 1853 3366 1909 inte-

1746 1948 1938 2001 -grum
1977 1936 2202 1991 reddere
2248 1937 2439 2006 possit,
2479 1952 2658 2008 neque
2693 1940 2864 1996 vineae
2910 1941 3145 2000 fructum

3201 1963 3216 2002 :
3267 1948 3362 2001 sed

1789 2029 2222 2098 unumquodque
2257 2029 2554 2098 separatim
2580 2031 2900 2090 seminetur.

1853 2116 1981 2172 Non
2019 2123 2197 2176 arabis
2223 2122 2276 2175 in
2301 2122 2464 2175 vitulo
2508 2133 2557 2177 et
2607 2125 2758 2179 asino
2781 2127 2836 2180 in
2862 2126 3089 2194 idipsum
3115 2128 3183 2184 ⁸⁸.
3207 2129 3364 2198 Quod

1777 2221 1861 2267 est
1891 2212 2089 2267 elatum
2140 2225 2194 2269 et
2221 2213 2550 2271 laboriosum
2586 2218 2638 2272 in
2663 2218 2866 2284 anima,
2895 2235 2960 2276 ne
2987 2236 3110 2276 cum
3140 2239 3206 2279 eo
3237 2240 3366 2280 con-

1772 2306 2022 2376 junxeris
2059 2307 2206 2376 quod
2233 2307 2394 2363 molle
2423 2318 2479 2363 et
2512 2311 2806 2380 voluptatis
2839 2327 3029 2370 amans
3053 2325 3158 2372 est.

1851 2397 2128 2467 Ejusdem.
2165 2399 2334 2454 Isaias
2363 2415 2554 2456 rursus
2588 2402 2779 2457 scribit
2804 2403 2851 2435 ⁸⁸
2879 2421 2893 2457 :
2931 2425 2948 2456 ι
2987 2405 3138 2462 Beati
3167 2411 3259 2479 qui
3289 2423 3367 2467 se-

1781 2492 2004 2549 minatis
2030 2508 2193 2562 super
2239 2509 2455 2549 omuem
2491 2508 2711 2564 aquam.
2747 2514 2766 2546 ι
2819 2497 3075 2563 Quaenam
3106 2511 3189 2556 est
3221 2517 3360 2572 aqua

1780 2584 1831 2638 in
1861 2600 1965 2655 qua
2007 2585 2388 2640 seminandum
2429 2594 2514 2640 est
2561 2588 2764 2641 bonum
2817 2590 3040 2644 semen?
3099 2592 3216 2646 Erit
3273 2595 3363 2648 illa

1779 2692 1912 2732 sane
1960 2677 2262 2748 baptismus
2321 2678 2538 2743 salutis,
2583 2679 2861 2735 lavacrum
2910 2686 3361 2752 regenerationis.

1781 2768 2002 2824 Semina
2038 2785 2206 2839 super
2237 2771 2554 2842 mysterium
2611 2773 2837 2834 lavacri.
2884 2783 2940 2829 et
2985 2777 3095 2832 eris
3148 2777 3364 2836 beatus.

1775 2865 1889 2920 Illic
1922 2869 2022 2919 bos
2043 2872 2098 2919 et
2130 2863 2317 2919 asinus
2341 2865 2678 2933 gradiuntur,
2710 2867 2806 2923 bos
2839 2870 3072 2925 mundus
3097 2870 3362 2942 Israelita,

1776 2970 1830 3014 et
1853 2957 2042 3012 asinus
2071 2956 2386 3012 immundus
2418 2973 2486 3013 ex
2522 2974 2752 3030 genere,
2789 2964 3017 3031 populus
3043 2966 3134 3038 qui
3181 2978 3268 3024 est
3295 2984 3364 3026 ex

1781 3049 2038 3120 gentibus
2069 3067 2084 3105 :
2114 3061 2172 3104 ut
2200 3061 2496 3120 utrumque
2533 3054 2735 3107 animal
2770 3057 3078 3125 symbolum
3113 3061 3184 3115 sit
3213 3065 3364 3120 verbi

83 3167 169 3220 γου
194 3150 292 3204 τοῦ
330 3153 451 3214 τοῖς
498 3148 674 3202 ἔθνεσι
721 3149 1161 3220 κεκηρυγμένον.
1210 3150 1382 3204 Πατεῖ
1412 3145 1507 3206 οὖν
1543 3150 1669 3222 βοῦς

1791 3145 1921 3214 ιιιοᾱ
1952 3143 2210 3212 gentibus
2234 3145 2393 3216 391
2417 3146 2764 3214 praedicatur.
2794 3150 3088 3208 Amlmlant
3109 3168 3238 3225 ergo
3267 3157 3370 3216 bo:

83 3246 159 3299 (αἱ
195 3246 344 3309 ὄνος,

86 3354 190 3390 ιεν.
1370 3389 1374 3396 .

141 3429 282 3483 Ἐὰν
335 3426 409 3481 δὲ
454 3429 693 3498 γένηται
739 3426 880 3494 παῖς
931 3429 1227 3498 παρθένος
1282 3449 1671 3504 μεμνηστευ-

86 3522 213 3590 uiri;
239 3521 454 3590 ἀνδρί.
486 3521 598 3591 Τὴν
631 3521 729 3592 ήδη
783 3524 1274 3596 μεμνηστευμένην
1307 3531 1546 3595 γυναῖκα
1576 3547 1675 3584 κα-

91 3617 176 3666 εἰ·
229 3612 388 3667 οὕτω
437 3613 538 3666 καὶ
584 3614 681 3666 ἐπὶ
725 3612 818 3666 τοῦ
862 3614 1062 3686 Ἰωσὴφ
1115 3617 1210 3671 καὶ
1263 3618 1366 3689 τῆς
1421 3619 1672 3676 θεοτόκου

91 3707 285 3778 λέχθη.

126 3800 238 3854 Καὶ
266 3799 389 3865 ἕως
416 3801 512 3866 εἰς
534 3799 640 3854 τὸν
663 3799 869 3856 αἰῶνα.
908 3803 1127 3875 Ἐπειδὴ
1162 3806 1255 3858 καὶ
1282 3799 1427 3861 οὗτοι
1452 3809 1517 3862 ὲκ
1540 3822 1676 3880 mp—

87 3897 205 3960 είας
243 3898 399 3949 εἰσιν
435 3896 552 3950 ἀπὸ
583 3896 693 3949 τῶν
737 3898 1056 3970 θυγατέρων
1086 3899 1181 3954 τοῦ
1226 3900 1378 3955 Λώτο
1407 3903 1470 3956 ού
1512 3903 1673 3974 μόνον

85 3989 109 4042 ὲ
154 3989 263 4054 ἕως
305 3990 524 4059 γενεᾶς
576 3989 808 4060 δεκάτης
859 3990 1076 4045 ἄδεκτοι
1120 3995 1187 4064 τῇ
1236 3998 1524 4067 συναγωγῇ
1577 3995 1673 4049 τοῦ

85 4083 293 4154 Ιοραήλ
326 4084 509 4144 εἰσιν,
530 4081 666 4136 ἀλλὰ
692 4083 786 4136 καὶ
810 4083 889 4146 είς
915 4083 1005 4136 τὸν
1028 4084 1220 4139 αἰῶνα.
1244 4086 1400 4140 Οὕτω
1426 4085 1673 4158 βούλεται

88 4175 237 4238 ὐτοῖς
263 4175 376 4247 τὴν
421 4173 634 4245 έχθραν
676 4174 846 4229 ἀῖδιον
892 4171 1060 4229 εἶναι’
1095 4179 1238 4233 κατά
1271 4179 1371 4250 μὲν
1408 4180 1470 4233 :6
1498 4181 1674 4252 νόημα

401 3243 561 3315 φησὶ,
596 3242 754 3297 τοῦτο
791 3243 852 3296 τὸ
885 3242 1028 3316 ὕδωρ
1055 3244 1190 3299 ὅπου
1226 3247 1471 3318 σπείρειν
1523 3249 1672 3305 θέλο-

88 4270 143 4322 αἱ
173 4270 281 4341 τὴν
329 4267 524 4340 ἀληθῆ
553 4268 730 4322 αἰτίαν
762 4270 862 4340 τῆς
885 4268 1037 4334 θείας
1086 4272 1324 4344 Γραφῆς,
1353 4273 1544 4346 ἐπειδὴ
1583 4274 1674 4328 τὸν

88 4361 292 4432 αλαάμ
349 4357 764 4431 ἐμισθώσαντο,
812 4361 899 4430 ἐφ’
941 4353 1046 4428 ᾧτε
1101 4363 1516 4438 καταράσασθαι
1561 4368 1674 4430 τοῖς

87 4453 376 4527 εὗραίοις,
431 4452 576 4506 ἀλλὰ
614 4452 844 4516 καὶτὰς
891 4453 1073 4507 αὐτῶν
1125 4460 1392 4525 γυναῖκας
1441 4461 1536 4514 καὶ
1575 4460 1675 4525 τὰς

1779 3245 1832 3292 et
1857 3236 2066 3302 asinus,
2102 3237 2299 3307 inquit,
2331 3253 2495 3309 super
2545 3239 2692 3294 illam
2723 3255 2921 3312 aquam
2960 3242 3012 3298 in
3059 3261 3166 3316 qua
3198 3249 3366 3305 sei-

1780 3344 1914 3386 nare
1952 3331 2226 3387 volumus.

1853 3423 1914 3478 Si
1943 3435 2119 3479 autem
2151 3425 2311 3495 fuerit
2342 3425 2518 3496 puella
2545 3427 2691 3498 virgo
2722 3439 2968 3492 sponsam
3005 3431 3115 3486 viro
3131 3432 3198 3487 ⁸⁷.
3231 3431 3370 3487 Eam

1782 3531 1904 3586 quae
1948 3524 2156 3571 tantum
2199 3527 2454 3586 sponsata
2501 3527 2606 3585 est,
2649 3535 2878 3578 uxorem
2926 3532 3108 3578 vocat.
3159 3523 3252 3580 Sic
3297 3526 3362 3581 de

1775 3607 1979 3682 Josepb
2006 3619 2062 3666 et
2093 3610 2187 3666 Dei
2221 3620 2402 3666 matre
2433 3613 2634 3668 dictum
2663 3623 2768 3668 est.

1776 3865 1789 3876 ‘
1850 3794 1922 3849 Et
1945 3811 2107 3864 usque
2133 3796 2187 3850 in
2214 3798 2547 3852 a'lernum“.
2573 3798 2840 3866 Quoniam
2864 3809 2918 3857 ct
2944 3801 2998 3856 Ιιί
3027 3816 3094 3858 ex
3119 3803 3361 3863 fornica-

1783 3887 1929 3943 tione
1963 3899 2091 3944 sunt
2114 3889 2218 3944 orti
2265 3905 2294 3944 a
2332 3891 2544 3948 Iiliabus
2575 3891 2703 3958 Lot,
2731 3909 2843 3950 non
2889 3895 3065 3951 solum
3097 3907 3223 3968 post
3262 3902 3358 3958 de-

1781 3983 1980 4038 cimam
2024 3984 2430 4054 generationem
2478 3989 2774 4057 recipiendi
2808 4005 2917 4045 non
2956 4000 3082 4045 sunt
3113 3993 3165 4046 in
3199 4009 3364 4065 syna-

1783 4091 1976 4148 gogam
2027 4077 2219 4142 Israel,
2263 4079 2358 4135 sed
2405 4094 2506 4136 nec
2540 4081 2594 4136 in
2644 4091 2932 4138 aeternum.
2967 4081 3045 4140 Ita
3078 4086 3195 4140 vult
3234 4103 3358 4142 cum

1779 4170 1918 4240 ipsis
1960 4178 2222 4226 aeternam
2253 4185 2374 4226 esse
2406 4173 2794 4232 inimicitiam:
2829 4191 2934 4232 non
2967 4177 3126 4231 aliam
3174 4193 3360 4234 veram

1776 4264 1846 4318 ob
1879 4277 2122 4329 causam,
2156 4273 2216 4318 ut
2246 4264 2562 4336 intelligitur
2594 4282 2660 4322 ex
2681 4268 2987 4339 Scriptura,
3013 4283 3177 4339 quam
3209 4274 3356 4340 quod

1777 4355 2094 4411 Balaamum
2121 4357 2498 4414 conduxerunt
2531 4369 2589 4415 ut
2619 4359 2860 4417 Hebraeis
2891 4363 3033 4417 mala
3085 4364 3355 4434 impreca-

1780 4459 1952 4516 retur,
1981 4460 2036 4506 et
2069 4467 2271 4506 uxores
2301 4452 2548 4522 ﬁliasque
2583 4468 2711 4508 suas
2754 4465 3022 4526 quotquot
3053 4466 3212 4512 erant
3242 4458 3362 4528 pul-

87 4545 403 4618 ιγατέρας,
460 4545 584 4599 ὅσαι
616 4539 756 4617 ἦσαν
785 4545 980 4617 ὡραῖαι
1010 4549 1076 4618 τῇ
1105 4545 1224 4618 ὄψει
1261 4549 1356 4603 καὶ
1397 4551 1561 4604 καλαὶ
1597 4551 1674 4624 τῷ

1791 4541 1933 4598 chrre
1980 4553 2239 4613 aspectu,
2288 4545 2676 4616 prtemiserunt
2723 4556 2782 4601 ut
2830 4549 2896 4603 ad
2947 4549 3361 4607 fornicationem

87 4639 196 4702 δει,
233 4638 616 4710 προέστησαν
655 4637 750 4690 τοῦ
797 4638 1018 4707 γένους,
1072 4638 1215 4694 ὥστε
1271 4643 1441 4707 αὐτὰς
1487 4642 1672 4698 δοῦναι

87 4730 181 4802 ρὸς
236 4729 530 4802 πορνείαν
571 4731 683 4793 τοῖς
724 4731 1111 4802 Ἰσραηλίταις,
1144 4733 1241 4786 καὶ
1294 4735 1556 4806 πορνείαν
1583 4736 1672 4793 διὰ

87 4822 203 4876 λῦτο
243 4821 673 4893 χαλεπωτάτην
698 4822 1025 4894 προξενήσαι
1068 4826 1180 4887 τοῖς
1207 4822 1506 4896 Ἑϐραίοις
1532 4824 1671 4899 α’ύτη

87 4911 191 4987 τῆν
229 4914 298 4968 :6
335 4913 668 4984 ἀποστῆναι
711 4913 809 4983 μὲν
836 4913 930 4967 τοῦ
963 4913 1121 4978 Θεοῦ,
1159 4915 1476 4987 τελεσθῆναι
1513 4915 1568 4970 δὲ
1592 4917 1674 4990 τῷ

89 5007 432 5080 ιελφεγώρ·
473 5008 612 5078 ὅπερ
638 5007 733 5060 καὶ
767 5007 1010 5076 γέγονεν.
1469 5000 1472 5002 ’

109 5105 244 5156 Οὐκ
283 5099 708 5171 ἐνεχυράσεις
745 5099 946 5169 μύλων
991 5099 1134 5154 οὐδὲ
1181 5098 1522 5170 ἐπιμύλιον.
1554 5105 1675 5158 Ὅτι

89 5195 365 5260 ινόλιθον,
432 5193 632 5263 φησὶν,
683 5192 946 5247 ἀδύνατον
1004 5195 1293 5268 συντρίψαι
1337 5196 1428 5250 τὸν
1492 5201 1673 5252 σῖτον·

89 5287 269 5359 δυμον
355 5285 490 5357 γὰρ
555 5284 894 5358 ἀρῤενόθηλυ
959 5287 1428 5353 κατασκευάζεται
1491 5289 1675 5360 μύλος.

89 5382 205 5434 ῖπεὶ
260 5376 371 5434 οὖν
433 5379 540 5431 καὶ
595 5379 840 5431 Ἰουδαῖοι
901 5378 1032 5450 μίαν
1091 5379 1358 5452 διαθήκην
1427 5379 1672 5452 ἔχουσιν·

89 5475 247 5538 ιοίως
299 5473 368 5526 δὲ
435 5471 543 5524 καὶ
582 5472 732 5526 πᾶσα
786 5471 998 5544 αἵρεσις
1043 5472 1278 5526 δοκοῦσα
1323 5472 1529 5545 ταύτην
1578 5475 1678 5545 τὴν

1774 4632 2053 4690 Israelitas
2081 4636 2422 4706 pellicerent,
2456 4635 2877 4694 fornicationem
2919 4649 3071 4696 certe
3099 4643 3365 4714 gravissi-

1777 4741 1943 4793 mam,
1981 4742 2046 4783 ex
2089 4743 2196 4798 qua
2230 4729 2385 4784 ﬁeret
2429 4737 2487 4782 ut
2515 4730 2814 4786 deﬁcerent
2856 4747 2885 4787 a
2924 4734 3056 4802 Deo,
3085 4745 3141 4792 et
3173 4736 3362 4792 initia-

1777 4831 1966 4878 rentur
1991 4821 2348 4894 Beelphegor.
2377 4821 2528 4891 Quod
2561 4832 2615 4881 et
2643 4826 2860 4882 accidit.

1849 5099 1976 5156 Non
2003 5101 2303 5174 pignorabis
2332 5102 2549 5169 moiam,
2577 5121 2742 5176 neque
2772 5105 3093 5175 superiorem
3127 5107 3355 5178 lapidem

1780 5193 1934 5248 mola:
1951 5195 2018 5248 ⁸³.
2051 5195 2342 5262 Quoniam,
2371 5197 2570 5267 inquit,
2601 5197 2670 5252 ab
2703 5213 2813 5253 uno
2842 5199 3019 5269 lapide
3045 5214 3150 5255 non
3177 5209 3360 5270 potest

1779 5287 2112 5343 frumentum
2163 5291 2393 5347 conteri.
2422 5289 2710 5346 Geminum
2761 5293 2906 5347 enim
2955 5291 3230 5362 quidpiam
3281 5291 3360 5348 Ie-

1779 5380 1943 5436 minei
1984 5391 2040 5435 et
2087 5382 2310 5438 masculi
2364 5384 2581 5454 generis
2627 5383 2790 5440 eiﬁcit
2841 5384 3003 5440 mola.
3036 5384 3173 5452 Quia
3223 5398 3360 5454 ergo

1777 5473 1942 5528 etiam
1982 5472 2150 5530 Judaei
2183 5491 2348 5530 unum
2399 5485 2787 5533 testamentum
2836 5478 3061 5541 habent,
3106 5477 3359 5530 similiter

89 5568 235 5638 ιινὴν
295 5565 501 5638 μόνην
558 5563 736 5635 ἔχειν,
789 5565 890 5618 οὐκ
936 5565 1196 5636 ἀλήθουσι
1249 5567 1307 5620 ὲν
1361 5567 1439 5639 τῷ
1469 5567 1673 5639 μυλῶνι

1791 5575 1827 5621 ιι
1851 5569 2105 5637 quaelibet
2146 5569 2371 5626 haeresis
2411 5585 2530 5640 qua:
2564 5572 2668 5627 hoc
2713 5587 2912 5626 novum
2944 5572 3116 5625 solum
3154 5571 3355 5627 habere

95 5658 240 5732 ύτῳ,
287 5661 393 5713 ἴνα
451 5656 771 5725 γεύσωνται
823 5657 916 5711 τοῦ
972 5660 1300 5731 ἐπουρανίου
1346 5661 1539 5732 ἄρτου’
1575 5661 1672 5715 ἐὰν

1791 5661 2006 5726 ridetur,
2049 5678 2154 5718 non
2191 5663 2401 5718 molunt
2446 5665 2499 5718 in
2546 5666 2649 5720 hoe
2679 5665 2927 5736 pristino,
2972 5673 3031 5719 ut
3076 5663 3355 5720 caelestem

100 5780 148 5809 ιη
182 5778 365 5832 Deut,
403 5789 518 5836 χχ,
556 5773 612 5846 8,
689 5772 923 5846 “ineunt.
954 5775 1184 5839 “1,18.
1263 5775 1310 5808 δ”
1340 5775 1473 5833 Deut
1526 5792 1663 5841 χχιι,

1823 5776 1868 5808 ⁸⁸
1896 5777 2027 5834 ibid.
2059 5778 2148 5834 10.
2226 5780 2271 5812 ⁸⁸
2295 5780 2396 5835 Isa.
2428 5797 2601 5845 χχχιι,
2627 5779 2716 5836 20.
2794 5782 2838 5812 ⁸⁷
2881 5781 3038 5837 Deut.
3080 5796 3229 5846 χχιι,
3256 5777 3350 5835 25.

113 5848 290 5904 Deut.
345 5861 502 5900 χχιιι
532 5882 547 5906 ,
577 5845 632 5902 3.
709 5843 754 5876 ⁸⁹
797 5844 1112 5913 Dcut.xxrv,
1143 5848 1196 5900 ϐ.
