3798 6384
463 317 566 373 815

1823 323 1916 380 EX
1945 324 2245 382 ORIGENE
2633 377 2636 382 .
3569 338 3648 396 8l6

465 451 659 509 panem
693 444 924 510 gustent.
973 435 1085 493 Nisi
1122 435 1288 503 enim,
1335 437 1544 509 inquit,
1592 451 1932 510 conteratur,
1977 459 2002 498 ο

2137 448 2262 520 γὰρ’
2291 447 2454 519 φησὶν
2489 447 2562 520 μὴ
2605 449 2862 524 συντριϐῇ
2899 451 2992 506 καὶ
3037 452 3208 524 ἀληθῇ
3249 454 3279 508 6
3321 454 3476 517 οἶτος,
3511 455 3649 514 ἄσιτοι

465 532 699 590 tnolatur
742 531 1101 598 frumentum,
1147 531 1318 601 jejuni
1366 545 1605 590 manent.
1655 535 1792 592 Ilinc
1823 548 1878 593 ct
1913 539 2029 608 ipse

464 636 781 697 prasentem
829 628 1111 696 aggredior
1157 627 1435 697 explicare
1472 629 1644 699 legem
1678 650 1746 686 ;·‹
1775 630 1891 686 Non
1946 632 2029 701 pi-

468 718 726 790 gnorabis
762 718 978 784 molam,
1013 738 1030 771 l
1071 721 1172 774 hoc
1215 730 1336 786 cst,
1377 735 1481 775 non
1526 722 1833 792 profanabis
1876 733 2030 778 vetus

465 818 862 874 testamentum,
891 827 1064 881 neque
1088 812 1271 882 ejicics
1309 813 1437 867 illud
1473 828 1502 868 e
1531 814 1691 869 domo
1727 824 1846 881 tua;
1886 834 1905 868 ι
1937 833 2029 872 ne-

457 917 564 972 que
605 904 937 970 superiorem
986 903 1212 974 lapidem
1261 906 1435 971 molae,
1463 924 1481 958 ι
1535 905 1636 961 hoc
1676 915 1787 974 est,
1826 923 2024 962 novum

457 1003 882 1062 testamentum;
924 1015 942 1047 ι
970 997 1094 1066 quia
1145 997 1381 1052 animam
1415 998 1519 1052 iste
1567 998 1838 1068 pignorat,
1865 1018 1884 1052 ι
1922 1001 2026 1056 hoc

455 1095 537 1142 cst
599 1087 682 1143 his
742 1088 978 1141 nutritur
1041 1088 1267 1156 anima,
1321 1089 1654 1160 spiritalibus
1705 1090 1841 1146 cibis
1899 1108 2024 1163 pcr-

455 1182 647 1250 ceptis.

527 1272 582 1326 Ν
589 1289 763 1326 umero
796 1272 1154 1344 quadraginta
1179 1274 1520 1346 ﬂagellabant
1559 1291 1677 1330 eum
1702 1276 1769 1330 ’°.
1798 1275 2025 1346 Semper

455 1364 860 1419 observavimus
903 1382 1186 1421 numerum
1234 1369 1592 1436 quadraginta
1645 1368 1800 1423 malis
1847 1369 2020 1424 obno-

452 1457 602 1512 xium
646 1471 788 1514 esse.
820 1455 975 1512 Unde
1008 1458 1220 1527 Moyses
1252 1459 1611 1528 quadraginta
1652 1461 1849 1514 diebus
1877 1459 2019 1530 jeju-

451 1551 624 1613 navit,
653 1558 706 1602 et
742 1557 862 1618 post
891 1565 1012 1604 eum
1044 1551 1208 1604 Elias.
1251 1550 1388 1616 Quin
1432 1559 1485 1604 et
1531 1550 1788 1604 Salvator
1836 1563 2022 1606 noster

449 1656 479 1696 a
530 1639 748 1695 diabolo
802 1649 1038 1695 tentatus
1088 1656 1195 1694 non
1249 1640 1594 1696 manducavit
1663 1643 2018 1712 quadraginta

449 1731 638 1786 diebus
672 1741 727 1786 et
760 1733 1115 1803 quadraginta
1168 1732 1440 1798 noctibus,
1490 1742 1546 1788 et
1578 1747 1830 1804 magnum
1877 1733 2019 1788 dilu-

2140 539 2408 609 μὲνουσιν.
2450 540 2543 592 Ἐκ
2568 540 2757 594 τούτου
2797 537 2889 594 οὖν
2930 542 3023 596 καὶ
3059 545 3220 607 αὐτὸς
3261 542 3554 614 ὁρμώμενος
3581 548 3649 602 τὸν

2133 630 2490 702 προκείμενον
2518 631 2795 703 σαφηνίζω
2822 632 3002 704 νόμον,
3039 653 3056 686 ι
3086 635 3198 687 Οὐκ
3223 635 3550 707 ὲνεχυράσεις
3573 640 3651 708 μύ-

2081 765 2087 772 .
2132 721 2241 786 λον,
2266 741 2284 773 ι
2315 724 2608 791 τουτέστιν,
2635 726 2696 778 οὐ
2725 725 2798 796 μὴ
2853 724 3179 796 βεϐηλώσεις
3204 726 3300 798 τὴν
3335 729 3552 782 παλαιὰν
3579 733 3651 786 καί

2130 813 2194 867 ού
2229 814 2301 886 μὴ
2342 815 2584 881 ἁπώσεις
2609 818 2779 890 αὐτὴν
2803 820 2901 891 τῆς
2943 821 3041 892 σῆς
3074 818 3250 882 οίκίας
3272 837 3284 849 ·
3317 839 3333 870 ι
3358 821 3474 874 οὐδὲ
3495 822 3650 892 ἐπιμύ-

2129 904 2265 959 λιονο
2292 925 2310 956 ›
2347 905 2467 960 ἀντὶ
2499 907 2615 972 τοῦ,
2642 908 2739 978 τὴν
2785 911 2999 981 καινὴν,
3039 929 3057 962 ι
3082 911 3163 963 ὅτι
3190 911 3366 982 ψυχὴν
3402 907 3540 975 οὗτος
3564 915 3650 966 ὲνε-

2128 997 2375 1070 χυράζει,
2400 1019 2418 1051 ι
2443 1000 2682 1054 τουτέστι
2707 1001 2915 1066 τούτοις
2940 1002 3196 1075 τρέφεται
3219 1004 3252 1072 ἡ
3289 1002 3433 1074 ψυχὴ
3462 1003 3652 1060 ἀπολαύ-

2125 1106 2262 1142 ουσα
2286 1090 2489 1162 νοητῶν
2515 1091 2852 1163 ἐδεσμάτων.

2207 1270 2442 1340 Ἀριθμῷ
2477 1272 2930 1342 τεσσαράκοντα
2969 1275 3459 1345 μαστιγώσουσιν
3479 1280 3641 1333 αὐτόν.
3739 1294 3744 1300 ·

2141 1360 2250 1414 Ἀεί
2292 1380 2354 1431 γε
2396 1360 2774 1436 τετηρήκαμεν
2814 1368 3116 1422 κακωτικὸν
3156 1370 3284 1421 ὄντα
3344 1369 3434 1422 τὸν
3474 1378 3518 1440 μ’
3558 1372 3646 1442 apt.

2125 1450 2289 1517 θμόν·
2331 1454 2451 1507 ὅθεν
2473 1456 2711 1527 Μωῦσῆς
2747 1456 2776 1508 6
2820 1457 2991 1527 μέγας
3037 1459 3440 1530 τεσσαράκοντα
3479 1461 3648 1532 ἡμέρας

2121 1544 2438 1615 νηστεύσας,
2486 1548 2578 1601 καὶ
2633 1548 2770 1618 μετὰ
2807 1549 2995 1603 τοῦτον
3041 1551 3312 1616 ὁἪλίας·
3366 1553 3498 1606 ἀλλὰ
3533 1555 3649 1608 καὶὸ

2125 1636 2314 1708 Σωτὴρ
2343 1639 2374 1708 ἡ
2383 1637 2498 1707 μῶν
2524 1639 2917 1711 πειραζόμενος
2940 1642 3043 1695 ὑπὸ
3067 1643 3160 1696 τοῦ
3179 1643 3425 1698 διαϐόλου
3448 1647 3535 1700 οὐκ
3555 1645 3650 1714 ἐφ’

2119 1743 2213 1794 γεν
2243 1733 2293 1797 μ’
2336 1729 2548 1800 ἡμέρας
2577 1733 2670 1784 καὶ
2704 1739 2754 1802 μ’
2801 1732 3032 1798 νύκτας·
3062 1736 3156 1788 καὶ
3199 1737 3228 1789 6
3257 1737 3430 1806 μέγας
3453 1737 3504 1790 δὲ
3523 1755 3649 1791 nra-

447 1825 593 1879 vium
651 1825 703 1879 in
767 1834 907 1880 terra
963 1825 1226 1896 contigit,
1278 1841 1398 1880 cum
1455 1826 1596 1881 Deus
1653 1828 1880 1881 imbrem
1932 1828 2002 1882 l'e-

2119 1816 2359 1889 κλυσμὸς
2399 1820 2491 1874 ἐπὶ
2529 1821 2628 1894 τῆς
2656 1822 2757 1894 γῆς
2790 1822 3020 1892 γίνεται,
3050 1823 3235 1889 ὕοντος
3255 1826 3349 1880 τοῦ
3381 1828 3528 1892 Θεοῦ,
3555 1843 3646 1882 τεσ⁸

447 1917 608 1972 cisset
645 1916 1004 1988 quadraginta
1064 1919 1256 1973 diebus
1299 1929 1352 1974 et
1412 1919 1778 1991 quadraginta
1841 1921 2014 1976 nocti-

447 2010 568 2064 bus.

517 2123 640 2178 Non
681 2123 925 2180 immitte:
950 2123 1026 2178 eis
1062 2123 1257 2193 ferrum
1283 2123 1352 2180 ".
1398 2124 1754 2193 Qumrendum
1790 2133 1873 2179 est
1919 2138 2016 2178 cur

444 2215 592 2271 ferro
619 2231 722 2270 non
763 2217 907 2271 sinat
937 2217 1075 2270 Deus
1111 2216 1256 2287 tangi
1301 2216 1508 2286 lapides
1537 2215 1628 2286 qui
1665 2215 2011 2271 tediiicationi

441 2291 630 2360 altaris
671 2305 993 2364 inserviunt.
1028 2304 1134 2360 Sed
1175 2315 1230 2362 et
1273 2316 1460 2374 postea
1493 2306 1557 2360 ad
1593 2305 2011 2360 tedilicationem

448 2399 628 2468 templi
671 2398 917 2469 praecipit
955 2399 1272 2469 congregari
1312 2399 1514 2468 lapides
1550 2399 1725 2453 securi
1772 2412 1878 2451 non
1920 2397 2014 2451 do-

439 2491 596 2556 latos,
636 2500 690 2547 et
735 2508 796 2548 ex
840 2492 942 2546 illis
972 2491 1387 2546 aediﬁcationem
1433 2490 1570 2544 ﬁeri.
1619 2488 1675 2544 Si
1721 2491 1863 2543 enim
1917 2491 2011 2545 ab-

439 2585 660 2640 surdum
691 2593 777 2638 est
808 2584 951 2639 ferro
982 2585 1126 2654 tangi
1163 2583 1391 2652 lapidem
1434 2581 1771 2637 aedificationi
1801 2591 2006 2653 aptum,

436 2676 704 2746 quomodo
732 2675 1016 2744 columna},
1047 2675 1319 2746 quomodo
1353 2675 1569 2740 tabulae,
1611 2682 1666 2728 et
1694 2689 1882 2729 eorum
1914 2690 2009 2730 ca-

437 2769 619 2838 pitella
658 2769 936 2825 elaborata
994 2768 1163 2823 sunt?
1206 2770 1315 2822 Ant
1359 2766 1633 2836 quomodo
1672 2782 2008 2838 quaecunque

431 2877 501 2916 ex
547 2876 652 2916 aere
684 2860 767 2916 vel
801 2875 935 2916 auro
985 2859 1126 2914 facta
1172 2869 1294 2914 sunt
1336 2859 1418 2914 vel
1463 2868 1707 2927 argento,
1752 2859 2005 2914 fabricari

435 2960 724 3018 potuerunt
754 2951 870 3006 sine
899 2950 1081 3005 ferro?
1114 2949 1190 3004 Ex
1224 2950 1307 3004 his
1337 2949 1505 3019 liquet
1548 2964 1651 3002 non
1685 2949 2006 3018 simpliciter

433 3049 617 3096 vetare
645 3057 709 3096 ne
756 3041 959 3095 ferrum
1009 3048 1196 3110 tangat
1242 3041 1466 3111 lapides.
1497 3039 1658 3111 392
1689 3040 1826 3107 Quid
1875 3055 2004 3112 ergo

431 3146 608 3186 causa:
639 3132 732 3200 sit,
772 3132 1005 3188 dicimus
1037 3149 1140 3188 non
1187 3133 1539 3188 alIirmantes.
1577 3132 1702 3187 Haec
1749 3133 1883 3188 velle
1926 3135 2005 3188 vi-

431 3223 605 3279 detur.
638 3223 840 3278 Durum
881 3225 1017 3280 duro
1053 3226 1273 3281 immitti
1306 3235 1360 3281 et
1394 3225 1572 3282 collidi
1607 3233 1772 3280 vetat.
1808 3225 1998 3298 Magna

429 3317 572 3372 enim
623 3317 799 3372 solent
847 3319 979 3373 oriri
1031 3319 1168 3373 mala
1205 3335 1269 3374 ex
1311 3319 1571 3374 durorum
1615 3318 1996 3375 commistione

425 3420 481 3464 et
507 3409 800 3465 collisione.
835 3408 930 3465 Vel
969 3411 1322 3466 homicidium
1358 3415 1513 3482 longe
1552 3427 1581 3466 a
1616 3412 1780 3467 corde
1821 3410 1998 3465 homi-

425 3516 552 3556 num
575 3503 832 3572 expellit:
864 3511 920 3559 et
948 3504 1172 3560 omnino
1195 3502 1362 3575 juste.
1392 3505 1448 3560 Si
1495 3505 1639 3559 enim
1671 3504 1722 3557 in
1765 3502 1995 3572 lapidem

423 3595 516 3664 qui
545 3597 896 3652 aediﬁcationl
943 3597 1132 3653 altaris
1163 3598 1243 3653 vel
1280 3599 1462 3668 templi
1508 3597 1754 3660 inservit,
1791 3594 1994 3649 ferrum

421 3703 528 3743 non
567 3698 650 3745 est
701 3690 1120 3757 immittendum,
1150 3700 1354 3760 quanto
1388 3689 1561 3760 magis
1584 3687 1875 3743 velandum
1907 3693 1992 3739 est

422 3796 487 3837 ne
520 3781 718 3838 ferrum
744 3785 1038 3853 arripiatur
1067 3786 1132 3839 ad
1163 3786 1396 3856 proximi
1430 3782 1808 3839 homicidium.

2122 1912 2426 1983 σαράκοντα
2457 1913 2667 1986 ἡμέρας
2692 1916 2782 1968 καὶ
2807 1917 3211 1987 τεσσαράκοντα
3244 1919 3465 1983 νύκτας.

2190 2115 2310 2168 Οὐκ
2347 2115 2648 2183 ἐπιϐαλεῖς
2673 2117 2877 2184 αὐτοῖς
2905 2118 3176 2188 σίδηρον.
3215 2122 3484 2194 Ζηητέον
3509 2123 3580 2176 διὰ
3603 2123 3642 2176 τί

2118 2207 2335 2279 σίδηρον
2360 2209 2460 2262 ούκ
2498 2212 2562 2280 es
2602 2209 2710 2263 τῶν
2749 2211 2911 2265 λίθων
2948 2212 3190 2282 ἅψασθαι
3221 2217 3302 2280 είς
3339 2217 3438 2287 τὴν
3481 2217 3638 2269 οἰκοδο-

2117 2297 2222 2370 μὴν
2266 2299 2359 2352 τοῦ
2422 2299 2810 2373 θυσιαστηρίου
2865 2306 3326 2376 χρησιμευόντων.
3385 2308 3532 2362 Ἀλλὰ
3571 2310 3640 2362 καὶ

2117 2389 2256 2459 μετὰ
2288 2389 2460 2445 ταῦτα
2494 2393 2572 2455 εὶς
2597 2392 2697 2463 τὴν
2723 2393 3007 2466 οἰκοδομὴν
3039 2395 3131 2449 τοῦ
3159 2397 3288 2450 ναοῦ
3332 2397 3504 2464 λίθους
3539 2401 3638 2454 ἀπεο

2113 2480 2372 2553 λεκήτους
2421 2484 2745 2554 προστάττει
2792 2491 3134 2556 συναγαγεῖν,
3177 2489 3272 2542 καὶ
3315 2491 3637 2563 οἰκοδομῆσαι.

2112 2576 2176 2628 El
2211 2576 2322 2646 γὰρ
2359 2577 2558 2631 ἄτοπον
2587 2577 2649 2630 τὸ
2677 2578 2890 2651 σίδηρον
2935 2581 3197 2634 ἄπτεσθαι
3228 2583 3319 2635 τοῦ
3361 2583 3501 2637 λίθου
3535 2585 3637 2656 πρὸς

2111 2667 2398 2739 οἰκοδομὴν
2425 2669 2805 2742 ἁρμόττοντος,
2846 2672 2961 2737 πῶς
2992 2669 3082 2726 οὖν
3109 2673 3216 2744 ἄρα
3242 2676 3290 2728 οί
3321 2675 3510 2742 κίονες.
3548 2675 3634 2740 πῶς

2110 2755 2201 2813 οὖν
2227 2760 2283 2812 αἱ
2309 2760 2514 2826 σανίδες
2535 2762 2628 2815 καὶ
2658 2764 2713 2815 αἱ
2739 2762 2941 2817 τούτων
2971 2763 3253 2834 κεφαλίδες
3277 2768 3632 2838 ﬁnisﬁnem;

2113 2853 2182 2906 Ἦ
2213 2853 2330 2918 πῶς
2360 2855 2458 2907 ὅσα
2496 2855 2559 2907 ὲκ
2596 2855 2794 2926 χαλκοῦ
2837 2855 3056 2925 γέγονεν
3096 2856 3128 2928 ἢ
3173 2859 3379 2928 χρυσοῦ
3425 2860 3456 2930 ἦ
3497 2859 3632 2931 ἀργύ-

2110 2962 2224 3017 ρου,
2243 2946 2654 3016 κατεσκευάσθη
2671 2947 2777 3018 ἄρα
2800 2948 2925 3002 ἄνευ
2946 2947 3060 3020 σιδη
3070 2948 3185 3019 ροῦ;
3207 2951 3316 3003 Καὶ
3332 2950 3444 3014 πῶς
3457 2947 3632 3016 οἷόντες

2107 3035 2207 3088 Διὰ
2231 3035 2432 3091 τούτων
2449 3037 2684 3109 φανερὸν
2705 3037 2821 3108 μὲν,
2843 3039 2917 3093 ὅτι
2946 3039 3040 3108 οὐχ
3061 3040 3246 3106 ἁπλῶς
3266 3041 3568 3115 ἀπαγορεύει
3584 3041 3630 3094 τὸ

2111 3128 2326 3201 σίδηρον
2361 3129 2598 3199 ἅψασθαι
2633 3132 2737 3184 τῶν
2769 3131 2950 3186 λίθων.
2976 3134 3072 3197 Τίς
3105 3131 3197 3188 οὖν
3227 3137 3259 3206 ἡ
3291 3137 3462 3200 αἰτίας
3494 3137 3630 3202 Λέγο-

2109 3239 2208 3292 μεν
2249 3222 2310 3274 ού
2351 3222 2825 3294 διῖσχυριζὸμενοι.
2877 3224 3060 3279 Ταῦτα
3096 3225 3159 3297 δὴ
3199 3227 3396 3282 τοίνυν.
3430 3228 3629 3300 Σκληρδν

2107 3313 2326 3384 σκληρῷ
2365 3313 2672 3366 ὲπιὸἀλλειν
2710 3315 2802 3368 καὶ
2843 3317 3164 3388 συγκρούειν
3194 3319 3410 3375 κωλύει.
3444 3319 3629 3389 Marii:

2105 3405 2213 3478 γὰρ
2239 3405 2381 3475 φιλεῖ
2410 3407 2691 3461 τίκτεσθαι
2726 3408 2872 3463 κακὰ
2899 3411 2961 3462 ἐκ
2983 3410 3084 3480 τῆς
3118 3412 3225 3464 τῶν
3254 3413 3491 3486 σκληρῶν
3519 3431 3627 3483 augt-

2106 3497 2304 3568 μίξεως
2329 3499 2441 3574 καὶ
2474 3498 2876 3570 συγκρούσεως.
2911 3502 2981 3554 Ἦ
3016 3503 3108 3555 τὸν
3143 3504 3302 3572 φόνον
3333 3505 3407 3569 ὠς
3449 3508 3627 3578 πορρω-

2101 3590 2249 3644 τάτω
2292 3591 2391 3660 τῆς
2444 3590 2669 3662 καρδίας
2726 3592 2836 3645 τῶν
2889 3593 3190 3666 ἀνθρώπων
3241 3597 3511 3653 ἐκϐάλλει·
3553 3597 3624 3650 καὶ

2100 3682 2246 3753 μάλα
2273 3681 2512 3747 δικαίως.
2535 3684 2599 3735 Et
2629 3682 2735 3756 γὰρ
2765 3685 2828 3738 ού
2855 3685 2956 3756 χρὴ
2987 3685 3118 3757 λίθῳ
3141 3687 3218 3758 τῷ
3239 3690 3625 3761 οἰκοδομουμένῳ

2099 3775 2177 3836 είς
2209 3771 2304 3843 τὴν
2329 3772 2424 3826 τοῦ
2465 3773 2846 3846 θυσιαστηρίου
2889 3779 3266 3850 κατασκευὴν,
3310 3781 3342 3850 ἢ
3381 3781 3464 3834 τοῦ
3495 3778 3620 3842 ναοῦ,

417 3874 657 3946 σιδήριον
701 3874 1027 3940 ἐπιϐάλλειν,
1074 3875 1190 3940 πῶς
1225 3877 1284 3930 ού
1333 3875 1530 3947 μᾶλλον
1577 3866 1981 3944 ἀπαγορευτέον
2028 3863 2088 3918 τὸ
2131 3863 2345 3936 σίδηρον
2406 3865 2694 3936 ἁρπάζειν,
2735 3868 2828 3920 καὶ
2875 3869 3018 3923 κατὰ
3050 3869 3144 3923 τοῦ
3192 3871 3414 3942 πλησίον
3458 3873 3620 3941 positi;

489 3989 564 4043 Hi
603 3991 815 4046 stabunt
865 3993 1164 4049 benedicere
1207 3996 1544 4064 populum".
1579 3991 1987 4050 Observandum

414 4093 501 4140 est
544 4099 640 4139 eos
681 4085 771 4154 qui
803 4086 870 4140 ad
904 4087 1330 4142 benedicendum
1378 4097 1714 4152 statuuntur,
1744 4101 1774 4142 e
1803 4083 1987 4140 liberis

415 4187 470 4233 et
501 4179 742 4249 cognatis
767 4178 934 4235 Jacob
961 4180 1280 4238 mulieribus
1306 4192 1461 4238 natos
1487 4197 1644 4247 esse;
1681 4180 1773 4250 qui
1805 4189 1985 4233 autem

414 4272 481 4324 ad
514 4270 942 4326 maledicendum
989 4272 1041 4326 in
1079 4284 1258 4329 monte
1306 4273 1474 4330 Gebal
1518 4272 1879 4335 collocantur,
1913 4285 1980 4324 ex

2171 3978 2346 4038 Οὗτοι
2377 3984 2707 4051 στήσονται
2750 3987 3024 4057 εὐλογεῖν
3047 3988 3155 4042 τὸν
3184 3967 3354 4045 λᾶὀν.
3409 3989 3620 4063 Haem-

2097 4079 2283 4148 ρητέον
2311 4077 2392 4130 ὅτι
2420 4079 2468 4129 οἱ
2499 4077 2739 4146 εὐλογεῖν
2765 4080 3052 4151 ταχθέντες
3079 4081 3189 4136 ἀπὸ
3212 4084 3320 4137 τῶν
3358 4084 3616 4155 ἐλευθέρων

2091 4167 2363 4236 γυναικῶν
2416 4169 2507 4222 καὶ
2558 4171 2832 4239 συγγενῶν
2880 4173 2974 4226 τοῦ
3014 4173 3207 4228 Ἰακὼϐ
3256 4177 3612 4249 ἐγεννήθησαν·

2089 4260 2233 4313 οὕτω
2257 4263 2306 4314 οί
2343 4260 2400 4314 δὲ
2426 4262 2768 4332 καταρᾶσθαι
2812 4265 3194 4336 ἀφορισθέντες
3223 4270 3331 4322 ἀπὸ
3366 4271 3450 4322 τοῦ
3483 4268 3615 4338 ὅρους

299 4389 306 4394 -
411 4363 626 4418 ancillis
651 4372 799 4419 ortos
827 4379 974 4429 esse,
1001 4368 1244 4436 exceptis
1274 4367 1462 4422 Ruben
1493 4375 1546 4424 et
1582 4364 1841 4422 Zabulon.
1869 4361 1985 4418 Stat

2117 4352 2284 4419 ἐὁὰλ,
2316 4354 2422 4410 ἀπὸ
2449 4355 2557 4408 τῶν
2605 4355 2902 4411 παιδισκῶν
2936 4354 3092 4430 ἦσαν,
3140 4361 3280 4434 πλὴν
3310 4363 3398 4417 τοῦ
3430 4359 3612 4428 Ῥοισὶμ

416 4453 611 4508 Ruben
655 4470 779 4510 cum
831 4455 1516 4530 maledicentibus,ulpote
1574 4457 1889 4512 maledictus
1931 4462 1986 4508 et

417 4547 534 4614 ipse
562 4563 590 4601 a
625 4558 802 4617 patre.
831 4551 982 4616 Quod
1008 4553 1052 4606 si
1083 4560 1137 4606 et
1172 4551 1450 4606 maledixit
1478 4549 1629 4618 Levi,
1671 4558 1726 4604 at
1765 4549 1981 4603 redem-

411 4650 538 4710 ptus
572 4650 654 4696 est
686 4643 1004 4698 sacerdotali
1051 4644 1331 4714 dignitate.
1363 4642 1494 4696 Nam
1527 4645 1758 4696 maxime
1799 4653 1983 4694 sacer-

412 4732 554 4786 dotis
591 4743 669 4786 est
719 4733 969 4803 populum
1020 4733 1358 4788 benedicere.
1415 4731 1685 4786 Prazterea
1731 4731 1976 4792 Simeon,

404 4825 601 4896 quippe
627 4826 718 4896 qui
756 4827 806 4879 in
844 4828 1020 4881 medio
1061 4827 1233 4882 tribus
1283 4825 1434 4880 Juda:
1463 4825 1756 4886 habitaret,
1793 4832 1846 4876 et
1879 4835 1976 4874 ceu
2015 4863 2020 4866 .

404 4933 528 4986 pars
561 4917 705 4972 illius
743 4925 906 4981 esset,
950 4917 1154 4974 idcirco
1200 4917 1288 4972 ubi
1318 4915 1518 4982 Judas,
1558 4914 1633 4970 ibi
1661 4923 1714 4968 et
1754 4913 1841 4967 hic
1875 4926 1976 4965 nu-

401 5021 667 5065 meratur.

470 5215 539 5272 Et
575 5217 688 5272 haec
731 5217 1038 5282 benedictio,
1066 5233 1170 5288 qua
1200 5216 1460 5270 benedixit
1507 5213 1717 5284 Moyses
1737 5212 1806 5266 ⁸³.
1838 5211 1972 5267 Pro-

395 5309 590 5380 phetize
615 5307 804 5376 Jacob,
834 5323 938 5364 non
977 5323 1168 5362 omnes
1208 5306 1614 5362 benedictiones
1651 5312 1830 5369 erant,
1863 5317 1967 5357 non

391 5417 582 5457 omnes
612 5401 1040 5456 maledictiones.
1082 5399 1284 5471 Moysis
1327 5407 1509 5453 autem
1561 5396 1963 5468 praedictiones,

391 5506 600 5551 cunctae
629 5504 785 5552 erant
814 5494 1236 5551 benedictiones.

463 5587 531 5643 Et
562 5589 825 5658 festinauit
862 5603 928 5644 ea:
964 5598 1140 5643 monte
1185 5588 1404 5642 Pharon
1430 5585 1498 5641 ".
1544 5584 1656 5640 Hoc
1699 5595 1813 5650 est,
1860 5596 1963 5637 non

2091 4449 2185 4501 καὶ
2215 4447 2308 4501 τοῦ
2351 4447 2651 4504 Ζαϐουλὼν.
2680 4451 2945 4504 Τέτακται
2971 4451 3025 4505 δὲ
3058 4455 3086 4506 ὁ
3127 4455 3351 4527 Ῥουὸὶμ
3386 4455 3499 4526 μετὰ
3522 4451 3610 4504 τῶν

2089 4542 2510 4613 καταρωμένων,
2534 4543 2609 4606 ὡς
2642 4545 2734 4597 καὶ
2766 4543 3148 4616 καταρώμενος
3176 4547 3280 4601 ὑπὸ
3311 4547 3400 4600 τοῦ
3428 4544 3603 4614 πατρός.

2088 4631 2150 4684 Et
2177 4632 2233 4685 δὲ
2283 4633 2376 4686 καὶ
2411 4633 2500 4686 τὸν
2539 4634 2672 4686 Λευὶ
2722 4640 3087 4706 κατηράσατο,
3142 4636 3279 4691 ἀλλὰ
3325 4638 3605 4709 λελύτρωται

2086 4725 2250 4788 αὐτὸς
2277 4728 2340 4797 τῇ
2368 4726 2611 4798 ίερατικῇ
2639 4726 2784 4798 ἀξία.
2820 4727 3069 4780 Μάλιστα
3099 4727 3206 4798 γὰρ
3233 4730 3416 4801 ίερέως
3439 4727 3530 4780 ἐστὶ
3553 4725 3603 4776 τὸ

2083 4816 2175 4873 τὸν
2203 4817 2329 4872 λαὸν
2356 4819 2611 4886 εὐλογεῖν.
2649 4819 2807 4872 Ἀλλὰ
2841 4821 2937 4874 καὶ
2964 4823 2991 4874 6
3029 4819 3250 4891 Συμεὼν
3293 4821 3365 4885 ὡς
3401 4824 3449 4874 ἐν

2083 4911 2184 4982 τῆς
2229 4911 2390 4966 Ἰούδα
2421 4913 2591 4984 φυλῆς
2629 4914 2875 4984 οἰκήσας,
2915 4914 3006 4967 καὶ
3039 4913 3229 4986 ὥσπερ
3276 4914 3429 4986 μέρος
3461 4908 3598 4977 αὐτῆς

2083 5006 2350 5074 γεγονὼς,
2400 5007 2488 5061 διὰ
2542 5005 2700 5060 τοῦτο
2748 5008 2882 5061 ὅπου
2923 5007 3153 5072 Ἰούδας,
3190 5009 3305 5062 ἐκεῖ
3337 5007 3421 5060 καὶ
3462 5001 3594 5062 αὐτὸς

2075 5097 2416 5170 ἀριθμεῖται.

2143 5213 2254 5266 Καὶ
2284 5214 2433 5281 αὕτη
2471 5216 2510 5284 ἡ
2543 5213 2787 5284 εὐλογία
2823 5211 2903 5280 ἣν
2938 5217 3242 5285 ηὐλόγησε
3269 5212 3506 5279 Μωῠσῆς.
3529 5207 3588 5259 Αἱ

2077 5307 2228 5378 παρὰ
2267 5307 2457 5360 Ἰακὼό
2486 5308 2838 5379 προρρήσεις,
2867 5305 2989 5360 οὔτε
3019 5310 3184 5362 πᾶσαι
3216 5311 3430 5378 εὐλογίαι
3449 5302 3582 5376 ἦσαν.

2073 5398 2196 5453 οὔτε
2231 5403 2398 5456 πᾶσαι
2438 5403 2600 5473 ἀραίο
2631 5404 2684 5455 αἱ
2718 5402 2774 5455 δὲ
2815 5400 2967 5473 παρὰ
3005 5402 3295 5468 Μωῦσέως,
3325 5403 3466 5454 πᾶσαι
3497 5393 3576 5447 εὖ·

2077 5490 2274 5560 λογίαι.

2146 5588 2255 5641 Καὶ
2303 5586 2724 5645 κατέσπευσεν
2768 5589 2838 5654 ἐξ
2889 5588 3065 5658 ὄρους
3103 5586 3316 5656 Φαράν.
3361 5578 3573 5636 ’τουτέστι

460 5743 506 5773 ’⁸⁵
545 5743 700 5799 Deut.
727 5760 853 5809 xxv,
885 5747 937 5800 5.
1013 5746 1057 5778 “
1097 5743 1250 5798 Deut.
1282 5757 1448 5808 xxvn,
1480 5741 1533 5797 5.
1605 5741 1649 5773 “
1694 5741 1847 5798 Deut.
1885 5756 2056 5808 xxvn,
2087 5740 2172 5796 12.
2250 5741 2295 5774 ”
2333 5742 2483 5797 Deut.
2515 5758 2712 5809 xxxttt,
2743 5744 2792 5797 l.
2868 5742 2914 5775 ”
2949 5742 3080 5798 ibid.
3103 5743 3157 5796 2.
