3874 6526
180 378 267 438 εει
1315 364 1627 423 SELECTA
1659 362 1726 419 IN
1757 360 1977 418 JESUM
2005 359 2210 415 NAVE.

3305 348 3412 406 8l8

178 492 248 563 τῷ
289 487 478 561 μηκέτι
514 486 592 559 τῷ
633 488 852 561 Ἰσραὴλ
902 485 1287 560 χρηματίζειν,
1340 486 1476 542 ἀλλὰ
1522 488 1634 549 τοῖς
1680 483 1739 548 ἐξ

1858 481 2075 551 unplius
2107 476 2326 543 lsraeli,
2376 478 2472 533 sed
2518 477 2584 532 iis
2632 474 2823 548 quiex
2879 468 3152 543 gentibus,
3196 466 3414 523 oracula

181 583 348 646 ἐθνῶν,
388 581 481 635 καὶ
526 582 618 635 τὸν
668 581 830 652 νόμον
865 581 1080 652 ἔστησε.
1136 578 1307 632 Τοῦτο
1357 577 1486 649 γὰρ,
1525 597 1542 629 ι
1577 575 1734 630 κατέέ
1763 604 1780 629 .

180 693 393 734 σπευσεν
434 676 491 742 ἐξ
538 676 698 748 ὄρους
743 676 947 748 Φαρὰν,
975 693 992 725 ι
1043 673 1217 726 είτουν
1264 689 1284 723 ι
1322 672 1684 729 κατέπαυσεν,
1711 690 1728 723 ι

177 773 298 841 ὅπερ
337 769 497 840 ἑτέρα
541 768 782 839 περιέχει
842 769 1048 839 γραφὴ,
1097 766 1216 820 ἀντὶ
1260 763 1389 832 τοῦ,
1433 764 1736 827 σπουδαίως

176 862 264 935 τὴν
293 859 448 914 σκιὰν
478 861 813 930 καταλείψει,
844 861 938 914 καὶ
965 860 1064 931 τὴν
1105 858 1364 931 ἀλήθειαν
1401 859 1530 929 ἡμῖν
1574 874 1736 925 φανε-

179 953 346 1030 ρώσει.

238 1045 356 1100 Σὺν
392 1044 639 1114 μυριάσι
686 1045 906 1114 Κάδης.
961 1044 1075 1098 Νῦν
1124 1044 1310 1117 Κάδης
1350 1043 1411 1096 οὐ
1449 1042 1540 1096 τὸν
1573 1043 1735 1096 τόπον

174 1139 328 1208 λέγει,
367 1137 502 1191 ἀλλὰ
530 1139 656 1202 τοὺς
686 1138 894 1207 ἁγίους.
921 1137 1108 1208 Κάδης
1140 1135 1251 1208 γὰρ
1281 1135 1345 1188 τὸ
1373 1134 1544 1204 ἅγιον
1586 1133 1739 1202 λέγε-

174 1249 256 1286 ται
282 1233 345 1301 τῇ
385 1230 626 1303 Ἐϐραΐδι
660 1229 895 1301 γλώττῃ.

237 1321 341 1378 Καὶ
375 1322 658 1391 ἐφείσατο
684 1322 788 1376 τοῦ
815 1321 971 1382 λαοῦ
993 1321 1199 1376 αὑτοῦ.
1223 1321 1534 1383 Τουτέστιν,
1565 1319 1738 1373 ἔσωσε

174 1414 602 1486 παραγενόμενος
645 1414 771 1478 τοὺς
823 1414 883 1468 οὐ
936 1413 1099 1477 λαοὺς
1151 1413 1299 1476 ποτὲ,
1347 1415 1441 1468 νῦν
1487 1414 1544 1468 δὲ
1578 1414 1741 1479 λαοὺς

167 1507 314 1570 θεοῦ,
342 1506 467 1571 τοὺς
490 1507 589 1560 οῦκ
614 1507 970 1579 ἡλεημένους,
1004 1507 1098 1562 νῦν
1135 1507 1191 1560 δὲ
1219 1507 1560 1579 ἐλεηθέντας.
1597 1526 1615 1558 ι
1650 1508 1739 1561 Ἐν

168 1599 331 1668 τούτῳ
379 1599 508 1671 γὰρ,
539 1601 702 1671 φησὶν
731 1601 760 1653 6
803 1601 1100 1664 ἀπόστολος
1144 1602 1380 1672 Πέτρος,
1421 1601 1738 1673 ἐφανερώθη

164 1692 346 1761 ἀγάπη
401 1691 493 1745 τοῦ
538 1691 671 1745 Θεοῦ
721 1693 779 1746 ὲν
819 1695 1012 1764 ἡμῖν.»
1079 1693 1191 1747 Καὶ
1231 1695 1259 1746 ὁ
1293 1693 1446 1762 ἅγιος
1489 1694 1742 1766 Ἰωάννης

164 1782 303 1852 λέγει
333 1783 393 1835 ὲν
420 1785 487 1854 τῇ
527 1782 807 1855 καθολικῇ,
841 1784 925 1838 ὅτι
962 1803 980 1836 ι
1009 1785 1100 1838 τὸν
1131 1784 1261 1838 Υἱὸν
1299 1785 1464 1839 αὐτοῦ
1508 1785 1599 1838 τὸν
1642 1803 1735 1856 μο-

161 1876 346 1947 νογενῆ
391 1876 731 1931 ἀπέσταλκεν
771 1881 800 1932 6
833 1877 964 1942 Θεὸς
1001 1880 1080 1943 εἰς
1122 1879 1212 1931 τὸν
1253 1879 1476 1951 κόσμον,
1509 1880 1593 1933 ἵνα
1640 1880 1738 1950 ζή-

162 1984 336 2038 σωμεν
381 1967 449 2020 δι’
478 1966 665 2025 αὑτοῦ.
702 1987 720 2020 ι
754 1969 865 2022 Καὶ⁵
897 1971 925 2022 6
969 1969 1240 2041 μακάριος
1288 1971 1344 2024 δὲ
1392 1971 1601 2035 Παῦλός
1634 1991 1738 2044 φη-

161 2078 270 2114 σιν’
313 2080 332 2112 ι
368 2062 433 2116 Ὅ
459 2079 522 2131 τε
549 2062 643 2116 τοῦ
677 2062 808 2116 ἰδίου
850 2061 982 2116 Υἰοῦ
1013 2065 1113 2118 οὐκ
1140 2065 1413 2133 ἐφείσατο,
1448 2065 1562 2118 ἀλλ’
1599 2066 1740 2138 ὑπὲρ

160 2154 312 2225 ἡμῶν
339 2155 562 2210 πάντων
585 2156 901 2228 παρέδωκεν
928 2157 1108 2212 αὐτόν.
1137 2179 1155 2209 ι
1207 2159 1491 2227 Ἐφείσατο
1522 2155 1614 2212 οὖν
1645 2159 1740 2213 τοῦ

157 2261 304 2298 Λαου.

223 2337 330 2390 Καὶ
372 2337 601 2405 πάντες
629 2343 682 2393 οἱ
713 2339 1066 2411 ἡγιασμένοι
1091 2340 1209 2396 ὑπὸ
1237 2343 1343 2407 τὰς
1373 2341 1574 2411 χεῖράς
1604 2358 1741 2398 σου.

159 2429 382 2482 Πάντων
416 2429 527 2502 γὰρ
567 2435 778 2501 κρατεῖ,
820 2432 894 2496 ὡς
942 2432 1195 2502 βασιλεὺς
1231 2433 1458 2505 οὐρανοῦ
1493 2435 1586 2488 καὶ
1617 2435 1741 2506 γῆς.

164 2521 251 2584 Ὠς
291 2521 510 2590 βασιλεῖ
541 2524 956 2596 παριστάμενοι,
1001 2525 1075 2589 ὡς
1107 2524 1225 2596 Θεῷ
1272 2525 1740 2597 λειτουργοῦντες,

151 2613 227 2676 ὼς
271 2616 476 2685 ποιητῇ
528 2616 992 2688 προσκυνοῦντες,
1054 2619 1148 2672 καὶ
1203 2618 1292 2671 ὑπ’
1350 2619 1512 2672 αὐτόν
1571 2621 1739 2674 εἰσιν·

157 2725 175 2756 ‹
203 2707 367 2770 αὐτὸς
398 2707 510 2779 γὰρ
543 2708 633 2762 καὶ
662 2709 730 2763 τὰ
760 2710 936 2764 πάντα
978 2709 1242 2778 ὑπέταξεν
1271 2711 1376 2764 ὑπὸ
1405 2712 1531 2775 τοὺς
1577 2713 1744 2777 πόδας

149 2817 390 2853 αυτου.»

215 2894 640 2964 Συναχθὲντες
666 2894 953 2966 ἄρχοντες
997 2897 1182 2954 λαῶν.
1236 2900 1298 2952 Ol
1333 2897 1605 2952 θεσπέσιοι
1643 2917 1747 2970 μα-

148 2983 330 3056 Θηταὶ,
475 3004 605 3058 φησι
663 2987 756 3041 καὶ
798 2989 826 3040 6
886 2989 1047 3042 Δαυὶδ
1080 2991 1144 3043 ὲκ
1188 2988 1481 3060 προσώπου
1528 2990 1741 3044 ἀυτῶν·

149 3097 170 3129 ι
195 3078 475 3144 Ὑπέταξε
494 3080 656 3144 λαοὺς
675 3082 924 3151 ἡμῖν,καὶ
939 3081 1064 3152 ἔθνη
1084 3083 1186 3135 ὑπὸ
1202 3084 1326 3146 τοὺς
1347 3084 1511 3148 πόδας
1532 3085 1707 3154 ἡμῶν.
1723 3103 1740 3136 ι

1839 588 2108 642 promere,
2144 580 2198 626 et
2238 569 2341 639 legi
2379 569 2541 625 ﬁnem
2588 567 2868 638 imposuit.
2917 554 3260 621 lstud'enitn
3311 561 3413 618 sibi

1839 664 1991 719 vult:
2037 683 2054 715 ι
2089 663 2372 717 festinavit
2415 677 2479 716 ex
2519 671 2702 716 monte
2741 660 2978 724 Pbaran,
3003 677 3022 711 ι
3070 656 3152 712 vel
3185 676 3202 709 ι
3230 670 3415 711 cessa-

1837 758 1976 819 vit.)
2015 768 2073 812 ut
2117 756 2221 810 alia
2271 756 2430 810 habet
2486 755 2860 825 interpretatio
2895 772 2908 808 :
2952 752 3104 824 quasi
3159 751 3418 806 diceret:

1837 850 2022 906 sedulo
2080 850 2324 904 umbram
2387 849 2751 917 dereliuqnet,
2815 857 2872 904 et
2924 848 3210 902 veritatem
3260 845 3419 900 nobis

1837 944 2106 998 ostendet.

1909 1037 2042 1092 Cum
2087 1038 2262 1091 decem
2299 1035 2534 1090 millibus
2563 1035 2731 1090 Cades
2754 1037 2825 1092 ⁸⁵.
2870 1034 3027 1091 Nunc
3070 1033 3266 1100 Gades,
3308 1047 3420 1089 non

1840 1134 2016 1189 locum
2061 1131 2225 1195 dicit,
2259 1130 2352 1186 sed
2390 1139 2630 1186 sanctos.
2661 1131 2835 1187 Cades
2867 1131 3011 1187 enim
3049 1140 3289 1186 sanctum
3339 1128 3421 1184 di-

1837 1227 1981 1282 citur
2009 1225 2276 1280 llebraica
2311 1224 2514 1292 lingua.

1913 1319 1980 1374 Et
2024 1318 2254 1389 pepercit
2298 1317 2489 1387 populo
2520 1333 2615 1372 suo
2638 1316 2705 1373 ".
2754 1314 2864 1370 Hoc
2913 1325 3016 1380 est,
3042 1318 3278 1372 adventu
3324 1329 3424 1370 suo

1841 1413 2068 1468 salvavit
2105 1427 2202 1468 eos
2242 1411 2333 1480 qui
2366 1411 2496 1466 olim
2535 1425 2644 1465 non
2687 1409 2892 1480 populi,
2925 1423 3067 1464 nunc
3104 1419 3282 1462 autem
3325 1423 3424 1478 po-

1842 1507 1951 1578 puli
2000 1514 2126 1562 sunt
2159 1505 2280 1570 Dei,
2307 1518 2444 1572 quos
2483 1503 2860 1558 misericordia
2906 1517 3012 1556 non
3060 1501 3423 1572 comprehen-

1843 1601 2016 1663 derat,
2061 1613 2207 1653 nunc
2251 1606 2429 1651 autem
2467 1595 2914 1664 comprehendit;
2953 1613 2972 1647 ι
3005 1594 3056 1648 in
3111 1593 3211 1649 ltoc
3251 1595 3420 1659 enim,

1845 1693 2022 1761 inquit
2052 1691 2331 1762 apostolus
2366 1689 2564 1746 Petrus
2586 1689 2655 1754 ’⁷,
2683 1689 2934 1760 apparuit
2967 1687 3208 1743 charitas
3241 1687 3334 1742 Dei
3371 1687 3427 1742 in

1847 1785 2022 1840 nobis.
2045 1802 2063 1837 ›
2100 1783 2170 1839 Ει
2213 1793 2437 1838 sanctus
2465 1779 2707 1837 Joannes
2739 1787 2791 1836 in
2823 1779 3092 1836 catholica
3135 1780 3272 1836 dicit
3301 1780 3428 1849 Epi-

1847 1878 1983 1934 stola
2009 1877 2080 1944 θ’,
2119 1876 2382 1948 quoniam
2422 1894 2440 1929 ι
2475 1875 2674 1930 Filium
2711 1891 2866 1930 suum
2899 1874 3242 1944 unigenitum
3281 1873 3432 1928 misit

1851 1972 1992 2028 Deus
2023 1973 2076 2026 in
2117 1972 2372 2026 mundum
2421 1978 2476 2024 ut
2523 1969 2768 2024 vivamus
2794 1984 2889 2040 per
2914 1983 3055 2024 eum.
3085 1987 3103 2021 ι
3142 1968 3206 2022 Et
3243 1968 3435 2023 beatus

1848 2067 2046 2123 Paulus
2076 2067 2218 2121 ait”
2247 2083 2262 2121 :
2305 2083 2323 2117 ι
2352 2057 2722 2134 Pr0prioFilio
2754 2078 2859 2119 non
2913 2060 3302 2133 pepercit,:sed
3335 2076 3434 2131 pro

1851 2159 2008 2216 nobis
2047 2158 2298 2214 omnibus
2353 2155 2577 2212 tradidit
2615 2155 2787 2212 illum.
2814 2175 2834 2208 ι
2870 2155 3126 2225 Pepercit
3167 2170 3297 2226 ergo
3329 2169 3430 2225 po-

1849 2254 1995 2326 pulo.

1921 2347 1988 2402 Et
2016 2363 2194 2401 omnes
2248 2349 2570 2418 sanctiﬁcati
2598 2346 2694 2402 sub
2726 2361 2911 2399 manus
2949 2352 3073 2398 tuas
3102 2344 3141 2397 ί.
3169 2342 3434 2400 Omnibus

1851 2441 1994 2495 enim
2025 2441 2366 2508 dominatur,
2396 2450 2582 2510 utpote
2616 2454 2709 2494 rex
2749 2437 2873 2493 οωΙί
2906 2446 2961 2492 et
2994 2445 3176 2491 terra).
3205 2435 3276 2490 Ut
3320 2433 3434 2505 regi

1851 2542 2114 2598 astantes,
2144 2533 2330 2590 utDeo
2361 2533 2756 2597 ministrantes,
2784 2538 2845 2584 ut
2872 2537 3173 2586 creatorem
3200 2527 3435 2582 adoran-

1855 2636 1952 2693 tes,
1977 2627 2138 2681 etiam
2177 2625 2277 2680 sub
2308 2626 2421 2695 ipso
2444 2632 2592 2694 sunt,
2623 2643 2642 2676 ι
2678 2624 2792 2695 ipse
2815 2621 2960 2678 enim
2989 2621 3171 2678 omnia
3202 2619 3435 2689 subjecit

1853 2721 1952 2776 sub
1984 2719 2210 2790 pedibus
2244 2719 2357 2775 suis
2378 2721 2419 2776 ‘.
2447 2738 2467 2773 ι

1923 2901 2085 2974 393
2135 2902 2449 2974 Coagregati
2489 2899 2751 2969 principes
2798 2893 3111 2966 populorum
3162 2892 3204 2948 ³.
3256 2889 3432 2946 Divini-

1855 2996 2112 3050 nimiruut
2148 2993 2416 3059 discipuli,
2449 2989 2908 3062 quemadmodum
2959 2996 3013 3042 et
3049 2984 3212 3040 David
3240 2997 3308 3039 ex
3341 2997 3434 3038 eo-

1858 3103 1976 3141 rum
2022 3100 2256 3155 persona
2303 3084 2428 3139 ait‘
2472 3102 2484 3138 :
2534 3101 2553 3136 (
2605 3081 2847 3151 Sultjecit
2895 3078 3121 3150 populos
3171 3076 3327 3132 nobis
3379 3086 3434 3130 et

146 3171 256 3223 Καὶ
303 3171 515 3226 πάλιν
563 3173 860 3245 Ἄρχοντες
906 3172 1050 3226 λαῶν
1089 3174 1433 3246 συνήχθησαν
1489 3177 1627 3247 μετὰ
1651 3176 1741 3231 τοῦ

1858 3189 2044 3250 gentes
2074 3179 2173 3233 sub
2200 3175 2427 3247 pedibus
2471 3173 2696 3229 nostris.
2731 3190 2750 3224 ι
2778 3172 2846 3226 Ει
2899 3186 3088 3226 rursus
3113 3170 3134 3201 ⁵
3167 3186 3180 3223 :
3218 3186 3238 3220 ι
3278 3167 3435 3222 Prin-

143 3263 282 3316 Θεοῦ
327 3263 612 3336 Ἀϐραάμ.
651 3285 668 3316 ι
725 3265 835 3336 Τὴν
861 3265 1050 3336 κλῆσιν
1074 3261 1165 3319 οὖν
1216 3266 1366 3338 δηλοῖ
1418 3269 1525 3322 τῶν
1556 3269 1746 3336 ὲΘνῶν,

140 3349 218 3421 ὧς
246 3359 346 3412 τοῦ
403 3359 544 3412 Θεοῦ
599 3359 880 3431 μέλλοντος
935 3359 1120 3432 ἄρξειν
1183 3361 1240 3414 ὲν
1285 3360 1469 3432 ταύτῷ
1519 3363 1613 3415 καὶ
1656 3363 1747 3418 τοῦ

153 3452 382 3524 Ἰσραὴλ
413 3453 514 3507 καὶ
544 3452 651 3506 τῶν
670 3451 860 3507 ἐθνῶν.
898 3471 916 3505 ι
967 3453 1350 3526 Ἠγαπημένος
1392 3473 1409 3507 ι
1446 3455 1502 3508 δὲ
1534 3456 1748 3526 λέγεται

138 3548 167 3598 ὁ
199 3546 355 3609 Υἱός.
420 3565 440 3597 ι
484 3537 650 3608 οὗτος
680 3546 788 3617 γάρ
809 3546 946 3610 ἐστι,
975 3547 1157 3617 φησὶν,
1191 3549 1219 3600 6
1254 3546 1381 3610 Υἱός
1425 3565 1524 3619 μου
1554 3552 1582 3603 ὁ
1616 3551 1753 3620 ἀγα-

1857 3272 2004 3341 cipes
2052 3267 2374 3340 populorum
2423 3264 2735 3335 congregati
2772 3273 2900 3319 sunt
2940 3278 3064 3318 cum
3118 3261 3228 3316 Deo
3257 3258 3432 3313 Abra-

1857 3362 2005 3417 bam.
2044 3380 2063 3412 ι
2112 3359 2464 3415 Vocationem
2505 3355 2673 3426 igitur
2700 3356 2971 3425 signiﬁcat
3024 3354 3289 3426 gentium,
3319 3351 3436 3407 fore

1859 3468 2052 3524 nempe
2082 3463 2139 3507 ut
2171 3453 2314 3506 Deus
2340 3451 2499 3506 simul
2529 3459 2582 3505 et
2609 3448 2773 3504 Israel
2804 3457 2858 3503 et
2893 3447 3144 3517 gentibus
3182 3447 3433 3515 imperet.

1864 3564 1882 3598 ι
1914 3545 2154 3598 Dilectus
2186 3561 2206 3595 ι
2237 3553 2438 3607 autem,
2473 3542 2670 3597 dicitur
2692 3539 2880 3595 Filius.
2922 3556 2941 3590 ι
2986 3538 3085 3593 llic
3134 3539 3279 3592 enim
3325 3547 3434 3602 est,

135 3638 339 3708 πητὸς.
385 3657 406 3689 ι
443 3638 556 3691 Καὶ
587 3637 675 3691 διὰ
697 3637 856 3691 τοῦτο
887 3637 1043 3710 ἄρχει
1070 3637 1225 3710 ἡμῶν
1250 3641 1278 3693 6
1314 3641 1503 3715 Πατὴρ
1531 3642 1624 3696 καὶ
1652 3641 1741 3714 βα-

1858 3638 2034 3708 inquit
2058 3635 2100 3703 ⁸,
2129 3635 2298 3691 Filius
2330 3648 2481 3689 meus
2509 3633 2768 3688 dilectus.
2806 3653 2823 3685 ι
2871 3632 2936 3686 Ει
2988 3640 3276 3702 propterea
3331 3629 3436 3684 Pa-

138 3730 378 3784 σιλεύει.

1865 3739 1947 3785 ter
1979 3744 2075 3785 rex
2111 3737 2300 3784 noster
2322 3736 2376 3784 et
2409 3726 2664 3797 princeps
2692 3735 2875 3782 uoster
2903 3734 3009 3780 est.

208 3869 260 3904 "
290 3871 468 3924 Deut.
501 3885 692 3932 χχχιιι,
717 3869 772 3924 2.
848 3873 895 3904 "
935 3873 1063 3928 ibid.
1095 3872 1146 3926 5.
1223 3873 1267 3906 ’⁷
1293 3872 1490 3929 lJoan.
1519 3889 1594 3938 tv,
1623 3874 1679 3928 9.

1861 3872 1970 3926 bid.
2045 3871 2090 3906 ⁹⁹
2129 3870 2286 3925 Rom.
2318 3867 2544 3931 vm,52.
2625 3865 2815 3922 ‘Deut.
2843 3879 3032 3930 xxxm,
3058 3862 3114 3917 ὅ.
3190 3861 3212 3894 ²
3251 3858 3269 3913 l
3303 3858 3432 3916 Cor.

135 3955 229 4007 xv,
275 3940 374 3995 26.
469 3940 672 3996 'Deut.
714 3957 906 4009 χχχιιι,
961 3944 1015 3999 5.

1092 3943 1114 3976 ⁸
1143 3945 1285 4000 Psal.
1319 3961 1462 4009 XLVI,
1502 3943 1555 3997 4.
1631 3945 1652 3976 ⁸
1686 3944 1841 4009 ibid.,
1872 3943 1957 3997 10.
2035 3943 2056 3973 ⁸
2091 3941 2279 3995 Matth.
2319 3955 2401 4005 ιιι,
2436 3940 2520 3992 17.

147 4126 3430 4166 W

1511 4300 2085 4394 MONITUM

910 4496 1004 4550 AD
1041 4492 1362 4552 ORIGENIS
1401 4490 1786 4552 EXEGETICA
1832 4495 1900 4551 IN
1938 4493 2204 4552 LIBRUM
2243 4479 2411 4551 JESU
2452 4490 2664 4550 NAVE.

202 4785 460 4855 Ruﬁnus
489 4785 546 4837 in
566 4785 900 4855 peroratione
922 4783 991 4836 ad
1019 4784 1502 4855 interpretationem
1549 4781 2065 4840 Commentariorum
2092 4781 2339 4855 0_rigenis
2391 4782 2447 4835 in
2490 4778 2788 4855 Epistolam
2828 4781 2898 4855 ad
2949 4779 3240 4855 Romanos,
3283 4781 3361 4855 ait
3385 4796 3439 4834 se

121 4849 419 4913 vertendis
446 4849 576 4925 ejus
594 4854 936 4926 ἐξηγητικοῖς
957 4857 1008 4908 in
1033 4849 1227 4908 librum
1249 4854 1376 4926 .lesu
1403 4852 1554 4908 Nave
1579 4855 1712 4908 nihil
1743 4873 1777 4909 a
1795 4856 1899 4924 fide
1921 4861 2093 4909 textus
2115 4849 2288 4908 Grieci
2316 4853 2609 4926 recessisse.
2644 4869 2660 4903 ι
2689 4849 2820 4915 Illa,
2849 4852 3041 4926 inquit,
3068 4849 3432 4926 qua:__in_._lesu

121 4928 366 4983 Nave...
401 4921 1078 4994 scripsimus,simpliciter
1103 4925 1456 4992 expressimus
1495 4934 1550 4977 ut
1576 4921 1889 4992 invenimus,
1920 4935 1966 4979 et
1993 4941 2094 4979 non
2119 4926 2283 4994 multo
2310 4939 2429 4976 cum
2475 4921 2654 4976 labore
2693 4921 3086 4994 transtulimus.
3121 4942 3140 4974 ι
3170 4921 3346 4994 Hodie
3371 4934 3436 4994 es:

117 5000 242 5068 ejus
271 4988 741 5068 interpretatione
774 4988 977 5051 exstant
1005 4996 1059 5049 in
1090 4988 1226 5048 hunc
1250 4995 1444 5048 librant
1469 5011 1558 5068 sea:
1590 5005 1647 5068 et
1676 4988 2138 5068 uiginti'homilite.
2173 4991 2419 5068 Triginta
2443 5004 2851 5068 commemorat
2888 4992 3238 5068 Cassiodorus
3283 4988 3438 5068 insti-

119 5061 229 5129 ιῖιι,
265 5084 406 5136 cap.
432 5061 471 5119 ’1
489 5106 504 5121 .
531 5064 754 5120 Initium
790 5068 1048 5136 vigesima:
1073 5076 1481 5136 repra’sentatur
1505 5061 1812 5136 Philocalize
1841 5067 2011 5134 capite
2038 5065 2371 5129 duodecimo,
2398 5063 2625 5132 hincque
2653 5061 2946 5118 obstruitur
2969 5081 3026 5118 os
3055 5063 3256 5133 aliquot
3281 5064 3429 5116 lteten

119 5135 394 5202 rodoxis,
454 5138 566 5207 qui
595 5142 790 5206 absque
816 5135 924 5190 ulla
955 5137 1159 5190 ratione
1190 5140 1286 5190 Itas
1312 5135 1560 5190 homilius
1583 5135 1798 5206 Origeni
1826 5137 2221 5207 abjudicarunt.

202 5211 347 5264 Post
383 5204 650 5261 hoinilias
676 5204 729 5261 in
755 5207 1041 5262 Jeremiam
1065 5209 1276 5275 scriptae
1297 5217 1443 5270 sunt,
1486 5208 1561 5259 uti
1606 5204 1744 5275 patet
1773 5223 1836 5260 ea:
1861 5204 2080 5260 Itomilia
2111 5205 2313 5257 decima
2363 5205 2542 5271 tertia,
2573 5206 2806 5275 adeoque
2833 5221 2898 5259 επ
2931 5204 3151 5257 illarum
3183 5213 3306 5275 sunt
3337 5220 3434 5256 nu-

118 5297 303 5346 mero,
335 5293 494 5350 quas
511 5280 866 5350 ⁸εεςιςαρεηιινὶο
894 5277 1067 5346 major
1097 5273 1179 5350 ad:
1193 5277 1443 5350 populum
1464 5273 1665 5341 habuit,
1694 5277 2034 5350 uidenturque
2060 5275 2418 5344 pronuntiata:
2447 5277 2589 5350 circa
2618 5273 2774 5345 ﬁnem
2803 5277 2930 5330 anni
2956 5273 3190 5350 «ξω-νᾳ
3214 5275 3307 5327 sub
3338 5275 3435 5350 ini-

113 5355 262 5406 tium
287 5342 443 5403 anni
504 5347 630 5412 250,
650 5342 1108 5418 'quandoquidem
1155 5342 1373 5401 homilia
1395 5365 1533 5402 nona
1557 5349 1923 5418 gravissimam
1949 5342 2200 5400 memorat
2224 5342 2636 5416 persecutionem
2659 5362 2776 5417 qua:
2808 5359 2932 5400 tunc
2969 5345 3265 5398 Ecclesium
3298 5342 3438 5417 afﬂi-

112 5429 278 5493 gebat
291 5463 308 5476 .

188 5491 570 5563 Fragmenta
607 5487 795 5545 Crwca
818 5506 931 5561 qua:
957 5491 1295 5545 ltomitiurum
1322 5489 1483 5561 fronti
1511 5490 1731 5561 praeﬁxa
1759 5500 1901 5557 sunt,
1927 5509 1953 5544 e
1977 5487 2187 5546 Catenis
2215 5490 2585 5557 manuscriptis
2612 5500 2732 5543 sunt
2751 5488 3082 5556 deprompta.

1785 5731 1857 5756 ⁸¹⁵τ
