3874 6510
195 383 286 441 8‘21
705 368 708 370 ’
1349 376 1659 440 summa
1687 384 1754 438 IN
1784 383 2005 440 nasum
2030 383 2236 440 NAVE.

3331 379 3438 438 823

189 495 343 564 δάνης
382 492 482 562 τῆς
541 493 770 566 ’Ῑεριχὼ,
829 496 963 551 ἀλλὰ
995 497 1083 551 διὰ
1122 498 1219 570 τὴν
1255 498 1366 552 τῶν
1399 501 1753 555 κατασκόπων

1870 510 1952 556 est
1983 499 2225 565 Jericho,
2267 498 2361 554 sed
2413 506 2630 569 propter
2676 497 3081 569 exploratorum
3124 506 3439 552 accuratam

191 575 376 657 ἀκριϐῆ
412 584 676 650 ἐξέτασιν.
717 607 734 639 ι
784 589 1084 661 Ἐζήτησαν
1129 590 1258 661 γὰρ,
1291 593 1476 664 φησὶν,
1502 595 1551 647 οἱ
1593 611 1763 648 κατα-

187 673 462 736 διώκοντες
499 675 680 739 πάσας
702 677 798 740 τὰς
826 677 996 742 ὁδοὺς,
1029 680 1122 733 καὶ
1149 681 1247 750 οὐχ
1277 674 1454 751 εὗρον.
1495 701 1512 734 ι

260 764 526 834 Τετράκις
543 767 1018 835 μύριοιεῦζωνοι.
1074 771 1416 842 Σημειωτέον
1471 775 1620 844 ὃτιή
1675 793 1762 828 τε-

186 857 331 930 τρὰς,
358 857 466 910 εἴτε
519 859 780 930 μονάδων,
833 862 943 914 εἴτε
997 863 1383 930 ἐκατοντάδων,
1433 865 1544 918 εἴτε
1572 867 1759 940 ἐτέρου

186 951 419 1016 πλείονος
443 951 702 1023 ἀριθμοῦ,
731 953 822 1006 ἐπὶ
853 952 1146 1018 κακώσεως
1175 959 1367 1010 κεῖται.

251 1144 516 1211 Ποίησον
535 1157 634 1196 σοι
653 1143 949 1213 μαχαίρας
968 1147 1250 1214 πετρίνας
1271 1146 1338 1200 ἐκ
1355 1145 1575 1215 πέτρας
1589 1148 1763 1218 ἀκρο-

184 1236 380 1302 τόμου.
409 1234 680 1304 Ζητητέον
728 1235 814 1288 διὰ
840 1237 892 1289 τί
940 1237 999 1290 οὐ
1035 1237 1484 1311 περιετμήθησαν
1514 1242 1564 1293 οἱ
1611 1243 1668 1294 ἐν
1693 1244 1758 1313 τῇ

183 1326 367 1397 ἐρήμῳ
413 1325 734 1395 τεχθέντες·
787 1328 818 1400 ἢ
870 1328 957 1382 διὰ
1001 1329 1053 1382 τί
1085 1330 1162 1401 τῷ
1215 1331 1476 1404 Σαϐϐάτῳ
1522 1351 1605 1398 τις
1630 1333 1761 1398 ξύλα

183 1415 433 1482 συλλέξας
461 1419 555 1470 ἐπὶ
607 1420 886 1484 Μωῦσέως
940 1423 1002 1475 ἐκ
1036 1425 1457 1496 προστάγματος
1499 1427 1636 1481 Θεοῦ
1683 1429 1762 1482 λι-

183 1508 462 1572 θόλευστος
487 1509 697 1578 γέγονε.
747 1512 1012 1568 Τοσοῦτον
1048 1514 1104 1568 δέ
1139 1501 1339 1587 πλῆθος
1387 1519 1761 1592 ἀπερίτμητον

182 1599 489 1669 μεμενηκὸς
512 1602 569 1653 ἐν
596 1604 660 1672 τῇ
713 1604 904 1674 ἐρήμῳ
943 1605 1064 1658 οὐδὲ
1116 1607 1395 1680 ἐμέμφθη,
1444 1611 1621 1663 καίτοι
1664 1612 1758 1665 τοῦ

175 1691 306 1744 Θεοῦ
333 1692 434 1762 μὲν
447 1693 870 1766 ἀποφηναμένου
890 1697 1331 1770 ἐξολοθρεύεσθαι
1352 1701 1450 1774 τὴν
1463 1703 1640 1776 ψυχὴν
1661 1707 1760 1777 τὴν

178 1783 248 1853 μὴ
301 1786 716 1857 περιτμημένην
763 1789 828 1860 τῇ
876 1791 1060 1862 ἡμέρᾳ
1104 1795 1169 1864 τῇ
1221 1794 1401 1865 ὀγδόῃ,
1465 1795 1646 1849 οὐκέτι
1702 1797 1758 1850 δὲ

174 1875 265 1927 ἐπὶ
299 1874 412 1927 τῶν
442 1877 893 1948 παραϐαινόντων
940 1883 998 1936 τὸ
1026 1883 1302 1939 Σάϐϐατόν
1345 1885 1504 1940 τοῦτο
1525 1888 1759 1960 ὼρίσαν-
1790 1866 1832 1921 Β

173 1981 278 2028 τος.
311 1967 455 2038 Ἤδη
489 1968 587 2039 μὲν
610 1966 702 2024 οὖν
735 1973 829 2026 καὶ
855 1973 1077 2028 αὐτόθεν
1101 1976 1342 2048 εὔδηλον,
1373 1981 1454 2033 ὅτι
1487 1983 1757 2053 περιτομὴ

176 2059 261 2109 καὶ
284 2057 563 2114 Σάϐϐατόν
591 2062 690 2115 οὐκ
712 2064 848 2117 αὐτὰ
874 2065 995 2119 καθ’
1023 2068 1192 2122 ἑαυτὰ
1225 2070 1384 2136 καλὰ,
1404 2072 1540 2125 ἀλλὰ
1569 2074 1757 2146 ἐπειδὴ

175 2150 306 2220 πρὸς
340 2152 534 2224 καιρὸν
554 2157 972 2238 ἐχρησιμευσεν.
1013 2161 1210 2214 ’ἰστέον
1232 2161 1288 2216 δὲ
1311 2163 1391 2216 ὅτι
1418 2165 1646 2234 σημείου
1663 2167 1760 2234 χά-

175 2259 254 2314 ριν
281 2244 370 2298 διὰ
393 2247 496 2318 τῆς
528 2252 831 2322 περιτομῆς
858 2252 1120 2328 ἐϐουλήθη
1155 2256 1534 2329 γνωρίζεσθαι,
1554 2261 1646 2314 καὶ
1660 2262 1760 2314 οὐκ

170 2335 570 2406 ἀνασχομένους
587 2341 695 2392 ἀπὸ
712 2341 944 2407 πίστεως
963 2344 1270 2413 φαίνεσθαι,
1284 2347 1360 2411 ὡς
1374 2349 1620 2420 πρόϐατα
1634 2350 1758 2405 ἄλο-

171 2444 237 2494 γα
262 2427 337 2498 τῷ
378 2432 616 2504 καυτῆρι
638 2434 741 2487 κᾶν
764 2434 1033 2507 πλανηθῇ,
1061 2438 1248 2507 ραδίαν
1293 2439 1404 2511 ἔχει
1431 2441 1528 2514 τὴν
1561 2443 1757 2497 ἑαυτοῦ

169 2517 425 2590 εὖρεσινο
485 2522 627 2576 οὕτω
648 2526 772 2590 τοὺς
824 2528 1106 2594 Ἰουδαίους
1156 2533 1618 2603 ἐπιμιγνυμένους
1646 2539 1759 2600 τοῖς

168 2613 373 2667 υνεσιν
400 2616 509 2670 ἀπὸ
537 2618 638 2688 τῆς
658 2623 957 2693 περιτομῆς
986 2626 1252 2695 φανεροὺς
1286 2623 1424 2681 εἶναι
1457 2627 1755 2699 βουληθείς.

169 2706 274 2758 Καὶ
302 2708 498 2762 τούτου
531 2712 805 2778 ἀπόδειξις
835 2715 895 2766 τὸ
926 2717 983 2768 ἐν
1019 2717 1118 2786 μὲν
1154 2721 1219 2790 τῇ
1246 2720 1506 2792 Αἰγύπτῳ
1538 2723 1757 2795 περιτέ-

171 2798 395 2865 μνεσθαι
432 2802 628 2866 αὐτοὺς
649 2842 664 2867 ,
702 2806 759 2857 ἐν
783 2805 838 2858 δέ
865 2809 930 2878 τῇ
962 2807 1152 2880 ἐρήμῳ
1172 2849 1188 2874 ,
1221 2811 1406 2883 ἐπειδὴ
1443 2813 1591 2883 μόνοι
1619 2810 1758 2886 ἦσαν

167 2889 257 2942 καὶ
285 2892 602 2959 Αἰγυπτίων
645 2901 1040 2970 κεχωρισμένοι
1080 2901 1173 2954 καὶ
1215 2902 1325 2957 τῶν
1373 2903 1548 2960 ἄλλων
1588 2905 1758 2962 ἐθνῶν

165 2982 268 3036 τῶν
301 2986 450 3039 κατὰ
482 2987 848 3062 Παλαιστίνην
869 3032 884 3056 ,
916 2994 1323 3068 άπεριτμήτους
1361 2984 1757 3072 μεμενηκέναι.

169 3077 294 3168 "Dte
326 3078 386 3131 δέ
423 3081 782 3151 παρελθόντες
803 3085 893 3138 τὸν
928 3087 1197 3160 Ἰορδάνην
1245 3090 1470 3161 ἔμελλον
1513 3095 1570 3147 ἐν
1609 3096 1759 3168 μέσῳ

1867 591 2365 662 investigationem.
2409 608 2428 641 ι
2466 589 2854 660 Exquisierunt
2885 590 3052 656 enim,
3078 588 3252 659 inquit
3280 587 3346 652 ’⁸,
3400 588 3438 642 ii

1863 684 1953 754 qui
1981 683 2466 753 persequebantur,
2489 698 2678 739 omnes
2699 685 2892 748 vias,et
2917 700 3022 740 non
3048 685 3388 739 invenerunt.
3414 699 3434 734 ι

1937 774 2306 844 Quadraginta
2335 774 2477 828 mille
2505 781 2628 829 bene
2675 777 2897 831 accincti
2924 776 2990 830 ".
3031 774 3438 832 Observandum

1863 879 1947 923 est
2015 866 2375 936 quaternione
2427 866 2543 920 sive
2588 867 2895 935 unitatum,
2969 869 3084 924 sive
3143 865 3440 922 centenarii

1863 969 1956 1014 aut
2007 958 2236 1013 alterius
2282 956 2507 1027 majoris
2552 960 2787 1024 numeri,
2833 959 3239 1016 infestationem
3293 959 3438 1014 desi-

1863 1052 2036 1120 gnari.

1934 1141 2048 1196 Fac
2086 1143 2182 1196 tibi
2226 1141 2425 1196 cultros
2471 1145 2702 1211 petrinos
2728 1142 2793 1196 de
2825 1153 2972 1212 petra
2999 1155 3154 1198 acuta
3185 1143 3251 1199 ".
3285 1141 3442 1211 Qua:-

1864 1236 2088 1290 rendum
2124 1245 2206 1289 est
2268 1250 2368 1290 cur
2396 1235 2704 1290 circumcisi
2750 1250 2855 1290 non
2881 1235 3083 1291 iuerint
3111 1237 3201 1306 qui
3253 1237 3305 1290 in
3343 1236 3441 1290 de-

1862 1337 2011 1383 serto
2041 1328 2152 1380 nati
2183 1336 2332 1392 sunt,
2361 1337 2454 1382 aut
2478 1343 2576 1382 cur
2604 1328 2695 1397 qui
2722 1329 2940 1383 vivente
2969 1327 3153 1398 Moyse
3180 1327 3324 1398 ligna
3356 1329 3442 1382 die

1863 1419 2088 1476 Sahbati
2115 1421 2427 1492 collegerat,
2449 1421 2604 1492 jussu
2631 1423 2724 1479 Dei
2749 1422 3019 1492 lapidatus
3040 1423 3132 1488 sit,
3163 1432 3311 1476 tanta
3345 1439 3443 1477 au-

1863 1522 1970 1568 tem
2005 1514 2290 1570 multitudo
2345 1531 2464 1584 quae
2522 1515 2908 1572 incircumcisa
2968 1525 3343 1586 permanserat
3389 1517 3440 1570 in

1862 1607 2097 1671 deserto,
2128 1623 2195 1662 ne
2227 1608 2512 1678 ohjurgata
2543 1608 2761 1677 quidem
2820 1608 2912 1672 sit,
2974 1607 3100 1662 licet
3136 1605 3280 1662 Deus
3332 1606 3445 1674 jam

1860 1701 2215 1756 exterminari
2265 1702 2610 1772 praecepisset
2633 1702 2867 1755 animam
2900 1716 3019 1770 qua:
3068 1716 3174 1756 non
3211 1701 3446 1756 circum-

1861 1794 2136 1849 cideretur
2188 1802 2380 1848 octava
2442 1792 2552 1858 die,
2596 1792 2773 1847 eidem
2833 1806 2964 1846 vero
2999 1805 3173 1862 paenae
3205 1792 3442 1845 nondum

1862 1903 1954 1942 eos
1975 1886 2274 1942 addixisset
2301 1887 2393 1956 qui
2417 1885 2716 1940 Sabbatum
2744 1885 3281 1954 transgrederentur.
3306 1883 3445 1938 Hinc

1862 1981 2026 2052 igitur
2054 1979 2222 2048 liquet
2249 1979 2722 2034 circumcisionem
2770 1986 2826 2032 et
2856 1977 3150 2033 Sahbatum
3187 1992 3293 2031 non
3325 1990 3446 2030 esse

1861 2089 1958 2145 per
2009 2089 2070 2128 se
2118 2075 2278 2138 bona,
2307 2075 2400 2128 sed
2430 2073 2553 2128 ideo
2582 2073 2718 2126 bona
2751 2073 2882 2142 quia
2931 2072 2996 2128 ad
3046 2083 3258 2140 tempus
3293 2071 3442 2125 utilia

1863 2167 2102 2222 fuerunt.
2139 2165 2429 2222 Sciendum
2465 2173 2549 2220 est
2586 2180 2711 2220 eum
2745 2166 2810 2218 ad
2841 2165 3014 2220 instar
3045 2164 3181 2235 signi
3207 2164 3444 2221 circurn-

1859 2261 2065 2316 cisione
2108 2269 2162 2315 et
2194 2274 2296 2313 non
2342 2257 2457 2313 sola
2497 2257 2604 2313 ﬁde
2650 2257 2890 2312 voluisse
2937 2256 3056 2311 illos
3094 2253 3352 2318 discerni,
3386 2263 3448 2310 ut

1861 2353 2314 2420 quemadmodum
2339 2364 2537 2420 pecora
2562 2348 2964 2404 irrationabilia
2986 2347 3180 2418 quibus
3203 2347 3446 2402 canden-

1864 2445 1932 2499 tis
1985 2442 2114 2497 [οιντί
2167 2453 2294 2498 nota
2333 2444 2512 2498 inusta
2556 2449 2660 2507 est,
2715 2440 2893 2508 facile,
2939 2441 3152 2496 etiamsi
3217 2454 3444 2494 errave-

1860 2535 1988 2602 rint,
2020 2535 2182 2606 395
2209 2535 2572 2606 reperiuntur,
2603 2535 2676 2587 ita
2705 2532 2873 2588 Judaai
2905 2533 3156 2602 gentibus
3189 2532 3438 2602 permisti

1862 2632 2276 2689 circumcisione
2328 2628 2603 2686 manifesti
2645 2629 2859 2685 ﬁerent.
2923 2629 3093 2699 Hujus
3147 2630 3225 2684 rei
3274 2644 3445 2699 argu~

1861 2733 2046 2780 mento
2080 2732 2162 2780 est
2193 2724 2334 2794 quod
2367 2724 2418 2778 in
2454 2721 2689 2795 Egypto
2718 2723 2934 2794 quidem
2971 2723 3445 2778 circumcisiouem

1862 2818 2211 2886 acceperint,
2259 2819 2312 2870 in
2347 2816 2565 2871 deserto
2597 2831 2728 2873 vero
2769 2815 3024 2884 quoniam
3072 2814 3170 2869 soli
3204 2822 3357 2869 erant
3391 2822 3446 2868 et

1862 2908 1929 2963 ab
1973 2907 2249 2978 Egyptiis
2305 2907 2534 2976 aliisque
2601 2906 2908 2963 Palaestinae
2947 2906 3140 2962 vicinis
3193 2905 3450 2976 gentibus

1861 3000 2119 3069 separati,
2160 2999 2525 3054 incircumcisi
2556 2999 2976 3068 permanserint.
2998 2997 3226 3065 Quando
3258 3007 3440 3053 autem

1860 3090 2154 3146 Jordanem
2200 3091 2526 3159 transgressi
2572 3091 2625 3146 in
2681 3092 2862 3147 medio
2907 3089 3444 3161 gentiumyersatnri

163 3163 297 3223 εἶναι
327 3170 442 3226 τῶν
465 3172 656 3239 ἐθνῶν,
675 3171 831 3241 αὖθις
856 3181 1306 3254 προσετάχθησαν
1323 3163 1750 3259 περιτμηθῆναι..

1864 3190 2036 3249 erant,
2059 3197 2248 3238 rursus
2283 3181 2596 3238 circumcidi
2643 3180 2922 3247 iubentur.
2960 3181 3322 3248 Quamobrem
3360 3196 3446 3236 se-

163 3260 360 3334 Διόπερ
397 3265 462 3316 ἐκ
508 3266 760 3340 δευτέρου
792 3265 966 3353 εἶπεν,
1000 3271 1080 3325 ὅτι
1113 3274 1212 3327 οὐκ
1249 3276 1626 3352 όκταημέρους
1660 3297 1756 3333 πε·-

165 3353 547 3434 ριετέμνοντο,
574 3356 689 3411 ἀλλ’
721 3351 1078 3442 ἀνδρρθέντας
1106 3364 1229 3435 ἤδη,
1266 3365 1361 3422 καὶ
1398 3351 1535 3439 πρὸς
1575 3369 1756 3442 γῆράς

159 3461 310 3508 τινας
334 3449 682 3515 νενευκότας.
720 3451 783 3504 Ἦ
811 3443 866 3504 δέ
890 3455 1117 3526 πετρίνη
1156 3457 1401 3531 μάχαιρα
1433 3459 1523 3514 τὸν
1549 3463 1753 3533 Κύριον

161 3537 288 3606 ἡμῖν
319 3539 477 3610 δηλοί
496 3541 586 3596 τὸν
609 3542 707 3614 τὴν
731 3543 926 3616 νοητὴν
959 3545 1113 3602 δόντα
1143 3551 1276 3621 ἡμῖν
1306 3553 1626 3625 περιτομὴν,
1655 3555 1754 3626 τὴν

159 3636 237 3697 εἰς
271 3635 404 3688 νοῦν
429 3638 523 3691 καὶ
549 3639 798 3710 καρδίαν.
834 3644 934 3696 Διὸ.
965 3645 1121 3700 τοῦτο
1165 3646 1273 3719 γὰρ
1307 3649 1401 3702 καὶ
1432 3651 1460 3702 ό
1500 3651 1755 3705 Ἀπόστο-

158 3725 247 3788 λος
272 3728 414 3798 ἡμῖν
450 3727 606 3799 ἔλεγε
648 3737 950 3809 περιτομὴν
983 3738 1075 3792 τοῦ
1120 3740 1389 3811 Χριστοῦ,
1437 3743 1538 3796 ούκ
1586 3744 1645 3798 ἐν
1685 3748 1751 3818 τῇ

158 3823 463 3879 ἀπεκδύσει
485 3827 585 3898 τῆς
613 3829 816 3901 σαρκὸς
843 3833 1018 3903 ἡμῶν.

241 3916 396 3987 Ἐγὼ
435 3916 909 3992 ἀρχιστράτηγος
927 3923 1034 3993 τῆς
1057 3924 1365 3996 δυνάμεως
1381 3928 1624 3996 Κυρίου,
1638 3931 1756 3985 νῦν
1806 3992 1816 3999 _

158 4010 561 4080 παραγέιχηονα.
604 4015 930 4086 Μεμνῆσθαι
968 4017 1048 4070 δεῖ
1075 4018 1154 4070 ὅτι
1199 4018 1363 4089 ἡνίκα
1389 4019 1752 4094 ἐμοσχοποίη-

159 4119 274 4165 σαν,
297 4105 328 4155 ό
360 4103 498 4166 Θεὸς
528 4103 606 4175 τῷ
631 4106 856 4161 Μωῦσεί
880 4115 1150 4182 φησιν,ὄτι
1171 4131 1189 4164 ι
1225 4111 1494 4181 Ἀνάγαγε
1508 4111 1598 4165 τὸν
1625 4113 1754 4167 λαὸν

153 4193 366 4258 τοῦτον,
399 4196 459 4248 ού
489 4196 596 4267 γὰρ
629 4196 703 4268 μὴ
735 4199 1016 4254 συναναϐὦ
1039 4200 1126 4254 διὰ
1156 4201 1218 4254 τὸ
1244 4200 1334 4255 τὸν
1358 4201 1486 4258 λαδν
1519 4204 1752 4277 σκληρο-

155 4287 431 4360 τράχηλον
462 4285 617 4343 εἶναι.
655 4290 764 4345 Καὶ
804 4292 913 4344 ἰδοὺ
956 4292 1240 4347 ἀποστελῶ
1262 4295 1354 4349 τὸν
1387 4296 1620 4365 ἄγγελόν
1650 4315 1752 4370 μου

155 4380 262 4451 πρὸ
307 4380 606 4453 προσώπου
643 4399 758 4438 σου.
805 4385 1046 4456 Πρόσεχε
1097 4382 1190 4440 οῦν
1236 4387 1484 4458 σεαυτῷ,
1527 4391 1622 4443 καὶ
1677 4391 1752 4464 μὴ

154 4472 392 4526 ἀπείθει.
440 4493 460 4525 ι
482 4473 565 4537 ⁸’0
588 4475 644 4529 δὲ
675 4477 917 4549 Μωῡσῆς
949 4477 1085 4549 πρὸς
1114 4479 1276 4533 αὐτόν
1303 4497 1493 4551 φησιν’
1527 4501 1546 4534 ι
1577 4482 1640 4535 Ei
1675 4483 1750 4556 μὴ

1857 3278 2035 3330 eundo
2100 3275 2232 3330 dicit
2307 3290 2416 3330 non
2486 3274 2724 3331 infantes
2781 3275 2952 3330 solum
3023 3283 3149 3328 octo
3205 3273 3440 3336 dierum,

1855 3363 1951 3422 sed
2011 3365 2160 3420 viros
2222 3365 2494 3436 perfectos
2547 3373 2602 3419 et
2651 3343 2921 3434 quosdam
2985 3363 3150 3418 etiam
3221 3359 3290 3414 ad
3343 3374 3446 3414 se-

1856 3464 2128 3512 nectutem
2161 3465 2451 3526 vergentes
2489 3454 2840 3510 circumcisos
2892 3453 3076 3508 fuisse.
3123 3451 3310 3508 Culter
3340 3465 3438 3520 pe-

1859 3550 2034 3604 trinns
2064 3549 2350 3603 Dominum
2380 3548 2653 3618 signiﬁcat
2680 3547 2774 3617 qui
2811 3544 3110 3618 spiritalem
3152 3545 3309 3600 nobis
3335 3545 3445 3597 cir-

1859 3643 2246 3699 cumcisionem
2295 3644 2491 3698 mentis
2542 3652 2597 3699 et
2665 3640 2848 3698 cordis
2909 3637 3076 3695 dedit.
3129 3636 3255 3692 ldeo
3297 3639 3444 3691 enim

1857 3733 2146 3803 Apostolus
2177 3734 2218 3766 ¹⁹
2253 3749 2470 3804 quoque
2511 3732 2981 3790 circumcisionem
3015 3735 3171 3784 vocat
3215 3727 3440 3795 Christi,

1857 3839 1964 3881 non
1998 3825 2053 3880 in
2086 3825 2476 3895 exspoliatione
2507 3823 2691 3881 carnis
2722 3832 2941 3880 nostrae.

1931 3916 2044 3986 Ego
2089 3933 2206 3970 sum
2246 3917 2486 3986 princeps
2524 3915 2733 3970 militiae
2769 3915 2977 3970 virtutis
3009 3915 3261 3970 Domini:
3302 3929 3440 3967 nunc

1855 4008 2042 4063 adveni
2075 4008 2143 4063 ³ο.
2173 4005 2484 4063 Meminisse
2528 4015 2744 4076 oportet
2767 4046 2781 4069 ,
2829 4005 3044 4076 quando
3071 4002 3442 4060 conﬂaverunt

1857 4099 2086 4155 vitulum
2115 4140 2131 4167 ,
2163 4111 2290 4156 tunc
2318 4099 2488 4155 Deum
2538 4097 2708 4170 Moysi
2753 4097 2934 4153 dicere
2967 4097 3010 4130 “
3037 4111 3052 4152 :
3087 4116 3105 4150 ι
3136 4095 3318 4153 Deduc
3345 4109 3442 4165 po-

1857 4193 2038 4265 pulum
2068 4194 2252 4258 istum,
2279 4207 2385 4248 non
2409 4193 2552 4249 enim
2580 4190 2740 4247 simul
2771 4189 3084 4256 ascendam,
3116 4190 3240 4260 quia
3273 4205 3441 4261 popu-

1856 4287 1939 4342 lus
1964 4287 2098 4342 dura
2132 4286 2346 4342 cervice
2369 4296 2474 4342 est.
2496 4285 2562 4340 Et
2585 4300 2714 4342 ecce
2743 4286 2954 4340 mittam
2976 4283 3226 4354 angelum
3258 4298 3440 4338 meum

1855 4388 1981 4434 ante
1999 4378 2191 4434 faciem
2223 4388 2388 4433 tuam.
2414 4378 2647 4434 Attende
2675 4393 2805 4448 ergo
2835 4377 2952 4443 tibi,
2977 4392 3076 4438 nec
3100 4384 3217 4433 esto
3242 4377 3437 4432 inobe-

1857 4471 2032 4525 diens.
2084 4488 2104 4522 ι
2169 4467 2268 4525 Cui
2312 4469 2526 4542 Moyses
2577 4471 2865 4538 respondet
2901 4469 2946 4499 "
2989 4484 3003 4521 :
3049 4485 3068 4519 ι
3113 4467 3170 4521 Si
3223 4481 3328 4521 non
3381 4475 3438 4521 tu

155 4567 462 4638 συνανέρχῃ
503 4570 664 4639 ἡμῖν,
703 4571 776 4641 μή
829 4587 896 4641 με
941 4571 1224 4644 ἀναγάγῃς
1264 4573 1535 4629 ἐντεῦθεν.
1579 4594 1598 4627 ι
1638 4555 1749 4630 Καὶ

1864 4563 1970 4630 ipse
2007 4559 2164 4614 simul
2206 4561 2420 4616 veneris
2447 4599 2462 4626 ,
2503 4575 2571 4615 ne
2623 4574 2708 4614 me
2761 4560 2961 4614 educas
2994 4557 3143 4624 hinc.
3177 4576 3196 4609 ι
3231 4555 3439 4622 Quibus

151 4657 311 4714 τοῦτο
336 4659 510 4713 εἰπὼν
540 4659 724 4714 ἔπεισε
747 4679 760 4692 ο
798 4663 892 4715 καὶ
916 4659 984 4734 ἦν
1022 4665 1158 4734 μετὰ
1193 4665 1286 4718 τοῦ
1326 4665 1478 4732 λαοῦ,
1506 4667 1610 4731 ἕως
1648 4668 1747 4739 τῆς

149 4748 413 4820 τελευτῆς
458 4753 688 4823 Μωῦσῆ.
739 4755 891 4808 Μετά
943 4755 998 4808 δὲ
1038 4757 1136 4827 τῆν
1188 4755 1374 4809 τούτου
1423 4757 1742 4827 ἀποϐιωσιν,

152 4839 408 4906 φαίνεται
461 4841 561 4912 μὲν
604 4843 698 4897 καὶ
745 4843 1050 4914 διαλέγεται
1093 4845 1171 4916 τῷ
1217 4845 1312 4898 τοῦ
1346 4845 1498 4919 Ναυῆ
1545 4847 1741 4920 Ἰησοῦ.

149 4931 309 4985 Μετὰ
330 4932 468 5000 γοῦν
499 4934 599 5005 τὴν
623 4936 942 4992 ἐπιστασίαν
971 4936 1065 4990 τοῦ
1092 4937 1222 4990 λαοῦ
1257 4939 1338 5003 εἰς
1367 4938 1460 4991 τὸν
1497 4940 1746 5013 μαθητὴν

149 5025 439 5090 Μωῦσέως
510 5026 694 5080 λοιπὸν
770 5028 1135 5098 παραδίδωσιν
1201 5030 1362 5085 αὐτὸν
1423 5030 1502 5102 τῷ
1587 5032 1744 5104 ἀρχι-

150 5120 454 5189 στρατήγῳ
495 5120 574 5190 τῷ
619 5121 858 5192 Μιχαὴλ.
900 5117 1065 5186 Οὗτος
1105 5118 1172 5194 ἦν
1223 5124 1405 5196 ἄρχων
1447 5124 1542 5180 τοῦ
1575 5124 1742 5192 λαοῦ,

149 5211 223 5276 ὡς
262 5214 324 5266 ἐν
357 5212 441 5285 τῷ
477 5213 673 5286 Δανιὴλ
711 5214 958 5283 φαίνεται
995 5214 1167 5284 λέγων
1206 5216 1392 5288 ἕτερος
1430 5217 1678 5287 ἄγγελος.

217 5327 619 5397 Πορευόμενοι
643 5327 742 5382 καὶ
777 5327 1189 5397 σαλπίζοντες.
1215 5330 1386 5384 Αύταὶ
1426 5334 1480 5385 αἱ
1512 5331 1743 5401 σάλπιγ-

155 5434 263 5489 γες,
293 5419 568 5490 σύμϐολόν
597 5422 705 5474 εἱσι
737 5421 846 5476 τῶν
874 5423 934 5475 ἐν
958 5425 1023 5494 τῇ
1058 5425 1262 5497 ἐσχάτῃ
1283 5425 1486 5495 ἡμέρᾳ.
1522 5443 1541 5475 ‹
1572 5424 1743 5489 Αὐτὸς

148 5513 276 5584 γὰρ,
323 5512 512 5585 φησὶν,
556 5515 586 5568 ό
615 5513 820 5586 Κύριος
861 5517 918 5569 ἐν
952 5515 1305 5588 κελεύσματιν
1340 5517 1398 5569 ἐν
1428 5520 1577 5589 φωνῇ
1606 5519 1741 5591 ἀρχ·

147 5605 387 5675 αγγέλου
415 5646 430 5674 ,
473 5607 566 5661 καὶ
627 5609 684 5663 ἐν
729 5606 990 5678 σάλπιγγι
1032 5607 1162 5666 Θεοῦ
1218 5607 1587 5681 καταϐήσεται
1643 5610 1738 5663 ἀπ’

220 5793 265 5824 ³⁵
289 5794 411 5862 Jos.
440 5811 500 5859 tt,
532 5834 546 5860 ,
582 5794 674 5849 23.
757 5795 795 5826 ¹⁷
821 5793 932 5849 Jos.
966 5811 1038 5858 Iv,
1073 5797 1155 5851 l3.

152 5862 197 5897 ”
228 5865 343 5922 Jus.
377 5879 448 5934 vr,
479 5868 529 5924 9.
601 5866 645 5900 "
673 5865 691 5923 l
720 5865 910 5924 Thess.
940 5883 1013 5934 ιν,
1043 5867 1126 5923 15.

1235 5799 1273 5830 ¹⁸
1302 5798 1413 5856 Jos.
1451 5815 1502 5864 ν,
1528 5798 1580 5855 2.
1659 5799 1703 5831 ’³
1723 5797 1927 5855 Coloss.
1959 5811 2018 5864 ll,
2043 5797 2127 5851 ll.
2208 5797 2256 5828 ¹⁰
2285 5793 2394 5850 Jos.
2432 5810 2481 5861 ν,
2523 5794 2602 5849 Η.

1854 4654 2014 4710 dictis
2063 4653 2111 4709 ei
2167 4652 2472 4722 persuasit,
2525 4659 2738 4706 etcum
2789 4649 2985 4719 populo
3034 4649 3132 4703 fuit
3166 4662 3336 4717 usque
3372 4647 3440 4702 ad
3481 4644 3496 4661 '

1853 4748 2060 4803 obitum
2093 4745 2316 4817 Moysis,
2342 4759 2450 4815 quo
2485 4753 2700 4800 mortuo
2731 4751 2955 4814 apparet
2974 4741 3100 4801 Jesu
3131 4741 3244 4796 lilio
3266 4738 3435 4807 Nave,

1852 4848 1906 4895 et
1947 4854 2069 4894 cum
2113 4854 2179 4895 eo
2207 4838 2558 4909 colloquitur.
2601 4839 2896 4908 Postquam
2945 4851 3079 4907 ergo
3110 4834 3340 4907 populus
3378 4833 3434 4887 in

1855 4931 2056 5003 Moysis
2091 4930 2416 5002 discipulum
2465 4929 2656 4986 oculos
2693 4929 2903 4986 deﬁxos
2939 4927 3168 4996 habuit,
3214 4925 3434 4980 tradidit

1853 5023 2006 5078 illum
2037 5025 2179 5080 Deus
2207 5023 2438 5096 principi
2473 5025 2677 5080 militiae
2709 5039 2837 5090 suae,
2869 5021 3140 5077 Michaeli.
3179 5018 3279 5075 llic
3313 5025 3435 5072 erat

1853 5116 2103 5187 princeps
2134 5116 2347 5188 populi,
2384 5124 2442 5172 ut
2473 5118 2527 5172 in
2560 5116 2783 5173 Daniele
2816 5117 3032 5171 videtur
3066 5115 3250 5170 dicere
3296 5110 3435 5165 alter

1852 5213 2094 5280 angelus.

1924 5325 2261 5380 Ambulanles
2295 5339 2346 5379 et
2385 5324 2682 5396 clangentes
2711 5325 2774 5379 ’³.
2819 5321 2913 5378 Ha:
2946 5322 3085 5377 tuba:
3126 5319 3431 5391 symbolum

1853 5428 1977 5474 sunt
2007 5434 2193 5473 eorum
2223 5433 2342 5488 qua:
2374 5417 2747 5474 innovissima
2779 5417 2866 5470 die
2889 5414 3203 5482 contingent
3229 5429 3242 5465 :
3275 5429 3294 5463 ‹
3314 5411 3435 5481 Ipse

1846 5513 2010 5576 enim,
2073 5511 2248 5582 inquit
2291 5510 2375 5575 “,
2424 5509 2685 5565 Dominus
2731 5508 2783 5561 in
2814 5508 3005 5575 jussu.
3057 5505 3110 5558 in
3161 5518 3296 5558 voce
3344 5519 3432 5557 ar-

1847 5604 2094 5678 changeli
2127 5615 2180 5662 et
2211 5605 2266 5661 in
2307 5605 2437 5661 tuba
2466 5605 2560 5660 Dei
2593 5602 2885 5660 descendet
2915 5602 2978 5656 de
3013 5599 3170 5654 coelo.
3211 5617 3254 5652 ι·
3277 5597 3429 5665 Quod

2684 5795 2723 5824 "
2751 5791 2922 5847 Exod.
2951 5805 3144 5847 xxxm.
3218 5791 3261 5823 “
3293 5787 3424 5845 Ibid.
