3874 6518
121 382 167 435 2:.
1033 381 1400 463 quenum
1436 382 1601 440 naso
1630 382 1818 439 NAVE
1852 384 2141 441 [IOMILIA
2166 386 2209 444 ι.
3176 396 3281 454 sse
3336 374 3339 377 ’

122 494 334 549 ruerabilis
353 505 491 565 pater
525 496 816 565 Chromati,
846 500 1102 573 injungis,
1133 512 1181 557 et
1216 502 1462 570 prwcipis
1493 503 1665 565 nobis,
1694 512 1747 555 ut
1783 503 1985 573 aliquid
2012 506 2081 557 ad
2113 506 2520 575 ludiﬁcationem
2548 516 2597 562 et
2645 508 3089 565 constructionem
3116 513 3281 569 divites

127 588 352 641 bernaculi
380 605 439 642 ea:
472 586 775 644 ercorum
813 596 997 661 Opibus
1037 595 1151 669 (25)
1178 607 1225 650 et
1258 597 1423 665 copiis
1458 598 1818 666 conferamus,
1844 600 2209 655 oratiunculas
2243 617 2368 655 XXVI
2398 602 2450 655 in
2482 601 2668 657 Jesum
2695 603 2865 670 Nave,
2908 624 3039 678 quas
3061 624 3126 662 ex
3147 618 3280 663 tent-

121 697 178 734 ore
201 682 247 733 in
278 679 491 735 Ecclesia
517 686 779 749 peroravit
803 686 1159 742 Adamantius
1189 704 1369 753 senex,
1413 704 1477 741 ea:
1500 685 1683 742 Gra’co
1720 689 1833 759 (24)
1875 688 2058 743 Latine
2088 691 2183 743 tibi
2216 708 2310 760 pro
2343 692 2531 746 virium
2565 710 2800 747 mearum
2828 698 3089 764 parvitate
3121 700 3282 754 disse-

127 776 259 829 imus.
292 776 376 830 Tui
405 795 529 832 sane
564 780 732 833 nostri
760 784 1013 852 temporis
1052 782 1366 838 Beselehelis
1405 783 1603 852 judicii
1647 784 1736 848 sit,
1774 785 1827 838 in
1862 786 1944 840 his
1970 803 2087 855 qua:
2115 789 2410 857 o/ferimus,
2436 791 2647 844 etiamsi
2686 794 2818 846 nihil
2856 796 3124 850 invenitur
3160 800 3282 853 auri

120 872 175 921 iri
198 871 317 937 quod
346 870 405 923 ad
445 871 612 926 altare
644 875 930 944 proﬁciat,
964 894 1055 932 nec
1102 879 1305 948 argenti
1346 878 1486 947 quod
1525 877 1890 931 columnarum
1930 880 2180 935 Ecclesiw
2212 883 2361 935 bases
2402 885 2589 953 eﬁiciat
2619 897 2711 939 aut
2756 890 2936 958 capita
2984 895 3210 959 decoret,
3235 897 3280 949 si

120 961 217 1057 g’lus
242 978 298 1015 ea:
322 963 391 1015 Itis
416 964 468 1016 in
502 964 611 1018 illis
642 965 908 1036 lapidibus
935 970 1159 1024 inveniri
1199 980 1367 1039 potest
1401 971 1493 1037 qui
1542 968 1683 1038 logia
1729 971 1959 1027 insertus
1988 974 2297 1042 pontificale
2330 986 2554 1031 vestrum
2600 991 2648 1031 et
2684 981 2985 1036 divinorum
3164 1003 3283 1041 con'

119 1054 205 1106 ium
235 1067 393 1119 pectus
420 1070 654 1121 exornet,
708 1072 760 1114 at
799 1072 933 1117 certe
974 1065 1273 1133 perspicere
1305 1063 1419 1132 (26)
1466 1064 1513 1117 si
1543 1062 1620 1116 vel
1648 1080 1904 1133 purpura:
1932 1067 2123 1137 aliquis
2155 1069 2219 1121 in"
2248 1069 2330 1122 Itis
2351 1109 2366 1131 ,
2411 1080 2457 1123 et
2488 1071 2616 1139 regii
2652 1071 2881 1138 decoris,
2928 1054 3206 1142 antica—cci,
3230 1088 3279 1132 et

118 1148 241 1211 [stici
266 1150 449 1203 cruoris
474 1150 615 1205 color
638 1151 753 1220 (27)
783 1155 1071 1209 intexitur:
1100 1157 1145 1210 si
1176 1158 1305 1226 quid
1329 1158 1619 1227 puritatem
1650 1154 1790 1225 byssi
1819 1160 2075 1226 imitetur,
2109 1170 2160 1214 et
2198 1160 2565 1230 fortitudinem
2600 1163 2721 1227 lini,
2754 1175 2799 1215 et
2834 1164 3051 1233 dignum
3076 1168 3279 1237 aliquid

120 1238 224 1292 beat
244 1243 640 1299 sacerdotalibus
672 1248 1000 1303 indumentis
1024 1266 1043 1303 :
1078 1258 1345 1319 postremo
1367 1251 1413 1304 si
1438 1250 1515 1305 vel
1552 1254 1741 1308 rubras
1764 1254 1908 1324 apud
1940 1269 2032 1307 nos
2060 1253 2240 1319 pelles,
2272 1257 2640 1309 verecundiam
2678 1256 2873 1324 frontis
2912 1259 3180 1313 invenias:
3209 1261 3279 1314 ad

123 1335 269 1387 imum
294 1337 335 1389 si
355 1336 423 1390 vel
456 1354 736 1407 caprarum
776 1354 913 1397 certe
959 1345 1191 1411 reperias
1226 1345 1384 1415 pilos,
1418 1348 1608 1415 quibus
1634 1348 1714 1402 vel
1738 1350 2017 1417 penuriam
2049 1358 2284 1401 nostram
2308 1357 2564 1417 legamus,
2591 1360 2682 1401 aut
2708 1349 2758 1402 si
2789 1366 2921 1419 quas
2955 1351 3275 1405 incurrimus

117 1426 213 1486 lpos
236 1428 502 1494 paenitendo
528 1447 830 1502 purgemus.
883 1433 1072 1488 Totum
1102 1453 1226 1506 ergo
1268 1436 1363 1491 hoc
1404 1439 1469 1491 de
1502 1449 1592 1494 tuo
1615 1439 1827 1509 judicio
1859 1441 2099 1505 pendeat.
2144 1438 2203 1494 Si
2235 1441 2362 1511 quid
2400 1458 2525 1494 sane
2551 1455 2630 1495 est
2655 1444 2797 1512 quod
2827 1442 3034 1512 placere
3079 1455 3273 1514 potest,

118 1519 209 1571 :sit
234 1522 476 1576 auctoris:
497 1540 660 1593 neque
689 1527 827 1579 enim
854 1543 971 1595 qua:
995 1527 1115 1581 aliis
1133 1528 1311 1583 labore
1333 1541 1491 1599 parta
1515 1542 1636 1585 sunt
1661 1532 1914 1600 diripere,
1936 1542 1982 1586 et
2003 1540 2197 1587 nastrte
2220 1532 2368 1586 laudi
2392 1534 2668 1603 applicare
2682 1534 2889 1605 justum
2916 1550 3185 1606 putamus.
3215 1538 3275 1594 Si

120 1627 149 1663 0
174 1612 267 1665 vim
295 1630 549 1681 sensuum,
576 1618 743 1671 oratio
772 1619 960 1673 inculti
993 1623 1247 1676 sermonis
1277 1634 1571 1693 exasperat,
1608 1626 1706 1680 hoc
1740 1626 1814 1679 vel
1849 1626 1975 1678 milii
1996 1667 2011 1692 ,
2042 1625 2143 1693 vel,
2171 1636 2227 1680 ut
2266 1642 2388 1680 cum
2434 1634 2528 1681 tua
2584 1629 2731 1683 venia
2773 1629 3020 1698 dixerim,
3053 1632 3149 1687 tibi
3178 1632 3277 1702 ipsi

116 1715 279 1773 tutata,
304 1710 385 1778 qui
404 1726 542 1779 Opus
570 1714 709 1781 quod
737 1716 960 1770 eruditis
989 1718 1195 1771 deberet
1227 1716 1339 1790 (28)
1378 1720 1605 1790 injungi,
1639 1734 1835 1789 expetis
1867 1723 1931 1774 ab
1961 1722 2209 1776 indoctis.

115 1862 3276 1900 ____—_______________________________

1296 2005 1973 2120 ORIGENIS

561 2238 1141 2334 HOMILIZE
1228 2244 1353 2334 IN
1434 2245 1897 2336 LIBRUM
1971 2249 2255 2340 JESU
2334 2252 2694 2345 NAVE.

398 2544 561 2617 39.7
604 2546 886 2602 IIOMILIA
924 2547 1162 2605 PRIMA.
1598 2555 1645 2610 Α
1676 2551 1855 2617 Isaac;
1892 2551 1987 2604 sed
2026 2566 2127 2605 nec
2176 2550 2553 2619 supplantator
2577 2549 2748 2606 Jacob
2774 2591 2791 2618 ,
2845 2566 2946 2607 nec
2985 2552 3275 2623 quisquam

111 2681 122 2693 .
172 2642 393 2695 Donavit
428 2642 571 2695 Deus
606 2657 803 2694 nomen
829 2683 844 2708 ,
902 2645 1044 2713 quod
1086 2654 1171 2698 est
1214 2659 1377 2713 super
1418 2660 1581 2699 omne

111 2749 195 2787 ten
216 2732 347 2803 (29),
369 2733 593 2787 Domino
610 2742 658 2786 et
681 2733 947 2788 Salvatori
976 2746 1161 2789 nostro
1185 2734 1312 2789 Jesu
1337 2734 1577 2791 Christo.

146 2836 326 2880 autem
387 2839 578 2880 nomen
610 2828 753 2895 quod
811 2836 895 2882 est
951 2843 1112 2895 super
1157 2843 1322 2883 omne
1381 2844 1579 2883 nomen

109 2934 173 2971 IS.
218 2917 282 2971 Et
317 2917 438 2986 quia
469 2927 553 2971 est
580 2918 721 2971 istud
746 2932 943 2973 nomen
976 2934 1138 2987 super
1166 2936 1326 2974 omne
1358 2937 1578 2989 nomen,

109 3028 201 3067 rco
244 3014 295 3066 in
331 3013 547 3067 nomine
588 3011 713 3069 .lesu
762 3028 926 3068 omne
970 3028 1108 3084 genu
1147 3012 1383 3068 ﬂectitur
1416 3014 1581 3069 caele-

109 3122 183 3171 ιιι,
221 3106 596 3168 terrestrium,
632 3114 687 3160 et
722 3106 1059 3161 inlernorum
1094 3108 1161 3159 ’⁸.
1211 3106 1278 3159 Et
1329 3108 1456 3176 quia
1498 3115 1581 3163 est

132 3213 330 3253 nomen
376 3214 540 3268 super
577 3213 740 3253 omne
772 3214 968 3253 nomen
1004 3217 1018 3255 :
1049 3198 1254 3255 idcirco
1290 3202 1343 3255 in
1394 3202 1581 3257 multis

108 3289 441 3343 :rationibus
513 3304 541 3341 a
613 3289 761 3342 nullo
817 3291 1260 3360 cognominatum
1312 3302 1395 3347 est
1443 3292 1577 3362 (50).

114 3382 229 3452 psit
256 3381 465 3451 Moyses
489 3381 685 3435 librum
704 3381 951 3448 Genesis,
973 3384 1023 3437 in
1043 3399 1150 3454 quo
1171 3385 1585 3454 IegimusAbra-

119 3516 136 3538 ,
165 3484 226 3529 et
265 3487 361 3528 eos
385 3472 477 3543 qui
506 3487 574 3525 ex
603 3486 668 3525 eo
695 3474 937 3540 generati
973 3484 1124 3539 sunt,
1151 3475 1201 3527 in
1233 3476 1431 3543 quibus
1454 3484 1581 3530 sunt

149 3567 577 3637 quamplurimi;
611 3565 705 3620 sed
736 3564 911 3620 nullus
940 3582 1005 3619 ex
1031 3566 1161 3635 ipsis
1188 3564 1348 3623 Jesus
1375 3567 1578 3622 meruit

110 3661 287 3715 iuari.
323 3660 510 3728 Neque
539 3659 673 3712 Abel
711 3657 867 3713 Jesus
892 3660 1068 3716 dictus
1100 3670 1222 3725 est,
1270 3676 1448 3730 neque
1489 3662 1580 3717 ille

108 3755 274 3823 :(npit
308 3753 566 3807 invocare
598 3766 795 3805 nomen
834 3751 1047 3805 Domini
1079 3752 1208 3818 Dei;
1263 3767 1442 3822 neque
1490 3753 1579 3808 ille

127 3848 342 3917 placuit
382 3847 517 3909 Deo,
572 3854 626 3899 et
658 3844 953 3899 translatus
1021 3855 1145 3910 est,
1214 3846 1369 3915 cujus
1433 3861 1578 3901 mors

1684 2658 1751 2697 ex
1807 2644 1932 2698 (iliis
1990 2644 2129 2712 ejus.
2200 2644 2415 2714 Moyses
2444 2644 2619 2698 Iidelis
2661 2652 2781 2698 erat
2822 2645 2877 2699 in
2924 2646 3072 2699 omni
3116 2647 3279 2701 domo

1684 2733 1799 2801 ejus
1835 2734 1971 2804 (52),
2002 2744 2056 2788 et
2090 2736 2329 2789 nondum
2365 2745 2542 2788 tamen
2576 2746 2803 2791 vocatus
2832 2746 2913 2791 est
2939 2735 3118 2793 Jesus.
3167 2737 3278 2793 Sed

1681 2826 1807 2883 Jesu
1846 2842 2043 2882 nomen
2083 2828 2260 2895 primo
2311 2827 2425 2896 (55)
2478 2828 2697 2881 invenio
2727 2830 2778 2882 in
2809 2829 3038 2895 Exodo;
3070 2838 3123 2885 et
3153 2830 3276 2885 volo

1684 2919 1878 2973 intueri
1905 2920 2126 2987 quando
2158 2918 2412 2986 primum.
2435 2934 2630 2971 nomen
2660 2917 2786 2974 Jesu
2828 2920 3273 2991 cognominatur.

1688 3029 1705 3062 ι
1731 3008 1915 3071 Venit,
1946 3008 2121 3078 inquit
2146 3010 2213 3071 ’⁸,
2244 3006 2489 3069 ‘Amalec,
2520 3017 2575 3061 et
2600 3010 2947 3079 expugnabat
2978 3009 3143 3065 Israel
3172 3050 3188 3075 ,
3222 3020 3278 3064 et

1682 3104 1819 3158 dixit
1846 3102 2059 3173 Moyses
2090 3103 2152 3155 ad
2178 3101 2363 3156 Jesum
2398 3106 2450 3158 in
2482 3103 2769 3174 Itaphidim
2803 3103 2939 3173 (3i).
2974 3123 2993 3156 ι
3031 3102 3158 3158 [Lee
3191 3111 3275 3158 est

1683 3196 1855 3266 prima
1894 3195 2181 3265 appellatio
2215 3200 2452 3254 nominis
2479 3198 2629 3253 Jesu.
2666 3216 2683 3248 t
2725 3197 2896 3267 Elige,
2927 3198 3125 3265 inquit,
3175 3197 3273 3252 tibi

1682 3290 1831 3342 viros
1862 3297 2113 3357 potentes
2142 3304 2209 3343 ex
2237 3292 2489 3345 omnibus
2522 3290 2647 3343 Iiliis
2682 3290 2878 3352 Israel,
2908 3299 2964 3343 et
2989 3291 3273 3358 egredere,

1683 3391 1739 3436 et
1767 3380 2000 3451 conﬂige
2026 3396 2148 3435 cum
2193 3382 2417 3436 Amalec
2452 3384 2719 3437 crastino.
2742 3400 2760 3432 ι
2797 3380 3011 3451 Moyses
3046 3381 3273 3435 conﬁte-

1686 3484 1773 3529 tur
1799 3490 1903 3528 non
1945 3490 2109 3542 posse
2137 3489 2195 3530 se
2238 3474 2543 3529 exercitum
2593 3476 2823 3540 ducere,
2883 3474 3176 3528 confitetur
3214 3487 3276 3526 se

1683 3584 1790 3622 non
1819 3584 1976 3637 posse
2002 3568 2247 3623 obtinere
2266 3606 2282 3630 ,
2313 3567 2564 3638 quamvis
2588 3584 2714 3622 eum
2766 3568 2833 3623 de
2869 3577 3014 3622 terra
3049 3564 3272 3638 Egypti

1683 3661 1957 3716 eduxerit.
2020 3660 2084 3714 Et
2135 3660 2278 3725 ideo,
2320 3660 2501 3730 inquit
2547 3661 2687 3730 (55),
2733 3661 2951 3715 vocavit
2998 3658 3182 3714 Jesum
3218 3668 3273 3713 et

1682 3755 1861 3808 dixit:
1897 3771 1915 3803 ι
1942 3753 2094 3822 Elige
2137 3753 2231 3806 tibi
2281 3753 2465 3815 viros,
2504 3761 2561 3807 et
2593 3752 2879 3822 egredere.
2917 3771 2937 3805 ι
2984 3751 3146 3806 Vides
3186 3753 3272 3806 cui

1682 3833 1909 3902 cessarit
1964 3847 2166 3901 bellum
2216 3862 2410 3917 gerere
2454 3847 2747 3901 adversum
2789 3845 3031 3900 Amalec.
3080 3845 3137 3899 In
3171 3845 3274 3900 hoc

107 3951 197 3995 nta
233 3956 342 3994 non
382 3946 499 4003 est;
548 3952 721 4006 neque
762 3937 851 3991 ille
878 3938 970 4006 qui
1009 3939 1061 3992 in
1094 3938 1451 4009 generatione
1478 3955 1575 3993 sua
1609 3926 1650 3978 Β
1682 3940 1914 4008 primum
1937 3937 2049 4008 (56)
2081 3953 2274 3992 nomen
2295 3939 2555 3992 discimus
2582 3935 2736 4000 Jesu,
2757 3938 2845 3992 ubi
2879 3952 3004 3991 eum
3035 3937 3270 4006 primum

107 4054 119 4088 ἰ
166 4034 357 4103 justus
387 4033 640 4086 inventus
678 4042 763 4086 est
807 4033 949 4101 apud
985 4032 1153 4086 Deum
1184 4030 1299 4087 Noe
1331 4049 1343 4084 :
1375 4033 1469 4087 sed
1510 4049 1577 4088 ne

142 4128 374 4197 quidem
421 4126 514 4194 qui
564 4125 1024 4194 repromissiones
1077 4136 1369 4195 acceperat
1413 4134 1579 4180 testa-

108 4222 134 4273 .i
189 4219 477 4273 Abraham
511 4219 665 4287 (SI);
710 4234 809 4273 nec
843 4219 931 4273 ille
958 4218 1050 4287 qui
1082 4232 1149 4273 ex
1194 4233 1260 4274 eo
1296 4229 1453 4275 natus
1489 4228 1574 4274 est

107 4335 322 4405 Philip.
358 4335 618 4399 11.9.10.
696 4336 741 4366 ²⁹
767 4334 936 4389 Exod.
960 4351 1093 4401 xvii,
1118 4335 1173 4404 8,
1198 4336 1230 4391 9

107 4457 150 4523 ἱ)
179 4455 416 4522 Opibus.
450 4454 599 4510 Unus
624 4455 793 4509 codex
818 4455 1165 4510 Ebroicensis
1195 4474 1212 4506 ι
1242 4456 1523 4525 operibus,
1556 4474 1574 4508 ι

108 4545 154 4581 ιθ
186 4527 363 4578 etiam
406 4526 567 4580 habet
599 4526 1011 4580 Getueticensis.

107 4599 144 4667 ι)
176 4594 271 4649 Ea:
298 4595 515 4667 Gra'co.
547 4596 705 4650 Deest
740 4597 790 4649 in
820 4596 1206 4663 Sangerman.,
1235 4598 1576 4663 Ebroicensi,

108 4666 468 4723 cimeticensi.
504 4666 668 4720 Paulo
713 4677 837 4735 post
866 4671 1035 4721 codex
1068 4668 1356 4736 Sangerm.
1390 4670 1572 4732 habet,

107 4738 291 4793 serui.
329 4736 435 4790 Tui
464 4752 593 4791 sane
636 4738 799 4793 nostri
839 4739 1100 4805 temporis
1129 4778 1142 4800 ,
1181 4758 1199 4790 ι
1236 4749 1343 4793 etc.
1392 4738 1575 4792 Codex

108 4810 399 4873 :ticensis,
438 4827 455 4858 ί
490 4808 850 4861 disseruimus
876 4848 888 4870 ,
925 4818 983 4860 ut
1018 4809 1092 4860 tui
1146 4824 1277 4861 sane
1307 4825 1448 4862 nunc
1482 4826 1577 4862 no-

108 4880 367 4945 Ξιηροτίὃ
402 4878 643 4933 Beseleel
677 4878 999 4931 beneficium
1035 4879 1123 4943 sit,
1165 4899 1182 4931 ι
1213 4880 1399 4947 sicque
1431 4894 1572 4934 unus

108 4952 347 5013 icensis,
389 4950 492 5002 nisi
538 4950 679 5018 quod
728 4964 826 5017 pro
883 4968 901 4999 ι
943 4949 1301 5004 disseruimus
1337 4970 1354 4999 ι
1412 4951 1575 5004 habet

107 5022 380 5077 iCl‘ianS.
418 5039 437 5072 ι
464 5019 610 5075 Libri
640 5028 796 5073 antea
821 5020 973 5081 editi,
1010 5039 1028 5071 ι
1063 5022 1319 5086 disserui,
1356 5029 1413 5073 ut
1441 5036 1573 5075 sane

132 5094 333 5146 nostri
372 5092 635 5159 temporis
658 5090 989 5144 Beselehelis
1014 5092 1203 5159 judicii
1236 5092 1327 5146 sit.
1370 5110 1386 5141 ι
1429 5090 1571 5144 Infra

108 5183 115 5218 :
161 5161 596 5217 Gemeticensis
636 5171 689 5215 et
738 5177 876 5213 unus
925 5162 1309 5226 Ebroicensis,
1365 5179 1383 5211 ι
1427 5162 1569 5229 quod

136 5234 443 5303 proﬁciat,
481 5249 580 5288 nec
606 5232 815 5303 argenti
849 5234 991 5301 quod
1035 5234 1317 5288 columnas
1352 5233 1435 5287 vel
1466 5234 1569 5287 Ec—

108 5324 124 5359 :
158 5308 371 5367 bases,
418 5324 435 5356 ι
469 5315 575 5359 etc.

111 5382 132 5447 )
182 5376 364 5432 Libb.
396 5388 559 5447 antea
586 5376 713 5430 editi
741 5419 754 5438 ,
791 5397 809 5429 ι
850 5384 941 5430 aut
965 5374 1211 5441 capitella
1243 5376 1482 5437 decoret,
1521 5375 1567 5447 si

107 5444 119 5501 ἐ
162 5448 227 5499 in
266 5447 363 5501 his
397 5446 505 5501 illis
534 5446 804 5515 lapidibus
832 5450 922 5514 qui
957 5447 1098 5513 logio
1122 5447 1358 5501 insertus
1389 5444 1574 5512 ponti-

134 5519 560 5571 vestimentum
611 5528 666 5572 et
708 5531 947 5573 vestrum
999 5517 1347 5581 divinorum,
1388 5534 1406 5566 ι
1439 5524 1575 5580 etc.,

108 5603 286 5643 :nnes
323 5604 465 5642 mss.
495 5599 554 5641 ut
582 5590 634 5643 in
671 5600 863 5643 nostro
894 5599 1063 5643 textu.

107 5668 122 5725 )
169 5660 385 5714 Codex
417 5658 814 5715 Gemeticeusis
841 5702 854 5726 ,
891 5680 907 5711 ι
948 5660 999 5713 id
1033 5668 1185 5713 certe
1234 5657 1485 5728 perspice
1528 5654 1575 5709 si

107 5746 224 5783 ure
262 5730 489 5802 aliquid
526 5731 579 5784 in
616 5733 699 5786 his
734 5731 932 5802 egregii
982 5726 1315 5802 decoris,’ut
1343 5726 1488 5782 cut-ci
1523 5736 1577 5780 et

107 5802 441 5926 ciLclplo-ris
472 5801 747 5882 ititcxitur.
773 5800 798 5855 is
833 5800 907 5857 lt'a
936 5817 1148 5873 quoque
1172 5800 1364 5872 legitur
1389 5801 1441 5854 in
1469 5814 1575 5853 uno

107 5890 125 5926 :
195 5890 207 5905 ε
277 5888 548 5926 ronccust.

107 5890 125 5927 ξ
172 5872 548 5929 Ebroiccusi.

1680 4031 1925 4085 videmus
1975 4030 2089 4101 (57)
2145 4031 2337 4084 ducem
2395 4031 2851 4086 exercitusznon
2919 4031 3007 4084 cui
3055 4028 3277 4105 Moyses~

1678 4122 1982 4190 iniunxerit
2009 4122 2372 4191 principatum
2404 4161 2420 4186 ,
2450 4121 2545 4177 sed
2580 4122 2666 4177 cui
2711 4121 2942 4177 cesserit
2973 4120 3265 4191 primatum

1683 4214 1822 4288 (58).
1881 4212 2001 4269 Νοιι
2059 4223 2238 4284 potest
2291 4214 2507 4284 Moyses
2562 4213 2765 4286 eligere
2804 4214 2951 4269 viros
3003 4221 3270 4284 potentes.

1756 4452 1867 4519 (27)
1905 4450 2086 4505 Color.
2114 4449 2278 4505 Deest
2309 4451 2360 4504 in
2398 4466 2495 4504 ms.
2535 4448 3020 4519 Sangermanensi.

1761 4524 1871 4593 (28)
1907 4523 2033 4575 Mss.
2074 4540 2091 4571 ί
2134 4522 2380 4593 deberet.
2432 4539 2448 4570 ι
2485 4520 2655 4583 Alias,
2693 4538 2712 4571 ε
2746 4520 2923 4573 debet.
2969 4536 2989 4569 ι

1757 4592 1869 4660 ('29)
1911 4593 2093 4646 Codex
2139 4592 2426 4658 Sangerm.
2467 4610 2485 4641 ‹
2510 4605 2673 4657 supra
2707 4605 2869 4642 omne
2904 4604 3118 4643 nomen.
3152 4607 3171 4639 ο

1756 4664 1870 4731 (50)
1912 4664 2091 4717 Codex
2129 4660 2542 4720 Cemeticensis.
2588 4678 2607 4711 ι
2646 4661 2851 4713 idcirco
2889 4661 3075 4731 multis
3111 4674 3275 4731 gene-

1686 4734 1988 4789 rationibus
2015 4734 2066 4784 in
2097 4732 2242 4785 nullo
2267 4732 2708 4802 cognominatum
2740 4740 2877 4796 est,»
2900 4730 3087 4799 sicque
3109 4730 3273 4784 habet

1684 4821 1820 4858 unus
1859 4803 2225 4857 Ebroiceusis.

1754 4876 1866 4944 (51)
1907 4874 2079 4929 Codd.
2136 4872 2547 4944 Gemeticensis
2591 4879 2647 4944 et
2703 4870 3073 4932 Ebroicensis,
3131 4870 3269 4923 «sed

1684 4942 1785 5000 nec
1822 4948 1933 5014 ipse
1951 4944 2170 5015 quidem
2194 4945 2285 5013 qui
2314 4942 2758 5012 repromissionis
2791 4952 3081 5011 acceperat
3105 4952 3272 4996 testa-

1681 5028 1943 5070 IllClllIlIll.
1972 5036 1987 5066 I

1751 5088 1861 5157 (32)
1909 5086 2078 5139 Domo
2127 5085 2261 5155 ejus.
2312 5085 2366 5139 In
2398 5082 2586 5138 codice
2620 5082 3085 5153 Sangermanensi
3119 5082 3273 5138 deest

1684 5176 1701 5210 ι
1746 5175 1884 5220 epis.
1926 5178 1944 5209 ι

1751 5228 1862 5308 (55)
1894 5228 2065 5308 Codd.
2092 5226 2377 5308 Sangerm.
2408 5234 2462 5279 et
2492 5224 2912 5291 Gemeticensis,
2940 5225 3265 5297 «primum.»

1598 5277 1641 5334 C
1678 5277 2365 5366 Livitam?{illum}

1751 5372 1863 5443 (54)
1905 5368 2086 5443 Codex
2124 5369 2432 5443 S:_tngc_rm.,
2470 5386 2488 5417 ι
2522 5366 2792 5443 Raladim.
2818 5387 2837 5421 ι

1908 5440 1974 5513 Et
2002 5441 2139 5513 ideo,
2170 5433 2362 5513 inquit,
2395 5440 2601 5513 vocavit
2634 5438 2817 5494 .lesum
2857 5448 2903 5491 et
2943 5436 3107 5491 dixit.
3142 5433 3269 5491 Huic

1668 5511 1882 5573 desunt
1916 5512 1967 5563 in
2011 5511 2198 5565 codice
2231 5512 2624 5566 Geineticensi.

1748 5586 1861 5653 (5b)
1903 5581 2055 5653 Mss”
2113 5601 2131 5633 ι
2166 5584 2422 5650 primum.
2455 5602 2472 5632 δ
2507 5581 2661 5635 Libb.
2699 5579 2855 5653 editi,
2894 5594 2915 5629 s
2942 5578 3145 5653 primo.
3170 5596 3189 5629 ι

1746 5650 1859 5722 (57)
1906 5651 2147 5706 Primum
2182 5654 2438 5707 videmus.
2484 5654 2541 5706 In
2574 5653 2765 5707 codice
2794 5650 3085 5716 Sangerm.
3115 5650 3271 5703 deest

1683 5749 1699 5780 ι
1732 5741 1990 5780 υνιιιιυιιι.
2024 5743 2042 5776 ι
2306 5738 2307 5741 “

1732 5744 1990 5797 primum.
2024 5744 2042 5776 ι

1751 5799 1861 5867 (58)
1904 5797 2059 5864 Mss.,
2117 5797 2481 5866 «primatum.
2512 5812 2530 5846 ι
2585 5791 2740 5847 Libb.
2781 5791 2910 5847 editi
2939 5832 2951 5856 ,
3016 5808 3033 5842 ι
3061 5788 3268 5859 princi-

1676 5883 1885 5940 patum.
1919 5887 1939 5921 ι
