3874 6508
559 371 664 428 827

2027 365 2347 424 ORIGENIS
3695 359 3765 414 ε’.δὲ

564 492 710 558 «Τυ,
745 491 934 561 inquit,
969 491 1110 561 elige
1144 491 1235 547 tibi
1283 489 1430 547 viros
1476 499 1725 562 potentes
1771 506 1839 548 ex
1881 492 2136 548 omnibus
2164 497 2211 552 Α
2309 489 2365 544 3.
2428 487 2545 555 Quo
2596 486 2758 558 igitur
2820 485 2974 542 nobis
3023 485 3138 541 haec
3199 495 3393 542 cuncta
3447 486 3768 556 prospicitur

563 587 690 640 Illiis
729 584 910 642 Israel.
947 603 967 637 ι
1024 583 1124 639 llic
1165 600 1297 656 ergo
1328 586 1415 641 ubi
1467 587 1703 655 primum
1735 587 1886 642 disco
1937 602 2133 643 nomen

555 675 710 743 .lesu,
740 678 811 731 ibi
841 679 1100 733 continuo
1130 679 1294 732 etiam
1328 680 1572 752 mysterii
1622 681 1779 737 video
1824 696 2136 738 sacramen-

558 774 671 821 tum
705 785 722 825 :
753 769 903 824 ducit
928 771 1072 824 enim
1099 772 1398 826 exercitum
1423 769 1605 826 Jesus.

627 862 682 916 2.
730 881 746 913 ι
780 863 845 916 Et
883 863 1085 918 factum
1122 877 1206 920 est
1242 881 1364 919 cum
1405 865 1692 922 extolleret
1737 885 1931 924 manus
1983 886 2132 940 suas,

559 953 929 1012 invalescebat
983 957 1172 1014 Israel.
1231 958 1364 1013 Cum
1418 970 1598 1014 autem
1635 961 1896 1030 dejiceret
1942 981 2137 1021 manus

555 1060 705 1110 suas,
737 1047 1102 1104 invalescebat
1123 1049 1343 1105 Amalec
1366 1051 1433 1106 ³ο.
1465 1071 1484 1106 ι
1521 1051 1672 1108 Tunc
1701 1069 1828 1122 ergo
1849 1053 2137 1112 invalescit

553 1137 712 1194 Jesus
737 1141 928 1211 magis.
979 1153 1033 1198 et
1063 1153 1189 1200 tunc
1230 1145 1424 1214 vincit,
1470 1147 1688 1216 quando
1718 1146 1936 1219 Moyses
1973 1151 2136 1219 erigit

557 1247 748 1286 manus
773 1248 920 1287 suas.
963 1235 1148 1291 Victus
1169 1245 1253 1292 est
1278 1249 1458 1292 autem
1484 1239 1713 1308 populus
1751 1241 1840 1294 ille
1869 1244 1936 1297 ab
1970 1244 2134 1298 Ama-

555 1322 637 1377 lec
668 1323 802 1396 (39),
828 1327 1082 1395 quoniam
1109 1328 1222 1399 jam
1247 1346 1353 1385 non
1379 1332 1621 1401 erigebat
1647 1351 1835 1391 manus
1858 1351 2006 1400 suas,
2038 1340 2132 1393 sed

553 1424 714 1469 erant
775 1418 1026 1474 demissae
1079 1421 1334 1477 deorsum
1381 1442 1394 1478 :
1434 1425 1506 1478 illi
1555 1436 1682 1481 sunt
1733 1429 1876 1482 enim
1935 1430 2132 1499 quibus

553 1506 757 1562 dicitur
786 1509 826 1540 ³³
857 1525 872 1564 :
909 1529 927 1562 ι
954 1511 1010 1566 Si
1041 1515 1339 1569 crederetis
1371 1515 1576 1588 Moysi,
1617 1519 1918 1575 crederetis
1946 1523 2132 1592 utique

551 1607 606 1651 et
637 1600 786 1656 mihi.
817 1602 882 1658 Et
907 1619 1035 1660 ecce
1065 1622 1150 1661 me
1194 1608 1358 1664 vultis
1391 1612 1643 1668 occidere
1691 1615 1782 1681 qui
1815 1615 1987 1685 legem
2023 1633 2128 1672 non

553 1691 806 1748 facitis?)
843 1697 1103 1754 Cessante
1134 1716 1368 1772 namque
1397 1702 1513 1772 lege
1542 1705 1680 1774 apud
1712 1705 1831 1762 illos
1859 1718 1914 1762 et
1945 1710 2126 1777 operi-

551 1786 653 1842 bus
681 1786 846 1858 legis,
900 1791 1024 1859 quia
1068 1793 1194 1847 dum
1231 1811 1383 1850 suam
1417 1796 1685 1864 justitiam
1728 1810 2126 1869 quaerunt-sta-

551 1889 726 1946 tuere,
755 1879 980 1948 justitia:
1001 1885 1093 1940 Dei
1123 1904 1227 1941 non
1262 1901 1386 1943 sunt
1431 1890 1684 1958 subjecti,
1719 1893 1966 1948 demissae
1997 1903 2123 1948 sunt

552 1989 743 2028 manus
771 1974 962 2048 Moysi,
999 1979 1223 2034 invaluit
1255 1983 1606 2040 incredulitas
1627 2027 1641 2050 ,
1691 1989 1925 2043 vincitur
1956 2004 2125 2057 popu-

549 2063 651 2119 lus.
681 2064 786 2120 Sed
821 2079 874 2123 et
901 2068 1111 2143 Nabad,
1148 2083 1196 2126 et
1227 2075 1404 2130 Abittd
1429 2117 1442 2139 ,
1473 2087 1526 2130 et
1554 2077 1777 2132 Eleazar
1807 2080 2121 2149 relinquun-

549 2166 637 2209 tur
679 2159 730 2212 in
754 2165 973 2228 castris,
1018 2176 1073 2219 ut
1105 2166 1346 2235 judicent
1375 2170 1625 2240 populum
1660 2171 1726 2222 “.
1779 2171 2125 2242 Relinquitur

544 2248 708 2304 etiam
741 2251 929 2310 Jothor
955 2258 1068 2328 (Ml)
1097 2268 1151 2312 et
1206 2260 1322 2330 ipse
1379 2271 1436 2315 ut
1471 2261 1676 2330 judicet
1712 2263 1962 2334 pupulum
1997 2282 2121 2321 cum

544 2344 625 2399 eis
650 2345 716 2404 ³³.
748 2347 908 2404 Jesus
956 2367 1085 2407 vero
1136 2371 1240 2410 non
1286 2356 1702 2426 derclinquitur,
1738 2362 1831 2413 sed
1876 2363 2123 2430 sequitur

545 2433 764 2507 Moysen
818 2439 874 2493 in
908 2451 1144 2500 montem
1189 2462 1310 2501 cum
1349 2453 1582 2519 quadam
1620 2452 1922 2520 adjectione
1968 2456 2120 2511 verbi

547 2530 838 2597 mirabilis,
878 2535 931 2588 iu
974 2552 1040 2590 eo
1073 2541 1215 2608 quod
1253 2541 1384 2596 dicit
1429 2545 1552 2614 quia
1605 2547 1889 2602 assistebat
1928 2546 2120 2620 Moysi.

545 2620 828 2685 Quomodo
856 2628 1190 2684 assistebat?
1214 2648 1320 2687 non
1353 2644 1410 2688 ut
1437 2638 1729 2702 secundus,
1759 2655 1866 2694 non
1897 2651 1956 2695 ut
1987 2642 2124 2696 infe-

548 2721 682 2782 rior,
721 2722 818 2774 sed
877 2732 936 2775 ut
975 2723 1191 2791 adjutor
1226 2737 1279 2781 et
1319 2741 1627 2801 protegens.
1677 2734 1781 2788 Sed
1821 2735 1951 2790 illud
2006 2737 2120 2808 (41)

544 2813 704 2877 quale
733 2821 838 2878 est,
863 2815 1004 2884 quod
1034 2831 1157 2870 cum
1198 2819 1374 2886 primo
1402 2821 1710 2877 nominatus
1749 2834 1851 2888 est,
1903 2841 2008 2881 non
2036 2836 2124 2883 est

546 2903 841 2959 iudicatum
898 2923 1092 2964 nomen
1127 2913 1295 2980 patris
1325 2913 1467 2983 ejus,
1517 2930 1692 2986 neque
1746 2917 1799 2971 in
1859 2920 2121 2986 secundo,

547 3013 725 3067 neque
769 2998 822 3053 in
865 3002 1062 3070 tertio;
1119 3020 1242 3059 cum
1278 3021 1408 3061 vero
1447 3017 1600 3077 pater
1643 3009 1761 3077 ejus
1810 3015 2125 3068 nominatur

545 3089 715 3157 Nave,
745 3103 871 3148 tunc
907 3096 1018 3164 ipse
1053 3113 1160 3152 non
1192 3096 1371 3164 Jesus,
1401 3101 1494 3154 sed
1526 3101 1670 3156 Ause
1701 3102 1940 3158 dicitur?
1975 3103 2125 3160 Inter

545 3199 640 3236 eos
683 3185 829 3237 enim
871 3186 960 3254 qui
1011 3187 1349 3256 exploratum
1393 3189 1503 3262 (42)
1546 3192 1696 3246 missi
1731 3203 1876 3261 sunt,
1919 3209 2119 3250 nomen

545 3275 663 3344 ejus
685 3276 832 3330 Ause
865 3278 1122 3333 scribitur
1145 3319 1163 3336 .
1241 3281 1310 3338 Et
1340 3282 1609 3348 fortassis,
1637 3294 1692 3338 ut
1724 3285 1855 3339 mihi
1883 3287 2124 3356 videtur,

545 3380 649 3435 pro
683 3367 1046 3436 exploratoris
1072 3371 1248 3425 ollicio
1279 3388 1384 3427 non
1419 3372 1579 3429 Jesus
1599 3415 1614 3440 ,
1650 3376 1743 3431 sed
1772 3377 1920 3432 Ause
1951 3376 2128 3436 dictus

495 3459 502 3466 ’
543 3467 648 3522 est,
683 3467 740 3514 et
764 3457 910 3514 Nave
941 3461 1080 3516 lilius
1117 3464 1447 3520 nominatur.
1481 3467 1614 3522 Cum
1641 3485 1768 3525 vcro
1800 3470 1939 3526 redit
1964 3487 2127 3541 Opere

543 3550 794 3620 expleto,
828 3563 882 3607 et
915 3556 1222 3624 perterritis
1263 3559 1517 3615 omnibus
1565 3562 1712 3616 solus
1749 3564 1998 3618 sublevat
2043 3564 2126 3619 la-

543 3659 696 3712 pzos,
730 3646 1270 3719 desperationemqae
1306 3652 1487 3722 populi
1528 3653 1679 3708 solus
1709 3656 1891 3726 erigit,
1925 3666 2051 3713 tunc
2094 3673 2123 3712 a

543 3735 726 3809 Moyse
753 3747 756 3754 ‘
783 3739 941 3795 .lesus
982 3745 1292 3799 nominatus
1331 3754 1415 3801 est
1443 3764 1456 3800 :
1487 3762 1585 3801 nec
1626 3745 1773 3802 Nave
1815 3749 1956 3803 Illius
1986 3749 2122 3804 dici-

543 3838 653 3897 tur,
680 3835 778 3886 sed
814 3833 902 3888 ille
929 3836 996 3888 ad
1024 3852 1184 3903 quem
1209 3839 1424 3893 dixerat
1453 3839 1702 3910 Moyses:
1733 3859 1752 3893 ι
1787 3840 1937 3895 Educ
1971 3856 2126 3896 exer-

543 3920 737 3988 citum,
765 3933 819 3978 et
844 3925 1076 3998 conﬂige
1103 3943 1227 3984 cum
1255 3931 1530 3988 Amalec.»
1557 3931 1690 3985 Illud
1717 3932 1882 3987 etiam
1915 3933 2125 3988 intuen-

501 4079 508 4082 _
547 4022 646 4078 tes,
681 4017 1107 4084 magnitudinem
1141 4018 1258 4088 ejus
1288 4022 1633 4090 pervidemus
1660 4063 1676 4090 ,
1723 4025 1868 4094 quod
1912 4041 2034 4080 cum
2067 4027 2120 4080 in

544 4104 1022 4176 transﬁguratione
1043 4111 1224 4165 vultus
1250 4110 1452 4182 Moysei
1491 4113 1626 4185 (43),
1666 4116 1847 4170 omnis
1890 4115 2121 4171 Iiliormn

542 4197 710 4251 Israel
737 4197 1019 4256 hebetaret
1053 4212 1327 4272 aspectus,
1365 4219 1464 4258 nec
1490 4205 1686 4274 aliquis
1712 4215 1894 4276 posset
1921 4208 2122 4264 intueri

543 4277 741 4346 faciem
780 4291 962 4346 vultus
991 4292 1128 4363 ejus,
1160 4292 1317 4349 Jesus
1346 4309 1451 4349 non
1483 4295 1656 4350 solum
1680 4296 1870 4352 faciem
1895 4309 2124 4354 contue-

542 4392 648 4448 tur,
686 4397 874 4438 verum
909 4385 1072 4440 etiam
1103 4385 1156 4439 in
1185 4385 1533 4442 interioribus
1564 4388 1892 4445 tabernaculi
1923 4401 2125 4462 myste-

543 4477 750 4530 riorum
788 4477 1047 4534 conscius
1071 4488 1415 4548 perseverat.

613 4664 658 4697 ³⁸
682 4665 990 4729 Esod.xvtt,
1018 4665 1104 4721 II.
1169 4667 1211 4698 ³¹
1239 4667 1396 4721 Joan.
1421 4682 1475 4734 v,
1505 4665 1596 4732 46,
1621 4676 1673 4723 et
1696 4683 1792 4734 vn,
1823 4668 1903 4724 l9.
1963 4669 2008 4701 ³²
2038 4667 2210 4725 Exod.
2230 4683 2420 4735 xxvut,
2445 4669 2495 4725 I.

541 4750 652 4801 XVI,
685 4735 777 4794 29.
855 4738 900 4768 ³⁸
929 4737 1085 4791 Rom.
1111 4753 1210 4804 vit,
1232 4737 1288 4804 2,
1309 4737 1362 4792 5.

617 4854 731 4925 (59)
775 4853 934 4909 Lihb.
969 4869 1126 4910 antea
1156 4857 1312 4919 editi,
1353 4875 1371 4908 ι
1398 4866 1573 4912 Victus
1600 4866 1783 4910 autem
1825 4868 1911 4910 est

543 4929 629 4984 lus
659 4927 749 4981 ille
788 4927 856 4980 ab
905 4929 1147 4981 Amalec.
1178 4947 1196 4980 ι
1235 4928 1341 4982 Sed
1389 4928 1557 4982 codex
1605 4926 2120 4998 SangermaneuSIS,

547 5020 568 5053 ο
601 5000 774 5052 victor
802 5005 885 5050 est
909 5007 1089 5052 autem
1115 4998 1342 5066 pepulus
1369 4998 1455 5052 ille
1486 4999 1726 5053 Amalec.
1759 5018 1777 5049 ι

614 5069 733 5140 (40)
773 5068 926 5133 Mss.,
984 5067 1355 5140 {relinquitur
1402 5069 1567 5123 etiam
1613 5067 1834 5140 .lothor.
1873 5086 1892 5120 ι
1959 5067 2120 5123 Libb.

542 5137 707 5195 antea
736 5140 901 5204 editi,
938 5157 956 5190 ι
981 5137 1381 5208 derelinquitur
1413 5140 1575 5192 etiam
1605 5137 1816 5192 Jethro.
1853 5160 1871 5191 ι

613 5209 728 5281 (41)
779 5209 935 5281 μυί».
986 5209 1138 5281 editi,
1207 5209 1470 5278 cadjutor
1533 5221 1846 5280 protegens.
1906 5208 2014 5264 Sed
2074 5219 2127 5265 ct

543 5278 747 5339 illud.)
787 5278 912 5336 Mss.
943 5289 998 5333 ut
1029 5279 1080 5333 in
1114 5290 1297 5334 nostro
1323 5291 1489 5335 textu.

617 5351 731 5424 (42)
775 5353 953 5424 Codex
971 5349 1306 5424 ASangerm.,_
1333 5367 1350 5401 t
1377 5353 1466 5421 qui
1506 5352 1873 5421 exploratum.
1895 5369 1914 5404 ›
1962 5350 2121 5407 Libb.

540 5422 697 5484 editi,
761 5423 895 5490 (qui
918 5422 983 5475 ad
1011 5422 1422 5490 explorandum.
1464 5441 1483 5472 ι

615 5492 730 5567 (45)
765 5493 916 5567 idem
951 5509 1082 5567 ιιιξ.ἱ
1118 5511 1135 5543 t
1166 5493 1737 5567 in‘transliguratione
1759 5493 1940 5548 vultus
1978 5491 2126 5567 Moy-~

545 5563 648 5619 sei.
688 5563 718 5617 »⁷
762 5563 920 5618 Libb.
956 5563 1127 5628 editi,
1180 5581 1199 5613 ι
1231 5563 1285 5616 iu
1350 5566 1881 5632 transliguratiouem
1946 5564 2126 5619 vultus

547 5637 774 5706 Moysi.»
812 5634 982 5690 Codd.
1015 5633 1281 5706 Cemetic.
1320 5643 1375 5688 et
1423 5635 1664 5701 Ehroic.,
1720 5655 1737 5686 ι
1770 5635 2126 5706 transﬁgura-

551 5703 754 5760 ttouem
793 5707 970 5760 vultus
1024 5703 1191 5774 Moysi
1235 5707 1412 5760 omnis
1451 5705 1682 5760 filiorum
1723 5705 1886 5760 Israel
1931 5705 2125 5762 vitaret

548 5787 816 5830 aSIleClllS.
858 5795 878 5828 ι

611 5795 930 5920 'iiiiuiiuier
955 5849 1038 5902 hic
1067 5863 1169 5903 non
1205 5855 1310 5902 tam
1337 5859 1481 5919 gesta
1521 5847 1700 5918 nobis,
1726 5858 1833 5907 etc.
1866 5847 1934 5904 Et
1977 5855 2123 5904 certe

2239 581 2446 650 Nempe
2485 595 2552 636 eo
2575 583 2718 650 quod
2760 582 2896 638 liber
2927 583 3019 638 hic
3050 599 3155 638 non
3189 595 3300 639 tam
3330 593 3485 652 gesta
3521 586 3665 639 nobis
3689 589 3768 656 (si;

2243 673 2337 726 lilii
2382 670 2528 728 Nave
2574 671 2795 737 indicet,
2841 689 3004 743 quam
3055 671 3183 729 Jesu
3235 675 3341 728 mei
3402 674 3614 728 Domini
3657 679 3770 734 nobis

2239 775 2582 820 sacramenta
2618 766 2892 835 depingat.
2936 765 3054 835 Ipse
3089 778 3173 821 est
3198 767 3344 821 enim
3384 768 3482 836 qui
3525 777 3639 836 post
3669 785 3769 822 mor.

2241 869 2348 913 tem
2379 859 2549 929 Moysi
2580 859 2819 928 suscepit
2853 859 3142 929 imperium
3167 901 3183 925 ,
3223 861 3340 930 ipse
3397 870 3486 914 est
3532 863 3619 930 qui
3665 864 3769 916 dotlt

2237 953 2562 1016 exercitum,
2616 961 2672 1006 et
2701 950 2946 1022 conﬂigit
2975 953 3236 1008 adversus
3277 956 3507 1009 Amalec
3538 974 3552 1009 :
3581 968 3631 1011 et
3667 965 3768 1027 (ιω-ά

2240 1043 2310 1098 ibi
2345 1043 2774 1100 admnbrabatur
2800 1045 2914 1114 (45)
2961 1046 3012 1099 in
3044 1055 3228 1101 monte
3269 1050 3530 1102 manibus
3564 1063 3768 1112 cxtenss,

2237 1135 2402 1204 alligit
2431 1137 2580 1191 cruci
2612 1153 2722 1192 suae
2756 1138 2922 1208 398
2957 1140 3303 1208 triumphans
3344 1142 3704 1212 principatus,
3735 1161 3770 1200 et

2237 1238 2532 1298 potestates
2553 1229 2605 1284 in
2638 1231 2951 1300 semetipso.
3007 1232 3317 1288 Defunctus
3359 1246 3450 1288 est
3487 1237 3645 1305 igitur
3667 1237 3770 1308 Ilq.

2237 1323 2626 1377 seszcessavit
2652 1323 2799 1378 enim
2833 1324 2939 1383 lex.
2993 1326 3262 1392 Quoniam
3311 1330 3402 1383 lex
3454 1340 3507 1382 et
3554 1333 3770 1401 propheta

2237 1432 2406 1484 usque
2465 1417 2532 1471 ad
2566 1416 2830 1472 Joannem
2860 1416 2924 1470 ³⁸.
2948 1417 3040 1474 Vis
3054 1427 3236 1474 autem
3255 1421 3327 1475 de
3368 1422 3667 1492 Scripturis
3692 1443 3772 1490 pro

2237 1504 2405 1559 feram
2461 1507 2809 1573 documenta,
2863 1512 3006 1578 quod
3060 1511 3147 1565 lex
3205 1512 3427 1583 Moyses
3485 1517 3768 1583 appellatur!

2234 1599 2372 1652 Audi
2416 1597 2544 1667 quid
2588 1600 2721 1655 dicit
2751 1601 2803 1655 in
2839 1602 3136 1672 Evangelio
3163 1603 3209 1634 "
3243 1622 3256 1657 :
3293 1623 3312 1655 ι
3345 1604 3566 1659 Habent
3609 1606 3768 1676 lupa.

2233 1697 2287 1742 ct
2313 1691 2624 1759 pmphetas,
2647 1693 2872 1748 audiant
2901 1695 3041 1757 illos;
3077 1715 3096 1748 ι
3127 1695 3353 1766 Moysen
3385 1698 3578 1764 utique
3601 1700 3769 1752 him:

2233 1779 2394 1835 dubio
2419 1781 2589 1852 legem
2615 1784 2904 1840 nominans
2935 1787 3074 1856 (46).
3096 1786 3401 1842 Defunctus
3429 1800 3657 1859 estergo
3671 1791 3769 1859 lle}-

2154 1857 2196 1912 B
2224 1887 2310 1928 ses
2329 1872 2560 1930 famulus
2582 1877 2673 1932 Dei
2694 1897 2707 1932 :
2725 1879 2977 1934 defuncta
3002 1890 3083 1936 est
3104 1881 3248 1935 cnim
3271 1881 3382 1945 lex,
3405 1894 3463 1936 et
3487 1857 3663 1952 legali:

2228 1965 2510 2033 ceptajam
2527 1979 2767 2022 cessant.
2791 1970 2900 2025 Aut
2924 1973 2968 2026 si
2989 1987 3179 2039 parum
3205 1973 3324 2043 (47)
3362 1974 3466 2029 tibi
3490 1978 3768 2030 auctoritas:

2226 2056 2467 2138 videtur,
2486 2075 2610 2114 cum
2634 2076 2662 2114 a
2689 2077 2774 2116 me
2802 2063 2902 2117 ista
2927 2063 3304 2132 proferuntur,
3324 2081 3565 2134 sequere
3583 2070 3767 2137 Aposto'i

2228 2150 2629 2216 auctoritatem,
2677 2152 2909 2211 dicentis
2938 2156 2981 2187 "
3006 2159 3272 2229 quoniam
3325 2180 3344 2211 ι
3370 2161 3572 2214 mulier
3613 2164 3768 2218 virente

2227 2238 2277 2292 vi
2289 2254 2346 2294 ro
2363 2241 2579 2312 alligata
2597 2258 2679 2300 est
2698 2246 2823 2318 legi,
2844 2259 2899 2304 et
2923 2251 3165 2306 adultera
3187 2253 3577 2308 nominabitur
3592 2257 3634 2307 si
3655 2256 3771 2309 fuerit

2226 2335 2472 2390 cmualio
2499 2337 2635 2404 viro;
2663 2341 2706 2394 si
2743 2357 2872 2398 vero
2905 2355 3152 2400 mortuus
3175 2345 3345 2400 fuerit
3379 2348 3468 2401 vir
3488 2347 3623 2415 ejus.
3643 2348 3770 2402 soluta

2225 2434 2309 2478 est
2335 2441 2364 2479 a
2399 2427 2516 2498 lege
2541 2431 2663 2497 viri,
2696 2443 2750 2486 ut
2774 2434 2887 2501 jam
2920 2453 3024 2490 non
3049 2438 3121 2492 sit
3145 2439 3426 2502 adultera,
3449 2442 3493 2494 si
3523 2440 3768 2494 fueritcui:

2229 2528 2333 2583 alio
2372 2528 2510 2580 viro.
2548 2547 2566 2580 ι
2613 2527 2894 2583 Mulierem
2943 2531 3060 2585 sine
3089 2532 3257 2586 dubio
3303 2534 3551 2587 animam
3586 2537 3770 2588 nominat

2227 2619 2360 2690 (48),
2415 2634 2535 2689 qua:
2562 2621 2662 2674 sub
2692 2620 2860 2690 Moysi
2888 2621 3003 2690 lege
3031 2624 3350 2684 tenebatur,
3394 2626 3464 2679 de
3512 2643 3612 2694 qua
3636 2627 3735 2678 dicit
3759 2645 3766 2676 :

2232 2713 2490 2768 «Vivente
2526 2713 2642 2766 viro
2683 2713 2905 2784 alligata
2938 2726 3022 2770 est
3063 2717 3190 2786 legi.
3221 2716 3302 2776 .Si
3355 2730 3547 2772 autem
3579 2731 3768 2771 mortuas

2225 2804 2390 2860 fuerit
2421 2806 2502 2858 vir
2521 2805 2693 2874 ejus”
2729 2807 2850 2861 sine
2879 2807 3042 2862 dubio
3073 2808 3183 2872 lex,
3203 2810 3522 2864 absolutam
3552 2813 3770 2866 diciteu:

2227 2899 2462 2952 animam
2485 2914 2605 2969 quae
2631 2899 2918 2955 videbatur
2946 2915 3067 2956 esse
3106 2903 3382 2973 subjecta.
3437 2903 3643 2960 Idcirco
3677 2922 3770 2976 ergo

2225 2993 2398 3064 legem
2433 3008 2660 3049 necesse
2684 3003 2768 3049 est
2791 2996 2951 3061 mori,
2981 3005 3040 3050 ut
3063 2999 3152 3066 qui
3177 3000 3421 3054 credunt
3459 3001 3513 3054 in
3535 2999 3651 3056 Jcsu
3671 3004 3766 3068 (19},

2227 3100 2571 3154 nequaquam
2613 3085 2864 3141 adulterii
2893 3089 3098 3142 crimen
3130 3089 3450 3145 incurrant.

2301 3179 2354 3232 4.
2396 3177 2555 3234 Jesus
2584 3180 2752 3250 igitur
2787 3179 3050 3235 Dominus
3076 3192 3129 3236 et
3163 3182 3432 3239 Salvator
3463 3201 3615 3240 meus
3637 3202 3772 3241 sust-e-

2231 3271 2310 3342 pit
2339 3273 2705 3342 principatum
2735 3292 2748 3327 :
2777 3284 2853 3341 et,
2890 3273 2936 3328 si
2987 3274 3224 3340 videtur,
3275 3275 3630 3332 conferamus
3664 3289 3768 3346 gest:

2227 3365 2398 3438 Moysi
2427 3382 2551 3422 cum
2593 3367 2896 3437 principatu
2923 3367 3073 3423 Jesu.
3123 3369 3257 3423 Cum
3305 3369 3529 3440 Moyses
3569 3373 3772 3427 educeret

2225 3459 2488 3529 populum
2525 3460 2591 3514 de
2628 3469 2774 3514 terra
2811 3459 3069 3531 Egypti,
3099 3461 3279 3516 nullus
3310 3465 3452 3518 ordo
3483 3465 3538 3518 in
3589 3467 3768 3534 populi.

2225 3551 2372 3604 nulla
2406 3551 2461 3606 in
2493 3550 2874 3606 sacerdotibus
2894 3553 3261 3608 observantia.
3292 3553 3608 3612 Transeunt
3623 3573 3771 3625 aqua

2225 3647 2416 3710 maris,
2445 3659 2642 3714 aquam
2667 3646 2887 3710 salsam,
2917 3661 3018 3700 nec
3037 3647 3333 3716 quidquam
3353 3649 3412 3702 in
3436 3664 3496 3703 se
3517 3651 3772 3705 dulcedinis

2223 3739 2620 3802 continentem,
2648 3746 2703 3791 et
2729 3754 2917 3793 murus
2951 3749 3071 3793 erat
3112 3738 3193 3793 eis
3229 3755 3378 3809 aqua
3423 3741 3616 3795 dextra
3649 3742 3771 3794 lera-

2223 3846 2346 3901 que.
2385 3830 2512 3886 Haec
2555 3829 2773 3902 Moyseo
2820 3832 2956 3887 duce
3001 3841 3152 3900 gesta
3209 3835 3617 3902 cognoscimus.
3669 3835 3769 3887 Ca:

2223 3939 2353 3980 vero
2405 3925 2665 3981 Dominus
2719 3941 2874 3983 meus
2933 3927 3085 3982 ducit
3141 3927 3480 3993 exercitum,
3537 3942 3652 3996 qua
3679 3935 3775 3980 ses:

2221 4032 2344 4086 qua:
2392 4018 2560 4072 etiam
2612 4028 2739 4073 tunc
2789 4019 3263 4074 adumbrabantur
3323 4019 3443 4088 (50)
3511 4019 3768 4074 videatur.

2225 4109 2551 4166 Sacerdotes
2580 4113 2915 4182 prtecedunt,
2944 4127 3072 4167 arca
3119 4113 3437 4166 testamenti
3471 4123 3704 4184 portatur
3733 4111 3768 4161 in

2226 4202 2468 4257 humeris
2496 4205 2866 4269 sacerdotum,
2892 4219 3157 4272 nusquam
3188 4203 3299 4270 jam
3333 4220 3521 4270 mare,
3551 4217 3768 4272 nusquam

2223 4291 2400 4349 salsus
2429 4293 2626 4350 ﬂuctus
2669 4297 2934 4362 occurrit,
2967 4296 3062 4351 sed
3102 4297 3239 4350 duce
3271 4296 3503 4351 Domino
3531 4312 3644 4350 meo
3668 4295 3767 4349 less

2224 4387 2386 4441 venio
2444 4387 2510 4442 ad
2543 4385 2872 4452 Iordanem,
2929 4398 2983 4443 et
3031 4389 3191 4444 venio
3233 4407 3344 4446 non
3400 4390 3764 4461 perturbatione

2228 4479 2387 4550 lugaa,
2423 4494 2598 4551 neque
2621 4481 2945 4551 perterritus
2969 4493 3140 4548 metu,
3159 4483 3257 4537 sed
3289 4484 3452 4538 venio
3480 4498 3598 4537 cum
3622 4493 3765 4534 sacer-

3608 4670 3648 4700 ⁸³
3664 4665 3761 4721 an.

2571 4668 2615 4701 ³³
2641 4669 2808 4724 Exod.
2833 4684 2984 4724 xvtu.
3062 4673 3106 4704 ³⁸
3130 4667 3323 4726 Matth.
3346 4685 3426 4732 st,
3450 4670 3536 4724 I5.

1950 4872 2122 4926 popu-
2153 4862 2198 4918 Ι)
2225 4857 2365 4911 liber
2397 4854 2561 4926 Josue
2588 4857 2728 4924 apud
2759 4856 3013 4910 Hebraeos
3038 4864 3120 4910 est
3149 4857 3544 4925 prephetarum
3581 4856 3762 4926 primu

2322 4927 2413 4994 45)
2454 4924 2635 4978 Codex
2671 4926 2980 4994 Sangerm.,
3019 4943 3039 4976 ι
3067 4924 3452 4982 adumbratur.
3482 4947 3502 4978 ι

2321 4995 2412 5065 46)
2465 4995 2635 5052 Codd.
2681 4996 2964 5065 Sangerm.
3025 5008 3077 5050 et
3129 4997 3520 5062 Ebroicensis,
3574 5017 3592 5049 ι
3623 4997 3762 5051 nomi-

2224 5066 2398 5123 nans.
2422 5087 2440 5119 ι
2520 5067 2676 5121 Libb.
2708 5066 2859 5131 editi,
2899 5083 2916 5116 t
2945 5069 3214 5121 nominat.
3242 5088 3260 5119 ι

2297 5138 2410 5207 (47)
2452 5137 2579 5192 Mss.
2634 5155 2651 5187 t
2679 5152 2890 5203 parum.
2913 5156 2932 5188 ι
2977 5137 3132 5191 Libb.
3159 5141 3320 5202 editi,
3357 5157 3377 5190 ι
3406 5155 3531 5192 non.
3562 5158 3580 5190 ο

2298 5207 2415 5279 (48)
2471 5207 2620 5265 Unus
2649 5207 3028 5273 Ebroicensis,
3056 5219 3110 5262 et
3141 5208 3531 5280 Sangermau.,
3589 5228 3606 5260 ι
3626 5222 3766 5263 uom-

2226 5295 2382 5336 naus.
2414 5298 2432 5331 ι

2303 5351 2413 5418 (49)
2467 5349 2647 5404 Codex
2693 5347 3087 5424 Gemcticensis
3129 5363 3254 5424 cum
3309 5345 3766 5424 uno_Ebroic¢-us_i.

2228 5422 2411 5490 itaque
2437 5435 2568 5490 ergo
2606 5435 2829 5475 necesse
2860 5431 2942 5474 est
2971 5420 3075 5488 legi
3108 5423 3246 5474 mori
3277 5431 3336 5474 ut
3363 5422 3455 5490 qui
3487 5419 3698 5476 credunt
3725 5419 3764 5466 in

2228 5491 2438 5546 Jesum.
2466 5511 2484 5544 ι
2536 5490 2690 5544 Alter
2741 5491 3111 5555 Ebroicensis,
3157 5510 3176 5542 ι
3211 5493 3420 5546 idcirco
3470 5497 3763 5546 necesst

2229 5562 2448 5633 Moysen
2481 5561 2640 5626 mori,
2666 5581 2684 5614 ι
2717 5575 2823 5616 etc.
2859 5561 3142 5630 Saugerm.
3173 5571 3232 5616 ut
3264 5563 3318 5616 in
3354 5574 3536 5617 nostro
3561 5571 3708 5613 textu.

2301 5633 2416 5704 (50)
2456 5633 2640 5688 Codex
2666 5633 3003 5704 iSangerm”
3057 5651 3076 5683 ι
3099 5649 3222 5699 qua:
3256 5635 3421 5704 etiam
3451 5644 3572 5686 tunc
3601 5633 3760 5704 adcin-

2229 5705 2593 5760 brabantur.»
2662 5703 2777 5756 Duo
2836 5703 3200 5760 Ebruicenses
3253 5714 3309 5757 et
3374 5703 3758 5758 Gemeticeusb.

2239 5796 2257 5826 ι
2282 5792 2397 5844 qua:
2425 5775 2536 5844 jam
2571 5785 2698 5827 tunc
2719 5773 3137 5829 obumbrantur.
3173 5794 3192 5827 ι
3233 5774 3391 5832 Libb.
3438 5775 3579 5837 editi,
3623 5780 3756 5837 squ:

2225 5846 2338 5918 jam
2374 5855 2502 5902 tunc
2529 5845 2940 5901 adumbrautur.
2968 5861 2988 5898 ι
