  <div class='ocr_page' id='page_1' title='image "/cluster/home/n/w/nwhite01/storage/ocr_20150623/12/hvd.32044019207638/418.png"; bbox 0 0 3798 6384; ppageno 0'>
   <div class='ocr_carea' id='block_1_1' title="bbox 138 347 2224 421">
    <p class='ocr_par' dir='ltr' id='par_1_1' title="bbox 138 347 2224 421">
     <span class='ocr_line' id='line_1_1' title="bbox 138 347 2224 421; baseline 0.003 -19"><span class='ocrx_word' id='word_1_1' title='bbox 138 348 218 404; x_wconf 72' lang='lat'><strong>329</strong></span> <span class='ocrx_word' id='word_1_2' title='bbox 1077 348 1146 403; x_wconf 80' lang='lat' dir='ltr'><strong>IN</strong></span> <span class='ocrx_word' id='word_1_3' title='bbox 1174 347 1434 406; x_wconf 77' lang='lat' dir='ltr'><strong>LIBRUM</strong></span> <span class='ocrx_word' id='word_1_4' title='bbox 1461 348 1628 406; x_wconf 84' lang='lat' dir='ltr'><strong>IESU</strong></span> <span class='ocrx_word' id='word_1_5' title='bbox 1657 348 1842 405; x_wconf 78' lang='lat' dir='ltr'><strong>NAVE</strong></span> <span class='ocrx_word' id='word_1_6' title='bbox 1869 352 2157 421; x_wconf 76' lang='lat' dir='ltr'><strong>HOMILIA</strong></span> <span class='ocrx_word' id='word_1_7' title='bbox 2183 354 2224 409; x_wconf 90' lang='lat' dir='ltr'><strong>I.</strong></span> 
     </span>
    </p>
   </div>
   <div class='ocr_carea' id='block_1_2' title="bbox 3196 350 3318 415">
    <p class='ocr_par' dir='ltr' id='par_1_2' title="bbox 3196 350 3318 415">
     <span class='ocr_line' id='line_1_2' title="bbox 3196 350 3318 415; baseline -0.008 0"><span class='ocrx_word' id='word_1_8' title='bbox 3196 350 3318 415; x_wconf 66' lang='lat'><strong>830’</strong></span> 
     </span>
    </p>
   </div>
   <div class='ocr_carea' id='block_1_3' title="bbox 136 459 3301 542">
    <p class='ocr_par' dir='ltr' id='par_1_3' title="bbox 136 459 3301 542">
     <span class='ocr_line' id='line_1_3' title="bbox 136 459 3301 542; baseline 0.003 -24"><span class='ocrx_word' id='word_1_9' title='bbox 136 463 301 519; x_wconf 75' lang='lat' dir='ltr'><strong>dotibus</strong></span> <span class='ocrx_word' id='word_1_10' title='bbox 322 475 481 515; x_wconf 88' lang='lat' dir='ltr'><strong>arcam</strong></span> <span class='ocrx_word' id='word_1_11' title='bbox 509 459 810 516; x_wconf 86' lang='lat' dir='ltr'><strong>testamenti</strong></span> <span class='ocrx_word' id='word_1_12' title='bbox 839 462 1074 530; x_wconf 85' lang='lat' dir='ltr'><strong>Domini,</strong></span> <span class='ocrx_word' id='word_1_13' title='bbox 1110 466 1161 520; x_wconf 93' lang='lat' dir='ltr'><strong>in</strong></span> <span class='ocrx_word' id='word_1_14' title='bbox 1196 481 1299 537; x_wconf 89' lang='lat' dir='ltr'><strong>qua</strong></span> <span class='ocrx_word' id='word_1_15' title='bbox 1332 469 1425 522; x_wconf 86' lang='lat' dir='ltr'><strong>Dei</strong></span> <span class='ocrx_word' id='word_1_16' title='bbox 1456 469 1541 523; x_wconf 85' lang='lat' dir='ltr'><strong>lex</strong></span> <span class='ocrx_word' id='word_1_17' title='bbox 1570 476 1623 522; x_wconf 89' lang='lat' dir='ltr'><strong>et</strong></span> <span class='ocrx_word' id='word_1_18' title='bbox 1652 472 1700 525; x_wconf 84' lang='lat' dir='ltr'><strong>A</strong></span> <span class='ocrx_word' id='word_1_19' title='bbox 1728 467 2016 522; x_wconf 90' lang='lat' dir='ltr'><strong>Dominum</strong></span> <span class='ocrx_word' id='word_1_20' title='bbox 2048 471 2385 541; x_wconf 85' lang='lat' dir='ltr'><strong>suscepimus</strong></span> <span class='ocrx_word' id='word_1_21' title='bbox 2406 512 2421 539; x_wconf 89' lang='lat'><strong>,</strong></span> <span class='ocrx_word' id='word_1_22' title='bbox 2456 470 2548 527; x_wconf 90' lang='lat' dir='ltr'><strong>sed</strong></span> <span class='ocrx_word' id='word_1_23' title='bbox 2585 488 2613 524; x_wconf 88' lang='lat' dir='ltr'><strong>a</strong></span> <span class='ocrx_word' id='word_1_24' title='bbox 2648 470 2811 527; x_wconf 84' lang='lat' dir='ltr'><strong>Patre</strong></span> <span class='ocrx_word' id='word_1_25' title='bbox 2856 470 3156 542; x_wconf 76' lang='lat' dir='ltr'><strong>profectum</strong></span> <span class='ocrx_word' id='word_1_26' title='bbox 3177 510 3195 541; x_wconf 89' lang='lat'><strong>,</strong></span> <span class='ocrx_word' id='word_1_27' title='bbox 3245 485 3301 529; x_wconf 91' lang='lat' dir='ltr'><strong>et</strong></span> 
     </span>
    </p>
   </div>
   <div class='ocr_carea' id='block_1_4' title="bbox 133 554 1623 621">
    <p class='ocr_par' dir='ltr' id='par_1_4' title="bbox 133 554 1623 621">
     <span class='ocr_line' id='line_1_4' title="bbox 133 554 1623 621; baseline 0.005 -11"><span class='ocrx_word' id='word_1_28' title='bbox 133 556 284 611; x_wconf 71' lang='lat' dir='ltr'><strong>divinae</strong></span> <span class='ocrx_word' id='word_1_29' title='bbox 307 554 476 608; x_wconf 79' lang='lat' dir='ltr'><strong>littera:</strong></span> <span class='ocrx_word' id='word_1_30' title='bbox 512 564 817 621; x_wconf 81' lang='lat' dir='ltr'><strong>servantur,</strong></span> <span class='ocrx_word' id='word_1_31' title='bbox 871 557 1175 612; x_wconf 77' lang='lat' dir='ltr'><strong>cervicibus</strong></span> <span class='ocrx_word' id='word_1_32' title='bbox 1209 560 1322 615; x_wconf 84' lang='lat' dir='ltr'><strong>suis</strong></span> <span class='ocrx_word' id='word_1_33' title='bbox 1356 561 1623 616; x_wconf 85' lang='lat' dir='ltr'><strong>humeris-</strong></span> 
     </span>
    </p>
   </div>
   <div class='ocr_carea' id='block_1_5' title="bbox 133 643 1619 715">
    <p class='ocr_par' dir='ltr' id='par_1_5' title="bbox 133 643 1619 715">
     <span class='ocr_line' id='line_1_5' title="bbox 133 643 1619 715; baseline 0.006 -18"><span class='ocrx_word' id='word_1_34' title='bbox 133 660 211 713; x_wconf 89' lang='lat' dir='ltr'><strong>que</strong></span> <span class='ocrx_word' id='word_1_35' title='bbox 247 644 546 713; x_wconf 88' lang='lat' dir='ltr'><strong>portautibus</strong></span> <span class='ocrx_word' id='word_1_36' title='bbox 591 643 660 696; x_wconf 86' lang='grc'><strong>³⁷.</strong></span> <span class='ocrx_word' id='word_1_37' title='bbox 722 643 1002 715; x_wconf 86' lang='lat' dir='ltr'><strong>Ingredior</strong></span> <span class='ocrx_word' id='word_1_38' title='bbox 1036 647 1326 706; x_wconf 90' lang='lat' dir='ltr'><strong>Iordanem</strong></span> <span class='ocrx_word' id='word_1_39' title='bbox 1360 669 1462 706; x_wconf 75' lang='lat' dir='ltr'><strong>non</strong></span> <span class='ocrx_word' id='word_1_40' title='bbox 1495 668 1619 707; x_wconf 91' lang='lat' dir='ltr'><strong>cum</strong></span> 
     </span>
    </p>
   </div>
   <div class='ocr_carea' id='block_1_6' title="bbox 132 736 1621 816">
    <p class='ocr_par' dir='ltr' id='par_1_6' title="bbox 132 736 1621 816">
     <span class='ocr_line' id='line_1_6' title="bbox 132 736 1621 816; baseline 0.005 -26"><span class='ocrx_word' id='word_1_41' title='bbox 132 736 284 790; x_wconf 82' lang='lat' dir='ltr'><strong>furtivo</strong></span> <span class='ocrx_word' id='word_1_42' title='bbox 310 736 522 801; x_wconf 90' lang='lat' dir='ltr'><strong>silentio,</strong></span> <span class='ocrx_word' id='word_1_43' title='bbox 552 736 643 790; x_wconf 91' lang='lat' dir='ltr'><strong>sed</strong></span> <span class='ocrx_word' id='word_1_44' title='bbox 677 736 727 790; x_wconf 94' lang='lat' dir='ltr'><strong>in</strong></span> <span class='ocrx_word' id='word_1_45' title='bbox 779 739 1029 793; x_wconf 92' lang='lat' dir='ltr'><strong>tubarum</strong></span> <span class='ocrx_word' id='word_1_46' title='bbox 1059 742 1307 798; x_wconf 87' lang='lat' dir='ltr'><strong>cantibus</strong></span> <span class='ocrx_word' id='word_1_47' title='bbox 1337 746 1621 816; x_wconf 86' lang='lat' dir='ltr'><strong>mysticum</strong></span> 
     </span>
    </p>
   </div>
   <div class='ocr_carea' id='block_1_7' title="bbox 131 824 1621 903">
    <p class='ocr_par' dir='ltr' id='par_1_7' title="bbox 131 824 1621 903">
     <span class='ocr_line' id='line_1_7' title="bbox 131 824 1621 903; baseline 0.009 -27"><span class='ocrx_word' id='word_1_48' title='bbox 131 824 329 893; x_wconf 83' lang='lat' dir='ltr'><strong>quiddam</strong></span> <span class='ocrx_word' id='word_1_49' title='bbox 364 824 697 895; x_wconf 85' lang='lat' dir='ltr'><strong>divinumque</strong></span> <span class='ocrx_word' id='word_1_50' title='bbox 739 829 1081 896; x_wconf 78' lang='lat' dir='ltr'><strong>canentibus,</strong></span> <span class='ocrx_word' id='word_1_51' title='bbox 1133 842 1192 887; x_wconf 92' lang='lat' dir='ltr'><strong>ut</strong></span> <span class='ocrx_word' id='word_1_52' title='bbox 1246 835 1311 888; x_wconf 86' lang='lat' dir='ltr'><strong>ad</strong></span> <span class='ocrx_word' id='word_1_53' title='bbox 1358 836 1621 903; x_wconf 58' lang='lat' dir='ltr'><strong>pradica-</strong></span> 
     </span>
    </p>
   </div>
   <div class='ocr_carea' id='block_1_8' title="bbox 132 917 1622 983">
    <p class='ocr_par' dir='ltr' id='par_1_8' title="bbox 132 917 1622 983">
     <span class='ocr_line' id='line_1_8' title="bbox 132 917 1622 983; baseline 0.008 -12"><span class='ocrx_word' id='word_1_54' title='bbox 132 921 286 973; x_wconf 88' lang='lat' dir='ltr'><strong>tionetn</strong></span> <span class='ocrx_word' id='word_1_55' title='bbox 333 917 458 972; x_wconf 73' lang='lat' dir='ltr'><strong>tuba:</strong></span> <span class='ocrx_word' id='word_1_56' title='bbox 499 918 737 974; x_wconf 56' lang='lat' dir='ltr'><strong>caelestis</strong></span> <span class='ocrx_word' id='word_1_57' title='bbox 784 920 1056 979; x_wconf 85' lang='lat' dir='ltr'><strong>incedam.</strong></span> <span class='ocrx_word' id='word_1_58' title='bbox 1096 923 1172 981; x_wconf 90' lang='lat' dir='ltr'><strong>Ibi</strong></span> <span class='ocrx_word' id='word_1_59' title='bbox 1219 926 1420 981; x_wconf 80' lang='lat' dir='ltr'><strong>dictant</strong></span> <span class='ocrx_word' id='word_1_60' title='bbox 1468 938 1550 983; x_wconf 91' lang='lat' dir='ltr'><strong>est</strong></span> <span class='ocrx_word' id='word_1_61' title='bbox 1579 928 1622 960; x_wconf 84' lang='grc'><strong>³⁸</strong></span> 
     </span>
    </p>
   </div>
   <div class='ocr_carea' id='block_1_9' title="bbox 130 1009 1623 1090">
    <p class='ocr_par' dir='ltr' id='par_1_9' title="bbox 130 1009 1623 1090">
     <span class='ocr_line' id='line_1_9' title="bbox 130 1009 1623 1090; baseline 0.008 -27"><span class='ocrx_word' id='word_1_62' title='bbox 130 1010 236 1079; x_wconf 83' lang='lat' dir='ltr'><strong>quod</strong></span> <span class='ocrx_word' id='word_1_63' title='bbox 260 1009 406 1064; x_wconf 89' lang='lat' dir='ltr'><strong>divisa</strong></span> <span class='ocrx_word' id='word_1_64' title='bbox 442 1020 521 1064; x_wconf 92' lang='lat' dir='ltr'><strong>est</strong></span> <span class='ocrx_word' id='word_1_65' title='bbox 559 1027 696 1081; x_wconf 88' lang='lat' dir='ltr'><strong>aqua</strong></span> <span class='ocrx_word' id='word_1_66' title='bbox 729 1013 781 1066; x_wconf 90' lang='lat' dir='ltr'><strong>in</strong></span> <span class='ocrx_word' id='word_1_67' title='bbox 815 1014 947 1070; x_wconf 89' lang='lat' dir='ltr'><strong>duas</strong></span> <span class='ocrx_word' id='word_1_68' title='bbox 978 1028 1181 1085; x_wconf 90' lang='lat' dir='ltr'><strong>partes,</strong></span> <span class='ocrx_word' id='word_1_69' title='bbox 1225 1029 1280 1073; x_wconf 91' lang='lat' dir='ltr'><strong>et</strong></span> <span class='ocrx_word' id='word_1_70' title='bbox 1304 1035 1442 1075; x_wconf 90' lang='lat' dir='ltr'><strong>unus</strong></span> <span class='ocrx_word' id='word_1_71' title='bbox 1467 1036 1623 1090; x_wconf 69' lang='lat' dir='ltr'><strong>aqua:</strong></span> 
     </span>
    </p>
   </div>
   <div class='ocr_carea' id='block_1_10' title="bbox 129 1101 1619 1175">
    <p class='ocr_par' dir='ltr' id='par_1_10' title="bbox 129 1101 1619 1175">
     <span class='ocr_line' id='line_1_10' title="bbox 129 1101 1619 1175; baseline 0.01 -20"><span class='ocrx_word' id='word_1_72' title='bbox 129 1118 270 1156; x_wconf 89' lang='lat' dir='ltr'><strong>murus</strong></span> <span class='ocrx_word' id='word_1_73' title='bbox 297 1101 396 1172; x_wconf 81' lang='lat'>(5|)</span> <span class='ocrx_word' id='word_1_74' title='bbox 444 1102 618 1158; x_wconf 80' lang='lat' dir='ltr'><strong>factus</strong></span> <span class='ocrx_word' id='word_1_75' title='bbox 650 1117 733 1160; x_wconf 91' lang='lat' dir='ltr'><strong>est</strong></span> <span class='ocrx_word' id='word_1_76' title='bbox 766 1121 796 1160; x_wconf 90' lang='lat' dir='ltr'><strong>a</strong></span> <span class='ocrx_word' id='word_1_77' title='bbox 824 1107 1029 1163; x_wconf 81' lang='lat' dir='ltr'><strong>dextris</strong></span> <span class='ocrx_word' id='word_1_78' title='bbox 1052 1151 1068 1175; x_wconf 90' lang='lat'><strong>,</strong></span> <span class='ocrx_word' id='word_1_79' title='bbox 1123 1111 1260 1167; x_wconf 90' lang='lat' dir='ltr'><strong>alius</strong></span> <span class='ocrx_word' id='word_1_80' title='bbox 1299 1128 1329 1165; x_wconf 90' lang='lat' dir='ltr'><strong>a</strong></span> <span class='ocrx_word' id='word_1_81' title='bbox 1357 1112 1619 1171; x_wconf 87' lang='lat' dir='ltr'><strong>sinistris.</strong></span> 
     </span>
    </p>
   </div>
   <div class='ocr_carea' id='block_1_11' title="bbox 126 1191 1621 1275">
    <p class='ocr_par' dir='ltr' id='par_1_11' title="bbox 126 1191 1621 1275">
     <span class='ocr_line' id='line_1_11' title="bbox 126 1191 1621 1275; baseline 0.01 -28"><span class='ocrx_word' id='word_1_82' title='bbox 126 1191 199 1247; x_wconf 84' lang='lat' dir='ltr'><strong>llic</strong></span> <span class='ocrx_word' id='word_1_83' title='bbox 220 1208 324 1247; x_wconf 86' lang='lat' dir='ltr'><strong>vero</strong></span> <span class='ocrx_word' id='word_1_84' title='bbox 346 1194 430 1263; x_wconf 86' lang='lat' dir='ltr'><strong>qui</strong></span> <span class='ocrx_word' id='word_1_85' title='bbox 461 1196 603 1251; x_wconf 81' lang='lat' dir='ltr'><strong>venit</strong></span> <span class='ocrx_word' id='word_1_86' title='bbox 643 1196 855 1252; x_wconf 89' lang='lat' dir='ltr'><strong>solvere</strong></span> <span class='ocrx_word' id='word_1_87' title='bbox 887 1202 1125 1257; x_wconf 89' lang='lat' dir='ltr'><strong>medium</strong></span> <span class='ocrx_word' id='word_1_88' title='bbox 1156 1204 1418 1273; x_wconf 84' lang='lat' dir='ltr'><strong>parietem</strong></span> <span class='ocrx_word' id='word_1_89' title='bbox 1452 1208 1621 1275; x_wconf 90' lang='lat' dir='ltr'><strong>sepis,</strong></span> 
     </span>
    </p>
   </div>
   <div class='ocr_carea' id='block_1_12' title="bbox 125 1288 1622 1368">
    <p class='ocr_par' dir='ltr' id='par_1_12' title="bbox 125 1288 1622 1368">
     <span class='ocr_line' id='line_1_12' title="bbox 125 1288 1622 1368; baseline 0.008 -26"><span class='ocrx_word' id='word_1_90' title='bbox 125 1288 220 1344; x_wconf 76' lang='lat' dir='ltr'><strong>fecit</strong></span> <span class='ocrx_word' id='word_1_91' title='bbox 239 1300 491 1361; x_wconf 86' lang='lat' dir='ltr'><strong>utrumque</strong></span> <span class='ocrx_word' id='word_1_92' title='bbox 512 1293 625 1364; x_wconf 72' lang='lat'><strong>(52)</strong></span> <span class='ocrx_word' id='word_1_93' title='bbox 653 1312 817 1350; x_wconf 92' lang='lat' dir='ltr'><strong>unum</strong></span> <span class='ocrx_word' id='word_1_94' title='bbox 852 1313 865 1350; x_wconf 89' lang='lat'>:</span> <span class='ocrx_word' id='word_1_95' title='bbox 892 1312 958 1352; x_wconf 86' lang='lat' dir='ltr'><strong>ex</strong></span> <span class='ocrx_word' id='word_1_96' title='bbox 987 1312 1089 1352; x_wconf 89' lang='lat' dir='ltr'><strong>una</strong></span> <span class='ocrx_word' id='word_1_97' title='bbox 1111 1299 1253 1353; x_wconf 91' lang='lat' dir='ltr'><strong>enim</strong></span> <span class='ocrx_word' id='word_1_98' title='bbox 1286 1309 1438 1368; x_wconf 90' lang='lat' dir='ltr'><strong>parte</strong></span> <span class='ocrx_word' id='word_1_99' title='bbox 1464 1313 1622 1354; x_wconf 89' lang='lat' dir='ltr'><strong>erec-</strong></span> 
     </span>
    </p>
   </div>
   <div class='ocr_carea' id='block_1_13' title="bbox 125 1384 1625 1456">
    <p class='ocr_par' dir='ltr' id='par_1_13' title="bbox 125 1384 1625 1456">
     <span class='ocr_line' id='line_1_13' title="bbox 125 1384 1625 1456; baseline 0.007 -22"><span class='ocrx_word' id='word_1_100' title='bbox 125 1392 244 1437; x_wconf 81' lang='lat' dir='ltr'><strong>taest</strong></span> <span class='ocrx_word' id='word_1_101' title='bbox 272 1398 413 1452; x_wconf 82' lang='lat' dir='ltr'><strong>aqua,</strong></span> <span class='ocrx_word' id='word_1_102' title='bbox 436 1384 534 1439; x_wconf 91' lang='lat' dir='ltr'><strong>alia</strong></span> <span class='ocrx_word' id='word_1_103' title='bbox 567 1401 694 1441; x_wconf 90' lang='lat' dir='ltr'><strong>vero</strong></span> <span class='ocrx_word' id='word_1_104' title='bbox 724 1402 849 1456; x_wconf 89' lang='lat' dir='ltr'><strong>pars</strong></span> <span class='ocrx_word' id='word_1_105' title='bbox 878 1388 1099 1444; x_wconf 78' lang='lat' dir='ltr'><strong>defluxit</strong></span> <span class='ocrx_word' id='word_1_106' title='bbox 1129 1390 1182 1444; x_wconf 93' lang='lat' dir='ltr'><strong>in</strong></span> <span class='ocrx_word' id='word_1_107' title='bbox 1220 1406 1389 1447; x_wconf 90' lang='lat' dir='ltr'><strong>mare.</strong></span> <span class='ocrx_word' id='word_1_108' title='bbox 1424 1392 1625 1447; x_wconf 85' lang='lat' dir='ltr'><strong>Deinde</strong></span> 
     </span>
    </p>
   </div>
   <div class='ocr_carea' id='block_1_14' title="bbox 122 1476 1624 1551">
    <p class='ocr_par' dir='ltr' id='par_1_14' title="bbox 122 1476 1624 1551">
     <span class='ocr_line' id='line_1_14' title="bbox 122 1476 1624 1551; baseline 0.008 -23"><span class='ocrx_word' id='word_1_109' title='bbox 122 1476 188 1528; x_wconf 86' lang='lat' dir='ltr'><strong>ldc</strong></span> <span class='ocrx_word' id='word_1_110' title='bbox 215 1476 276 1529; x_wconf 86' lang='lat' dir='ltr'><strong>ait</strong></span> <span class='ocrx_word' id='word_1_111' title='bbox 295 1476 334 1508; x_wconf 77' lang='lat'><strong>”</strong></span> <span class='ocrx_word' id='word_1_112' title='bbox 364 1494 377 1531; x_wconf 89' lang='lat'><strong>:</strong></span> <span class='ocrx_word' id='word_1_113' title='bbox 425 1495 441 1527; x_wconf 74' lang='grc' dir='ltr'>ι</span> <span class='ocrx_word' id='word_1_114' title='bbox 469 1476 778 1548; x_wconf 85' lang='lat' dir='ltr'><strong>Praeparate</strong></span> <span class='ocrx_word' id='word_1_115' title='bbox 815 1481 966 1537; x_wconf 83' lang='lat' dir='ltr'><strong>vobis</strong></span> <span class='ocrx_word' id='word_1_116' title='bbox 994 1482 1144 1537; x_wconf 91' lang='lat' dir='ltr'><strong>cibos</strong></span> <span class='ocrx_word' id='word_1_117' title='bbox 1187 1482 1254 1536; x_wconf 93' lang='lat' dir='ltr'><strong>ad</strong></span> <span class='ocrx_word' id='word_1_118' title='bbox 1299 1483 1477 1551; x_wconf 91' lang='lat' dir='ltr'><strong>viam;</strong></span> <span class='ocrx_word' id='word_1_119' title='bbox 1511 1504 1529 1537; x_wconf 73' lang='grc' dir='ltr'><strong>ι</strong></span> <span class='ocrx_word' id='word_1_120' title='bbox 1569 1495 1624 1540; x_wconf 91' lang='lat' dir='ltr'><strong>et</strong></span> 
     </span>
    </p>
   </div>
   <div class='ocr_carea' id='block_1_15' title="bbox 122 1568 1621 1645">
    <p class='ocr_par' dir='ltr' id='par_1_15' title="bbox 122 1568 1621 1645">
     <span class='ocr_line' id='line_1_15' title="bbox 122 1568 1621 1645; baseline 0.008 -25"><span class='ocrx_word' id='word_1_121' title='bbox 122 1568 258 1635; x_wconf 82' lang='lat' dir='ltr'><strong>hodie,</strong></span> <span class='ocrx_word' id='word_1_122' title='bbox 290 1569 329 1623; x_wconf 91' lang='lat' dir='ltr'><strong>si</strong></span> <span class='ocrx_word' id='word_1_123' title='bbox 360 1571 559 1631; x_wconf 84' lang='lat' dir='ltr'><strong>audias,</strong></span> <span class='ocrx_word' id='word_1_124' title='bbox 618 1572 747 1626; x_wconf 90' lang='lat' dir='ltr'><strong>dicit</strong></span> <span class='ocrx_word' id='word_1_125' title='bbox 793 1574 884 1627; x_wconf 91' lang='lat' dir='ltr'><strong>tibi</strong></span> <span class='ocrx_word' id='word_1_126' title='bbox 915 1572 1071 1628; x_wconf 90' lang='lat' dir='ltr'><strong>Iesus</strong></span> <span class='ocrx_word' id='word_1_127' title='bbox 1107 1593 1121 1629; x_wconf 90' lang='lat'><strong>:</strong></span> <span class='ocrx_word' id='word_1_128' title='bbox 1157 1574 1214 1629; x_wconf 91' lang='lat' dir='ltr'><strong>Si</strong></span> <span class='ocrx_word' id='word_1_129' title='bbox 1241 1578 1487 1644; x_wconf 90' lang='lat' dir='ltr'><strong>sequeris</strong></span> <span class='ocrx_word' id='word_1_130' title='bbox 1515 1593 1621 1645; x_wconf 92' lang='lat' dir='ltr'><strong>me,</strong></span> 
     </span>
    </p>
   </div>
   <div class='ocr_carea' id='block_1_16' title="bbox 119 1661 1622 1738">
    <p class='ocr_par' dir='ltr' id='par_1_16' title="bbox 119 1661 1622 1738">
     <span class='ocr_line' id='line_1_16' title="bbox 119 1661 1622 1738; baseline 0.009 -25"><span class='ocrx_word' id='word_1_131' title='bbox 119 1673 307 1729; x_wconf 70' lang='lat' dir='ltr'><strong>purpura</strong></span> <span class='ocrx_word' id='word_1_132' title='bbox 328 1661 465 1717; x_wconf 86' lang='lat' dir='ltr'><strong>cibos</strong></span> <span class='ocrx_word' id='word_1_133' title='bbox 494 1662 560 1717; x_wconf 88' lang='lat' dir='ltr'><strong>ad</strong></span> <span class='ocrx_word' id='word_1_134' title='bbox 590 1664 729 1717; x_wconf 87' lang='lat' dir='ltr'><strong>viam</strong></span> <span class='ocrx_word' id='word_1_135' title='bbox 761 1664 893 1735; x_wconf 78' lang='lat'><strong>(55).</strong></span> <span class='ocrx_word' id='word_1_136' title='bbox 919 1665 1038 1720; x_wconf 82' lang='lat' dir='ltr'><strong>Cibi</strong></span> <span class='ocrx_word' id='word_1_137' title='bbox 1062 1668 1261 1722; x_wconf 89' lang='lat' dir='ltr'><strong>etenim</strong></span> <span class='ocrx_word' id='word_1_138' title='bbox 1288 1684 1450 1738; x_wconf 89' lang='lat' dir='ltr'><strong>opera</strong></span> <span class='ocrx_word' id='word_1_139' title='bbox 1475 1682 1622 1736; x_wconf 88' lang='lat' dir='ltr'><strong>sunt,</strong></span> 
     </span>
    </p>
   </div>
   <div class='ocr_carea' id='block_1_17' title="bbox 116 1753 1621 1830">
    <p class='ocr_par' dir='ltr' id='par_1_17' title="bbox 116 1753 1621 1830">
     <span class='ocr_line' id='line_1_17' title="bbox 116 1753 1621 1830; baseline 0.009 -25"><span class='ocrx_word' id='word_1_140' title='bbox 116 1768 205 1822; x_wconf 60' lang='lat' dir='ltr'><strong>qua!</strong></span> <span class='ocrx_word' id='word_1_141' title='bbox 227 1769 308 1808; x_wconf 90' lang='lat' dir='ltr'><strong>nos</strong></span> <span class='ocrx_word' id='word_1_142' title='bbox 330 1754 389 1807; x_wconf 89' lang='lat' dir='ltr'><strong>ad</strong></span> <span class='ocrx_word' id='word_1_143' title='bbox 408 1753 643 1811; x_wconf 79' lang='lat' dir='ltr'><strong>futuram</strong></span> <span class='ocrx_word' id='word_1_144' title='bbox 673 1759 813 1813; x_wconf 82' lang='lat' dir='ltr'><strong>viam</strong></span> <span class='ocrx_word' id='word_1_145' title='bbox 849 1760 986 1830; x_wconf 58' lang='lat' dir='ltr'><strong>(5i),</strong></span> <span class='ocrx_word' id='word_1_146' title='bbox 1012 1760 1158 1815; x_wconf 87' lang='lat' dir='ltr'><strong>velut</strong></span> <span class='ocrx_word' id='word_1_147' title='bbox 1184 1761 1337 1818; x_wconf 82' lang='lat' dir='ltr'><strong>ﬁdele</strong></span> <span class='ocrx_word' id='word_1_148' title='bbox 1366 1764 1621 1819; x_wconf 87' lang='lat' dir='ltr'><strong>viaticum</strong></span> 
     </span>
    </p>
   </div>
   <div class='ocr_carea' id='block_1_18' title="bbox 116 1848 1623 1920">
    <p class='ocr_par' dir='ltr' id='par_1_18' title="bbox 116 1848 1623 1920">
     <span class='ocr_line' id='line_1_18' title="bbox 116 1848 1623 1920; baseline 0.009 -21"><span class='ocrx_word' id='word_1_149' title='bbox 116 1848 399 1903; x_wconf 81' lang='lat' dir='ltr'><strong>comitantur.</strong></span> <span class='ocrx_word' id='word_1_150' title='bbox 434 1849 726 1906; x_wconf 74' lang='lat' dir='ltr'><strong>Videamus</strong></span> <span class='ocrx_word' id='word_1_151' title='bbox 750 1863 934 1908; x_wconf 88' lang='lat' dir='ltr'><strong>tamen</strong></span> <span class='ocrx_word' id='word_1_152' title='bbox 962 1855 1214 1920; x_wconf 83' lang='lat' dir='ltr'><strong>quoniam</strong></span> <span class='ocrx_word' id='word_1_153' title='bbox 1244 1872 1347 1911; x_wconf 92' lang='lat' dir='ltr'><strong>non</strong></span> <span class='ocrx_word' id='word_1_154' title='bbox 1369 1860 1623 1913; x_wconf 88' lang='lat' dir='ltr'><strong>convenit</strong></span> 
     </span>
    </p>
   </div>
   <div class='ocr_carea' id='block_1_19' title="bbox 116 1940 1620 2019">
    <p class='ocr_par' dir='ltr' id='par_1_19' title="bbox 116 1940 1620 2019">
     <span class='ocr_line' id='line_1_19' title="bbox 116 1940 1620 2019; baseline 0.011 -30"><span class='ocrx_word' id='word_1_155' title='bbox 116 1940 407 2010; x_wconf 75' lang='lat' dir='ltr'><strong>negligenter,</strong></span> <span class='ocrx_word' id='word_1_156' title='bbox 428 1952 479 1997; x_wconf 90' lang='lat' dir='ltr'><strong>et</strong></span> <span class='ocrx_word' id='word_1_157' title='bbox 504 1945 663 2013; x_wconf 87' lang='lat' dir='ltr'><strong>quasi</strong></span> <span class='ocrx_word' id='word_1_158' title='bbox 697 1946 749 1998; x_wconf 94' lang='lat' dir='ltr'><strong>in</strong></span> <span class='ocrx_word' id='word_1_159' title='bbox 780 1946 1009 2001; x_wconf 88' lang='lat' dir='ltr'><strong>transitu</strong></span> <span class='ocrx_word' id='word_1_160' title='bbox 1041 1946 1250 2003; x_wconf 84' lang='lat' dir='ltr'><strong>litteras</strong></span> <span class='ocrx_word' id='word_1_161' title='bbox 1278 1949 1458 2019; x_wconf 89' lang='lat' dir='ltr'><strong>legere</strong></span> <span class='ocrx_word' id='word_1_162' title='bbox 1487 1950 1620 2005; x_wconf 85' lang='lat' dir='ltr'><strong>divi-</strong></span> 
     </span>
    </p>
   </div>
   <div class='ocr_carea' id='block_1_20' title="bbox 114 2032 1621 2107">
    <p class='ocr_par' dir='ltr' id='par_1_20' title="bbox 114 2032 1621 2107">
     <span class='ocr_line' id='line_1_20' title="bbox 114 2032 1621 2107; baseline 0.009 -25"><span class='ocrx_word' id='word_1_163' title='bbox 114 2046 204 2096; x_wconf 78' lang='lat' dir='ltr'><strong>nas,</strong></span> <span class='ocrx_word' id='word_1_164' title='bbox 228 2032 347 2087; x_wconf 90' lang='lat' dir='ltr'><strong>unde</strong></span> <span class='ocrx_word' id='word_1_165' title='bbox 375 2049 464 2089; x_wconf 91' lang='lat' dir='ltr'><strong>eos</strong></span> <span class='ocrx_word' id='word_1_166' title='bbox 487 2035 646 2104; x_wconf 89' lang='lat' dir='ltr'><strong>jubet</strong></span> <span class='ocrx_word' id='word_1_167' title='bbox 677 2038 829 2091; x_wconf 90' lang='lat' dir='ltr'><strong>cibos</strong></span> <span class='ocrx_word' id='word_1_168' title='bbox 858 2053 1055 2107; x_wconf 89' lang='lat' dir='ltr'><strong>parare</strong></span> <span class='ocrx_word' id='word_1_169' title='bbox 1082 2054 1188 2093; x_wconf 92' lang='lat' dir='ltr'><strong>non</strong></span> <span class='ocrx_word' id='word_1_170' title='bbox 1217 2040 1479 2097; x_wconf 85' lang='lat' dir='ltr'><strong>habentes</strong></span> <span class='ocrx_word' id='word_1_171' title='bbox 1506 2042 1621 2096; x_wconf 82' lang='lat' dir='ltr'><strong>fru-</strong></span> 
     </span>
    </p>
   </div>
   <div class='ocr_carea' id='block_1_21' title="bbox 114 2122 1619 2186">
    <p class='ocr_par' dir='ltr' id='par_1_21' title="bbox 114 2122 1619 2186">
     <span class='ocr_line' id='line_1_21' title="bbox 114 2122 1619 2186; baseline 0.009 -14"><span class='ocrx_word' id='word_1_172' title='bbox 114 2132 320 2175; x_wconf 85' lang='lat' dir='ltr'><strong>mentum.</strong></span> <span class='ocrx_word' id='word_1_173' title='bbox 354 2122 542 2179; x_wconf 80' lang='lat' dir='ltr'><strong>Manna</strong></span> <span class='ocrx_word' id='word_1_174' title='bbox 578 2126 779 2180; x_wconf 86' lang='lat' dir='ltr'><strong>etenim</strong></span> <span class='ocrx_word' id='word_1_175' title='bbox 830 2127 987 2181; x_wconf 90' lang='lat' dir='ltr'><strong>cibus</strong></span> <span class='ocrx_word' id='word_1_176' title='bbox 1031 2137 1146 2182; x_wconf 89' lang='lat' dir='ltr'><strong>erat</strong></span> <span class='ocrx_word' id='word_1_177' title='bbox 1178 2129 1276 2184; x_wconf 91' lang='lat' dir='ltr'><strong>eis.</strong></span> <span class='ocrx_word' id='word_1_178' title='bbox 1336 2128 1443 2185; x_wconf 89' lang='lat' dir='ltr'><strong>Sed</strong></span> <span class='ocrx_word' id='word_1_179' title='bbox 1499 2147 1619 2186; x_wconf 88' lang='lat' dir='ltr'><strong>cum</strong></span> 
     </span>
    </p>
   </div>
   <div class='ocr_carea' id='block_1_22' title="bbox 106 2210 1621 2288">
    <p class='ocr_par' dir='ltr' id='par_1_22' title="bbox 106 2210 1621 2288">
     <span class='ocr_line' id='line_1_22' title="bbox 106 2210 1621 2288; baseline 0.007 -24"><span class='ocrx_word' id='word_1_180' title='bbox 106 2210 189 2279; x_wconf 71' lang='lat' dir='ltr'><strong>jam</strong></span> <span class='ocrx_word' id='word_1_181' title='bbox 217 2213 571 2270; x_wconf 85' lang='lat' dir='ltr'><strong>transierimus</strong></span> <span class='ocrx_word' id='word_1_182' title='bbox 595 2215 836 2272; x_wconf 88' lang='lat' dir='ltr'><strong>ﬂuminis</strong></span> <span class='ocrx_word' id='word_1_183' title='bbox 864 2218 1025 2287; x_wconf 84' lang='lat' dir='ltr'><strong>hujus</strong></span> <span class='ocrx_word' id='word_1_184' title='bbox 1048 2219 1215 2288; x_wconf 87' lang='lat' dir='ltr'><strong>ripas,</strong></span> <span class='ocrx_word' id='word_1_185' title='bbox 1242 2220 1438 2276; x_wconf 88' lang='lat' dir='ltr'><strong>desinit</strong></span> <span class='ocrx_word' id='word_1_186' title='bbox 1466 2236 1621 2274; x_wconf 63' lang='lat' dir='ltr'><strong>manu»</strong></span> 
     </span>
    </p>
   </div>
   <div class='ocr_carea' id='block_1_23' title="bbox 112 2307 1619 2381">
    <p class='ocr_par' dir='ltr' id='par_1_23' title="bbox 112 2307 1619 2381">
     <span class='ocr_line' id='line_1_23' title="bbox 112 2307 1619 2381; baseline 0.007 -24"><span class='ocrx_word' id='word_1_187' title='bbox 112 2321 159 2357; x_wconf 85' lang='lat' dir='ltr'><strong>na</strong></span> <span class='ocrx_word' id='word_1_188' title='bbox 192 2322 204 2360; x_wconf 91' lang='lat'><strong>:</strong></span> <span class='ocrx_word' id='word_1_189' title='bbox 234 2316 280 2361; x_wconf 91' lang='lat' dir='ltr'><strong>et</strong></span> <span class='ocrx_word' id='word_1_190' title='bbox 302 2307 414 2363; x_wconf 89' lang='lat' dir='ltr'><strong>ideo</strong></span> <span class='ocrx_word' id='word_1_191' title='bbox 445 2309 489 2362; x_wconf 89' lang='lat' dir='ltr'><strong>si</strong></span> <span class='ocrx_word' id='word_1_192' title='bbox 536 2324 645 2363; x_wconf 91' lang='lat' dir='ltr'><strong>non</strong></span> <span class='ocrx_word' id='word_1_193' title='bbox 689 2311 1059 2380; x_wconf 87' lang='lat' dir='ltr'><strong>unusquisque</strong></span> <span class='ocrx_word' id='word_1_194' title='bbox 1099 2313 1489 2381; x_wconf 71' lang='lat' dir='ltr'><strong>prmparaverit</strong></span> <span class='ocrx_word' id='word_1_195' title='bbox 1519 2314 1619 2369; x_wconf 85' lang='lat' dir='ltr'><strong>sibi</strong></span> 
     </span>
    </p>
   </div>
   <div class='ocr_carea' id='block_1_24' title="bbox 109 2398 1621 2473">
    <p class='ocr_par' dir='ltr' id='par_1_24' title="bbox 109 2398 1621 2473">
     <span class='ocr_line' id='line_1_24' title="bbox 109 2398 1621 2473; baseline 0.007 -24"><span class='ocrx_word' id='word_1_196' title='bbox 109 2398 242 2464; x_wconf 82' lang='lat' dir='ltr'><strong>cibos,</strong></span> <span class='ocrx_word' id='word_1_197' title='bbox 278 2414 372 2454; x_wconf 93' lang='lat' dir='ltr'><strong>non</strong></span> <span class='ocrx_word' id='word_1_198' title='bbox 410 2402 619 2469; x_wconf 86' lang='lat' dir='ltr'><strong>poterit</strong></span> <span class='ocrx_word' id='word_1_199' title='bbox 653 2403 807 2471; x_wconf 87' lang='lat' dir='ltr'><strong>sequi</strong></span> <span class='ocrx_word' id='word_1_200' title='bbox 843 2402 1025 2457; x_wconf 88' lang='lat' dir='ltr'><strong>Iesum</strong></span> <span class='ocrx_word' id='word_1_201' title='bbox 1078 2413 1278 2458; x_wconf 85' lang='lat' dir='ltr'><strong>terram</strong></span> <span class='ocrx_word' id='word_1_202' title='bbox 1329 2405 1621 2473; x_wconf 90' lang='lat' dir='ltr'><strong>repromis-</strong></span> 
     </span>
    </p>
   </div>
   <div class='ocr_carea' id='block_1_25' title="bbox 108 2488 1617 2565">
    <p class='ocr_par' dir='ltr' id='par_1_25' title="bbox 108 2488 1617 2565">
     <span class='ocr_line' id='line_1_25' title="bbox 108 2488 1617 2565; baseline 0.008 -26"><span class='ocrx_word' id='word_1_203' title='bbox 108 2488 233 2542; x_wconf 80' lang='lat' dir='ltr'><strong>siouis</strong></span> <span class='ocrx_word' id='word_1_204' title='bbox 254 2490 550 2546; x_wconf 88' lang='lat' dir='ltr'><strong>intrantem.</strong></span> <span class='ocrx_word' id='word_1_205' title='bbox 588 2492 721 2547; x_wconf 87' lang='lat' dir='ltr'><strong>Vide</strong></span> <span class='ocrx_word' id='word_1_206' title='bbox 744 2504 924 2548; x_wconf 89' lang='lat' dir='ltr'><strong>autem</strong></span> <span class='ocrx_word' id='word_1_207' title='bbox 965 2494 1078 2565; x_wconf 76' lang='lat'>(55)</span> <span class='ocrx_word' id='word_1_208' title='bbox 1112 2511 1250 2565; x_wconf 90' lang='lat' dir='ltr'><strong>quos</strong></span> <span class='ocrx_word' id='word_1_209' title='bbox 1287 2497 1521 2562; x_wconf 89' lang='lat' dir='ltr'><strong>primum</strong></span> <span class='ocrx_word' id='word_1_210' title='bbox 1566 2498 1617 2551; x_wconf 90' lang='lat' dir='ltr'><strong>in</strong></span> 
     </span>
    </p>
   </div>
   <div class='ocr_carea' id='block_1_26' title="bbox 108 2586 1622 2656">
    <p class='ocr_par' dir='ltr' id='par_1_26' title="bbox 108 2586 1622 2656">
     <span class='ocr_line' id='line_1_26' title="bbox 108 2586 1622 2656; baseline 0.01 -25"><span class='ocrx_word' id='word_1_211' title='bbox 108 2589 214 2635; x_wconf 86' lang='lat' dir='ltr'><strong>terra</strong></span> <span class='ocrx_word' id='word_1_212' title='bbox 267 2586 691 2653; x_wconf 80' lang='lat' dir='ltr'><strong>repromissionis</strong></span> <span class='ocrx_word' id='word_1_213' title='bbox 745 2588 924 2656; x_wconf 89' lang='lat' dir='ltr'><strong>capiat</strong></span> <span class='ocrx_word' id='word_1_214' title='bbox 974 2589 1183 2643; x_wconf 81' lang='lat' dir='ltr'><strong>fructus</strong></span> <span class='ocrx_word' id='word_1_215' title='bbox 1232 2608 1245 2643; x_wconf 91' lang='lat'>:</span> <span class='ocrx_word' id='word_1_216' title='bbox 1292 2588 1478 2656; x_wconf 88' lang='lat' dir='ltr'><strong>Tunc,</strong></span> <span class='ocrx_word' id='word_1_217' title='bbox 1537 2593 1622 2647; x_wconf 90' lang='lat' dir='ltr'><strong>in-</strong></span> 
     </span>
    </p>
   </div>
   <div class='ocr_carea' id='block_1_27' title="bbox 107 2675 1621 2753">
    <p class='ocr_par' dir='ltr' id='par_1_27' title="bbox 107 2675 1621 2753">
     <span class='ocr_line' id='line_1_27' title="bbox 107 2675 1621 2753; baseline 0.01 -28"><span class='ocrx_word' id='word_1_218' title='bbox 107 2675 195 2740; x_wconf 85' lang='lat' dir='ltr'><strong>quit</strong></span> <span class='ocrx_word' id='word_1_219' title='bbox 234 2676 291 2741; x_wconf 69' lang='lat'><strong>“,</strong></span> <span class='ocrx_word' id='word_1_220' title='bbox 331 2680 793 2734; x_wconf 86' lang='lat' dir='ltr'><strong>ntanducaverunt</strong></span> <span class='ocrx_word' id='word_1_221' title='bbox 846 2681 1077 2749; x_wconf 90' lang='lat' dir='ltr'><strong>primum</strong></span> <span class='ocrx_word' id='word_1_222' title='bbox 1131 2680 1340 2737; x_wconf 79' lang='lat' dir='ltr'><strong>fructus</strong></span> <span class='ocrx_word' id='word_1_223' title='bbox 1380 2683 1493 2753; x_wconf 83' lang='lat'><strong>(56)</strong></span> <span class='ocrx_word' id='word_1_224' title='bbox 1555 2685 1621 2741; x_wconf 88' lang='lat' dir='ltr'><strong>de</strong></span> 
     </span>
    </p>
   </div>
   <div class='ocr_carea' id='block_1_28' title="bbox 108 2762 1616 2847">
    <p class='ocr_par' dir='ltr' id='par_1_28' title="bbox 108 2762 1616 2847">
     <span class='ocr_line' id='line_1_28' title="bbox 108 2762 1616 2847; baseline 0.011 -32"><span class='ocrx_word' id='word_1_225' title='bbox 108 2766 279 2835; x_wconf 83' lang='lat' dir='ltr'><strong>regione</strong></span> <span class='ocrx_word' id='word_1_226' title='bbox 298 2762 617 2838; x_wconf 84' lang='lat' dir='ltr'><strong>palmarum,</strong></span> <span class='ocrx_word' id='word_1_227' title='bbox 646 2785 699 2826; x_wconf 91' lang='lat' dir='ltr'><strong>et</strong></span> <span class='ocrx_word' id='word_1_228' title='bbox 727 2773 1192 2827; x_wconf 85' lang='lat' dir='ltr'><strong>manducaverunt</strong></span> <span class='ocrx_word' id='word_1_229' title='bbox 1208 2776 1383 2844; x_wconf 91' lang='lat' dir='ltr'><strong>primo</strong></span> <span class='ocrx_word' id='word_1_230' title='bbox 1404 2792 1616 2847; x_wconf 81' lang='lat' dir='ltr'><strong>azyma.</strong></span> 
     </span>
    </p>
   </div>
   <div class='ocr_carea' id='block_1_29' title="bbox 108 2855 1623 2939">
    <p class='ocr_par' dir='ltr' id='par_1_29' title="bbox 108 2855 1623 2939">
     <span class='ocr_line' id='line_1_29' title="bbox 108 2855 1623 2939; baseline 0.012 -32"><span class='ocrx_word' id='word_1_231' title='bbox 108 2855 231 2913; x_wconf 72' lang='lat' dir='ltr'><strong>Vides</strong></span> <span class='ocrx_word' id='word_1_232' title='bbox 259 2876 375 2930; x_wconf 87' lang='lat' dir='ltr'><strong>ergo</strong></span> <span class='ocrx_word' id='word_1_233' title='bbox 402 2863 522 2931; x_wconf 85' lang='lat' dir='ltr'><strong>quia</strong></span> <span class='ocrx_word' id='word_1_234' title='bbox 574 2864 807 2934; x_wconf 90' lang='lat' dir='ltr'><strong>primum</strong></span> <span class='ocrx_word' id='word_1_235' title='bbox 863 2866 1021 2920; x_wconf 88' lang='lat' dir='ltr'><strong>nobis</strong></span> <span class='ocrx_word' id='word_1_236' title='bbox 1062 2868 1245 2920; x_wconf 89' lang='lat' dir='ltr'><strong>tnundi</strong></span> <span class='ocrx_word' id='word_1_237' title='bbox 1305 2869 1463 2939; x_wconf 83' lang='lat' dir='ltr'><strong>hujus</strong></span> <span class='ocrx_word' id='word_1_238' title='bbox 1519 2870 1623 2924; x_wconf 79' lang='lat' dir='ltr'><strong>iter</strong></span> 
     </span>
    </p>
   </div>
   <div class='ocr_carea' id='block_1_30' title="bbox 105 2947 1615 3030">
    <p class='ocr_par' dir='ltr' id='par_1_30' title="bbox 105 2947 1615 3030">
     <span class='ocr_line' id='line_1_30' title="bbox 105 2947 1615 3030; baseline 0.01 -29"><span class='ocrx_word' id='word_1_239' title='bbox 105 2947 328 3017; x_wconf 75' lang='lat' dir='ltr'><strong>digressis,</strong></span> <span class='ocrx_word' id='word_1_240' title='bbox 374 2955 417 3008; x_wconf 92' lang='lat' dir='ltr'><strong>si</strong></span> <span class='ocrx_word' id='word_1_241' title='bbox 470 2971 662 3024; x_wconf 83' lang='lat' dir='ltr'><strong>regem</strong></span> <span class='ocrx_word' id='word_1_242' title='bbox 708 2956 820 3026; x_wconf 73' lang='grc'>(57)</span> <span class='ocrx_word' id='word_1_243' title='bbox 865 2972 1154 3026; x_wconf 85' lang='lat' dir='ltr'><strong>sequamur</strong></span> <span class='ocrx_word' id='word_1_244' title='bbox 1181 2958 1387 3024; x_wconf 91' lang='lat' dir='ltr'><strong>Iesum,</strong></span> <span class='ocrx_word' id='word_1_245' title='bbox 1439 2961 1615 3030; x_wconf 89' lang='lat' dir='ltr'><strong>primo</strong></span> 
     </span>
    </p>
   </div>
   <div class='ocr_carea' id='block_1_31' title="bbox 104 3042 1615 3119">
    <p class='ocr_par' dir='ltr' id='par_1_31' title="bbox 104 3042 1615 3119">
     <span class='ocr_line' id='line_1_31' title="bbox 104 3042 1615 3119; baseline 0.011 -29"><span class='ocrx_word' id='word_1_246' title='bbox 104 3042 291 3095; x_wconf 85' lang='lat' dir='ltr'><strong>occurrit</strong></span> <span class='ocrx_word' id='word_1_247' title='bbox 316 3045 482 3111; x_wconf 90' lang='lat' dir='ltr'><strong>palma</strong></span> <span class='ocrx_word' id='word_1_248' title='bbox 513 3047 780 3115; x_wconf 75' lang='lat' dir='ltr'><strong>victorite,</strong></span> <span class='ocrx_word' id='word_1_249' title='bbox 817 3057 869 3102; x_wconf 90' lang='lat' dir='ltr'><strong>et</strong></span> <span class='ocrx_word' id='word_1_250' title='bbox 902 3049 1113 3119; x_wconf 87' lang='lat' dir='ltr'><strong>abjecto</strong></span> <span class='ocrx_word' id='word_1_251' title='bbox 1143 3050 1409 3105; x_wconf 82' lang='lat' dir='ltr'><strong>fermento</strong></span> <span class='ocrx_word' id='word_1_252' title='bbox 1455 3052 1615 3106; x_wconf 86' lang='lat' dir='ltr'><strong>mali-</strong></span> 
     </span>
    </p>
   </div>
   <div class='ocr_carea' id='block_1_32' title="bbox 1728 561 2501 619">
    <p class='ocr_par' dir='ltr' id='par_1_32' title="bbox 1728 561 2501 619">
     <span class='ocr_line' id='line_1_32' title="bbox 1728 561 2501 619; baseline 0.004 -4"><span class='ocrx_word' id='word_1_253' title='bbox 1728 562 1793 615; x_wconf 91' lang='lat' dir='ltr'><strong>de</strong></span> <span class='ocrx_word' id='word_1_254' title='bbox 1829 561 2144 619; x_wconf 81' lang='lat' dir='ltr'><strong>coelestibus</strong></span> <span class='ocrx_word' id='word_1_255' title='bbox 2181 567 2501 619; x_wconf 84' lang='lat' dir='ltr'><strong>venientem.</strong></span> 
     </span>
    </p>
   </div>
   <div class='ocr_carea' id='block_1_33' title="bbox 1796 651 3301 727">
    <p class='ocr_par' dir='ltr' id='par_1_33' title="bbox 1796 651 3301 727">
     <span class='ocr_line' id='line_1_33' title="bbox 1796 651 3301 727; baseline 0.005 -22"><span class='ocrx_word' id='word_1_256' title='bbox 1796 651 1850 706; x_wconf 82' lang='lat'><strong>5.</strong></span> <span class='ocrx_word' id='word_1_257' title='bbox 1894 653 2001 708; x_wconf 86' lang='lat' dir='ltr'><strong>Sed</strong></span> <span class='ocrx_word' id='word_1_258' title='bbox 2053 670 2152 709; x_wconf 91' lang='lat' dir='ltr'><strong>nec</strong></span> <span class='ocrx_word' id='word_1_259' title='bbox 2204 656 2299 709; x_wconf 90' lang='lat' dir='ltr'><strong>lini</strong></span> <span class='ocrx_word' id='word_1_260' title='bbox 2352 658 2640 727; x_wconf 82' lang='lat' dir='ltr'><strong>stipulam,</strong></span> <span class='ocrx_word' id='word_1_261' title='bbox 2695 659 2746 712; x_wconf 92' lang='lat' dir='ltr'><strong>in</strong></span> <span class='ocrx_word' id='word_1_262' title='bbox 2785 674 2888 727; x_wconf 90' lang='lat' dir='ltr'><strong>qua</strong></span> <span class='ocrx_word' id='word_1_263' title='bbox 2928 657 3301 727; x_wconf 76' lang='lat' dir='ltr'><strong>exploratores</strong></span> 
     </span>
    </p>
   </div>
   <div class='ocr_carea' id='block_1_34' title="bbox 1722 743 3297 820">
    <p class='ocr_par' dir='ltr' id='par_1_34' title="bbox 1722 743 3297 820">
     <span class='ocr_line' id='line_1_34' title="bbox 1722 743 3297 820; baseline 0.005 -25"><span class='ocrx_word' id='word_1_264' title='bbox 1722 743 2159 811; x_wconf 88' lang='lat' dir='ltr'><strong>delitescebant,</strong></span> <span class='ocrx_word' id='word_1_265' title='bbox 2232 764 2331 818; x_wconf 89' lang='lat' dir='ltr'><strong>ego</strong></span> <span class='ocrx_word' id='word_1_266' title='bbox 2384 751 2587 820; x_wconf 89' lang='lat' dir='ltr'><strong>absque</strong></span> <span class='ocrx_word' id='word_1_267' title='bbox 2644 752 3008 806; x_wconf 83' lang='lat' dir='ltr'><strong>sacramentis</strong></span> <span class='ocrx_word' id='word_1_268' title='bbox 3068 750 3297 820; x_wconf 90' lang='lat' dir='ltr'><strong>accipio.</strong></span> 
     </span>
    </p>
   </div>
   <div class='ocr_carea' id='block_1_35' title="bbox 1723 835 3302 911">
    <p class='ocr_par' dir='ltr' id='par_1_35' title="bbox 1723 835 3302 911">
     <span class='ocr_line' id='line_1_35' title="bbox 1723 835 3302 911; baseline 0.003 -21"><span class='ocrx_word' id='word_1_269' title='bbox 1723 835 1915 890; x_wconf 84' lang='lat' dir='ltr'><strong>Linum</strong></span> <span class='ocrx_word' id='word_1_270' title='bbox 1958 853 2195 908; x_wconf 88' lang='lat' dir='ltr'><strong>namque</strong></span> <span class='ocrx_word' id='word_1_271' title='bbox 2239 849 2323 894; x_wconf 93' lang='lat' dir='ltr'><strong>est</strong></span> <span class='ocrx_word' id='word_1_272' title='bbox 2366 840 2744 895; x_wconf 91' lang='lat' dir='ltr'><strong>indumentum</strong></span> <span class='ocrx_word' id='word_1_273' title='bbox 2799 841 3155 906; x_wconf 87' lang='lat' dir='ltr'><strong>sacerdotale,</strong></span> <span class='ocrx_word' id='word_1_274' title='bbox 3206 856 3302 911; x_wconf 89' lang='lat' dir='ltr'><strong>per</strong></span> 
     </span>
    </p>
   </div>
   <div class='ocr_carea' id='block_1_36' title="bbox 1722 930 3297 1002">
    <p class='ocr_par' dir='ltr' id='par_1_36' title="bbox 1722 930 3297 1002">
     <span class='ocr_line' id='line_1_36' title="bbox 1722 930 3297 1002; baseline 0.005 -20"><span class='ocrx_word' id='word_1_275' title='bbox 1722 930 1867 999; x_wconf 92' lang='lat' dir='ltr'><strong>quod</strong></span> <span class='ocrx_word' id='word_1_276' title='bbox 1891 930 2229 1001; x_wconf 80' lang='lat' dir='ltr'><strong>signiﬁcatur</strong></span> <span class='ocrx_word' id='word_1_277' title='bbox 2254 932 2335 987; x_wconf 87' lang='lat' dir='ltr'><strong>vel</strong></span> <span class='ocrx_word' id='word_1_278' title='bbox 2370 932 2436 988; x_wconf 90' lang='lat' dir='ltr'><strong>iis</strong></span> <span class='ocrx_word' id='word_1_279' title='bbox 2477 934 2568 1002; x_wconf 88' lang='lat' dir='ltr'><strong>qui</strong></span> <span class='ocrx_word' id='word_1_280' title='bbox 2595 934 2857 989; x_wconf 90' lang='lat' dir='ltr'><strong>invitandi</strong></span> <span class='ocrx_word' id='word_1_281' title='bbox 2890 946 3049 989; x_wconf 90' lang='lat' dir='ltr'><strong>erant</strong></span> <span class='ocrx_word' id='word_1_282' title='bbox 3081 936 3297 990; x_wconf 88' lang='lat' dir='ltr'><strong>culmen</strong></span> 
     </span>
    </p>
   </div>
   <div class='ocr_carea' id='block_1_37' title="bbox 1722 1024 3297 1094">
    <p class='ocr_par' dir='ltr' id='par_1_37' title="bbox 1722 1024 3297 1094">
     <span class='ocr_line' id='line_1_37' title="bbox 1722 1024 3297 1094; baseline 0.002 -14"><span class='ocrx_word' id='word_1_283' title='bbox 1722 1025 2061 1080; x_wconf 77' lang='lat' dir='ltr'><strong>Sacerdotale</strong></span> <span class='ocrx_word' id='word_1_284' title='bbox 2086 1024 2345 1087; x_wconf 88' lang='lat' dir='ltr'><strong>delatum,</strong></span> <span class='ocrx_word' id='word_1_285' title='bbox 2381 1027 2523 1080; x_wconf 86' lang='lat' dir='ltr'><strong>sicut</strong></span> <span class='ocrx_word' id='word_1_286' title='bbox 2545 1026 2735 1082; x_wconf 87' lang='lat' dir='ltr'><strong>Petrus</strong></span> <span class='ocrx_word' id='word_1_287' title='bbox 2769 1028 3046 1094; x_wconf 85' lang='lat' dir='ltr'><strong>apostolus</strong></span> <span class='ocrx_word' id='word_1_288' title='bbox 3066 1030 3197 1083; x_wconf 91' lang='lat' dir='ltr'><strong>dicit</strong></span> <span class='ocrx_word' id='word_1_289' title='bbox 3218 1028 3297 1083; x_wconf 66' lang='grc' dir='ltr'>δίς</span> 
     </span>
    </p>
   </div>
   <div class='ocr_carea' id='block_1_38' title="bbox 1732 1117 3296 1189">
    <p class='ocr_par' dir='ltr' id='par_1_38' title="bbox 1732 1117 3296 1189">
     <span class='ocr_line' id='line_1_38' title="bbox 1732 1117 3296 1189; baseline 0.003 -21"><span class='ocrx_word' id='word_1_290' title='bbox 1732 1136 1750 1168; x_wconf 73' lang='grc' dir='ltr'>ι</span> <span class='ocrx_word' id='word_1_291' title='bbox 1781 1117 1885 1171; x_wconf 87' lang='lat' dir='ltr'><strong>Vos</strong></span> <span class='ocrx_word' id='word_1_292' title='bbox 1911 1126 2090 1171; x_wconf 89' lang='lat' dir='ltr'><strong>autem</strong></span> <span class='ocrx_word' id='word_1_293' title='bbox 2127 1133 2261 1186; x_wconf 88' lang='lat' dir='ltr'><strong>gens</strong></span> <span class='ocrx_word' id='word_1_294' title='bbox 2306 1128 2517 1183; x_wconf 87' lang='lat' dir='ltr'><strong>sancta,</strong></span> <span class='ocrx_word' id='word_1_295' title='bbox 2575 1132 2803 1189; x_wconf 80' lang='lat' dir='ltr'><strong>regnum</strong></span> <span class='ocrx_word' id='word_1_296' title='bbox 2856 1120 3236 1186; x_wconf 85' lang='lat' dir='ltr'><strong>sacerdotale;</strong></span> <span class='ocrx_word' id='word_1_297' title='bbox 3276 1139 3296 1173; x_wconf 74' lang='grc' dir='ltr'><strong><em>ι</em></strong></span> 
     </span>
    </p>
   </div>
   <div class='ocr_carea' id='block_1_39' title="bbox 1722 1207 3299 1278">
    <p class='ocr_par' dir='ltr' id='par_1_39' title="bbox 1722 1207 3299 1278">
     <span class='ocr_line' id='line_1_39' title="bbox 1722 1207 3299 1278; baseline 0.001 -17"><span class='ocrx_word' id='word_1_298' title='bbox 1722 1207 1807 1262; x_wconf 85' lang='lat' dir='ltr'><strong>vel</strong></span> <span class='ocrx_word' id='word_1_299' title='bbox 1839 1217 1987 1262; x_wconf 90' lang='lat' dir='ltr'><strong>certe</strong></span> <span class='ocrx_word' id='word_1_300' title='bbox 2017 1207 2158 1276; x_wconf 89' lang='lat' dir='ltr'><strong>quod</strong></span> <span class='ocrx_word' id='word_1_301' title='bbox 2188 1207 2242 1261; x_wconf 90' lang='lat' dir='ltr'><strong>in</strong></span> <span class='ocrx_word' id='word_1_302' title='bbox 2289 1218 2632 1263; x_wconf 88' lang='lat' dir='ltr'><strong>sacramento</strong></span> <span class='ocrx_word' id='word_1_303' title='bbox 2673 1208 2805 1278; x_wconf 82' lang='lat' dir='ltr'><strong>legis</strong></span> <span class='ocrx_word' id='word_1_304' title='bbox 2825 1248 2840 1272; x_wconf 93' lang='lat'><strong>,</strong></span> <span class='ocrx_word' id='word_1_305' title='bbox 2893 1210 2981 1263; x_wconf 89' lang='lat' dir='ltr'><strong>ubi</strong></span> <span class='ocrx_word' id='word_1_306' title='bbox 3023 1211 3087 1264; x_wconf 90' lang='lat' dir='ltr'><strong>de</strong></span> <span class='ocrx_word' id='word_1_307' title='bbox 3116 1225 3299 1265; x_wconf 89' lang='lat' dir='ltr'><strong>sacer-</strong></span> 
     </span>
    </p>
   </div>
   <div class='ocr_carea' id='block_1_40' title="bbox 1723 1298 3299 1371">
    <p class='ocr_par' dir='ltr' id='par_1_40' title="bbox 1723 1298 3299 1371">
     <span class='ocr_line' id='line_1_40' title="bbox 1723 1298 3299 1371; baseline 0.002 -19"><span class='ocrx_word' id='word_1_308' title='bbox 1723 1298 1941 1353; x_wconf 90' lang='lat' dir='ltr'><strong>dotibus</strong></span> <span class='ocrx_word' id='word_1_309' title='bbox 1983 1300 2293 1363; x_wconf 88' lang='lat' dir='ltr'><strong>adnotatur,</strong></span> <span class='ocrx_word' id='word_1_310' title='bbox 2348 1299 2526 1368; x_wconf 89' lang='lat' dir='ltr'><strong>populi</strong></span> <span class='ocrx_word' id='word_1_311' title='bbox 2581 1299 2741 1367; x_wconf 87' lang='lat' dir='ltr'><strong>hujus</strong></span> <span class='ocrx_word' id='word_1_312' title='bbox 2776 1300 2867 1369; x_wconf 87' lang='lat' dir='ltr'><strong>qui</strong></span> <span class='ocrx_word' id='word_1_313' title='bbox 2930 1310 3012 1354; x_wconf 89' lang='lat' dir='ltr'><strong>est</strong></span> <span class='ocrx_word' id='word_1_314' title='bbox 3054 1316 3121 1356; x_wconf 81' lang='lat' dir='ltr'><strong>ex</strong></span> <span class='ocrx_word' id='word_1_315' title='bbox 3168 1316 3299 1371; x_wconf 86' lang='lat' dir='ltr'><strong>gen-</strong></span> 
     </span>
    </p>
   </div>
   <div class='ocr_carea' id='block_1_41' title="bbox 1728 1388 3299 1459">
    <p class='ocr_par' dir='ltr' id='par_1_41' title="bbox 1728 1388 3299 1459">
     <span class='ocr_line' id='line_1_41' title="bbox 1728 1388 3299 1459; baseline 0.002 -17"><span class='ocrx_word' id='word_1_316' title='bbox 1728 1388 1912 1450; x_wconf 89' lang='lat' dir='ltr'><strong>tibus,</strong></span> <span class='ocrx_word' id='word_1_317' title='bbox 1973 1389 2173 1444; x_wconf 89' lang='lat' dir='ltr'><strong>latebat</strong></span> <span class='ocrx_word' id='word_1_318' title='bbox 2237 1389 2446 1443; x_wconf 90' lang='lat' dir='ltr'><strong>oceulta</strong></span> <span class='ocrx_word' id='word_1_319' title='bbox 2509 1390 2743 1444; x_wconf 90' lang='lat' dir='ltr'><strong>vocatio.</strong></span> <span class='ocrx_word' id='word_1_320' title='bbox 2827 1389 3098 1445; x_wconf 86' lang='lat' dir='ltr'><strong>Continuo</strong></span> <span class='ocrx_word' id='word_1_321' title='bbox 3166 1407 3299 1459; x_wconf 88' lang='lat' dir='ltr'><strong>ergo</strong></span> 
     </span>
    </p>
   </div>
   <div class='ocr_carea' id='block_1_42' title="bbox 1725 1476 3300 1547">
    <p class='ocr_par' dir='ltr' id='par_1_42' title="bbox 1725 1476 3300 1547">
     <span class='ocr_line' id='line_1_42' title="bbox 1725 1476 3300 1547; baseline 0 -16"><span class='ocrx_word' id='word_1_322' title='bbox 1725 1478 2042 1531; x_wconf 88' lang='lat' dir='ltr'><strong>inimicitias</strong></span> <span class='ocrx_word' id='word_1_323' title='bbox 2070 1478 2308 1544; x_wconf 86' lang='lat' dir='ltr'><strong>suscepit</strong></span> <span class='ocrx_word' id='word_1_324' title='bbox 2350 1476 2461 1547; x_wconf 80' lang='grc'>(59)</span> <span class='ocrx_word' id='word_1_325' title='bbox 2505 1477 2766 1531; x_wconf 83' lang='lat' dir='ltr'><strong>meretrix</strong></span> <span class='ocrx_word' id='word_1_326' title='bbox 2808 1477 3072 1532; x_wconf 78' lang='lat' dir='ltr'><strong>adversus</strong></span> <span class='ocrx_word' id='word_1_327' title='bbox 3120 1476 3300 1531; x_wconf 87' lang='lat' dir='ltr'><strong>Ilieri-</strong></span> 
     </span>
    </p>
   </div>
   <div class='ocr_carea' id='block_1_43' title="bbox 1722 1566 3303 1638">
    <p class='ocr_par' dir='ltr' id='par_1_43' title="bbox 1722 1566 3303 1638">
     <span class='ocr_line' id='line_1_43' title="bbox 1722 1566 3303 1638; baseline 0 -15"><span class='ocrx_word' id='word_1_328' title='bbox 1722 1570 1999 1624; x_wconf 90' lang='lat' dir='ltr'><strong>cbontium</strong></span> <span class='ocrx_word' id='word_1_329' title='bbox 2034 1582 2236 1636; x_wconf 82' lang='lat' dir='ltr'><strong>regem.</strong></span> <span class='ocrx_word' id='word_1_330' title='bbox 2279 1566 2417 1633; x_wconf 87' lang='lat' dir='ltr'><strong>Quid</strong></span> <span class='ocrx_word' id='word_1_331' title='bbox 2458 1568 2563 1622; x_wconf 88' lang='lat' dir='ltr'><strong>nisi</strong></span> <span class='ocrx_word' id='word_1_332' title='bbox 2596 1569 2724 1636; x_wconf 88' lang='lat' dir='ltr'><strong>quia</strong></span> <span class='ocrx_word' id='word_1_333' title='bbox 2767 1586 2783 1619; x_wconf 75' lang='grc' dir='ltr'><strong><em>ι</em></strong></span> <span class='ocrx_word' id='word_1_334' title='bbox 2810 1583 2939 1621; x_wconf 89' lang='lat' dir='ltr'><strong>caro</strong></span> <span class='ocrx_word' id='word_1_335' title='bbox 2968 1568 3303 1638; x_wconf 85' lang='lat' dir='ltr'><strong>concupiscit</strong></span> 
     </span>
    </p>
   </div>
   <div class='ocr_carea' id='block_1_44' title="bbox 1724 1660 3289 1734">
    <p class='ocr_par' dir='ltr' id='par_1_44' title="bbox 1724 1660 3289 1734">
     <span class='ocr_line' id='line_1_44' title="bbox 1724 1660 3289 1734; baseline -0.003 -18"><span class='ocrx_word' id='word_1_336' title='bbox 1724 1663 1889 1734; x_wconf 82' lang='lat'><strong>399</strong></span> <span class='ocrx_word' id='word_1_337' title='bbox 1924 1663 2184 1716; x_wconf 88' lang='lat' dir='ltr'><strong>adversus</strong></span> <span class='ocrx_word' id='word_1_338' title='bbox 2217 1661 2489 1729; x_wconf 87' lang='lat' dir='ltr'><strong>spiritum,</strong></span> <span class='ocrx_word' id='word_1_339' title='bbox 2519 1668 2574 1714; x_wconf 91' lang='lat' dir='ltr'><strong>et</strong></span> <span class='ocrx_word' id='word_1_340' title='bbox 2602 1660 2830 1727; x_wconf 90' lang='lat' dir='ltr'><strong>spiritus</strong></span> <span class='ocrx_word' id='word_1_341' title='bbox 2869 1660 3129 1717; x_wconf 83' lang='lat' dir='ltr'><strong>adversus</strong></span> <span class='ocrx_word' id='word_1_342' title='bbox 3157 1675 3289 1714; x_wconf 87' lang='lat' dir='ltr'><strong>car-</strong></span> 
     </span>
    </p>
   </div>
   <div class='ocr_carea' id='block_1_45' title="bbox 1725 1750 3296 1815">
    <p class='ocr_par' dir='ltr' id='par_1_45' title="bbox 1725 1750 3296 1815">
     <span class='ocr_line' id='line_1_45' title="bbox 1725 1750 3296 1815; baseline -0.001 -6"><span class='ocrx_word' id='word_1_343' title='bbox 1725 1773 1846 1809; x_wconf 88' lang='lat' dir='ltr'><strong>nem</strong></span> <span class='ocrx_word' id='word_1_344' title='bbox 1864 1754 1943 1809; x_wconf 72' lang='lat'><strong>“?</strong></span> <span class='ocrx_word' id='word_1_345' title='bbox 1964 1774 1984 1806; x_wconf 77' lang='grc' dir='ltr'><strong><em>ι</em></strong></span> <span class='ocrx_word' id='word_1_346' title='bbox 2017 1753 2083 1808; x_wconf 85' lang='grc' dir='ltr'><strong>Ει</strong></span> <span class='ocrx_word' id='word_1_347' title='bbox 2124 1752 2323 1807; x_wconf 88' lang='lat' dir='ltr'><strong>iterum</strong></span> <span class='ocrx_word' id='word_1_348' title='bbox 2352 1752 2429 1806; x_wconf 90' lang='lat' dir='ltr'><strong>ait</strong></span> <span class='ocrx_word' id='word_1_349' title='bbox 2458 1750 2505 1782; x_wconf 74' lang='lat'><strong>&quot;</strong></span> <span class='ocrx_word' id='word_1_350' title='bbox 2532 1767 2547 1804; x_wconf 90' lang='lat'><strong>:</strong></span> <span class='ocrx_word' id='word_1_351' title='bbox 2581 1768 2599 1801; x_wconf 74' lang='grc' dir='ltr'><strong>ε</strong></span> <span class='ocrx_word' id='word_1_352' title='bbox 2624 1750 2750 1806; x_wconf 87' lang='lat' dir='ltr'><strong>Odit</strong></span> <span class='ocrx_word' id='word_1_353' title='bbox 2782 1766 2877 1805; x_wconf 88' lang='lat' dir='ltr'><strong>vos</strong></span> <span class='ocrx_word' id='word_1_354' title='bbox 2913 1752 3000 1804; x_wconf 91' lang='lat' dir='ltr'><strong>hic</strong></span> <span class='ocrx_word' id='word_1_355' title='bbox 3026 1752 3259 1807; x_wconf 88' lang='lat' dir='ltr'><strong>mundus</strong></span> <span class='ocrx_word' id='word_1_356' title='bbox 3279 1789 3296 1815; x_wconf 85' lang='lat'><strong>,</strong></span> 
     </span>
    </p>
   </div>
   <div class='ocr_carea' id='block_1_46' title="bbox 1725 1842 3301 1920">
    <p class='ocr_par' dir='ltr' id='par_1_46' title="bbox 1725 1842 3301 1920">
     <span class='ocr_line' id='line_1_46' title="bbox 1725 1842 3301 1920; baseline -0.002 -19"><span class='ocrx_word' id='word_1_357' title='bbox 1725 1848 1850 1920; x_wconf 89' lang='lat' dir='ltr'><strong>quia</strong></span> <span class='ocrx_word' id='word_1_358' title='bbox 1877 1862 1961 1901; x_wconf 89' lang='lat' dir='ltr'><strong>me</strong></span> <span class='ocrx_word' id='word_1_359' title='bbox 1981 1847 2212 1916; x_wconf 89' lang='lat' dir='ltr'><strong>priorem</strong></span> <span class='ocrx_word' id='word_1_360' title='bbox 2239 1854 2475 1899; x_wconf 89' lang='lat' dir='ltr'><strong>vestrum</strong></span> <span class='ocrx_word' id='word_1_361' title='bbox 2505 1844 2629 1898; x_wconf 89' lang='lat' dir='ltr'><strong>odio</strong></span> <span class='ocrx_word' id='word_1_362' title='bbox 2653 1842 2859 1897; x_wconf 85' lang='lat' dir='ltr'><strong>habuit.</strong></span> <span class='ocrx_word' id='word_1_363' title='bbox 2890 1863 2907 1895; x_wconf 79' lang='grc' dir='ltr'><strong><em>ι</em></strong></span> <span class='ocrx_word' id='word_1_364' title='bbox 2939 1844 3031 1898; x_wconf 87' lang='lat' dir='ltr'><strong>Est</strong></span> <span class='ocrx_word' id='word_1_365' title='bbox 3053 1859 3182 1913; x_wconf 82' lang='lat' dir='ltr'><strong>ergo</strong></span> <span class='ocrx_word' id='word_1_366' title='bbox 3209 1859 3301 1898; x_wconf 80' lang='lat' dir='ltr'><strong>rex</strong></span> 
     </span>
    </p>
   </div>
   <div class='ocr_carea' id='block_1_47' title="bbox 1724 1936 3303 2011">
    <p class='ocr_par' dir='ltr' id='par_1_47' title="bbox 1724 1936 3303 2011">
     <span class='ocr_line' id='line_1_47' title="bbox 1724 1936 3303 2011; baseline -0.003 -16"><span class='ocrx_word' id='word_1_367' title='bbox 1724 1942 1919 2011; x_wconf 87' lang='lat' dir='ltr'><strong>aliquis</strong></span> <span class='ocrx_word' id='word_1_368' title='bbox 1962 1940 2214 1995; x_wconf 88' lang='lat' dir='ltr'><strong>inimicus</strong></span> <span class='ocrx_word' id='word_1_369' title='bbox 2255 1937 2565 1992; x_wconf 85' lang='lat' dir='ltr'><strong>meretricis</strong></span> <span class='ocrx_word' id='word_1_370' title='bbox 2607 1936 2779 2004; x_wconf 89' lang='lat' dir='ltr'><strong>hujus,</strong></span> <span class='ocrx_word' id='word_1_371' title='bbox 2797 1937 2884 2006; x_wconf 93' lang='lat' dir='ltr'><strong>qui</strong></span> <span class='ocrx_word' id='word_1_372' title='bbox 2921 1947 3001 1990; x_wconf 89' lang='lat' dir='ltr'><strong>est</strong></span> <span class='ocrx_word' id='word_1_373' title='bbox 3053 1938 3303 2005; x_wconf 87' lang='lat' dir='ltr'><strong>princeps</strong></span> 
     </span>
    </p>
   </div>
   <div class='ocr_carea' id='block_1_48' title="bbox 1726 2030 3299 2103">
    <p class='ocr_par' dir='ltr' id='par_1_48' title="bbox 1726 2030 3299 2103">
     <span class='ocr_line' id='line_1_48' title="bbox 1726 2030 3299 2103; baseline -0.003 -14"><span class='ocrx_word' id='word_1_374' title='bbox 1726 2033 1885 2103; x_wconf 89' lang='lat' dir='ltr'><strong>hujus</strong></span> <span class='ocrx_word' id='word_1_375' title='bbox 1916 2034 2124 2099; x_wconf 91' lang='lat' dir='ltr'><strong>mundi,</strong></span> <span class='ocrx_word' id='word_1_376' title='bbox 2155 2032 2246 2101; x_wconf 90' lang='lat' dir='ltr'><strong>qui</strong></span> <span class='ocrx_word' id='word_1_377' title='bbox 2272 2030 2606 2099; x_wconf 90' lang='lat' dir='ltr'><strong>insequitur,</strong></span> <span class='ocrx_word' id='word_1_378' title='bbox 2646 2040 2701 2083; x_wconf 91' lang='lat' dir='ltr'><strong>et</strong></span> <span class='ocrx_word' id='word_1_379' title='bbox 2728 2044 3000 2099; x_wconf 87' lang='lat' dir='ltr'><strong>occupare</strong></span> <span class='ocrx_word' id='word_1_380' title='bbox 3032 2030 3181 2098; x_wconf 88' lang='lat' dir='ltr'><strong>cupit</strong></span> <span class='ocrx_word' id='word_1_381' title='bbox 3204 2043 3299 2084; x_wconf 76' lang='lat' dir='ltr'><strong>cx-</strong></span> 
     </span>
    </p>
   </div>
   <div class='ocr_carea' id='block_1_49' title="bbox 1726 2122 3301 2198">
    <p class='ocr_par' dir='ltr' id='par_1_49' title="bbox 1726 2122 3301 2198">
     <span class='ocr_line' id='line_1_49' title="bbox 1726 2122 3301 2198; baseline -0.006 -16"><span class='ocrx_word' id='word_1_382' title='bbox 1726 2129 2036 2198; x_wconf 86' lang='lat' dir='ltr'><strong>ploratores</strong></span> <span class='ocrx_word' id='word_1_383' title='bbox 2075 2126 2228 2188; x_wconf 88' lang='lat' dir='ltr'><strong>Iesu,</strong></span> <span class='ocrx_word' id='word_1_384' title='bbox 2257 2124 2351 2178; x_wconf 86' lang='lat' dir='ltr'><strong>sed</strong></span> <span class='ocrx_word' id='word_1_385' title='bbox 2387 2139 2492 2177; x_wconf 92' lang='lat' dir='ltr'><strong>non</strong></span> <span class='ocrx_word' id='word_1_386' title='bbox 2531 2130 2704 2189; x_wconf 89' lang='lat' dir='ltr'><strong>potest</strong></span> <span class='ocrx_word' id='word_1_387' title='bbox 2741 2122 2988 2175; x_wconf 89' lang='lat' dir='ltr'><strong>obtinere</strong></span> <span class='ocrx_word' id='word_1_388' title='bbox 3038 2122 3164 2189; x_wconf 85' lang='lat' dir='ltr'><strong>quia</strong></span> <span class='ocrx_word' id='word_1_389' title='bbox 3206 2136 3301 2189; x_wconf 91' lang='lat' dir='ltr'><strong>per</strong></span> 
     </span>
    </p>
   </div>
   <div class='ocr_carea' id='block_1_50' title="bbox 1726 2212 3303 2281">
    <p class='ocr_par' dir='ltr' id='par_1_50' title="bbox 1726 2212 3303 2281">
     <span class='ocr_line' id='line_1_50' title="bbox 1726 2212 3303 2281; baseline -0.006 -7"><span class='ocrx_word' id='word_1_390' title='bbox 1726 2228 1938 2274; x_wconf 86' lang='lat' dir='ltr'><strong>montes</strong></span> <span class='ocrx_word' id='word_1_391' title='bbox 1972 2218 2076 2273; x_wconf 86' lang='lat' dir='ltr'><strong>iter</strong></span> <span class='ocrx_word' id='word_1_392' title='bbox 2098 2217 2344 2271; x_wconf 80' lang='lat' dir='ltr'><strong>faciunt:</strong></span> <span class='ocrx_word' id='word_1_393' title='bbox 2376 2230 2482 2268; x_wconf 93' lang='lat' dir='ltr'><strong>non</strong></span> <span class='ocrx_word' id='word_1_394' title='bbox 2508 2214 2763 2269; x_wconf 91' lang='lat' dir='ltr'><strong>incedunt</strong></span> <span class='ocrx_word' id='word_1_395' title='bbox 2792 2228 2886 2281; x_wconf 91' lang='lat' dir='ltr'><strong>per</strong></span> <span class='ocrx_word' id='word_1_396' title='bbox 2922 2212 3167 2277; x_wconf 85' lang='lat' dir='ltr'><strong>humilia,</strong></span> <span class='ocrx_word' id='word_1_397' title='bbox 3202 2226 3303 2265; x_wconf 85' lang='lat' dir='ltr'><strong>nec</strong></span> 
     </span>
    </p>
   </div>
   <div class='ocr_carea' id='block_1_51' title="bbox 1725 2306 3301 2375">
    <p class='ocr_par' dir='ltr' id='par_1_51' title="bbox 1725 2306 3301 2375">
     <span class='ocr_line' id='line_1_51' title="bbox 1725 2306 3301 2375; baseline -0.005 -10"><span class='ocrx_word' id='word_1_398' title='bbox 1725 2311 1957 2366; x_wconf 88' lang='lat' dir='ltr'><strong>vallibus</strong></span> <span class='ocrx_word' id='word_1_399' title='bbox 1984 2310 2341 2375; x_wconf 88' lang='lat' dir='ltr'><strong>delectantur,</strong></span> <span class='ocrx_word' id='word_1_400' title='bbox 2397 2306 2492 2363; x_wconf 90' lang='lat' dir='ltr'><strong>sed</strong></span> <span class='ocrx_word' id='word_1_401' title='bbox 2520 2307 2747 2363; x_wconf 85' lang='lat' dir='ltr'><strong>collinus</strong></span> <span class='ocrx_word' id='word_1_402' title='bbox 2776 2307 3031 2374; x_wconf 87' lang='lat' dir='ltr'><strong>vertices,</strong></span> <span class='ocrx_word' id='word_1_403' title='bbox 3066 2314 3121 2360; x_wconf 89' lang='lat' dir='ltr'><strong>et</strong></span> <span class='ocrx_word' id='word_1_404' title='bbox 3143 2319 3301 2359; x_wconf 87' lang='lat' dir='ltr'><strong>mon-</strong></span> 
     </span>
    </p>
   </div>
   <div class='ocr_carea' id='block_1_52' title="bbox 1726 2394 3300 2467">
    <p class='ocr_par' dir='ltr' id='par_1_52' title="bbox 1726 2394 3300 2467">
     <span class='ocr_line' id='line_1_52' title="bbox 1726 2394 3300 2467; baseline -0.007 -9"><span class='ocrx_word' id='word_1_405' title='bbox 1726 2405 1858 2458; x_wconf 90' lang='lat' dir='ltr'><strong>tium</strong></span> <span class='ocrx_word' id='word_1_406' title='bbox 1906 2402 2121 2458; x_wconf 81' lang='lat' dir='ltr'><strong>excelsa</strong></span> <span class='ocrx_word' id='word_1_407' title='bbox 2172 2409 2453 2457; x_wconf 87' lang='lat' dir='ltr'><strong>sectantur</strong></span> <span class='ocrx_word' id='word_1_408' title='bbox 2491 2416 2505 2452; x_wconf 92' lang='lat'><strong>:</strong></span> <span class='ocrx_word' id='word_1_409' title='bbox 2546 2399 2669 2467; x_wconf 89' lang='lat' dir='ltr'><strong>quia</strong></span> <span class='ocrx_word' id='word_1_410' title='bbox 2725 2398 2839 2453; x_wconf 84' lang='lat' dir='ltr'><strong>haec</strong></span> <span class='ocrx_word' id='word_1_411' title='bbox 2874 2397 3133 2452; x_wconf 82' lang='lat' dir='ltr'><strong>meretrix</strong></span> <span class='ocrx_word' id='word_1_412' title='bbox 3188 2394 3300 2466; x_wconf 82' lang='lat'><strong>(60)</strong></span> 
     </span>
    </p>
   </div>
   <div class='ocr_carea' id='block_1_53' title="bbox 1723 2486 3303 2552">
    <p class='ocr_par' dir='ltr' id='par_1_53' title="bbox 1723 2486 3303 2552">
     <span class='ocr_line' id='line_1_53' title="bbox 1723 2486 3303 2552; baseline -0.007 0"><span class='ocrx_word' id='word_1_413' title='bbox 1723 2498 1852 2552; x_wconf 87' lang='lat' dir='ltr'><strong>dicit</strong></span> <span class='ocrx_word' id='word_1_414' title='bbox 1882 2496 1964 2547; x_wconf 54' lang='grc' dir='ltr'><strong>διε</strong></span> <span class='ocrx_word' id='word_1_415' title='bbox 2001 2515 2018 2547; x_wconf 77' lang='grc' dir='ltr'>ι</span> <span class='ocrx_word' id='word_1_416' title='bbox 2061 2495 2258 2549; x_wconf 87' lang='lat' dir='ltr'><strong>Levavi</strong></span> <span class='ocrx_word' id='word_1_417' title='bbox 2324 2495 2515 2550; x_wconf 91' lang='lat' dir='ltr'><strong>oculos</strong></span> <span class='ocrx_word' id='word_1_418' title='bbox 2562 2506 2713 2546; x_wconf 87' lang='lat' dir='ltr'><strong>meos</strong></span> <span class='ocrx_word' id='word_1_419' title='bbox 2767 2491 2834 2543; x_wconf 86' lang='lat' dir='ltr'><strong>ad</strong></span> <span class='ocrx_word' id='word_1_420' title='bbox 2890 2500 3123 2550; x_wconf 85' lang='lat' dir='ltr'><strong>montes,</strong></span> <span class='ocrx_word' id='word_1_421' title='bbox 3160 2486 3303 2541; x_wconf 89' lang='lat' dir='ltr'><strong>unde</strong></span> 
     </span>
    </p>
   </div>
   <div class='ocr_carea' id='block_1_54' title="bbox 1725 2580 3306 2663">
    <p class='ocr_par' dir='ltr' id='par_1_54' title="bbox 1725 2580 3306 2663">
     <span class='ocr_line' id='line_1_54' title="bbox 1725 2580 3306 2663; baseline -0.006 -20"><span class='ocrx_word' id='word_1_422' title='bbox 1725 2589 2196 2645; x_wconf 83' lang='lat' dir='ltr'><strong>venietanxilium</strong></span> <span class='ocrx_word' id='word_1_423' title='bbox 2229 2588 2379 2643; x_wconf 89' lang='lat' dir='ltr'><strong>mihi.</strong></span> <span class='ocrx_word' id='word_1_424' title='bbox 2414 2608 2433 2641; x_wconf 71' lang='grc' dir='ltr'><strong><em>ι</em></strong></span> <span class='ocrx_word' id='word_1_425' title='bbox 2473 2587 2588 2641; x_wconf 82' lang='lat' dir='ltr'><strong>Non</strong></span> <span class='ocrx_word' id='word_1_426' title='bbox 2639 2592 2816 2654; x_wconf 90' lang='lat' dir='ltr'><strong>potest</strong></span> <span class='ocrx_word' id='word_1_427' title='bbox 2853 2581 2980 2663; x_wconf 85' lang='lat' dir='ltr'><strong>illuc</strong></span> <span class='ocrx_word' id='word_1_428' title='bbox 3012 2580 3306 2636; x_wconf 88' lang='lat' dir='ltr'><strong>ascendere</strong></span> 
     </span>
    </p>
   </div>
   <div class='ocr_carea' id='block_1_55' title="bbox 1725 2675 3295 2752">
    <p class='ocr_par' dir='ltr' id='par_1_55' title="bbox 1725 2675 3295 2752">
     <span class='ocr_line' id='line_1_55' title="bbox 1725 2675 3295 2752; baseline -0.007 -14"><span class='ocrx_word' id='word_1_429' title='bbox 1725 2684 1907 2738; x_wconf 88' lang='lat' dir='ltr'><strong>tnundi</strong></span> <span class='ocrx_word' id='word_1_430' title='bbox 1937 2683 2096 2752; x_wconf 90' lang='lat' dir='ltr'><strong>hujus</strong></span> <span class='ocrx_word' id='word_1_431' title='bbox 2126 2682 2396 2749; x_wconf 88' lang='lat' dir='ltr'><strong>princeps,</strong></span> <span class='ocrx_word' id='word_1_432' title='bbox 2426 2697 2528 2736; x_wconf 90' lang='lat' dir='ltr'><strong>nec</strong></span> <span class='ocrx_word' id='word_1_433' title='bbox 2566 2689 2740 2750; x_wconf 90' lang='lat' dir='ltr'><strong>potest</strong></span> <span class='ocrx_word' id='word_1_434' title='bbox 2765 2692 2861 2747; x_wconf 90' lang='lat' dir='ltr'><strong>per</strong></span> <span class='ocrx_word' id='word_1_435' title='bbox 2884 2676 3160 2731; x_wconf 79' lang='lat' dir='ltr'><strong>excelsum</strong></span> <span class='ocrx_word' id='word_1_436' title='bbox 3193 2675 3295 2728; x_wconf 90' lang='lat' dir='ltr'><strong>iter</strong></span> 
     </span>
    </p>
   </div>
   <div class='ocr_carea' id='block_1_56' title="bbox 1724 2770 3298 2847">
    <p class='ocr_par' dir='ltr' id='par_1_56' title="bbox 1724 2770 3298 2847">
     <span class='ocr_line' id='line_1_56' title="bbox 1724 2770 3298 2847; baseline -0.004 -16"><span class='ocrx_word' id='word_1_437' title='bbox 1724 2776 1788 2830; x_wconf 87' lang='lat' dir='ltr'><strong>ad</strong></span> <span class='ocrx_word' id='word_1_438' title='bbox 1809 2774 1993 2831; x_wconf 91' lang='lat' dir='ltr'><strong>Iesum</strong></span> <span class='ocrx_word' id='word_1_439' title='bbox 2024 2775 2134 2847; x_wconf 82' lang='lat' dir='ltr'>(6t)</span> <span class='ocrx_word' id='word_1_440' title='bbox 2157 2775 2477 2845; x_wconf 85' lang='lat' dir='ltr'><strong>pervenire:</strong></span> <span class='ocrx_word' id='word_1_441' title='bbox 2508 2774 2752 2842; x_wconf 88' lang='lat' dir='ltr'><strong>quinimo</strong></span> <span class='ocrx_word' id='word_1_442' title='bbox 2778 2780 2831 2825; x_wconf 90' lang='lat' dir='ltr'><strong>et</strong></span> <span class='ocrx_word' id='word_1_443' title='bbox 2857 2770 2898 2825; x_wconf 91' lang='lat' dir='ltr'><strong>si</strong></span> <span class='ocrx_word' id='word_1_444' title='bbox 2934 2786 3055 2823; x_wconf 91' lang='lat' dir='ltr'><strong>eum</strong></span> <span class='ocrx_word' id='word_1_445' title='bbox 3087 2777 3298 2824; x_wconf 87' lang='lat' dir='ltr'><strong>tentans</strong></span> 
     </span>
    </p>
   </div>
   <div class='ocr_carea' id='block_1_57' title="bbox 1723 2862 3299 2929">
    <p class='ocr_par' dir='ltr' id='par_1_57' title="bbox 1723 2862 3299 2929">
     <span class='ocr_line' id='line_1_57' title="bbox 1723 2862 3299 2929; baseline -0.004 -8"><span class='ocrx_word' id='word_1_446' title='bbox 1723 2867 2067 2922; x_wconf 89' lang='lat' dir='ltr'><strong>collocaverit</strong></span> <span class='ocrx_word' id='word_1_447' title='bbox 2100 2866 2153 2920; x_wconf 92' lang='lat' dir='ltr'><strong>in</strong></span> <span class='ocrx_word' id='word_1_448' title='bbox 2181 2865 2433 2929; x_wconf 80' lang='lat' dir='ltr'><strong>excelsis,</strong></span> <span class='ocrx_word' id='word_1_449' title='bbox 2459 2865 2589 2920; x_wconf 91' lang='lat' dir='ltr'><strong>dicit</strong></span> <span class='ocrx_word' id='word_1_450' title='bbox 2612 2865 2659 2919; x_wconf 87' lang='lat' dir='ltr'><strong>ei</strong></span> <span class='ocrx_word' id='word_1_451' title='bbox 2688 2863 2733 2895; x_wconf 77' lang='grc'><strong>⁸⁵</strong></span> <span class='ocrx_word' id='word_1_452' title='bbox 2766 2880 2780 2917; x_wconf 89' lang='lat'><strong>:</strong></span> <span class='ocrx_word' id='word_1_453' title='bbox 2823 2882 2841 2913; x_wconf 76' lang='grc' dir='ltr'>ι</span> <span class='ocrx_word' id='word_1_454' title='bbox 2883 2862 3032 2916; x_wconf 84' lang='lat' dir='ltr'><strong>Mitte</strong></span> <span class='ocrx_word' id='word_1_455' title='bbox 3064 2871 3114 2916; x_wconf 89' lang='lat' dir='ltr'><strong>te</strong></span> <span class='ocrx_word' id='word_1_456' title='bbox 3139 2862 3299 2915; x_wconf 87' lang='lat' dir='ltr'><strong>deor-</strong></span> 
     </span>
    </p>
   </div>
   <div class='ocr_carea' id='block_1_58' title="bbox 1724 2936 3304 3026">
    <p class='ocr_par' dir='ltr' id='par_1_58' title="bbox 1724 2936 3304 3026">
     <span class='ocr_line' id='line_1_58' title="bbox 1724 2936 3304 3026; baseline -0.003 -12"><span class='ocrx_word' id='word_1_457' title='bbox 1724 2975 1879 3026; x_wconf 88' lang='lat' dir='ltr'><strong>sum;</strong></span> <span class='ocrx_word' id='word_1_458' title='bbox 1912 2978 1930 3010; x_wconf 79' lang='grc' dir='ltr'><strong><em>ι</em></strong></span> <span class='ocrx_word' id='word_1_459' title='bbox 1966 2958 2090 3026; x_wconf 86' lang='lat' dir='ltr'><strong>quia</strong></span> <span class='ocrx_word' id='word_1_460' title='bbox 2115 2936 2336 3011; x_wconf 83' lang='lat' dir='ltr'><strong>humilia</strong></span> <span class='ocrx_word' id='word_1_461' title='bbox 2373 2972 2587 3026; x_wconf 87' lang='lat' dir='ltr'><strong>semper</strong></span> <span class='ocrx_word' id='word_1_462' title='bbox 2616 2955 2788 3026; x_wconf 79' lang='lat' dir='ltr'><strong>diligit</strong></span> <span class='ocrx_word' id='word_1_463' title='bbox 2808 2963 2863 3009; x_wconf 91' lang='lat' dir='ltr'><strong>et</strong></span> <span class='ocrx_word' id='word_1_464' title='bbox 2883 2954 3107 3018; x_wconf 89' lang='lat' dir='ltr'><strong>caduca,</strong></span> <span class='ocrx_word' id='word_1_465' title='bbox 3135 2954 3188 3006; x_wconf 92' lang='lat' dir='ltr'><strong>in</strong></span> <span class='ocrx_word' id='word_1_466' title='bbox 3216 2953 3304 3009; x_wconf 72' lang='lat' dir='ltr'><strong>hit:</strong></span> 
     </span>
    </p>
   </div>
   <div class='ocr_carea' id='block_1_59' title="bbox 1726 3045 3292 3124">
    <p class='ocr_par' dir='ltr' id='par_1_59' title="bbox 1726 3045 3292 3124">
     <span class='ocr_line' id='line_1_59' title="bbox 1726 3045 3292 3124; baseline -0.007 -16"><span class='ocrx_word' id='word_1_467' title='bbox 1726 3061 1938 3124; x_wconf 76' lang='lat' dir='ltr'><strong>regnat,</strong></span> <span class='ocrx_word' id='word_1_468' title='bbox 1971 3051 2022 3103; x_wconf 93' lang='lat' dir='ltr'><strong>in</strong></span> <span class='ocrx_word' id='word_1_469' title='bbox 2049 3050 2130 3103; x_wconf 90' lang='lat' dir='ltr'><strong>his</strong></span> <span class='ocrx_word' id='word_1_470' title='bbox 2156 3049 2336 3103; x_wconf 88' lang='lat' dir='ltr'><strong>sedem</strong></span> <span class='ocrx_word' id='word_1_471' title='bbox 2369 3064 2516 3101; x_wconf 87' lang='lat' dir='ltr'><strong>suam</strong></span> <span class='ocrx_word' id='word_1_472' title='bbox 2547 3047 2796 3110; x_wconf 88' lang='lat' dir='ltr'><strong>collocat,</strong></span> <span class='ocrx_word' id='word_1_473' title='bbox 2825 3047 2876 3098; x_wconf 93' lang='lat' dir='ltr'><strong>in</strong></span> <span class='ocrx_word' id='word_1_474' title='bbox 2912 3046 3109 3115; x_wconf 91' lang='lat' dir='ltr'><strong>quibus</strong></span> <span class='ocrx_word' id='word_1_475' title='bbox 3126 3045 3292 3097; x_wconf 89' lang='lat' dir='ltr'><strong>etiam</strong></span> 
     </span>
    </p>
   </div>
   <div class='ocr_carea' id='block_1_60' title="bbox 105 3128 3304 3217">
    <p class='ocr_par' dir='ltr' id='par_1_60' title="bbox 105 3128 3304 3217">
     <span class='ocr_line' id='line_1_60' title="bbox 105 3128 3304 3217; baseline 0.003 -36"><span class='ocrx_word' id='word_1_476' title='bbox 105 3128 169 3180; x_wconf 71' lang='lat' dir='ltr'><strong>tia:</strong></span> <span class='ocrx_word' id='word_1_477' title='bbox 192 3139 235 3184; x_wconf 87' lang='lat' dir='ltr'><strong>et</strong></span> <span class='ocrx_word' id='word_1_478' title='bbox 260 3136 523 3204; x_wconf 63' lang='lat' dir='ltr'><strong>nequitia},</strong></span> <span class='ocrx_word' id='word_1_479' title='bbox 566 3153 755 3209; x_wconf 84' lang='lat' dir='ltr'><strong>azyma</strong></span> <span class='ocrx_word' id='word_1_480' title='bbox 790 3139 946 3194; x_wconf 89' lang='lat' dir='ltr'><strong>nobis</strong></span> <span class='ocrx_word' id='word_1_481' title='bbox 971 3140 1302 3195; x_wconf 85' lang='lat' dir='ltr'><strong>sinceritatis</strong></span> <span class='ocrx_word' id='word_1_482' title='bbox 1328 3151 1381 3196; x_wconf 90' lang='lat' dir='ltr'><strong>et</strong></span> <span class='ocrx_word' id='word_1_483' title='bbox 1411 3144 1613 3196; x_wconf 83' lang='lat' dir='ltr'><strong>verita-</strong></span> <span class='ocrx_word' id='word_1_484' title='bbox 1643 3161 1685 3217; x_wconf 65' lang='grc' dir='ltr'><strong>(ς,</strong></span> <span class='ocrx_word' id='word_1_485' title='bbox 1719 3158 1888 3216; x_wconf 78' lang='lat' dir='ltr'><strong>usque</strong></span> <span class='ocrx_word' id='word_1_486' title='bbox 1918 3145 1983 3197; x_wconf 91' lang='lat' dir='ltr'><strong>ad</strong></span> <span class='ocrx_word' id='word_1_487' title='bbox 2018 3141 2281 3196; x_wconf 82' lang='lat' dir='ltr'><strong>infernum</strong></span> <span class='ocrx_word' id='word_1_488' title='bbox 2304 3140 2413 3211; x_wconf 73' lang='lat'>(62)</span> <span class='ocrx_word' id='word_1_489' title='bbox 2434 3140 2741 3194; x_wconf 86' lang='lat' dir='ltr'><strong>descendat.</strong></span> <span class='ocrx_word' id='word_1_490' title='bbox 2770 3138 2982 3208; x_wconf 80' lang='lat' dir='ltr'><strong>Moyses</strong></span> <span class='ocrx_word' id='word_1_491' title='bbox 3010 3153 3113 3193; x_wconf 89' lang='lat' dir='ltr'><strong>non</strong></span> <span class='ocrx_word' id='word_1_492' title='bbox 3143 3136 3304 3202; x_wconf 84' lang='lat' dir='ltr'><strong>dixit,</strong></span> 
     </span>
    </p>
   </div>
   <div class='ocr_carea' id='block_1_61' title="bbox 102 3220 1618 3301">
    <p class='ocr_par' dir='ltr' id='par_1_61' title="bbox 102 3220 1618 3301">
     <span class='ocr_line' id='line_1_61' title="bbox 102 3220 1618 3301; baseline 0.009 -26"><span class='ocrx_word' id='word_1_493' title='bbox 102 3220 154 3275; x_wconf 83' lang='lat' dir='ltr'><strong>tis</strong></span> <span class='ocrx_word' id='word_1_494' title='bbox 170 3237 414 3290; x_wconf 84' lang='lat' dir='ltr'><strong>parantur.</strong></span> <span class='ocrx_word' id='word_1_495' title='bbox 444 3229 618 3284; x_wconf 80' lang='lat' dir='ltr'><strong>Mittit</strong></span> <span class='ocrx_word' id='word_1_496' title='bbox 649 3239 825 3285; x_wconf 91' lang='lat' dir='ltr'><strong>tamen</strong></span> <span class='ocrx_word' id='word_1_497' title='bbox 851 3229 1005 3285; x_wconf 86' lang='lat' dir='ltr'><strong>Iesus</strong></span> <span class='ocrx_word' id='word_1_498' title='bbox 1033 3243 1218 3286; x_wconf 87' lang='lat' dir='ltr'><strong>noster</strong></span> <span class='ocrx_word' id='word_1_499' title='bbox 1246 3232 1618 3301; x_wconf 87' lang='lat' dir='ltr'><strong>exploratores</strong></span> 
     </span>
    </p>
   </div>
   <div class='ocr_carea' id='block_1_62' title="bbox 101 3312 1620 3389">
    <p class='ocr_par' dir='ltr' id='par_1_62' title="bbox 101 3312 1620 3389">
     <span class='ocr_line' id='line_1_62' title="bbox 101 3312 1620 3389; baseline 0.006 -26"><span class='ocrx_word' id='word_1_500' title='bbox 101 3316 150 3364; x_wconf 87' lang='lat' dir='ltr'><strong>ad</strong></span> <span class='ocrx_word' id='word_1_501' title='bbox 178 3312 579 3373; x_wconf 84' lang='lat' dir='ltr'><strong>llierichontium</strong></span> <span class='ocrx_word' id='word_1_502' title='bbox 619 3334 794 3389; x_wconf 87' lang='lat' dir='ltr'><strong>regem</strong></span> <span class='ocrx_word' id='word_1_503' title='bbox 818 3359 834 3383; x_wconf 92' lang='lat'><strong>,</strong></span> <span class='ocrx_word' id='word_1_504' title='bbox 880 3329 935 3374; x_wconf 89' lang='lat' dir='ltr'><strong>et</strong></span> <span class='ocrx_word' id='word_1_505' title='bbox 969 3320 1203 3388; x_wconf 88' lang='lat' dir='ltr'><strong>hospitio</strong></span> <span class='ocrx_word' id='word_1_506' title='bbox 1252 3318 1620 3389; x_wconf 86' lang='lat' dir='ltr'><strong>suscipiuntur</strong></span> 
     </span>
    </p>
   </div>
   <div class='ocr_carea' id='block_1_63' title="bbox 100 3409 1623 3479">
    <p class='ocr_par' dir='ltr' id='par_1_63' title="bbox 100 3409 1623 3479">
     <span class='ocr_line' id='line_1_63' title="bbox 100 3409 1623 3479; baseline 0.006 -23"><span class='ocrx_word' id='word_1_507' title='bbox 100 3422 121 3457; x_wconf 82' lang='lat' dir='ltr'><strong>a</strong></span> <span class='ocrx_word' id='word_1_508' title='bbox 146 3411 418 3465; x_wconf 88' lang='lat' dir='ltr'><strong>meretrice.</strong></span> <span class='ocrx_word' id='word_1_509' title='bbox 457 3409 567 3465; x_wconf 87' lang='lat' dir='ltr'><strong>Sed</strong></span> <span class='ocrx_word' id='word_1_510' title='bbox 594 3410 684 3463; x_wconf 84' lang='lat' dir='ltr'><strong>illa</strong></span> <span class='ocrx_word' id='word_1_511' title='bbox 720 3410 980 3464; x_wconf 81' lang='lat' dir='ltr'><strong>meretrix</strong></span> <span class='ocrx_word' id='word_1_512' title='bbox 1011 3427 1128 3479; x_wconf 79' lang='lat' dir='ltr'><strong>qua:</strong></span> <span class='ocrx_word' id='word_1_513' title='bbox 1164 3410 1231 3465; x_wconf 87' lang='lat' dir='ltr'><strong>ab</strong></span> <span class='ocrx_word' id='word_1_514' title='bbox 1259 3409 1385 3465; x_wconf 84' lang='lat' dir='ltr'><strong>Iesu</strong></span> <span class='ocrx_word' id='word_1_515' title='bbox 1429 3412 1623 3465; x_wconf 86' lang='lat' dir='ltr'><strong>missos</strong></span> 
     </span>
    </p>
   </div>
   <div class='ocr_carea' id='block_1_64' title="bbox 101 3500 1622 3570">
    <p class='ocr_par' dir='ltr' id='par_1_64' title="bbox 101 3500 1622 3570">
     <span class='ocr_line' id='line_1_64' title="bbox 101 3500 1622 3570; baseline 0.005 -23"><span class='ocrx_word' id='word_1_516' title='bbox 101 3500 709 3569; x_wconf 82' lang='lat' dir='ltr'><strong>suscepitexploratores,</strong></span> <span class='ocrx_word' id='word_1_517' title='bbox 762 3511 1052 3570; x_wconf 85' lang='lat' dir='ltr'><strong>prepterea</strong></span> <span class='ocrx_word' id='word_1_518' title='bbox 1084 3502 1329 3570; x_wconf 86' lang='lat' dir='ltr'><strong>suscepit</strong></span> <span class='ocrx_word' id='word_1_519' title='bbox 1372 3518 1437 3555; x_wconf 89' lang='lat' dir='ltr'><strong>ne</strong></span> <span class='ocrx_word' id='word_1_520' title='bbox 1480 3500 1622 3554; x_wconf 88' lang='lat' dir='ltr'><strong>ultra</strong></span> 
     </span>
    </p>
   </div>
   <div class='ocr_carea' id='block_1_65' title="bbox 100 3589 1625 3661">
    <p class='ocr_par' dir='ltr' id='par_1_65' title="bbox 100 3589 1625 3661">
     <span class='ocr_line' id='line_1_65' title="bbox 100 3589 1625 3661; baseline 0.004 -22"><span class='ocrx_word' id='word_1_521' title='bbox 100 3589 152 3640; x_wconf 75' lang='lat' dir='ltr'><strong>sit</strong></span> <span class='ocrx_word' id='word_1_522' title='bbox 170 3594 425 3646; x_wconf 90' lang='lat' dir='ltr'><strong>meretrix.</strong></span> <span class='ocrx_word' id='word_1_523' title='bbox 465 3593 581 3647; x_wconf 89' lang='lat' dir='ltr'><strong>Sed</strong></span> <span class='ocrx_word' id='word_1_524' title='bbox 611 3601 665 3647; x_wconf 87' lang='lat' dir='ltr'><strong>et</strong></span> <span class='ocrx_word' id='word_1_525' title='bbox 688 3592 1115 3661; x_wconf 84' lang='lat' dir='ltr'><strong>uniuscujusque</strong></span> <span class='ocrx_word' id='word_1_526' title='bbox 1155 3603 1402 3646; x_wconf 89' lang='lat' dir='ltr'><strong>nostrum</strong></span> <span class='ocrx_word' id='word_1_527' title='bbox 1442 3593 1625 3646; x_wconf 87' lang='lat' dir='ltr'><strong>anima</strong></span> 
     </span>
    </p>
   </div>
   <div class='ocr_carea' id='block_1_66' title="bbox 100 3683 1627 3755">
    <p class='ocr_par' dir='ltr' id='par_1_66' title="bbox 100 3683 1627 3755">
     <span class='ocr_line' id='line_1_66' title="bbox 100 3683 1627 3755; baseline 0.005 -21"><span class='ocrx_word' id='word_1_528' title='bbox 100 3683 308 3738; x_wconf 80' lang='lat' dir='ltr'><strong>meretrix</strong></span> <span class='ocrx_word' id='word_1_529' title='bbox 340 3685 457 3754; x_wconf 81' lang='lat' dir='ltr'><strong>fuit,</strong></span> <span class='ocrx_word' id='word_1_530' title='bbox 507 3686 688 3742; x_wconf 89' lang='lat' dir='ltr'><strong>donec</strong></span> <span class='ocrx_word' id='word_1_531' title='bbox 724 3685 777 3739; x_wconf 91' lang='lat' dir='ltr'><strong>in</strong></span> <span class='ocrx_word' id='word_1_532' title='bbox 811 3685 1098 3740; x_wconf 88' lang='lat' dir='ltr'><strong>desideriis</strong></span> <span class='ocrx_word' id='word_1_533' title='bbox 1142 3695 1197 3739; x_wconf 90' lang='lat' dir='ltr'><strong>et</strong></span> <span class='ocrx_word' id='word_1_534' title='bbox 1238 3685 1627 3755; x_wconf 87' lang='lat' dir='ltr'><strong>cupiditatibus</strong></span> 
     </span>
    </p>
   </div>
   <div class='ocr_carea' id='block_1_67' title="bbox 98 3774 1622 3847">
    <p class='ocr_par' dir='ltr' id='par_1_67' title="bbox 98 3774 1622 3847">
     <span class='ocr_line' id='line_1_67' title="bbox 98 3774 1622 3847; baseline 0.005 -21"><span class='ocrx_word' id='word_1_535' title='bbox 98 3774 263 3829; x_wconf 77' lang='lat' dir='ltr'><strong>viveret</strong></span> <span class='ocrx_word' id='word_1_536' title='bbox 312 3779 516 3835; x_wconf 89' lang='lat' dir='ltr'><strong>carnis.</strong></span> <span class='ocrx_word' id='word_1_537' title='bbox 587 3777 835 3845; x_wconf 89' lang='lat' dir='ltr'><strong>Suscepit</strong></span> <span class='ocrx_word' id='word_1_538' title='bbox 879 3792 1011 3831; x_wconf 88' lang='lat' dir='ltr'><strong>vero</strong></span> <span class='ocrx_word' id='word_1_539' title='bbox 1057 3777 1424 3847; x_wconf 75' lang='lat' dir='ltr'><strong>eXploratores</strong></span> <span class='ocrx_word' id='word_1_540' title='bbox 1475 3776 1622 3843; x_wconf 87' lang='lat' dir='ltr'><strong>Iesu,</strong></span> 
     </span>
    </p>
   </div>
   <div class='ocr_carea' id='block_1_68' title="bbox 97 3864 1627 3940">
    <p class='ocr_par' dir='ltr' id='par_1_68' title="bbox 97 3864 1627 3940">
     <span class='ocr_line' id='line_1_68' title="bbox 97 3864 1627 3940; baseline 0.01 -29"><span class='ocrx_word' id='word_1_541' title='bbox 97 3864 273 3930; x_wconf 76' lang='lat' dir='ltr'><strong>angelos</strong></span> <span class='ocrx_word' id='word_1_542' title='bbox 311 3884 443 3936; x_wconf 91' lang='lat' dir='ltr'><strong>quos</strong></span> <span class='ocrx_word' id='word_1_543' title='bbox 488 3870 644 3925; x_wconf 86' lang='lat' dir='ltr'><strong>misit</strong></span> <span class='ocrx_word' id='word_1_544' title='bbox 672 3880 800 3925; x_wconf 84' lang='lat' dir='ltr'><strong>ante</strong></span> <span class='ocrx_word' id='word_1_545' title='bbox 837 3868 1029 3925; x_wconf 77' lang='lat' dir='ltr'><strong>faciem</strong></span> <span class='ocrx_word' id='word_1_546' title='bbox 1057 3884 1213 3924; x_wconf 89' lang='lat' dir='ltr'><strong>suam</strong></span> <span class='ocrx_word' id='word_1_547' title='bbox 1257 3880 1315 3924; x_wconf 90' lang='lat' dir='ltr'><strong>ut</strong></span> <span class='ocrx_word' id='word_1_548' title='bbox 1353 3886 1627 3940; x_wconf 72' lang='lat' dir='ltr'><strong>praepara-</strong></span> 
     </span>
    </p>
   </div>
   <div class='ocr_carea' id='block_1_69' title="bbox 97 3960 1625 4033">
    <p class='ocr_par' dir='ltr' id='par_1_69' title="bbox 97 3960 1625 4033">
     <span class='ocr_line' id='line_1_69' title="bbox 97 3960 1625 4033; baseline 0.009 -28"><span class='ocrx_word' id='word_1_549' title='bbox 97 3968 191 4009; x_wconf 82' lang='lat' dir='ltr'><strong>rcut</strong></span> <span class='ocrx_word' id='word_1_550' title='bbox 218 3960 343 4014; x_wconf 81' lang='lat' dir='ltr'><strong>viam</strong></span> <span class='ocrx_word' id='word_1_551' title='bbox 376 3962 517 4033; x_wconf 85' lang='lat' dir='ltr'><strong>ejus.</strong></span> <span class='ocrx_word' id='word_1_552' title='bbox 556 3963 707 4029; x_wconf 84' lang='lat' dir='ltr'><strong>Quos</strong></span> <span class='ocrx_word' id='word_1_553' title='bbox 754 3973 931 4017; x_wconf 88' lang='lat' dir='ltr'><strong>tamen</strong></span> <span class='ocrx_word' id='word_1_554' title='bbox 961 3963 1005 4017; x_wconf 88' lang='lat' dir='ltr'><strong>si</strong></span> <span class='ocrx_word' id='word_1_555' title='bbox 1044 3978 1110 4017; x_wconf 87' lang='lat' dir='ltr'><strong>ex</strong></span> <span class='ocrx_word' id='word_1_556' title='bbox 1145 3962 1251 4018; x_wconf 84' lang='lat' dir='ltr'><strong>ﬁde</strong></span> <span class='ocrx_word' id='word_1_557' title='bbox 1278 3967 1459 4018; x_wconf 89' lang='lat' dir='ltr'><strong>aninta</strong></span> <span class='ocrx_word' id='word_1_558' title='bbox 1493 3979 1625 4018; x_wconf 89' lang='lat' dir='ltr'><strong>una-</strong></span> 
     </span>
    </p>
   </div>
   <div class='ocr_carea' id='block_1_70' title="bbox 95 4054 1627 4125">
    <p class='ocr_par' dir='ltr' id='par_1_70' title="bbox 95 4054 1627 4125">
     <span class='ocr_line' id='line_1_70' title="bbox 95 4054 1627 4125; baseline 0.008 -27"><span class='ocrx_word' id='word_1_559' title='bbox 95 4060 282 4118; x_wconf 62' lang='lat' dir='ltr'><strong>quaque</strong></span> <span class='ocrx_word' id='word_1_560' title='bbox 321 4055 589 4123; x_wconf 89' lang='lat' dir='ltr'><strong>suscepit,</strong></span> <span class='ocrx_word' id='word_1_561' title='bbox 621 4069 730 4109; x_wconf 94' lang='lat' dir='ltr'><strong>non</strong></span> <span class='ocrx_word' id='word_1_562' title='bbox 765 4054 818 4108; x_wconf 91' lang='lat' dir='ltr'><strong>in</strong></span> <span class='ocrx_word' id='word_1_563' title='bbox 853 4054 1149 4109; x_wconf 87' lang='lat' dir='ltr'><strong>humilibus</strong></span> <span class='ocrx_word' id='word_1_564' title='bbox 1179 4054 1336 4122; x_wconf 88' lang='lat' dir='ltr'><strong>locis,</strong></span> <span class='ocrx_word' id='word_1_565' title='bbox 1369 4070 1545 4125; x_wconf 87' lang='lat' dir='ltr'><strong>neque</strong></span> <span class='ocrx_word' id='word_1_566' title='bbox 1574 4056 1627 4110; x_wconf 89' lang='lat' dir='ltr'><strong>in</strong></span> 
     </span>
    </p>
   </div>
   <div class='ocr_carea' id='block_1_71' title="bbox 92 4136 1632 4214">
    <p class='ocr_par' dir='ltr' id='par_1_71' title="bbox 92 4136 1632 4214">
     <span class='ocr_line' id='line_1_71' title="bbox 92 4136 1632 4214; baseline 0.009 -27"><span class='ocrx_word' id='word_1_567' title='bbox 92 4136 393 4200; x_wconf 81' lang='lat' dir='ltr'><strong>inferioribus</strong></span> <span class='ocrx_word' id='word_1_568' title='bbox 428 4146 710 4213; x_wconf 88' lang='lat' dir='ltr'><strong>collocat,</strong></span> <span class='ocrx_word' id='word_1_569' title='bbox 743 4146 836 4200; x_wconf 89' lang='lat' dir='ltr'><strong>sed</strong></span> <span class='ocrx_word' id='word_1_570' title='bbox 870 4146 921 4200; x_wconf 93' lang='lat' dir='ltr'><strong>in</strong></span> <span class='ocrx_word' id='word_1_571' title='bbox 952 4146 1328 4214; x_wconf 88' lang='lat' dir='ltr'><strong>superioribus</strong></span> <span class='ocrx_word' id='word_1_572' title='bbox 1369 4157 1423 4203; x_wconf 92' lang='lat' dir='ltr'><strong>et</strong></span> <span class='ocrx_word' id='word_1_573' title='bbox 1449 4146 1632 4202; x_wconf 83' lang='lat' dir='ltr'><strong>excel-</strong></span> 
     </span>
    </p>
   </div>
   <div class='ocr_carea' id='block_1_72' title="bbox 92 4231 1631 4314">
    <p class='ocr_par' dir='ltr' id='par_1_72' title="bbox 92 4231 1631 4314">
     <span class='ocr_line' id='line_1_72' title="bbox 92 4231 1631 4314; baseline 0.01 -33"><span class='ocrx_word' id='word_1_574' title='bbox 92 4231 149 4283; x_wconf 81' lang='lat' dir='ltr'><strong>sis</strong></span> <span class='ocrx_word' id='word_1_575' title='bbox 179 4250 190 4287; x_wconf 81' lang='lat'><em>;</em></span> <span class='ocrx_word' id='word_1_576' title='bbox 220 4238 334 4305; x_wconf 91' lang='lat' dir='ltr'><strong>quia</strong></span> <span class='ocrx_word' id='word_1_577' title='bbox 366 4255 471 4295; x_wconf 86' lang='lat' dir='ltr'><strong>non</strong></span> <span class='ocrx_word' id='word_1_578' title='bbox 505 4241 581 4296; x_wconf 89' lang='lat' dir='ltr'><strong>ab</strong></span> <span class='ocrx_word' id='word_1_579' title='bbox 608 4241 908 4298; x_wconf 87' lang='lat' dir='ltr'><strong>humilibus</strong></span> <span class='ocrx_word' id='word_1_580' title='bbox 942 4241 1056 4314; x_wconf 79' lang='grc'>(58)</span> <span class='ocrx_word' id='word_1_581' title='bbox 1086 4251 1142 4297; x_wconf 89' lang='lat' dir='ltr'><strong>et</strong></span> <span class='ocrx_word' id='word_1_582' title='bbox 1174 4240 1403 4296; x_wconf 87' lang='lat' dir='ltr'><strong>terrenis</strong></span> <span class='ocrx_word' id='word_1_583' title='bbox 1452 4239 1631 4297; x_wconf 74' lang='lat' dir='ltr'><strong>Iesum</strong></span> 
     </span>
    </p>
   </div>
   <div class='ocr_carea' id='block_1_73' title="bbox 143 4450 1231 4521">
    <p class='ocr_par' dir='ltr' id='par_1_73' title="bbox 143 4450 1231 4521">
     <span class='ocr_line' id='line_1_73' title="bbox 143 4450 1231 4521; baseline 0.004 -16"><span class='ocrx_word' id='word_1_584' title='bbox 143 4451 178 4482; x_wconf 83' lang='grc'><strong>³¹¹</strong></span> <span class='ocrx_word' id='word_1_585' title='bbox 202 4450 300 4508; x_wconf 88' lang='lat' dir='ltr'><strong>Ios.</strong></span> <span class='ocrx_word' id='word_1_586' title='bbox 330 4472 402 4510; x_wconf 87' lang='lat' dir='ltr'><strong>tv.</strong></span> <span class='ocrx_word' id='word_1_587' title='bbox 480 4458 527 4489; x_wconf 79' lang='grc'><strong>³⁸</strong></span> <span class='ocrx_word' id='word_1_588' title='bbox 557 4455 672 4511; x_wconf 86' lang='lat' dir='ltr'><strong>Ios.</strong></span> <span class='ocrx_word' id='word_1_589' title='bbox 706 4473 789 4513; x_wconf 85' lang='grc' dir='ltr'><strong>ιιι.</strong></span> <span class='ocrx_word' id='word_1_590' title='bbox 864 4458 908 4489; x_wconf 74' lang='grc'><strong>³⁸</strong></span> <span class='ocrx_word' id='word_1_591' title='bbox 933 4456 1046 4512; x_wconf 91' lang='lat' dir='ltr'><strong>Ios.</strong></span> <span class='ocrx_word' id='word_1_592' title='bbox 1069 4472 1107 4521; x_wconf 88' lang='lat' dir='ltr'><strong>l,</strong></span> <span class='ocrx_word' id='word_1_593' title='bbox 1145 4458 1231 4510; x_wconf 86' lang='grc'><strong>11.</strong></span> 
     </span>
    </p>
   </div>
   <div class='ocr_carea' id='block_1_74' title="bbox 92 4520 1095 4595">
    <p class='ocr_par' dir='ltr' id='par_1_74' title="bbox 92 4520 1095 4595">
     <span class='ocr_line' id='line_1_74' title="bbox 92 4520 1095 4595; baseline 0.006 -19"><span class='ocrx_word' id='word_1_594' title='bbox 92 4520 124 4548; x_wconf 75' lang='lat'><strong>“</strong></span> <span class='ocrx_word' id='word_1_595' title='bbox 148 4521 263 4579; x_wconf 78' lang='lat' dir='ltr'><strong>Psal.</strong></span> <span class='ocrx_word' id='word_1_596' title='bbox 298 4540 445 4594; x_wconf 77' lang='lat' dir='ltr'><strong>cxxt,</strong></span> <span class='ocrx_word' id='word_1_597' title='bbox 493 4529 546 4583; x_wconf 93' lang='grc'><strong>1.</strong></span> <span class='ocrx_word' id='word_1_598' title='bbox 624 4528 670 4559; x_wconf 69' lang='grc'>⁸⁵</span> <span class='ocrx_word' id='word_1_599' title='bbox 706 4528 899 4583; x_wconf 81' lang='lat' dir='ltr'><strong>Matth.</strong></span> <span class='ocrx_word' id='word_1_600' title='bbox 936 4543 1009 4595; x_wconf 91' lang='lat' dir='ltr'><strong>tv,</strong></span> <span class='ocrx_word' id='word_1_601' title='bbox 1042 4528 1095 4582; x_wconf 90' lang='lat'><strong>6.</strong></span> 
     </span>
    </p>
   </div>
   <div class='ocr_carea' id='block_1_75' title="bbox 138 4729 1699 4806">
    <p class='ocr_par' dir='ltr' id='par_1_75' title="bbox 138 4729 1699 4806">
     <span class='ocr_line' id='line_1_75' title="bbox 138 4729 1699 4806; baseline 0.009 -24"><span class='ocrx_word' id='word_1_602' title='bbox 138 4729 233 4806; x_wconf 69' lang='lat'>(5|)</span> <span class='ocrx_word' id='word_1_603' title='bbox 264 4732 431 4793; x_wconf 87' lang='lat' dir='ltr'><strong>Codd.</strong></span> <span class='ocrx_word' id='word_1_604' title='bbox 478 4737 771 4806; x_wconf 84' lang='lat' dir='ltr'><strong>Sangerm.</strong></span> <span class='ocrx_word' id='word_1_605' title='bbox 814 4737 1231 4800; x_wconf 80' lang='lat' dir='ltr'><strong>Cerneticensis,</strong></span> <span class='ocrx_word' id='word_1_606' title='bbox 1276 4746 1440 4804; x_wconf 89' lang='lat' dir='ltr'><strong>atque</strong></span> <span class='ocrx_word' id='word_1_607' title='bbox 1483 4751 1622 4791; x_wconf 93' lang='lat' dir='ltr'><strong>unus</strong></span> <span class='ocrx_word' id='word_1_608' title='bbox 1655 4742 1699 4796; x_wconf 90' lang='lat' dir='ltr'><strong>D</strong></span> 
     </span>
    </p>
   </div>
   <div class='ocr_carea' id='block_1_76' title="bbox 88 4796 1623 4875">
    <p class='ocr_par' dir='ltr' id='par_1_76' title="bbox 88 4796 1623 4875">
     <span class='ocr_line' id='line_1_76' title="bbox 88 4796 1623 4875; baseline 0.006 -23"><span class='ocrx_word' id='word_1_609' title='bbox 88 4796 413 4873; x_wconf 56' lang='lat' dir='ltr'><strong>Etroieensis,</strong></span> <span class='ocrx_word' id='word_1_610' title='bbox 452 4826 470 4857; x_wconf 76' lang='grc' dir='ltr'>ι</span> <span class='ocrx_word' id='word_1_611' title='bbox 501 4820 562 4861; x_wconf 89' lang='lat' dir='ltr'><strong>et</strong></span> <span class='ocrx_word' id='word_1_612' title='bbox 593 4796 731 4861; x_wconf 65' lang='lat' dir='ltr'><strong>unus</strong></span> <span class='ocrx_word' id='word_1_613' title='bbox 765 4824 922 4875; x_wconf 71' lang='lat' dir='ltr'><strong>aqua:</strong></span> <span class='ocrx_word' id='word_1_614' title='bbox 964 4823 1174 4862; x_wconf 89' lang='lat' dir='ltr'><strong>murus.</strong></span> <span class='ocrx_word' id='word_1_615' title='bbox 1210 4796 1230 4859; x_wconf 65' lang='grc' dir='ltr'><strong><em>ἰ</em></strong></span> <span class='ocrx_word' id='word_1_616' title='bbox 1272 4796 1430 4862; x_wconf 77' lang='lat' dir='ltr'><strong>Libb.</strong></span> <span class='ocrx_word' id='word_1_617' title='bbox 1470 4806 1623 4875; x_wconf 88' lang='lat' dir='ltr'><strong>editi,</strong></span> 
     </span>
    </p>
   </div>
   <div class='ocr_carea' id='block_1_77' title="bbox 93 4879 917 4944">
    <p class='ocr_par' dir='ltr' id='par_1_77' title="bbox 93 4879 917 4944">
     <span class='ocr_line' id='line_1_77' title="bbox 93 4879 917 4944; baseline 0.012 -26"><span class='ocrx_word' id='word_1_618' title='bbox 93 4882 253 4944; x_wconf 74' lang='lat' dir='ltr'><strong>tetex</strong></span> <span class='ocrx_word' id='word_1_619' title='bbox 285 4879 439 4944; x_wconf 86' lang='lat' dir='ltr'><strong>aquis</strong></span> <span class='ocrx_word' id='word_1_620' title='bbox 482 4894 625 4931; x_wconf 80' lang='lat' dir='ltr'><strong>unus</strong></span> <span class='ocrx_word' id='word_1_621' title='bbox 658 4893 867 4932; x_wconf 85' lang='lat' dir='ltr'><strong>murus.</strong></span> <span class='ocrx_word' id='word_1_622' title='bbox 898 4897 917 4928; x_wconf 70' lang='grc' dir='ltr'>ι</span> 
     </span>
    </p>
   </div>
   <div class='ocr_carea' id='block_1_78' title="bbox 89 4942 1628 5062">
    <p class='ocr_par' dir='ltr' id='par_1_78' title="bbox 89 4942 1628 5062">
     <span class='ocr_line' id='line_1_78' title="bbox 89 4942 1628 5062; baseline 0 -61"><span class='ocrx_word' id='word_1_623' title='bbox 89 5024 105 5058; x_wconf 45' lang='grc' dir='ltr'>ί</span> <span class='ocrx_word' id='word_1_624' title='bbox 270 4942 453 5003; x_wconf 83' lang='lat' dir='ltr'><strong>Codex</strong></span> <span class='ocrx_word' id='word_1_625' title='bbox 487 4949 803 5017; x_wconf 84' lang='lat' dir='ltr'><strong>Sangerm.,</strong></span> <span class='ocrx_word' id='word_1_626' title='bbox 836 4967 855 4999; x_wconf 78' lang='grc' dir='ltr'>ι</span> <span class='ocrx_word' id='word_1_627' title='bbox 883 4958 1193 5016; x_wconf 89' lang='lat' dir='ltr'><strong>utrumque.</strong></span> <span class='ocrx_word' id='word_1_628' title='bbox 1217 4967 1236 4999; x_wconf 79' lang='grc' dir='ltr'><strong><em>ι</em></strong></span> <span class='ocrx_word' id='word_1_629' title='bbox 1277 4947 1432 5002; x_wconf 88' lang='lat' dir='ltr'><strong>Libb.</strong></span> <span class='ocrx_word' id='word_1_630' title='bbox 1474 4948 1628 5015; x_wconf 91' lang='lat' dir='ltr'><strong>editi,</strong></span> 
     </span>
     <span class='ocr_line' id='line_1_79' title="bbox 206 5032 413 5062; baseline 0 0"><span class='ocrx_word' id='word_1_631' title='bbox 206 5032 350 5062; x_wconf 64' lang='lat' dir='ltr'><strong>:IﬂlIP-</strong></span> <span class='ocrx_word' id='word_1_632' title='bbox 394 5036 413 5062; x_wconf 75' lang='grc' dir='ltr'><strong><em>ι</em></strong></span> 
     </span>
    </p>
   </div>
   <div class='ocr_carea' id='block_1_79' title="bbox 206 5032 413 5084">
    <p class='ocr_par' dir='ltr' id='par_1_79' title="bbox 206 5032 413 5084">
     <span class='ocr_line' id='line_1_80' title="bbox 206 5032 413 5084; baseline 0.024 -20"><span class='ocrx_word' id='word_1_633' title='bbox 206 5032 351 5084; x_wconf 87' lang='lat' dir='ltr'><strong>aque.</strong></span> <span class='ocrx_word' id='word_1_634' title='bbox 394 5036 413 5069; x_wconf 72' lang='grc' dir='ltr'><strong><em>ι</em></strong></span> 
     </span>
    </p>
   </div>
   <div class='ocr_carea' id='block_1_80' title="bbox 140 5083 1632 5153">
    <p class='ocr_par' dir='ltr' id='par_1_80' title="bbox 140 5083 1632 5153">
     <span class='ocr_line' id='line_1_81' title="bbox 140 5083 1632 5153; baseline 0.005 -18"><span class='ocrx_word' id='word_1_635' title='bbox 140 5083 256 5149; x_wconf 72' lang='grc'>(55)</span> <span class='ocrx_word' id='word_1_636' title='bbox 292 5086 362 5140; x_wconf 82' lang='lat' dir='ltr'><strong>Et</strong></span> <span class='ocrx_word' id='word_1_637' title='bbox 414 5088 596 5153; x_wconf 80' lang='lat' dir='ltr'><strong>hodie,</strong></span> <span class='ocrx_word' id='word_1_638' title='bbox 648 5089 692 5142; x_wconf 82' lang='lat' dir='ltr'><strong>si</strong></span> <span class='ocrx_word' id='word_1_639' title='bbox 732 5088 944 5153; x_wconf 81' lang='lat' dir='ltr'><strong>audias,</strong></span> <span class='ocrx_word' id='word_1_640' title='bbox 993 5090 1125 5142; x_wconf 80' lang='lat' dir='ltr'><strong>dicit</strong></span> <span class='ocrx_word' id='word_1_641' title='bbox 1186 5088 1278 5142; x_wconf 81' lang='lat' dir='ltr'><strong>tibi</strong></span> <span class='ocrx_word' id='word_1_642' title='bbox 1332 5087 1490 5142; x_wconf 72' lang='lat' dir='ltr'><strong>Iesus</strong></span> <span class='ocrx_word' id='word_1_643' title='bbox 1525 5087 1632 5144; x_wconf 85' lang='lat' dir='ltr'><strong>:Si</strong></span> 
     </span>
    </p>
   </div>
   <div class='ocr_carea' id='block_1_81' title="bbox 85 5158 1629 5227">
    <p class='ocr_par' dir='ltr' id='par_1_81' title="bbox 85 5158 1629 5227">
     <span class='ocr_line' id='line_1_82' title="bbox 85 5158 1629 5227; baseline 0.006 -24"><span class='ocrx_word' id='word_1_644' title='bbox 85 5158 275 5217; x_wconf 69' lang='lat' dir='ltr'><strong>sequeris</strong></span> <span class='ocrx_word' id='word_1_645' title='bbox 310 5175 410 5222; x_wconf 83' lang='lat' dir='ltr'><strong>me,</strong></span> <span class='ocrx_word' id='word_1_646' title='bbox 447 5175 696 5227; x_wconf 61' lang='lat' dir='ltr'><strong>praepara</strong></span> <span class='ocrx_word' id='word_1_647' title='bbox 730 5159 872 5213; x_wconf 77' lang='lat' dir='ltr'><strong>cibos</strong></span> <span class='ocrx_word' id='word_1_648' title='bbox 923 5160 992 5211; x_wconf 83' lang='lat' dir='ltr'><strong>ad</strong></span> <span class='ocrx_word' id='word_1_649' title='bbox 1043 5161 1201 5213; x_wconf 77' lang='lat' dir='ltr'><strong>viam.</strong></span> <span class='ocrx_word' id='word_1_650' title='bbox 1255 5158 1380 5214; x_wconf 59' lang='lat' dir='ltr'><strong>Hec</strong></span> <span class='ocrx_word' id='word_1_651' title='bbox 1409 5174 1527 5226; x_wconf 67' lang='lat' dir='ltr'><strong>qua:</strong></span> <span class='ocrx_word' id='word_1_652' title='bbox 1576 5162 1629 5213; x_wconf 91' lang='lat' dir='ltr'><strong>in</strong></span> 
     </span>
    </p>
   </div>
   <div class='ocr_carea' id='block_1_82' title="bbox 86 5229 1621 5343">
    <p class='ocr_par' dir='ltr' id='par_1_82' title="bbox 86 5229 1621 5343">
     <span class='ocr_line' id='line_1_83' title="bbox 86 5229 1621 5343; baseline 0.005 -64"><span class='ocrx_word' id='word_1_653' title='bbox 86 5232 216 5343; x_wconf 51' lang='lat'><strong>21;?</strong></span> <span class='ocrx_word' id='word_1_654' title='bbox 244 5229 399 5283; x_wconf 89' lang='lat' dir='ltr'><strong>editis</strong></span> <span class='ocrx_word' id='word_1_655' title='bbox 422 5231 630 5284; x_wconf 84' lang='lat' dir='ltr'><strong>omissa</strong></span> <span class='ocrx_word' id='word_1_656' title='bbox 667 5245 796 5284; x_wconf 77' lang='lat' dir='ltr'><strong>sunt</strong></span> <span class='ocrx_word' id='word_1_657' title='bbox 820 5268 836 5294; x_wconf 90' lang='lat'><strong>,</strong></span> <span class='ocrx_word' id='word_1_658' title='bbox 868 5229 1159 5284; x_wconf 90' lang='lat' dir='ltr'><strong>restituunt</strong></span> <span class='ocrx_word' id='word_1_659' title='bbox 1185 5244 1375 5285; x_wconf 91' lang='lat' dir='ltr'><strong>omnes</strong></span> <span class='ocrx_word' id='word_1_660' title='bbox 1406 5230 1621 5286; x_wconf 91' lang='lat' dir='ltr'><strong>codices</strong></span> 
     </span>
     <span class='ocr_line' id='line_1_84' title="bbox 116 5308 191 5343; baseline 0 0"><span class='ocrx_word' id='word_1_661' title='bbox 116 5308 123 5337; x_wconf 80' lang='lat' dir='ltr'><strong>l</strong></span> <span class='ocrx_word' id='word_1_662' title='bbox 179 5330 191 5343; x_wconf 87' lang='lat'><strong>.</strong></span> 
     </span>
    </p>
   </div>
   <div class='ocr_carea' id='block_1_83' title="bbox 116 5308 191 5345">
    <p class='ocr_par' dir='ltr' id='par_1_83' title="bbox 116 5308 191 5345">
     <span class='ocr_line' id='line_1_85' title="bbox 116 5308 191 5345; baseline 0.053 -4"><span class='ocrx_word' id='word_1_663' title='bbox 116 5308 191 5345; x_wconf 53' lang='lat'><strong>15$</strong></span> 
     </span>
    </p>
   </div>
   <div class='ocr_carea' id='block_1_84' title="bbox 140 5361 1630 5441">
    <p class='ocr_par' dir='ltr' id='par_1_84' title="bbox 140 5361 1630 5441">
     <span class='ocr_line' id='line_1_86' title="bbox 140 5361 1630 5441; baseline 0 -16"><span class='ocrx_word' id='word_1_664' title='bbox 140 5361 238 5436; x_wconf 63' lang='grc'>(56)</span> <span class='ocrx_word' id='word_1_665' title='bbox 270 5366 451 5441; x_wconf 71' lang='lat' dir='ltr'><strong>Codd.</strong></span> <span class='ocrx_word' id='word_1_666' title='bbox 486 5370 799 5441; x_wconf 83' lang='lat' dir='ltr'><strong>Sangerm.,</strong></span> <span class='ocrx_word' id='word_1_667' title='bbox 834 5369 1044 5441; x_wconf 78' lang='lat' dir='ltr'><strong>Cernet.</strong></span> <span class='ocrx_word' id='word_1_668' title='bbox 1083 5379 1136 5425; x_wconf 92' lang='lat' dir='ltr'><strong>et</strong></span> <span class='ocrx_word' id='word_1_669' title='bbox 1171 5384 1309 5425; x_wconf 85' lang='lat' dir='ltr'><strong>unus</strong></span> <span class='ocrx_word' id='word_1_670' title='bbox 1334 5369 1630 5425; x_wconf 86' lang='lat' dir='ltr'><strong>Ebroicen-</strong></span> 
     </span>
    </p>
   </div>
   <div class='ocr_carea' id='block_1_85' title="bbox 79 5428 1170 5505">
    <p class='ocr_par' dir='ltr' id='par_1_85' title="bbox 79 5428 1170 5505">
     <span class='ocr_line' id='line_1_87' title="bbox 79 5428 1170 5505; baseline 0.003 -17"><span class='ocrx_word' id='word_1_671' title='bbox 79 5428 395 5505; x_wconf 26' lang='grc' dir='ltr'><strong>δίὸρ-Δείνίξηη.</strong></span> <span class='ocrx_word' id='word_1_672' title='bbox 435 5462 456 5493; x_wconf 70' lang='grc' dir='ltr'><strong><em>ι</em></strong></span> <span class='ocrx_word' id='word_1_673' title='bbox 491 5428 650 5496; x_wconf 58' lang='lat' dir='ltr'><strong>Libb.</strong></span> <span class='ocrx_word' id='word_1_674' title='bbox 687 5428 839 5505; x_wconf 77' lang='lat' dir='ltr'><strong>editi,</strong></span> <span class='ocrx_word' id='word_1_675' title='bbox 879 5460 898 5493; x_wconf 71' lang='grc' dir='ltr'><strong><em>ι</em></strong></span> <span class='ocrx_word' id='word_1_676' title='bbox 932 5440 1121 5493; x_wconf 83' lang='lat' dir='ltr'><strong>vitam.</strong></span> <span class='ocrx_word' id='word_1_677' title='bbox 1151 5458 1170 5491; x_wconf 72' lang='grc' dir='ltr'>ι</span> 
     </span>
    </p>
   </div>
   <div class='ocr_carea' id='block_1_86' title="bbox 1306 4456 1714 4521">
    <p class='ocr_par' dir='ltr' id='par_1_86' title="bbox 1306 4456 1714 4521">
     <span class='ocr_line' id='line_1_88' title="bbox 1306 4456 1714 4521; baseline -0.012 -8"><span class='ocrx_word' id='word_1_678' title='bbox 1306 4456 1490 4513; x_wconf 77' lang='lat' dir='ltr'><strong>“Ios.</strong></span> <span class='ocrx_word' id='word_1_679' title='bbox 1530 4473 1581 4521; x_wconf 93' lang='lat' dir='ltr'><strong>v,</strong></span> <span class='ocrx_word' id='word_1_680' title='bbox 1628 4457 1714 4509; x_wconf 84' lang='lat' dir='ltr'><strong>Il.</strong></span> 
     </span>
    </p>
   </div>
   <div class='ocr_carea' id='block_1_87' title="bbox 1172 4524 1979 4594">
    <p class='ocr_par' dir='ltr' id='par_1_87' title="bbox 1172 4524 1979 4594">
     <span class='ocr_line' id='line_1_89' title="bbox 1172 4524 1979 4594; baseline -0.01 -10"><span class='ocrx_word' id='word_1_681' title='bbox 1172 4528 1217 4559; x_wconf 79' lang='grc'><strong>’⁵⁸</strong></span> <span class='ocrx_word' id='word_1_682' title='bbox 1247 4528 1361 4583; x_wconf 91' lang='lat' dir='ltr'><strong>Ios.</strong></span> <span class='ocrx_word' id='word_1_683' title='bbox 1397 4544 1454 4594; x_wconf 81' lang='lat' dir='ltr'><strong>x,</strong></span> <span class='ocrx_word' id='word_1_684' title='bbox 1486 4528 1574 4583; x_wconf 74' lang='grc'><strong>12.</strong></span> <span class='ocrx_word' id='word_1_685' title='bbox 1650 4528 1693 4560; x_wconf 74' lang='grc'><strong>⁵⁷</strong></span> <span class='ocrx_word' id='word_1_686' title='bbox 1729 4525 1861 4581; x_wconf 87' lang='lat' dir='ltr'><strong>ibid.</strong></span> <span class='ocrx_word' id='word_1_687' title='bbox 1892 4524 1979 4578; x_wconf 69' lang='grc'><strong>14.</strong></span> 
     </span>
    </p>
   </div>
   <div class='ocr_carea' id='block_1_88' title="bbox 1732 3227 3303 3299">
    <p class='ocr_par' dir='ltr' id='par_1_88' title="bbox 1732 3227 3303 3299">
     <span class='ocr_line' id='line_1_90' title="bbox 1732 3227 3303 3299; baseline -0.004 -11"><span class='ocrx_word' id='word_1_688' title='bbox 1732 3256 1749 3288; x_wconf 83' lang='grc' dir='ltr'>ι</span> <span class='ocrx_word' id='word_1_689' title='bbox 1780 3245 1885 3292; x_wconf 88' lang='lat' dir='ltr'><strong>stet</strong></span> <span class='ocrx_word' id='word_1_690' title='bbox 1911 3233 2012 3299; x_wconf 89' lang='lat' dir='ltr'><strong>sol,</strong></span> <span class='ocrx_word' id='word_1_691' title='bbox 2054 3253 2071 3284; x_wconf 74' lang='grc' dir='ltr'><strong>ι</strong></span> <span class='ocrx_word' id='word_1_692' title='bbox 2100 3248 2199 3286; x_wconf 91' lang='lat' dir='ltr'><strong>nec</strong></span> <span class='ocrx_word' id='word_1_693' title='bbox 2223 3229 2473 3285; x_wconf 78' lang='lat' dir='ltr'><strong>maximis</strong></span> <span class='ocrx_word' id='word_1_694' title='bbox 2507 3230 2792 3298; x_wconf 85' lang='lat' dir='ltr'><strong>imperavit</strong></span> <span class='ocrx_word' id='word_1_695' title='bbox 2818 3229 3122 3292; x_wconf 89' lang='lat' dir='ltr'><strong>clementis,</strong></span> <span class='ocrx_word' id='word_1_696' title='bbox 3159 3227 3303 3283; x_wconf 86' lang='lat' dir='ltr'><strong>sicut</strong></span> 
     </span>
    </p>
   </div>
   <div class='ocr_carea' id='block_1_89' title="bbox 1726 3316 3303 3389">
    <p class='ocr_par' dir='ltr' id='par_1_89' title="bbox 1726 3316 3303 3389">
     <span class='ocr_line' id='line_1_91' title="bbox 1726 3316 3303 3389; baseline -0.009 -5"><span class='ocrx_word' id='word_1_697' title='bbox 1726 3328 1881 3384; x_wconf 88' lang='lat' dir='ltr'><strong>Iesus</strong></span> <span class='ocrx_word' id='word_1_698' title='bbox 1920 3325 2064 3380; x_wconf 80' lang='lat' dir='ltr'><strong>fecit.</strong></span> <span class='ocrx_word' id='word_1_699' title='bbox 2105 3343 2123 3375; x_wconf 75' lang='grc' dir='ltr'>ι</span> <span class='ocrx_word' id='word_1_700' title='bbox 2157 3325 2295 3386; x_wconf 86' lang='lat' dir='ltr'><strong>Stet,</strong></span> <span class='ocrx_word' id='word_1_701' title='bbox 2332 3320 2592 3389; x_wconf 73' lang='lat' dir='ltr'><strong>inquit“,</strong></span> <span class='ocrx_word' id='word_1_702' title='bbox 2619 3321 2697 3374; x_wconf 88' lang='lat' dir='ltr'><strong>sol</strong></span> <span class='ocrx_word' id='word_1_703' title='bbox 2720 3335 2878 3389; x_wconf 90' lang='lat' dir='ltr'><strong>supra</strong></span> <span class='ocrx_word' id='word_1_704' title='bbox 2914 3319 3138 3375; x_wconf 88' lang='lat' dir='ltr'><strong>Gabaon</strong></span> <span class='ocrx_word' id='word_1_705' title='bbox 3165 3316 3303 3388; x_wconf 79' lang='lat'><strong>(65),</strong></span> 
     </span>
    </p>
   </div>
   <div class='ocr_carea' id='block_1_90' title="bbox 1729 3410 3297 3486">
    <p class='ocr_par' dir='ltr' id='par_1_90' title="bbox 1729 3410 3297 3486">
     <span class='ocr_line' id='line_1_92' title="bbox 1729 3410 3297 3486; baseline -0.008 -12"><span class='ocrx_word' id='word_1_706' title='bbox 1729 3432 1782 3474; x_wconf 90' lang='lat' dir='ltr'><strong>et</strong></span> <span class='ocrx_word' id='word_1_707' title='bbox 1813 3420 1938 3474; x_wconf 91' lang='lat' dir='ltr'><strong>luna</strong></span> <span class='ocrx_word' id='word_1_708' title='bbox 1986 3431 2148 3486; x_wconf 91' lang='lat' dir='ltr'><strong>super</strong></span> <span class='ocrx_word' id='word_1_709' title='bbox 2203 3414 2393 3467; x_wconf 88' lang='lat' dir='ltr'><strong>vallem</strong></span> <span class='ocrx_word' id='word_1_710' title='bbox 2452 3414 2635 3476; x_wconf 84' lang='lat' dir='ltr'><strong>Elom;</strong></span> <span class='ocrx_word' id='word_1_711' title='bbox 2673 3432 2690 3463; x_wconf 84' lang='grc'><strong>›</strong></span> <span class='ocrx_word' id='word_1_712' title='bbox 2726 3421 2778 3465; x_wconf 91' lang='lat' dir='ltr'><strong>et</strong></span> <span class='ocrx_word' id='word_1_713' title='bbox 2820 3421 3108 3479; x_wconf 88' lang='lat' dir='ltr'><strong>propterea</strong></span> <span class='ocrx_word' id='word_1_714' title='bbox 3144 3410 3297 3463; x_wconf 89' lang='lat' dir='ltr'><strong>addit</strong></span> 
     </span>
    </p>
   </div>
   <div class='ocr_carea' id='block_1_91' title="bbox 1734 3502 3305 3579">
    <p class='ocr_par' dir='ltr' id='par_1_91' title="bbox 1734 3502 3305 3579">
     <span class='ocr_line' id='line_1_93' title="bbox 1734 3502 3305 3579; baseline -0.006 -14"><span class='ocrx_word' id='word_1_715' title='bbox 1734 3510 2017 3579; x_wconf 85' lang='lat' dir='ltr'><strong>Scriptura</strong></span> <span class='ocrx_word' id='word_1_716' title='bbox 2074 3516 2129 3563; x_wconf 90' lang='lat' dir='ltr'><strong>et</strong></span> <span class='ocrx_word' id='word_1_717' title='bbox 2165 3507 2295 3560; x_wconf 88' lang='lat' dir='ltr'><strong>dicit</strong></span> <span class='ocrx_word' id='word_1_718' title='bbox 2323 3505 2389 3566; x_wconf 70' lang='lat'><strong>‘7,</strong></span> <span class='ocrx_word' id='word_1_719' title='bbox 2424 3504 2549 3573; x_wconf 89' lang='lat' dir='ltr'><strong>quia</strong></span> <span class='ocrx_word' id='word_1_720' title='bbox 2588 3521 2607 3554; x_wconf 73' lang='lat' dir='ltr'><strong>t</strong></span> <span class='ocrx_word' id='word_1_721' title='bbox 2643 3518 2916 3572; x_wconf 87' lang='lat' dir='ltr'><strong>nunquam</strong></span> <span class='ocrx_word' id='word_1_722' title='bbox 2965 3502 3044 3557; x_wconf 91' lang='lat' dir='ltr'><strong>sic</strong></span> <span class='ocrx_word' id='word_1_723' title='bbox 3095 3502 3305 3556; x_wconf 83' lang='lat' dir='ltr'><strong>audivit</strong></span> 
     </span>
    </p>
   </div>
   <div class='ocr_carea' id='block_1_92' title="bbox 1737 3592 3307 3661">
    <p class='ocr_par' dir='ltr' id='par_1_92' title="bbox 1737 3592 3307 3661">
     <span class='ocr_line' id='line_1_94' title="bbox 1737 3592 3307 3661; baseline -0.006 -5"><span class='ocrx_word' id='word_1_724' title='bbox 1737 3601 1879 3656; x_wconf 89' lang='lat' dir='ltr'><strong>Deus</strong></span> <span class='ocrx_word' id='word_1_725' title='bbox 1930 3599 2227 3653; x_wconf 89' lang='lat' dir='ltr'><strong>hominem.</strong></span> <span class='ocrx_word' id='word_1_726' title='bbox 2276 3616 2295 3648; x_wconf 82' lang='grc'><strong><em>›</em></strong></span> <span class='ocrx_word' id='word_1_727' title='bbox 2343 3594 2500 3650; x_wconf 89' lang='lat' dir='ltr'><strong>Iesus</strong></span> <span class='ocrx_word' id='word_1_728' title='bbox 2555 3608 2684 3661; x_wconf 85' lang='lat' dir='ltr'><strong>ergo</strong></span> <span class='ocrx_word' id='word_1_729' title='bbox 2736 3609 2888 3648; x_wconf 89' lang='lat' dir='ltr'><strong>meus</strong></span> <span class='ocrx_word' id='word_1_730' title='bbox 2934 3592 3104 3647; x_wconf 88' lang='lat' dir='ltr'><strong>solem</strong></span> <span class='ocrx_word' id='word_1_731' title='bbox 3157 3600 3307 3647; x_wconf 89' lang='lat' dir='ltr'><strong>stare</strong></span> 
     </span>
    </p>
   </div>
   <div class='ocr_carea' id='block_1_93' title="bbox 1732 3683 3309 3753">
    <p class='ocr_par' dir='ltr' id='par_1_93' title="bbox 1732 3683 3309 3753">
     <span class='ocr_line' id='line_1_95' title="bbox 1732 3683 3309 3753; baseline -0.007 -6"><span class='ocrx_word' id='word_1_732' title='bbox 1732 3691 1861 3747; x_wconf 78' lang='lat' dir='ltr'><strong>fecit</strong></span> <span class='ocrx_word' id='word_1_733' title='bbox 1899 3705 2005 3744; x_wconf 92' lang='lat' dir='ltr'><strong>non</strong></span> <span class='ocrx_word' id='word_1_734' title='bbox 2049 3698 2177 3742; x_wconf 90' lang='lat' dir='ltr'><strong>tunc</strong></span> <span class='ocrx_word' id='word_1_735' title='bbox 2228 3687 2426 3751; x_wconf 89' lang='lat' dir='ltr'><strong>solum,</strong></span> <span class='ocrx_word' id='word_1_736' title='bbox 2473 3686 2567 3739; x_wconf 90' lang='lat' dir='ltr'><strong>sed</strong></span> <span class='ocrx_word' id='word_1_737' title='bbox 2614 3685 2784 3739; x_wconf 90' lang='lat' dir='ltr'><strong>multo</strong></span> <span class='ocrx_word' id='word_1_738' title='bbox 2832 3683 3002 3753; x_wconf 85' lang='lat' dir='ltr'><strong>magis</strong></span> <span class='ocrx_word' id='word_1_739' title='bbox 3046 3683 3204 3738; x_wconf 89' lang='lat' dir='ltr'><strong>modo</strong></span> <span class='ocrx_word' id='word_1_740' title='bbox 3253 3683 3309 3737; x_wconf 88' lang='lat' dir='ltr'><strong>in</strong></span> 
     </span>
    </p>
   </div>
   <div class='ocr_carea' id='block_1_94' title="bbox 1733 3773 3313 3847">
    <p class='ocr_par' dir='ltr' id='par_1_94' title="bbox 1733 3773 3313 3847">
     <span class='ocr_line' id='line_1_96' title="bbox 1733 3773 3313 3847; baseline -0.006 -10"><span class='ocrx_word' id='word_1_741' title='bbox 1733 3783 1964 3837; x_wconf 86' lang='lat' dir='ltr'><strong>adventu</strong></span> <span class='ocrx_word' id='word_1_742' title='bbox 1988 3796 2106 3835; x_wconf 90' lang='lat' dir='ltr'><strong>suo.</strong></span> <span class='ocrx_word' id='word_1_743' title='bbox 2147 3778 2396 3847; x_wconf 87' lang='lat' dir='ltr'><strong>Denique</strong></span> <span class='ocrx_word' id='word_1_744' title='bbox 2433 3778 2558 3832; x_wconf 91' lang='lat' dir='ltr'><strong>dum</strong></span> <span class='ocrx_word' id='word_1_745' title='bbox 2583 3791 2682 3831; x_wconf 91' lang='lat' dir='ltr'><strong>nos</strong></span> <span class='ocrx_word' id='word_1_746' title='bbox 2712 3774 2906 3830; x_wconf 89' lang='lat' dir='ltr'><strong>bellum</strong></span> <span class='ocrx_word' id='word_1_747' title='bbox 2953 3776 3190 3844; x_wconf 88' lang='lat' dir='ltr'><strong>gerimus</strong></span> <span class='ocrx_word' id='word_1_748' title='bbox 3216 3773 3313 3827; x_wconf 88' lang='lat' dir='ltr'><strong>ad-</strong></span> 
     </span>
    </p>
   </div>
   <div class='ocr_carea' id='block_1_95' title="bbox 1734 3868 3313 3937">
    <p class='ocr_par' dir='ltr' id='par_1_95' title="bbox 1734 3868 3313 3937">
     <span class='ocr_line' id='line_1_97' title="bbox 1734 3868 3313 3937; baseline -0.005 -9"><span class='ocrx_word' id='word_1_749' title='bbox 1734 3888 1927 3928; x_wconf 90' lang='lat' dir='ltr'><strong>versus</strong></span> <span class='ocrx_word' id='word_1_750' title='bbox 1971 3872 2225 3926; x_wconf 90' lang='lat' dir='ltr'><strong>inimicos</strong></span> <span class='ocrx_word' id='word_1_751' title='bbox 2269 3879 2504 3937; x_wconf 90' lang='lat' dir='ltr'><strong>nostros,</strong></span> <span class='ocrx_word' id='word_1_752' title='bbox 2552 3879 2608 3924; x_wconf 91' lang='lat' dir='ltr'><strong>et</strong></span> <span class='ocrx_word' id='word_1_753' title='bbox 2651 3868 3011 3924; x_wconf 89' lang='lat' dir='ltr'><strong>colluctamur</strong></span> <span class='ocrx_word' id='word_1_754' title='bbox 3049 3868 3313 3921; x_wconf 88' lang='lat' dir='ltr'><strong>adversus</strong></span> 
     </span>
    </p>
   </div>
   <div class='ocr_carea' id='block_1_96' title="bbox 1734 3958 3314 4035">
    <p class='ocr_par' dir='ltr' id='par_1_96' title="bbox 1734 3958 3314 4035">
     <span class='ocr_line' id='line_1_98' title="bbox 1734 3958 3314 4035; baseline -0.006 -15"><span class='ocrx_word' id='word_1_755' title='bbox 1734 3965 2073 4035; x_wconf 80' lang='lat' dir='ltr'><strong>principatus</strong></span> <span class='ocrx_word' id='word_1_756' title='bbox 2106 3974 2162 4018; x_wconf 91' lang='lat' dir='ltr'><strong>et</strong></span> <span class='ocrx_word' id='word_1_757' title='bbox 2192 3971 2512 4032; x_wconf 89' lang='lat' dir='ltr'><strong>potestates,</strong></span> <span class='ocrx_word' id='word_1_758' title='bbox 2565 3970 2619 4016; x_wconf 90' lang='lat' dir='ltr'><strong>et</strong></span> <span class='ocrx_word' id='word_1_759' title='bbox 2663 3968 2907 4015; x_wconf 88' lang='lat' dir='ltr'><strong>rectores</strong></span> <span class='ocrx_word' id='word_1_760' title='bbox 2965 3958 3314 4013; x_wconf 73' lang='lat' dir='ltr'><strong>tenebrarum</strong></span> 
     </span>
    </p>
   </div>
   <div class='ocr_carea' id='block_1_97' title="bbox 1739 4047 3313 4122">
    <p class='ocr_par' dir='ltr' id='par_1_97' title="bbox 1739 4047 3313 4122">
     <span class='ocr_line' id='line_1_99' title="bbox 1739 4047 3313 4122; baseline -0.005 -12"><span class='ocrx_word' id='word_1_761' title='bbox 1739 4056 1960 4117; x_wconf 89' lang='lat' dir='ltr'><strong>harum,</strong></span> <span class='ocrx_word' id='word_1_762' title='bbox 2001 4052 2268 4108; x_wconf 88' lang='lat' dir='ltr'><strong>adversus</strong></span> <span class='ocrx_word' id='word_1_763' title='bbox 2305 4051 2571 4122; x_wconf 76' lang='lat' dir='ltr'><strong>Spiritalia</strong></span> <span class='ocrx_word' id='word_1_764' title='bbox 2609 4052 2865 4121; x_wconf 86' lang='lat' dir='ltr'><strong>nequitiae</strong></span> <span class='ocrx_word' id='word_1_765' title='bbox 2900 4050 2952 4104; x_wconf 93' lang='lat' dir='ltr'><strong>in</strong></span> <span class='ocrx_word' id='word_1_766' title='bbox 2977 4047 3313 4113; x_wconf 61' lang='lat' dir='ltr'><strong>caelestibus,</strong></span> 
     </span>
    </p>
   </div>
   <div class='ocr_carea' id='block_1_98' title="bbox 1738 4140 3315 4214">
    <p class='ocr_par' dir='ltr' id='par_1_98' title="bbox 1738 4140 3315 4214">
     <span class='ocr_line' id='line_1_100' title="bbox 1738 4140 3315 4214; baseline -0.008 -11"><span class='ocrx_word' id='word_1_767' title='bbox 1738 4146 1819 4203; x_wconf 86' lang='lat' dir='ltr'><strong>sol</strong></span> <span class='ocrx_word' id='word_1_768' title='bbox 1855 4146 2011 4201; x_wconf 79' lang='lat' dir='ltr'><strong>nobis</strong></span> <span class='ocrx_word' id='word_1_769' title='bbox 2032 4144 2263 4214; x_wconf 69' lang='lat' dir='ltr'><strong>iustitia:</strong></span> <span class='ocrx_word' id='word_1_770' title='bbox 2302 4143 2680 4198; x_wconf 86' lang='lat' dir='ltr'><strong>indesinenter</strong></span> <span class='ocrx_word' id='word_1_771' title='bbox 2721 4141 2955 4206; x_wconf 88' lang='lat' dir='ltr'><strong>assistit,</strong></span> <span class='ocrx_word' id='word_1_772' title='bbox 2986 4154 3085 4195; x_wconf 88' lang='lat' dir='ltr'><strong>nec</strong></span> <span class='ocrx_word' id='word_1_773' title='bbox 3116 4140 3315 4194; x_wconf 89' lang='lat' dir='ltr'><strong>deserit</strong></span> 
     </span>
    </p>
   </div>
   <div class='ocr_carea' id='block_1_99' title="bbox 1742 4228 3310 4308">
    <p class='ocr_par' dir='ltr' id='par_1_99' title="bbox 1742 4228 3310 4308">
     <span class='ocr_line' id='line_1_101' title="bbox 1742 4228 3310 4308; baseline -0.008 -14"><span class='ocrx_word' id='word_1_774' title='bbox 1742 4253 2006 4308; x_wconf 85' lang='lat' dir='ltr'><strong>unquam,</strong></span> <span class='ocrx_word' id='word_1_775' title='bbox 2031 4251 2133 4292; x_wconf 90' lang='lat' dir='ltr'><strong>nec</strong></span> <span class='ocrx_word' id='word_1_776' title='bbox 2159 4234 2385 4291; x_wconf 82' lang='lat' dir='ltr'><strong>festinat</strong></span> <span class='ocrx_word' id='word_1_777' title='bbox 2412 4235 2764 4298; x_wconf 86' lang='lat' dir='ltr'><strong>occumbere.</strong></span> <span class='ocrx_word' id='word_1_778' title='bbox 2791 4233 2915 4303; x_wconf 88' lang='lat' dir='ltr'><strong>quia</strong></span> <span class='ocrx_word' id='word_1_779' title='bbox 2949 4231 3064 4302; x_wconf 92' lang='lat' dir='ltr'><strong>ipse</strong></span> <span class='ocrx_word' id='word_1_780' title='bbox 3088 4231 3225 4285; x_wconf 90' lang='lat' dir='ltr'><strong>dixit</strong></span> <span class='ocrx_word' id='word_1_781' title='bbox 3244 4228 3310 4282; x_wconf 62' lang='grc' dir='ltr'><strong>διδ</strong></span> 
     </span>
    </p>
   </div>
   <div class='ocr_carea' id='block_1_100' title="bbox 1788 4442 3312 4513">
    <p class='ocr_par' dir='ltr' id='par_1_100' title="bbox 1788 4442 3312 4513">
     <span class='ocr_line' id='line_1_102' title="bbox 1788 4442 3312 4513; baseline -0.005 -6"><span class='ocrx_word' id='word_1_782' title='bbox 1788 4455 1829 4486; x_wconf 65' lang='grc'>⁸³</span> <span class='ocrx_word' id='word_1_783' title='bbox 1864 4452 1884 4506; x_wconf 91' lang='lat' dir='ltr'><strong>I</strong></span> <span class='ocrx_word' id='word_1_784' title='bbox 1917 4452 2028 4507; x_wconf 88' lang='lat' dir='ltr'><strong>Pet.</strong></span> <span class='ocrx_word' id='word_1_785' title='bbox 2072 4468 2134 4513; x_wconf 91' lang='lat' dir='ltr'><strong>It,</strong></span> <span class='ocrx_word' id='word_1_786' title='bbox 2173 4451 2226 4505; x_wconf 85' lang='lat'><strong>9.</strong></span> <span class='ocrx_word' id='word_1_787' title='bbox 2336 4449 2380 4481; x_wconf 75' lang='lat'>“</span> <span class='ocrx_word' id='word_1_788' title='bbox 2412 4447 2530 4504; x_wconf 79' lang='lat' dir='ltr'><strong>Gal.</strong></span> <span class='ocrx_word' id='word_1_789' title='bbox 2569 4463 2622 4509; x_wconf 88' lang='lat' dir='ltr'><strong>v,</strong></span> <span class='ocrx_word' id='word_1_790' title='bbox 2668 4447 2752 4501; x_wconf 80' lang='lat' dir='ltr'><strong>I7.</strong></span> <span class='ocrx_word' id='word_1_791' title='bbox 2843 4444 2889 4475; x_wconf 65' lang='grc'>⁸³</span> <span class='ocrx_word' id='word_1_792' title='bbox 2920 4443 3075 4499; x_wconf 88' lang='lat' dir='ltr'><strong>Ioan.</strong></span> <span class='ocrx_word' id='word_1_793' title='bbox 3107 4457 3197 4508; x_wconf 75' lang='lat' dir='ltr'><strong>XV,</strong></span> <span class='ocrx_word' id='word_1_794' title='bbox 3225 4442 3312 4499; x_wconf 78' lang='grc'><strong>18.</strong></span> 
     </span>
    </p>
   </div>
   <div class='ocr_carea' id='block_1_101' title="bbox 2056 4519 2681 4584">
    <p class='ocr_par' dir='ltr' id='par_1_101' title="bbox 2056 4519 2681 4584">
     <span class='ocr_line' id='line_1_103' title="bbox 2056 4519 2681 4584; baseline -0.013 -7"><span class='ocrx_word' id='word_1_795' title='bbox 2056 4524 2101 4565; x_wconf 65' lang='grc'><strong>⁸⁸</strong></span> <span class='ocrx_word' id='word_1_796' title='bbox 2128 4521 2322 4576; x_wconf 79' lang='lat' dir='ltr'><strong>Matth.</strong></span> <span class='ocrx_word' id='word_1_797' title='bbox 2360 4534 2554 4584; x_wconf 83' lang='lat' dir='ltr'><strong>xxvttt,</strong></span> <span class='ocrx_word' id='word_1_798' title='bbox 2588 4519 2681 4571; x_wconf 75' lang='grc'><strong>20.</strong></span> 
     </span>
    </p>
   </div>
   <div class='ocr_carea' id='block_1_102' title="bbox 1802 4720 3314 4802">
    <p class='ocr_par' dir='ltr' id='par_1_102' title="bbox 1802 4720 3314 4802">
     <span class='ocr_line' id='line_1_104' title="bbox 1802 4720 3314 4802; baseline -0.007 -15"><span class='ocrx_word' id='word_1_799' title='bbox 1802 4734 1919 4802; x_wconf 84' lang='grc'>(58)</span> <span class='ocrx_word' id='word_1_800' title='bbox 1980 4731 2156 4787; x_wconf 89' lang='lat' dir='ltr'><strong>Codd.</strong></span> <span class='ocrx_word' id='word_1_801' title='bbox 2209 4726 2603 4802; x_wconf 79' lang='lat' dir='ltr'><strong>Gemeticensis</strong></span> <span class='ocrx_word' id='word_1_802' title='bbox 2653 4735 2708 4802; x_wconf 82' lang='lat' dir='ltr'><strong>et</strong></span> <span class='ocrx_word' id='word_1_803' title='bbox 2752 4720 3314 4802; x_wconf 34' lang='lat' dir='ltr'><strong>unusuljlbroicen&#39;si&#39;s.</strong></span> 
     </span>
    </p>
   </div>
   <div class='ocr_carea' id='block_1_103' title="bbox 1740 4789 3317 4866">
    <p class='ocr_par' dir='ltr' id='par_1_103' title="bbox 1740 4789 3317 4866">
     <span class='ocr_line' id='line_1_105' title="bbox 1740 4789 3317 4866; baseline -0.009 -8"><span class='ocrx_word' id='word_1_804' title='bbox 1740 4825 1759 4858; x_wconf 72' lang='grc' dir='ltr'>ί</span> <span class='ocrx_word' id='word_1_805' title='bbox 1785 4789 1850 4858; x_wconf 59' lang='grc' dir='ltr'>δί)</span> <span class='ocrx_word' id='word_1_806' title='bbox 1886 4789 2206 4857; x_wconf 81' lang='lat' dir='ltr'><strong>humilibus.</strong></span> <span class='ocrx_word' id='word_1_807' title='bbox 2235 4819 2253 4851; x_wconf 75' lang='grc' dir='ltr'><strong><em>ι</em></strong></span> <span class='ocrx_word' id='word_1_808' title='bbox 2290 4799 2580 4866; x_wconf 88' lang='lat' dir='ltr'><strong>Sangerm.</strong></span> <span class='ocrx_word' id='word_1_809' title='bbox 2619 4814 2636 4846; x_wconf 73' lang='grc' dir='ltr'>ι</span> <span class='ocrx_word' id='word_1_810' title='bbox 2663 4795 2717 4849; x_wconf 91' lang='lat' dir='ltr'><strong>in</strong></span> <span class='ocrx_word' id='word_1_811' title='bbox 2765 4793 3077 4849; x_wconf 89' lang='lat' dir='ltr'><strong>humilibus.</strong></span> <span class='ocrx_word' id='word_1_812' title='bbox 3106 4810 3128 4866; x_wconf 53' lang='grc' dir='ltr'><em>ε</em></span> <span class='ocrx_word' id='word_1_813' title='bbox 3160 4789 3317 4845; x_wconf 88' lang='lat' dir='ltr'><strong>Libb.</strong></span> 
     </span>
    </p>
   </div>
   <div class='ocr_carea' id='block_1_104' title="bbox 1736 4863 3315 4939">
    <p class='ocr_par' dir='ltr' id='par_1_104' title="bbox 1736 4863 3315 4939">
     <span class='ocr_line' id='line_1_106' title="bbox 1736 4863 3315 4939; baseline -0.011 -10"><span class='ocrx_word' id='word_1_814' title='bbox 1736 4876 1889 4939; x_wconf 90' lang='lat' dir='ltr'><strong>editi,</strong></span> <span class='ocrx_word' id='word_1_815' title='bbox 1930 4892 1947 4923; x_wconf 78' lang='grc' dir='ltr'>ι</span> <span class='ocrx_word' id='word_1_816' title='bbox 1976 4871 2377 4927; x_wconf 86' lang='lat' dir='ltr'><strong>humilioribus.</strong></span> <span class='ocrx_word' id='word_1_817' title='bbox 2408 4863 2433 4919; x_wconf 77' lang='grc' dir='ltr'><strong><em>ἱ</em></strong></span> <span class='ocrx_word' id='word_1_818' title='bbox 2472 4867 2677 4920; x_wconf 87' lang='lat' dir='ltr'><strong>Ibidem</strong></span> <span class='ocrx_word' id='word_1_819' title='bbox 2702 4880 2834 4920; x_wconf 88' lang='lat' dir='ltr'><strong>mss.</strong></span> <span class='ocrx_word' id='word_1_820' title='bbox 2877 4881 2895 4914; x_wconf 77' lang='grc' dir='ltr'>ι</span> <span class='ocrx_word' id='word_1_821' title='bbox 2924 4863 3315 4932; x_wconf 63' lang='lat' dir='ltr'><strong>suscepimus.»</strong></span> 
     </span>
    </p>
   </div>
   <div class='ocr_carea' id='block_1_105' title="bbox 1736 4941 2554 5008">
    <p class='ocr_par' dir='ltr' id='par_1_105' title="bbox 1736 4941 2554 5008">
     <span class='ocr_line' id='line_1_107' title="bbox 1736 4941 2554 5008; baseline -0.015 -8"><span class='ocrx_word' id='word_1_822' title='bbox 1736 4946 1891 5001; x_wconf 87' lang='lat' dir='ltr'><strong>Libb.</strong></span> <span class='ocrx_word' id='word_1_823' title='bbox 1916 4944 2068 5006; x_wconf 91' lang='lat' dir='ltr'><strong>editi,</strong></span> <span class='ocrx_word' id='word_1_824' title='bbox 2113 4962 2132 4994; x_wconf 84' lang='grc'><strong>‹</strong></span> <span class='ocrx_word' id='word_1_825' title='bbox 2162 4941 2509 5008; x_wconf 87' lang='lat' dir='ltr'><strong>suseipitnus.</strong></span> <span class='ocrx_word' id='word_1_826' title='bbox 2535 4956 2554 4988; x_wconf 69' lang='grc' dir='ltr'><strong><em>ι</em></strong></span> 
     </span>
    </p>
   </div>
   <div class='ocr_carea' id='block_1_106' title="bbox 1809 5005 3323 5088">
    <p class='ocr_par' dir='ltr' id='par_1_106' title="bbox 1809 5005 3323 5088">
     <span class='ocr_line' id='line_1_108' title="bbox 1809 5005 3323 5088; baseline -0.011 -17"><span class='ocrx_word' id='word_1_827' title='bbox 1809 5014 1923 5088; x_wconf 81' lang='lat'>(59)</span> <span class='ocrx_word' id='word_1_828' title='bbox 1996 5013 2181 5088; x_wconf 76' lang='lat' dir='ltr'><strong>deex</strong></span> <span class='ocrx_word' id='word_1_829' title='bbox 2245 5005 2758 5088; x_wconf 43' lang='lat' dir='ltr'><strong>Sa&#39;ngert’nanens’i‘s,</strong></span> <span class='ocrx_word' id='word_1_830' title='bbox 2832 5005 3047 5088; x_wconf 63' lang='lat' dir='ltr'><strong>rsubit,</strong></span> <span class='ocrx_word' id='word_1_831' title='bbox 3088 5021 3107 5054; x_wconf 74' lang='grc' dir='ltr'><strong><em>ι</em></strong></span> <span class='ocrx_word' id='word_1_832' title='bbox 3169 5016 3323 5088; x_wconf 51' lang='lat' dir='ltr'><strong>{I‘IIIUSI</strong></span> 
     </span>
    </p>
   </div>
   <div class='ocr_carea' id='block_1_107' title="bbox 1734 5070 3321 5149">
    <p class='ocr_par' dir='ltr' id='par_1_107' title="bbox 1734 5070 3321 5149">
     <span class='ocr_line' id='line_1_109' title="bbox 1734 5070 3321 5149; baseline -0.011 -8"><span class='ocrx_word' id='word_1_833' title='bbox 1734 5070 2110 5145; x_wconf 56' lang='lat' dir='ltr'><strong>Eb‘roicensis,</strong></span> <span class='ocrx_word' id='word_1_834' title='bbox 2149 5100 2166 5132; x_wconf 73' lang='grc' dir='ltr'>ι</span> <span class='ocrx_word' id='word_1_835' title='bbox 2199 5070 2389 5136; x_wconf 71' lang='grc' dir='ltr'><strong>«ευωὶιῖ</strong></span> <span class='ocrx_word' id='word_1_836' title='bbox 2413 5098 2431 5131; x_wconf 73' lang='grc' dir='ltr'><strong><em>ι</em></strong></span> <span class='ocrx_word' id='word_1_837' title='bbox 2466 5078 2647 5133; x_wconf 81' lang='lat' dir='ltr'><strong>Codex</strong></span> <span class='ocrx_word' id='word_1_838' title='bbox 2681 5074 3102 5149; x_wconf 82' lang='lat' dir='ltr'><strong>Cerneticensis,</strong></span> <span class='ocrx_word' id='word_1_839' title='bbox 3136 5070 3321 5149; x_wconf 72' lang='lat' dir='ltr'><strong>«Quod</strong></span> 
     </span>
    </p>
   </div>
   <div class='ocr_carea' id='block_1_108' title="bbox 1736 5144 3319 5226">
    <p class='ocr_par' dir='ltr' id='par_1_108' title="bbox 1736 5144 3319 5226">
     <span class='ocr_line' id='line_1_110' title="bbox 1736 5144 3319 5226; baseline -0.011 -14"><span class='ocrx_word' id='word_1_840' title='bbox 1736 5173 1866 5226; x_wconf 85' lang='lat' dir='ltr'><strong>ergo</strong></span> <span class='ocrx_word' id='word_1_841' title='bbox 1928 5144 2244 5207; x_wconf 86' lang='lat' dir='ltr'><strong>inimicitias</strong></span> <span class='ocrx_word' id='word_1_842' title='bbox 2300 5149 2547 5218; x_wconf 84' lang='lat' dir='ltr'><strong>suscepit</strong></span> <span class='ocrx_word' id='word_1_843' title='bbox 2602 5147 2863 5201; x_wconf 81' lang='lat' dir='ltr'><strong>meretrix</strong></span> <span class='ocrx_word' id='word_1_844' title='bbox 2904 5144 3033 5216; x_wconf 86' lang='lat' dir='ltr'><strong>quid</strong></span> <span class='ocrx_word' id='word_1_845' title='bbox 3087 5152 3173 5197; x_wconf 90' lang='lat' dir='ltr'><strong>est</strong></span> <span class='ocrx_word' id='word_1_846' title='bbox 3215 5144 3319 5195; x_wconf 89' lang='lat' dir='ltr'><strong>nisi</strong></span> 
     </span>
    </p>
   </div>
   <div class='ocr_carea' id='block_1_109' title="bbox 1769 5241 2100 5280">
    <p class='ocr_par' dir='ltr' id='par_1_109' title="bbox 1769 5241 2100 5280">
     <span class='ocr_line' id='line_1_111' title="bbox 1769 5241 2100 5280; baseline -0.015 0"><span class='ocrx_word' id='word_1_847' title='bbox 1769 5243 1855 5280; x_wconf 83' lang='lat' dir='ltr'><strong>Uta</strong></span> <span class='ocrx_word' id='word_1_848' title='bbox 1887 5241 2035 5277; x_wconf 83' lang='lat' dir='ltr'><strong>caro.</strong></span> <span class='ocrx_word' id='word_1_849' title='bbox 2082 5242 2100 5275; x_wconf 73' lang='grc' dir='ltr'><strong><em>ι</em></strong></span> 
     </span>
    </p>
   </div>
   <div class='ocr_carea' id='block_1_110' title="bbox 1729 5243 3319 5367">
    <p class='ocr_par' dir='ltr' id='par_1_110' title="bbox 1729 5243 3319 5367">
     <span class='ocr_line' id='line_1_112' title="bbox 1729 5243 3319 5367; baseline -0.009 -17"><span class='ocrx_word' id='word_1_850' title='bbox 1729 5243 2148 5367; x_wconf 49' lang='grc' dir='ltr'><strong>ρυὶἓῶδὲὀάἓχ</strong></span> <span class='ocrx_word' id='word_1_851' title='bbox 2199 5289 2618 5355; x_wconf 85' lang='lat' dir='ltr'><strong>Gemeticensis,</strong></span> <span class='ocrx_word' id='word_1_852' title='bbox 2669 5306 2689 5340; x_wconf 70' lang='grc' dir='ltr'>ι</span> <span class='ocrx_word' id='word_1_853' title='bbox 2743 5288 2860 5342; x_wconf 84' lang='lat' dir='ltr'><strong>haec</strong></span> <span class='ocrx_word' id='word_1_854' title='bbox 2904 5294 3090 5341; x_wconf 88' lang='lat' dir='ltr'><strong>nostra</strong></span> <span class='ocrx_word' id='word_1_855' title='bbox 3144 5295 3319 5337; x_wconf 85' lang='lat' dir='ltr'><strong>mere-</strong></span> 
     </span>
    </p>
   </div>
   <div class='ocr_carea' id='block_1_111' title="bbox 1741 5378 3325 5506">
    <p class='ocr_par' dir='ltr' id='par_1_111' title="bbox 1741 5378 3325 5506">
     <span class='ocr_line' id='line_1_113' title="bbox 1741 5378 3325 5506; baseline -0.01 -15"><span class='ocrx_word' id='word_1_856' title='bbox 1741 5378 1926 5506; x_wconf 41' lang='lat' dir='ltr'><strong>mtxbrl)</strong></span> <span class='ocrx_word' id='word_1_857' title='bbox 1978 5436 2144 5499; x_wconf 84' lang='lat' dir='ltr'><strong>Idem,</strong></span> <span class='ocrx_word' id='word_1_858' title='bbox 2183 5452 2201 5485; x_wconf 75' lang='grc' dir='ltr'><strong><em>ι</em></strong></span> <span class='ocrx_word' id='word_1_859' title='bbox 2238 5430 2631 5506; x_wconf 27' lang='grc' dir='ltr'><strong>ρετμᾳιοεξιευιιξ</strong></span> <span class='ocrx_word' id='word_1_860' title='bbox 2662 5436 2902 5484; x_wconf 90' lang='lat' dir='ltr'><strong>montem</strong></span> <span class='ocrx_word' id='word_1_861' title='bbox 2943 5423 3008 5480; x_wconf 90' lang='lat' dir='ltr'><strong>ad</strong></span> <span class='ocrx_word' id='word_1_862' title='bbox 3049 5423 3262 5489; x_wconf 83' lang='lat' dir='ltr'><strong>Iesum,</strong></span> <span class='ocrx_word' id='word_1_863' title='bbox 3291 5437 3325 5475; x_wconf 66' lang='lat' dir='ltr'><strong>ts</strong></span> 
     </span>
    </p>
   </div>
   <div class='ocr_carea' id='block_1_112' title="bbox 1743 5501 2684 5576">
    <p class='ocr_par' dir='ltr' id='par_1_112' title="bbox 1743 5501 2684 5576">
     <span class='ocr_line' id='line_1_114' title="bbox 1743 5501 2684 5576; baseline -0.013 -11"><span class='ocrx_word' id='word_1_864' title='bbox 1743 5501 1930 5576; x_wconf 79' lang='lat' dir='ltr'><strong>sicque</strong></span> <span class='ocrx_word' id='word_1_865' title='bbox 1964 5506 2125 5560; x_wconf 88' lang='lat' dir='ltr'><strong>habet</strong></span> <span class='ocrx_word' id='word_1_866' title='bbox 2152 5501 2290 5576; x_wconf 74' lang='lat' dir='ltr'><strong>unus</strong></span> <span class='ocrx_word' id='word_1_867' title='bbox 2324 5501 2684 5576; x_wconf 81' lang='lat' dir='ltr'><strong>Ebroicensis.</strong></span> 
     </span>
    </p>
   </div>
   <div class='ocr_carea' id='block_1_113' title="bbox 1818 5565 3087 5649">
    <p class='ocr_par' dir='ltr' id='par_1_113' title="bbox 1818 5565 3087 5649">
     <span class='ocr_line' id='line_1_115' title="bbox 1818 5565 3087 5649; baseline -0.009 -18"><span class='ocrx_word' id='word_1_868' title='bbox 1818 5565 1929 5649; x_wconf 65' lang='grc' dir='ltr'>(ὺῖ)</span> <span class='ocrx_word' id='word_1_869' title='bbox 1970 5578 2153 5649; x_wconf 82' lang='lat' dir='ltr'><strong>Codex</strong></span> <span class='ocrx_word' id='word_1_870' title='bbox 2187 5572 2601 5649; x_wconf 67' lang='lat' dir='ltr'><strong>Cerneticensis,</strong></span> <span class='ocrx_word' id='word_1_871' title='bbox 2634 5589 2653 5649; x_wconf 59' lang='grc' dir='ltr'>ς</span> <span class='ocrx_word' id='word_1_872' title='bbox 2692 5567 2756 5622; x_wconf 90' lang='lat' dir='ltr'><strong>ad</strong></span> <span class='ocrx_word' id='word_1_873' title='bbox 2794 5565 3087 5649; x_wconf 27' lang='lat' dir='ltr'><strong>infernalis!</strong></span> 
     </span>
    </p>
   </div>
   <div class='ocr_carea' id='block_1_114' title="bbox 1822 5637 3245 5720">
    <p class='ocr_par' dir='ltr' id='par_1_114' title="bbox 1822 5637 3245 5720">
     <span class='ocr_line' id='line_1_116' title="bbox 1822 5637 3245 5720; baseline -0.011 -17"><span class='ocrx_word' id='word_1_874' title='bbox 1822 5637 1935 5720; x_wconf 66' lang='grc'>((55)</span> <span class='ocrx_word' id='word_1_875' title='bbox 1975 5647 2154 5720; x_wconf 84' lang='lat' dir='ltr'><strong>Codex</strong></span> <span class='ocrx_word' id='word_1_876' title='bbox 2189 5640 2717 5720; x_wconf 65' lang='lat' dir='ltr'><strong>Sangermancnsis,</strong></span> <span class='ocrx_word' id='word_1_877' title='bbox 2750 5661 2765 5692; x_wconf 72' lang='grc' dir='ltr'>ι</span> <span class='ocrx_word' id='word_1_878' title='bbox 2809 5653 2973 5708; x_wconf 85' lang='lat' dir='ltr'><strong>supra</strong></span> <span class='ocrx_word' id='word_1_879' title='bbox 2998 5637 3245 5693; x_wconf 81' lang='lat' dir='ltr'><strong>Gabaon.</strong></span> 
     </span>
    </p>
   </div>
   <div class='ocr_carea' id='block_1_115' title="bbox 1750 5713 2667 5785">
    <p class='ocr_par' dir='ltr' id='par_1_115' title="bbox 1750 5713 2667 5785">
     <span class='ocr_line' id='line_1_117' title="bbox 1750 5713 2667 5785; baseline -0.014 -9"><span class='ocrx_word' id='word_1_880' title='bbox 1750 5713 2093 5784; x_wconf 46' lang='lat' dir='ltr'><strong>Libbfcditi,</strong></span> <span class='ocrx_word' id='word_1_881' title='bbox 2129 5736 2146 5769; x_wconf 82' lang='grc' dir='ltr'>ι</span> <span class='ocrx_word' id='word_1_882' title='bbox 2181 5730 2344 5785; x_wconf 89' lang='lat' dir='ltr'><strong>super</strong></span> <span class='ocrx_word' id='word_1_883' title='bbox 2369 5713 2612 5769; x_wconf 84' lang='lat' dir='ltr'><strong>Cabaon.</strong></span> <span class='ocrx_word' id='word_1_884' title='bbox 2648 5730 2667 5763; x_wconf 75' lang='grc' dir='ltr'><strong><em>ι</em></strong></span> 
     </span>
    </p>
   </div>
   <div class='ocr_carea' id='block_1_116' title="bbox 140 5500 1634 5585">
    <p class='ocr_par' dir='ltr' id='par_1_116' title="bbox 140 5500 1634 5585">
     <span class='ocr_line' id='line_1_118' title="bbox 140 5500 1634 5585; baseline 0.002 -24"><span class='ocrx_word' id='word_1_885' title='bbox 282 5508 445 5565; x_wconf 88' lang='lat' dir='ltr'><strong>Iidem</strong></span> <span class='ocrx_word' id='word_1_886' title='bbox 506 5528 640 5567; x_wconf 87' lang='lat' dir='ltr'><strong>mss.</strong></span> <span class='ocrx_word' id='word_1_887' title='bbox 703 5500 888 5567; x_wconf 67' lang='lat' dir='ltr'><strong>(Vide</strong></span> <span class='ocrx_word' id='word_1_888' title='bbox 950 5520 1201 5565; x_wconf 63' lang='lat' dir='ltr'><strong>autem.»</strong></span> <span class='ocrx_word' id='word_1_889' title='bbox 1274 5509 1429 5566; x_wconf 89' lang='lat' dir='ltr'><strong>Libb.</strong></span> <span class='ocrx_word' id='word_1_890' title='bbox 1481 5511 1634 5578; x_wconf 90' lang='lat' dir='ltr'><strong>editi,</strong></span> 
     </span>
    </p>
   </div>
   <div class='ocr_carea' id='block_1_117' title="bbox 79 5574 1583 5637">
    <p class='ocr_par' dir='ltr' id='par_1_117' title="bbox 79 5574 1583 5637">
     <span class='ocr_line' id='line_1_119' title="bbox 79 5574 1583 5637; baseline 0.005 -9"><span class='ocrx_word' id='word_1_891' title='bbox 79 5584 92 5616; x_wconf 74' lang='grc' dir='ltr'>ί</span> <span class='ocrx_word' id='word_1_892' title='bbox 122 5574 409 5637; x_wconf 73' lang='lat' dir='ltr'><strong>Videamus.</strong></span> <span class='ocrx_word' id='word_1_893' title='bbox 446 5602 467 5634; x_wconf 78' lang='grc' dir='ltr'><strong><em>ι</em></strong></span> <span class='ocrx_word' id='word_1_894' title='bbox 1578 5600 1583 5605; x_wconf 83' lang='grc'><em>’</em></span> 
     </span>
    </p>
   </div>
   <div class='ocr_carea' id='block_1_118' title="bbox 138 5644 1636 5716">
    <p class='ocr_par' dir='ltr' id='par_1_118' title="bbox 138 5644 1636 5716">
     <span class='ocr_line' id='line_1_120' title="bbox 138 5644 1636 5716; baseline 0.003 -15"><span class='ocrx_word' id='word_1_895' title='bbox 138 5644 421 5716; x_wconf 65' lang='grc' dir='ltr'><strong>(ξιϋμὶύειυ</strong></span> <span class='ocrx_word' id='word_1_896' title='bbox 454 5668 589 5707; x_wconf 88' lang='lat' dir='ltr'><strong>mss.</strong></span> <span class='ocrx_word' id='word_1_897' title='bbox 616 5652 913 5707; x_wconf 66' lang='lat' dir='ltr'><strong>«fructus.»</strong></span> <span class='ocrx_word' id='word_1_898' title='bbox 944 5652 1101 5706; x_wconf 85' lang='lat' dir='ltr'><strong>Libb.</strong></span> <span class='ocrx_word' id='word_1_899' title='bbox 1122 5652 1276 5716; x_wconf 89' lang='lat' dir='ltr'><strong>editi,</strong></span> <span class='ocrx_word' id='word_1_900' title='bbox 1308 5652 1636 5707; x_wconf 63' lang='lat' dir='ltr'><strong>«fructum.»</strong></span> 
     </span>
    </p>
   </div>
   <div class='ocr_carea' id='block_1_119' title="bbox 143 5713 1644 5795">
    <p class='ocr_par' dir='ltr' id='par_1_119' title="bbox 143 5713 1644 5795">
     <span class='ocr_line' id='line_1_121' title="bbox 143 5713 1644 5795; baseline 0.005 -21"><span class='ocrx_word' id='word_1_901' title='bbox 143 5713 242 5784; x_wconf 32' lang='lat'>(57&#39;)</span> <span class='ocrx_word' id='word_1_902' title='bbox 278 5720 460 5795; x_wconf 78' lang='lat' dir='ltr'><strong>Codex</strong></span> <span class='ocrx_word' id='word_1_903' title='bbox 518 5724 829 5795; x_wconf 87' lang='lat' dir='ltr'><strong>Sangerm.,</strong></span> <span class='ocrx_word' id='word_1_904' title='bbox 893 5742 910 5773; x_wconf 75' lang='grc' dir='ltr'>ι</span> <span class='ocrx_word' id='word_1_905' title='bbox 950 5740 1152 5792; x_wconf 78' lang='lat' dir='ltr'><strong>regem.</strong></span> <span class='ocrx_word' id='word_1_906' title='bbox 1185 5743 1202 5775; x_wconf 72' lang='grc' dir='ltr'><strong><em>ι</em></strong></span> <span class='ocrx_word' id='word_1_907' title='bbox 1264 5713 1424 5777; x_wconf 85' lang='lat' dir='ltr'><strong>Libb.</strong></span> <span class='ocrx_word' id='word_1_908' title='bbox 1486 5726 1644 5793; x_wconf 87' lang='lat' dir='ltr'><strong>editi,</strong></span> 
     </span>
    </p>
   </div>
   <div class='ocr_carea' id='block_1_120' title="bbox 93 5793 1462 5862">
    <p class='ocr_par' dir='ltr' id='par_1_120' title="bbox 93 5793 1462 5862">
     <span class='ocr_line' id='line_1_122' title="bbox 93 5793 1462 5862; baseline 0.005 -22"><span class='ocrx_word' id='word_1_909' title='bbox 93 5797 276 5844; x_wconf 70' lang='lat' dir='ltr'><strong>necte.</strong></span> <span class='ocrx_word' id='word_1_910' title='bbox 303 5810 322 5844; x_wconf 73' lang='grc' dir='ltr'><strong><em>ι</em></strong></span> <span class='ocrx_word' id='word_1_911' title='bbox 351 5793 559 5849; x_wconf 80' lang='lat' dir='ltr'><strong>Ibidem</strong></span> <span class='ocrx_word' id='word_1_912' title='bbox 591 5793 726 5851; x_wconf 63' lang='lat' dir='ltr'><strong>idem</strong></span> <span class='ocrx_word' id='word_1_913' title='bbox 757 5812 858 5852; x_wconf 89' lang='lat' dir='ltr'><strong>ms.</strong></span> <span class='ocrx_word' id='word_1_914' title='bbox 899 5814 916 5846; x_wconf 70' lang='grc' dir='ltr'><strong>ε</strong></span> <span class='ocrx_word' id='word_1_915' title='bbox 948 5795 1121 5862; x_wconf 80' lang='lat' dir='ltr'><strong>prima</strong></span> <span class='ocrx_word' id='word_1_916' title='bbox 1152 5794 1409 5851; x_wconf 89' lang='lat' dir='ltr'><strong>occurrit.</strong></span> <span class='ocrx_word' id='word_1_917' title='bbox 1442 5814 1462 5847; x_wconf 73' lang='grc' dir='ltr'><strong><em>ι</em></strong></span> 
     </span>
    </p>
   </div>
  </div>
