3874 6504
547 339 647 396 831

2012 336 2094 395 Oil

2202 338 2334 396 ΞΝιὸ
2778 373 2781 375 >
3675 350 3762 405 831

550 457 690 514 Ecce
714 471 813 527 ego
838 454 1116 512 vobiscum
1151 470 1271 511 sum
1311 455 1562 512 omnibus
1591 455 1800 513 diebus.
1835 475 1854 509 ι
1885 453 2000 511 Non
2029 473 2120 513 so-
2149 462 2196 518 Α
2293 460 2350 517 7.
2381 458 2491 512 Sub
2520 457 2701 514 Moseo
2725 475 2827 515 non
2863 470 2945 518 est
2971 463 3179 518 dictum
3218 463 3321 520 hoc
3355 466 3501 535 quod
3546 467 3639 520 sub
3665 467 3766 524 les:

549 545 661 601 lum
692 557 870 601 autem
907 546 1180 616 duplicato
1203 547 1290 604 die
1315 547 1594 603 nobiscum
1619 557 1727 615 est,
1749 549 1844 603 sed
1867 550 2120 605 omnibus

548 638 739 692 diebus
764 644 849 693 est
876 653 1048 707 usque
1077 639 1143 692 ad
1175 641 1697 694 consummationem
1719 639 1922 706 saeculi,
1948 640 2119 696 donec

546 738 600 783 et
623 744 719 784 nos
747 731 1092 785 obtineamus
1112 732 1452 787 adversarios
1475 740 1709 787 nostros.
1788 743 1794 748 '

623 823 677 877 6.
707 822 812 878 Sed
841 832 897 878 et
923 822 1050 878 illud
1089 823 1387 889 videamus,
1418 824 1546 893 quid
1568 836 1649 880 est
1675 824 1818 895 quod
1853 828 2116 897 repromi-

543 911 797 970 sitJesus
832 913 1095 969 militibus
1141 917 1293 968 suis:
1334 932 1351 965 ι
1386 912 1599 982 Omnis,
1647 915 1823 984 inquit
1852 915 1921 981 δ’,
1969 917 2123 973 locns

539 1019 924 1076 quemcunque
974 1006 1327 1061 subdideritis
1374 1008 1620 1076 vestigiis
1661 1009 1854 1077 pedum
1902 1021 2113 1066 vestro-

543 1114 690 1162 rum,
726 1108 906 1154 vester
933 1098 1060 1154 erit.
1098 1119 1117 1152 ι
1154 1100 1370 1155 Dixerat
1405 1101 1508 1155 hoc
1535 1101 1638 1156 illis
1660 1102 1748 1171 qui
1779 1110 1906 1158 tunc
1933 1113 2107 1168 erant,

538 1189 607 1245 de
645 1189 961 1260 regionibus
992 1191 1449 1255 Chananaeorum,
1478 1193 1914 1260 Pherezzcorum,
1943 1195 2109 1250 Jebu-

535 1296 793 1346 suorum,
831 1291 1262 1352 czeterarumqne
1313 1284 1552 1353 gentium
1585 1301 1818 1354 quarum
1863 1287 2110 1356 regiones

531 1374 779 1443 expulsis
806 1374 1039 1445 indignis
1067 1375 1486 1439 habitatoribus,
1532 1376 1631 1445 ipsi
1673 1378 1992 1434 haereditate
2021 1396 2105 1436 ce-

534 1476 734 1532 perunt
763 1481 776 1518 :
810 1464 903 1518 sed
934 1466 1087 1520 nobis
1113 1466 1166 1519 in
1200 1465 1281 1518 his
1311 1466 1490 1520 verbis
1516 1467 1644 1535 quid
1680 1470 2102 1539 rcpromittitur,

537 1554 834 1608 videamus.
873 1554 1012 1610 Sunt
1039 1555 1282 1622 quaedam
1308 1557 1742 1614 adversariarum
1775 1571 2104 1630 potestatum

535 1656 726 1713 gentes
770 1645 1070 1713 diabolicae,
1105 1645 1390 1701 adversum
1431 1662 1569 1718 quas
1621 1649 1776 1704 nobis
1822 1662 2102 1708 certamen

534 1737 766 1806 geritur,
815 1748 870 1790 et
917 1751 1117 1807 agones
1144 1738 1198 1792 in
1236 1738 1337 1794 hac
1374 1739 1485 1793 vita
1533 1741 1891 1798 desudantur.
1921 1744 2105 1812 Quan-

2223 550 2426 604 dicilur
2457 550 2526 616 ⁸⁸,
2553 551 2678 620 quia
2711 569 2731 604 ι
2768 554 3002 608 cessavit
3032 562 3176 610 terra
3206 571 3234 610 a
3274 557 3503 628 praeliis.
3535 576 3553 609 ι
3583 557 3766 615 Certum

2221 650 2306 697 est
2336 641 2478 710 quod
2507 651 2562 698 et
2594 653 2737 698 terra
2763 655 2948 700 nostra
2975 647 3113 714 hrec,
3143 649 3197 704 in
3238 664 3346 718 qua
3377 665 3589 716 agones
3630 652 3767 706 habe-

2220 745 2361 795 mus,
2393 739 2449 785 et
2484 733 2790 787 certamina
2843 737 3201 803 sustinemus,
3228 739 3401 794 solius
3429 738 3561 794 Jesu
3596 742 3768 797 Domini

2218 821 2419 876 virtute
2464 838 2682 880 cessare
2737 828 2940 895 poterit
2964 844 2992 880 a
3019 829 3241 898 praeliis.
3270 829 3420 886 Intra
3465 849 3572 887 nos
3604 846 3768 888 etenim

2217 925 2345 969 sunt
2366 929 2556 970 omnes
2588 927 2776 986 gentes
2802 920 2918 975 ista:
2943 922 3220 987 vitiorum,
3244 940 3368 994 qua:
3398 925 3770 995 animamjugi-

2228 1013 2311 1059 ter
2333 1015 2385 1060 et
2423 1006 2802 1065 indesinenter
2831 1019 3159 1083 Oppugna'nt.
3196 1015 3342 1070 lntra
3378 1033 3482 1073 nos
3511 1030 3638 1073 sunt
3660 1021 3768 1074 Cha-

2220 1095 2394 1150 nanaei
2419 1096 2555 1167 (69),
2601 1099 2745 1154 intra
2798 1116 2898 1156 nos
2923 1114 3050 1158 sunt
3085 1104 3385 1172 Pherezzei,
3424 1111 3517 1164 hic
3559 1122 3678 1164 sunt
3704 1112 3768 1167 1r-

2213 1187 2404 1241 huszei.
2437 1187 2684 1256 Qualiter
2709 1206 2838 1262 ergo
2867 1193 3023 1248 nobis
3051 1194 3412 1251 laborandum
3441 1209 3550 1263 est,
3573 1203 3767 1270 qualiter

2213 1278 2570 1349 vigilandum,
2598 1282 2682 1337 vel
2712 1297 2918 1353 quanto
2947 1295 3186 1358 tempore
3219 1295 3701 1360 perseverandum,
3725 1307 3766 1349 ut

2210 1372 2463 1427 omnibus
2495 1374 2615 1430 istis
2655 1375 2723 1430 de
2753 1378 2910 1432 nobis
2938 1381 3193 1436 vitiorum
3231 1383 3494 1452 gentibus
3517 1383 3761 1456 eﬂ‘ugatis,

2213 1464 2427 1518 tandem
2481 1474 2623 1520 terra
2668 1477 2852 1522 nostra
2887 1482 3065 1526 cesset
3109 1487 3139 1526 a
3175 1473 3371 1529 bellis?
3403 1474 3471 1529 Et
3510 1475 3632 1530 ideo
3663 1476 3762 1532 Pro-

2209 1556 2369 1623 pheta
2398 1568 2711 1612 commonet
2745 1558 2811 1626 ",
2851 1570 2910 1614 ut
2947 1561 2998 1616 in
3051 1563 3169 1634 lege
3214 1565 3438 1620 Domini
3472 1569 3761 1624 meditemur

2208 1646 2297 1701 die
2320 1663 2382 1702 ac
2410 1658 2586 1703 nocte.
2623 1649 2753 1716 Quae
2786 1652 2970 1721 utique
3006 1651 3315 1712 divinorum
3348 1660 3647 1714 verborum
3675 1679 3759 1716 tae-

2206 1738 2418 1802 ditatio,
2446 1741 2590 1796 velut
2620 1744 2743 1798 tuba
2767 1745 3013 1813 quaedam
3038 1756 3121 1802 est
3156 1749 3376 1806 animos
3408 1759 3536 1806 tuos
3562 1753 3625 1806 ad
3655 1770 3757 1822 pr:-

536 1803 838 1896 tasciiiiqiie
867 1803 998 1898 ergo
1033 1844 1100 1883 ex
1132 1829 1217 1884 his
1246 1838 1436 1898 gentes
1465 1832 1694 1901 pedibus
1722 1837 1929 1892 nostris
1971 1839 2103 1892 sub-
2135 1803 2176 1858 Β
2205 1829 2335 1886 lium
2384 1836 2669 1892 concitans
2710 1837 2847 1908 (70),
2895 1854 2964 1894 ne
3011 1838 3154 1896 forte
3177 1841 3512 1899 adversario
3540 1845 3755 1915 vigilante

529 1919 848 1988 diderimus,
895 1931 1341 1992 quantoscunque
1372 1924 1423 1979 in
1448 1929 1746 1984 certamine
1787 1932 2098 1997 vicerimus,

532 2011 772 2080 ipsorum
801 2013 1067 2084 regiones,
1098 2016 1339 2085 ipsorum
1363 2019 1676 2088 provincias
1701 2030 1754 2076 et
1776 2024 2099 2094 regna,Jesu

529 2102 929 2166 nobisDomino
959 2107 1340 2178 distribuente,
1366 2111 1666 2181 capiemus.
1687 2113 1930 2170 Fuerunt
1954 2119 2098 2174 enim

529 2199 601 2254 illi
625 2200 913 2270 aliquando
936 2203 1135 2275 angeli,
1167 2209 1388 2260 luerunt
1421 2206 1472 2260 in
1501 2222 1666 2275 regno
1688 2207 1781 2264 Dei
1807 2212 2097 2281 magniﬁci.

527 2291 721 2346 Annon
749 2292 975 2363 legimus
1005 2298 1147 2366 quod
1179 2296 1347 2354 Isaias
1373 2299 1504 2355 dicit
1537 2303 1602 2356 de
1627 2317 1734 2357 uno
1762 2318 1829 2358 ex
1863 2304 1990 2374 ipsis
2011 2306 2095 2362 “z

530 2399 552 2432 ι
579 2381 859 2448 Quomodo
886 2385 1085 2441 cecidit
1102 2385 1316 2442 Lucifer
1337 2389 1427 2459 qui
1450 2405 1607 2446 mane
1626 2393 1906 2450 oriebatur
1927 2394 2090 2468 (64)?»

527 2471 746 2527 Lucil‘er
798 2473 902 2531 iste
960 2477 1081 2532 sine
1115 2477 1280 2532 dubio
1310 2479 1496 2533 sedem
1533 2479 1768 2536 habebat
1810 2485 1861 2537 in
1894 2485 2048 2539 cmlis
2080 2503 2095 2542 :

528 2573 710 2632 postea
745 2579 874 2620 vero
906 2582 1064 2635 quam
1097 2567 1272 2622 factus
1299 2580 1380 2624 est
1412 2571 1636 2641 angelus
1663 2574 1872 2644 refuga,
1900 2577 1943 2630 si
1973 2590 2094 2631 eum

529 2659 744 2713 vincere
796 2669 1021 2728 potuero
1047 2671 1102 2716 et
1147 2663 1416 2731 subjicere
1456 2667 1682 2734 pedibus
1716 2669 1870 2734 meis,
1901 2671 1943 2724 si
1986 2687 2098 2726 me-

527 2763 688 2802 ruero
718 2759 774 2803 ut
797 2750 1057 2808 Dominus
1084 2769 1235 2809 meus
1262 2754 1418 2811 Jesus
1440 2767 1691 2813 conterat
1719 2758 1976 2815 Satanam
1998 2763 2096 2820 sub

522 2839 752 2906 pedibus
781 2843 936 2911 meis,
960 2857 1360 2914 consequenter
1385 2847 1562 2904 locum
1591 2849 1828 2906 Luciferi
1851 2855 2096 2924 accipere

525 2932 778 2988 merebor
819 2935 872 2989 in
924 2936 1095 2993 caelis.
1132 2937 1220 2993 Sic
1248 2955 1378 3010 ergo
1425 2941 1776 3010 intelligimus
1826 2945 1938 3016 (65)
1971 2963 2097 3018 pro~

526 3024 663 3079 mitti
713 3028 869 3084 nobis
905 3031 972 3084 ab
1019 3029 1148 3086 Jesu
1193 3031 1424 3088 Domino
1463 3045 1672 3103 nostro,
1723 3040 1865 3108 quod
1915 3041 2094 3097 omnis

2204 1932 2261 1978 tu
2291 1925 2552 1985 dormias.
2610 1929 2734 1984 Ideo
2763 1945 2864 1986 nec
2902 1933 3017 1987 dies
3047 1934 3110 1987 ad
3148 1935 3542 1992 meditandum
3575 1939 3752 2004 sum,

2203 2018 2296 2070 sed
2319 2026 2373 2071 et
2405 2032 2512 2072 nox
2538 2021 2865 2090 adjnngitur.
2885 2024 2993 2080 Vos
3011 2041 3140 2080 vero
3157 2027 3288 2096 quid
3307 2027 3554 2093 facietis,
3574 2033 3657 2100 qui
3674 2050 3750 2088 υίιιι

2202 2108 2376 2161 solum
2396 2117 2552 2164 nocte
2573 2110 2846 2179 dormitis,
2864 2117 2957 2170 sed
2975 2127 3028 2171 et
3055 2126 3165 2172 tota
3186 2118 3276 2172 die
3293 2129 3392 2173 aut
3407 2125 3752 2191 occupationi-

2202 2199 2300 2254 bus
2313 2201 2520 2268 sazculi,
2540 2213 2632 2257 aut
2647 2206 2828 2260 carnis
2842 2207 3047 2263 deliciis
3065 2209 3381 2278 deservitis,
3398 2220 3456 2266 ct
3475 2214 3567 2268 vix
3584 2221 3748 2272 τινοιν]

2200 2292 2485 2347 ecclesiam
2515 2294 2709 2352 diebus
2734 2297 3070 2356 solemnibus
3096 2305 3445 2360 convenitis?
3490 2307 3662 2377 Aliqui
3681 2327 3754 2367 al-

2202 2392 2308 2438 lem
2340 2399 2408 2439 ex
2439 2387 2593 2442 vobis
2627 2389 2794 2442 etiam
2825 2392 3101 2448 venientes
3125 2409 3230 2448 non
3262 2398 3514 2464 veniunt,
3545 2402 3662 2470 quia
3685 2418 3752 2458 ve-

2198 2481 2406 2536 nientes
2429 2497 2533 2537 non
2554 2487 2716 2540 verbo
2745 2486 2857 2552 Dei,
2881 2489 2976 2542 sed
3009 2487 3202 2544 fabulis
3219 2491 3390 2562 400
3418 2508 3620 2551 vacant
3646 2499 3750 2567 (ilﬁ.

2197 2571 2430 2642 Propter
2461 2577 2606 2644 quod
2639 2577 2772 2632 dicit
2804 2580 2871 2633 ad
2899 2595 2994 2635 vos
3044 2596 3227 2637 sermo
3251 2585 3476 2641 divinus
3501 2587 3551 2618 ⁸³
3583 2606 3598 2641 :
3625 2610 3642 2640 ι
3675 2591 3734 2643 [ι

2197 2679 2359 2734 surge
2389 2667 2481 2737 qui
2508 2669 2734 2735 dormis,
2763 2681 2818 2726 et
2836 2688 3067 2743 exsurge
3097 2689 3128 2729 a
3158 2678 3395 2732 mortuis
3419 2687 3476 2734 et
3504 2683 3753 2752 contingas

2197 2758 2473 2814 Christum
2512 2760 2647 2834 (72).
2683 2780 2704 2815 ι
2745 2762 2990 2835 Exsurge
3031 2769 3177 2822 enim
3227 2784 3255 2820 a
3301 2773 3561 2833 mortuis,
3589 2775 3752 2828 dicitur

2197 2852 2265 2906 iis
2292 2854 2382 2922 qui
2402 2853 2454 2908 in
2479 2855 2732 2926 operibus
2754 2871 3080 2925 permanent
3102 2862 3360 2927 mortuis,
3398 2863 3453 2917 in
3495 2865 3754 2920 immundi-

2199 2943 2288 3000 tiis
2304 2945 2416 3000 suis
2432 2955 2484 3000 ct
2504 2947 2800 3003 sceleribus
2829 2950 2942 3020 (75)
2970 2953 3368 3018 perdurantes:
3395 2971 3523 3025 quae
3540 2957 3659 3012 lices
3675 2961 3753 3013 bo-

2195 3037 2439 3092 minibus
2469 3054 2577 3093 non
2607 3040 2718 3095 sint
2747 3042 3059 3106 manifesta,
3097 3043 3205 3100 Deo
3234 3055 3425 3101 tamen
3450 3059 3582 3103 sunt
3603 3053 3754 3122 cogni-

523 3113 676 3170 locus
729 3133 889 3187 quem
930 3121 1330 3178 subdiderimus
1360 3126 1606 3197 vestigiis
1653 3130 1845 3198 pedum
1875 3142 2092 3189 nostro-
2121 3143 2162 3202 α
2201 3136 2276 3184 la.
2307 3128 2415 3184 Sed
2441 3132 2522 3185 vel
2548 3147 2614 3185 ex
2643 3133 2746 3189 hoc
2774 3135 3175 3204 paenitudinem
3214 3139 3388 3208 agile.
3419 3149 3478 3195 et
3511 3145 3755 3197 conveni-

528 3219 670 3270 rum,
719 3217 901 3261 noster
935 3211 1055 3264 erit.
1110 3210 1215 3267 Sed
1253 3228 1356 3268 non
1403 3224 1652 3285 putemus
1701 3219 1813 3291 (66)
1859 3223 1986 3291 quia
2037 3225 2088 3279 in

528 3293 670 3350 hanc
699 3295 1070 3356 hereditatem
1121 3317 1218 3372 per
1248 3305 1416 3359 otium
1445 3316 1499 3361 ct
1527 3309 1912 3379 negligentiam
1949 3313 2092 3368 osci-

523 3396 700 3444 tantes
746 3399 803 3445 et
852 3391 1207 3450 dormitantes
1255 3396 1458 3452 intrare
1511 3401 1799 3469 possimus.
1853 3403 1935 3457 Ira
1980 3419 2092 3460 sua:

521 3481 698 3550 gentis
731 3482 976 3552 angelum
1006 3485 1189 3541 habet.
1227 3487 1377 3544 lianc
1403 3490 1506 3544 nisi
1539 3489 1747 3548 viceris
1768 3494 1880 3565 (67)
1925 3497 1976 3549 in
2015 3496 2065 3552 te

519 3573 770 3644 metipso,
803 3584 857 3631 et
890 3577 1187 3635 abscideris
1211 3581 1307 3636 abs
1337 3591 1388 3636 te
1419 3598 1612 3638 omnes
1641 3595 1819 3640 motus
1869 3587 2088 3642 iracun-

516 3667 620 3722 ἀίω
649 3684 713 3723 ac
760 3668 982 3738 furoris,
1037 3673 1212 3730 locum
1237 3691 1398 3745 quem
1442 3675 1734 3746 aliquando
1772 3680 1959 3734 habuit
1998 3681 2088 3737 ille

515 3761 755 3832 angelus,
787 3780 981 3834 capere
1009 3767 1060 3820 in
1089 3769 1411 3825 haereditate
1445 3771 1560 3841 (68)
1592 3787 1697 3826 non
1736 3775 1959 3841 poteris,
1990 3790 2088 3844 pro

516 3867 583 3905 eo
611 3854 754 3923 quod
778 3857 980 3911 desidia
1013 3867 1100 3912 tua
1128 3867 1469 3930 nequaquam
1497 3876 1618 3916 eum
1640 3866 1705 3918 de
1737 3874 1879 3918 terra
1901 3879 2089 3935 repro-

516 3943 800 4000 missionis
831 3946 1129 4014 expuleris.
1165 3949 1428 4004 Similiter
1474 3959 1532 4005 et
1583 3952 1851 4021 superbia:
1873 3963 1927 4008 et
1960 3955 2084 4020 zeli,

516 4042 573 4087 et
600 4036 843 4090 avaritiae
875 4048 940 4088 ac
959 4034 1202 4091 libidinis
1217 4050 1346 4096 sunt
1364 4039 1534 4112 aliqui
1557 4042 1867 4099 incentorcs
1887 4046 2086 4116 angeli,

515 4131 571 4177 et
603 4123 956 4182 instinctorcs
986 4129 1178 4184 horum
1211 4130 1474 4192 malorum
1497 4174 1512 4198 ,
1549 4149 1783 4204 quorum
1815 4137 1920 4192 nisi
1955 4139 2086 4193 vitia

517 4215 573 4270 in
600 4218 887 4288 temetipso
920 4221 1141 4293 viceris,
1171 4232 1334 4292 atque
1351 4239 1415 4279 ea
1447 4224 1513 4279 de
1538 4234 1628 4280 tua
1659 4235 1804 4282 terra
1831 4243 1952 4297 qua:
1973 4229 2085 4298 1am

514 4323 613 4377 per
647 4309 877 4379 gratiam
913 4310 1164 4382 baptismi
1202 4314 1537 4370 sanctiﬁcata
1576 4325 1658 4371 est
1689 4320 2088 4375 exterminave-

512 4400 610 4465 ris,
648 4402 792 4458 nullo
833 4405 989 4460 modo
1013 4405 1397 4474 plenitudinem
1432 4409 2084 4479 t'epromissai,h'.eredita-

514 4494 584 4548 tis
606 4496 860 4565 accipies.

583 4721 693 4796 (6})
729 4722 908 4780 Codex
953 4726 1372 4792 Gemeticensis,
1409 4747 1429 4781 ι
1459 4731 1732 4796 quomodo
1787 4730 2078 4794 cecidisti,

513 4792 746 4858 Lucifer,
781 4797 873 4864 qui
898 4811 1056 4853 mane
1081 4800 1374 4859 oriebaris?
1395 4818 1414 4853 ι
1439 4792 1532 4854 Sic
1561 4799 1727 4855 etiam
1761 4800 1922 4856 habet
1944 4792 2083 4857 unus

514 4864 873 4919 Ehroicensis.

585 4932 695 5008 (65)
741 4934 889 5008 Dnus
919 4935 1289 5000 Ebroicensis,
1319 4957 1338 4989 ι
1366 4939 1754 5008 intelligamus.
1788 4959 1807 4992 ι

584 5004 697 5079 (iiii)
738 5003 937 5079 Qntnes
988 5021 1114 5060 mss.
1161 5027 1180 5061 ι
1219 5008 1326 5063 Sed
1373 5024 1480 5064 non
1535 5003 1807 5079 putemus.
1861 5030 1880 5064 ι
1918 5009 2076 5068 Libb.

510 5074 664 5132 editi.
697 5094 716 5125 ι
738 5071 796 5144 Si
827 5091 930 5128 non
960 5087 1226 5144 putemus.
1263 5097 1282 5130 ι

583 5143 914 5232 (ρζξιϐιράςκ
948 5143 1258 5232 S‘angermu
1295 5149 1496 5230 chunc
1531 5151 1632 5206 nisi
1665 5152 1883 5232 viceris.
1916 5170 1935 5204 ›
2020 5220 2032 5232 .

582 5214 719 5282 (68))
757 5213 940 5268 Codex
975 5215 1367 5274 Gemeticensis
1407 5234 1529 5276 cum
1567 5237 1674 5278 uno
1719 5220 2034 5278 Ehroicensi
2061 5261 2076 5286 ,

514 5301 534 5337 ι
575 5287 624 5339 in
652 5286 1038 5340 hzereditatetn.
1075 5304 1094 5337 ι

589 5355 701 5427 (69)
737 5354 885 5409 Intra
917 5373 1008 5410 nos
1043 5367 1164 5411 sunt
1203 5356 1511 5417 Clrananwi.
1537 5362 1660 5417 llaec
1684 5361 1878 5417 desunt
1905 5361 1958 5416 in
1984 5375 2082 5415 an-

511 5437 596 5482 tea
628 5428 811 5492 editis,
856 5429 950 5481 sed
978 5427 1246 5482 habentur
1270 5430 1320 5481 in
1353 5434 1604 5486 Omnibus
1630 5448 1760 5490 mss.

581 5497 692 5570 (70)
729 5498 930 5570 Codex
951 5495 1342 5570 Genieticensis
1366 5515 1486 5554 cum
1512 5519 1618 5557 uno
1643 5503 1881 5567 Ebroic.,
1909 5521 1928 5556 ‹
1958 5505 2080 5560 ani-

508 5568 839 5623 mn'tn'tunm
867 5568 934 5621 ad
965 5568 1210 5640 praelium
1242 5571 1703 5628 concitatJLihb.
1740 5574 1892 5640 editi,
1923 5590 1944 5626 ι
1968 5575 2085 5630 ani-

511 5655 628 5708 mos
654 5648 774 5708 tuos
801 5640 864 5692 ad
900 5639 1140 5708 praelium
1167 5642 1468 5695 concitans.
1501 5661 1520 5694 ι

583 5707 694 5778 (Ἠ)
729 5708 887 5764 [idem
923 5725 1076 5772 mss.,
1114 5729 1132 5762 ι
1161 5725 1226 5764 ex
1271 5713 1424 5767 vobis
1459 5715 1736 5770 venientes
1773 5729 1877 5770 non
1915 5715 2078 5771 verbo

513 5779 604 5835 Du’
645 5781 736 5834 scd
765 5779 961 5834 fabulis
987 5793 1193 5835 Vacant.
1233 5801 1251 5834 ›

2197 3223 2326 3276 mini
2357 3223 2422 3278 ad
2453 3223 2621 3281 Deum
2657 3241 2723 3281 ex
2754 3236 2867 3284 toto
2901 3230 3066 3286 corde
3096 3243 3305 3299 vestro,
3365 3246 3560 3292 vacate
3583 3241 3756 3294 oratiu»

2193 3314 2374 3381 nibus,
2399 3328 2590 3372 vacate
2613 3318 2779 3374 verbo
2806 3320 2918 3375 Dei.
2947 3321 3084 3389 Quid
3127 3327 3355 3394 prodest
3400 3330 3446 3382 si
3473 3331 3754 3399 jejuuamu

2193 3421 2292 3476 pro
2318 3411 2574 3477 peccatis,
2612 3421 2669 3466 et
2693 3412 2890 3467 iterum
2915 3427 3140 3484 peccata
3169 3423 3574 3480 committimus
3598 3426 3754 3491 ?Qcid

2191 3499 2416 3568 prodest
2446 3500 2646 3580 lavisse
2714 3514 2769 3558 et
2811 3505 2862 3560 in
2895 3521 3056 3562 coeno
3104 3511 3286 3566 denuo
3320 3515 3600 3570 volutari?
3630 3515 3755 3584 lqu-

2192 3591 2335 3644 nasti
2367 3592 2645 3662 aliquanto
2675 3599 2957 3668 tempore?
3001 3598 3132 3653 Tale
3161 3610 3244 3656 est
3282 3605 3450 3670 quale
3479 3608 3526 3661 si
3563 3609 3756 3663 interim

2190 3693 2258 3734 ex
2309 3681 2542 3754 Egypto
2589 3686 2927 3742 discesseris.
2969 3687 3239 3746 Transisti
3294 3709 3453 3750 mare
3515 3694 3757 3762 Rubrum,

2192 3786 2414 3830 sccutns
2441 3791 2500 3832 es
2534 3777 2750 3848 Moysen
2772 3821 2787 3846 ,
2835 3793 3106 3852 praecepta
3156 3785 3378 3842 scilicet
3412 3798 3472 3842 et
3528 3792 3756 3844 mandata

2191 3863 2325 3933 legis
2355 3864 2650 3924 observans
2703 3870 2816 3942 (74)
2845 3888 2860 3926 :
2893 3875 2988 3930 sed
3027 3875 3140 3942 jam
3173 3885 3225 3931 te
3258 3893 3288 3932 a
3323 3876 3515 3933 Moseo
3543 3882 3759 3949 suscepit

2188 3953 2366 4022 Jcsus,
2393 3958 2484 4026 qui
2521 3969 2571 4014 te
2597 3962 2759 4016 etiam
2783 3963 3142 4021 circumcidat
3172 3969 3439 4035 secundo,
3468 3971 3523 4024 in
3551 3971 3664 4026 loco
3684 3972 3759 4040 qui

2189 4045 2392 4101 dicitur
2431 4047 2588 4105 collis
2624 4053 3034 4123 praeputiorum.
3073 4056 3569 4116 Circumcidendus
3613 4063 3758 4132 igitur

2191 4137 2287 4192 tibi
2319 4147 2402 4193 est
2429 4154 2536 4196 non
2558 4142 2734 4196 solum
2764 4144 3034 4200 idolorum
3066 4147 3267 4214 cultus,
3293 4165 3460 4218 quem
3517 4153 3571 4206 in
3603 4152 3759 4205 initiis

2190 4228 2461 4299 abiecisti,
2509 4233 2605 4287 sed
2654 4235 2833 4291 denuo
2866 4237 2964 4292 tibi
2993 4239 3159 4293 etiam
3209 4242 3448 4296 avaritia
3486 4243 3759 4298 circumci-

2189 4321 2366 4376 denda
2405 4333 2512 4390 cst,
2545 4339 2665 4395 quae
2689 4336 2774 4382 est
2807 4327 2920 4402 (75)
2961 4330 3227 4384 idolorum
3267 4333 3532 4388 subtilior
3575 4337 3754 4387 cuius.

2190 4411 2435 4484 Denique
2459 4415 2619 4472 Jesus
2643 4419 2880 4474 secunda
2912 4420 3335 4476 circumcisione
3382 4423 3635 4492 populum
3662 4425 3754 4476 cir-

2114 4485 2158 4539 D
2186 4508 2497 4563 cumcidens
2521 4508 2634 4579 (76)
2667 4509 2748 4565 sic
2771 4511 2908 4566 dixit
2930 4512 3016 4565 ’δε
3059 4532 3076 4564 ι
3109 4512 3283 4569 llodie
3322 4485 3528 4569 abstuli
3552 4531 3581 4569 a
3625 4513 3752 4567 vobis

582 4607 628 4641 δ’
656 4608 764 4666 Jos.
807 4628 848 4680 t,
874 4613 928 4668 5.
1003 4614 1050 4646 ⁸ο
1081 4614 1205 4672 lsai.
1239 4633 1352 4684 xiv,
1383 4617 1471 4673 12.
1543 4617 1590 4650 ⁵¹
1614 4615 1726 4674 Jos.
1758 4633 1834 4682 XI,
1855 4619 1944 4673 9.5.
2021 4619 2068 4652 "

2206 4622 2240 4675 Ι.
2270 4639 2308 4689 l,
2343 4623 2397 4677 2.

2498 4625 2544 4657 ⁸³
2568 4623 2709 4697 Eph.
2745 4642 2796 4691 ν,
2832 4627 2918 4681 14.
3018 4627 3064 4659 ⁸⁵
3087 4627 3201 4683 Jos.
3235 4644 3288 4695 v,
3319 4627 3378 4683 9.

2263 4735 2378 4808 (7?)
2421 4732 2486 4808 Et
2518 4739 2784 4808 continge:
2813 4739 3098 4794 Christum.
3126 4740 3205 4794 lta
3233 4740 3403 4794 codex
3424 4738 3749 4795 Gemctieea-

2187 4804 2282 4859 sis.
2320 4804 2468 4880 Libri
2509 4804 2884 4880 autem'antea
2930 4810 3084 4872 editi,
3119 4829 3138 4861 ι
3166 4822 3234 4880 nt
3270 4813 3558 4880 contingas
3605 4810 3750 4863 Chn-

2186 4886 2351 4928 stum.
2375 4875 2612 4949 D_TCXIUS
2637 4877 2856 4949 Graecus
2895 4881 2993 4933 hoc
3017 4881 3134 4934 loco
3153 4879 3389 4944 ferebat,
3419 4875 3515 4932 κᾶὶ
3541 4882 3751 4949 ἐπε-,ξιξ-

2187 4961 2300 5025 σξις
2329 4946 2422 4998 τοῦ
2456 4948 2715 5032 Χρισῖεοῦ..
2879 4951 2982 5002 alia
3008 4951 3161 5032 plura
3200 4949 3459 5032 Epistola:
3488 4954 3552 5003 ad
3579 4946 3750 5032 ῥέθει

2186 5015 2296 5090 sios
2324 5015 2667 5090 exemplaria
2692 5020 2985 5083 habebant,
3009 5015 3108 5072 ἆρα).
3135 5015 3433 5090 ﬁniendas:
3460 5037 3540 5073 σοι
3569 5021 3598 5071 ὁ
3629 5015 3748 5087 Xse-

2187 5085 2330 5158 ςτός.
2379 5084 2508 5158 Vide
2545 5087 2691 5142 Millii
2720 5101 2899 5145 notam
2931 5092 2995 5142 ad
3021 5091 3221 5158 Ephes.
3245 5084 3309 5156 'v,
3343 5091 3430 5146 M.
3457 5091 3571 5144 Nox
3589 5084 3746 5143 (odd

2186 5153 2582 5230 Genielicensis
2621 5175 2745 5213 cum
2787 5175 2897 5214 uno
2940 5153 3303 5226 Ebroicensi,
3344 5176 3443 5230 pro
3477 5181 3495 5212 ι
3532 5174 3748 5224 exsurge

2188 5225 2332 5303 enim
2371 5241 2401 5280 a
2428 5230 2682 5294 mortuis,
2703 5248 2724 5283 ι
2762 5231 2962 5285 habent
2993 5247 3011 5281 ι
3045 5225 3360 5303 exsurgere
3387 5231 3532 5285 enim
3555 5247 3583 5284 a
3613 5245 3744 5285 m-

2191 5294 2316 5349 tuis.
2355 5313 2376 5346 ι

2409 5367 2594 5452 Codex
2623 5368 3034 5452 Gemeticensis,
3067 5389 3086 5422 ‹
3122 5371 3442 5452 perdurant.
3480 5389 3501 5422 ι
3572 5442 3586 5452 .

2261 5436 2373 5507 (74)
2407 5439 2549 5493 Idem
2583 5455 2706 5493 cum
2740 5455 2847 5495 uno
2877 5436 3208 5507 Ehroicciisi,
3247 5461 3266 5493 ι
3295 5442 3609 5498 observasti.
3645 5454 3668 5490 ο

2415 5507 2566 5586 biss,
2608 5527 2628 5560 ι
2661 5525 2779 5579 quae
2800 5521 2903 5586 est.
2932 5530 2950 5562 ι
2974 5512 3130 5586 μω).
3159 5506 3312 5586 editi,
3345 5531 3365 5562 ‹
3410 5511 3458 5565 id
3483 5522 3578 5586 est.
3619 5527 3641 5560 ι
3669 5581 3682 5586 υ

2260 5578 2569 5658 (76_)_Mss.,
2615 5599 2645 5658 ι.
2673 5578 2909 5658 secunda
2937 5583 3359 5658 circumcisione
3378 5582 3618 5658 populum
3639 5581 3734 5632 cir-

2189 5650 2526 5720 cumcidens.
2571 5668 2590 5700 ›
2625 5649 2784 5706 Libb.
2827 5653 2992 5720 editi,
3027 5670 3046 5704 ‹
3085 5655 3326 5710 secundo
3374 5649 3728 5710 circumcisus:

2189 5719 2444 5788 populum
2475 5720 2892 5778 circumcidens.
2924 5742 2944 5776 ι
