3874 6522
101 362 137 413 Lti
1018 346 1087 402 IN
1114 346 1373 404 LIBRUM
1417 344 1580 401 JESU
1617 339 1804 398 NAVE
1827 337 2112 397 llOMlLlA
2137 334 2201 389 11.

3155 326 3261 381 εδι

108 469 346 548 probrium
398 466 645 540 Egypti.
708 484 728 520 ι
772 466 956 524 Donec
1009 482 1302 538 peccamus
1326 509 1341 529 ,
1402 467 1574 522 donec
1604 468 1653 523 Α
1682 471 1985 523 taurorum,
2015 456 2111 512 sed
2155 453 2380 509 verbum
2410 452 2504 508 Dei
2528 465 2626 521 per
2648 446 2891 519 Spiritus
2928 445 3099 502 saneti
3136 461 3261 513 gra-

101 573 241 640 gnaut
280 563 328 616 in
374 562 531 616 nobis
568 560 696 616 vitia
741 562 1076 630 passionum,
1110 561 1320 615 etiamsi
1367 560 1576 615 relictis

102 654 307 714 nulacris
334 652 632 705 abscessise
655 651 943 706 videamur
990 666 1056 705 ex
1088 649 1348 721 Egypto,
1386 663 1577 719 oppro-

103 755 195 807 ium
226 756 391 801 tamen
421 744 641 815 Algypti
692 744 931 798 ablatum
965 759 1073 797 non
1113 752 1200 798 est
1241 758 1269 797 a
1299 742 1478 799 nobis.
1517 741 1574 795 Si

1678 552 1806 606 tiam
1832 549 2230 610 ministrantes,
2268 553 2394 598 tunc
2418 542 2586 597 dicito
2614 542 2741 612 quia
2769 539 2929 594 Jesus
2960 547 3074 606 post
3107 537 3259 608 Mny-

1676 661 1771 701 sen
1804 642 2049 710 suscepit
2099 646 2153 693 et
2179 637 2415 692 obtinuit
2446 634 2832 704 principatum,
2859 646 2965 686 non
2989 630 3077 684 ille
3105 628 3261 685 Iesus

1679 737 1822 791 ﬁlius
1861 735 2028 796 Nave,
2061 734 2153 786 sed
2179 730 2336 785 Jesus
2360 728 2532 783 Filius
2568 726 2684 783 Dei.
2720 726 2856 781 Cum
2896 724 3101 778 videris
3133 737 3258 790 quta

101 862 149 916 go
178 838 458 896 secundam
490 838 631 892 hanc
662 838 1138 891 circumcisionem
1173 836 1455 906 acceperis
1493 834 1576 888 vi-
1670 827 1874 900 pascha
1918 836 2166 881 nostrum
2213 821 2525 878 immolatus
2555 829 2639 873 est
2671 817 2922 874 Christus
2969 824 3024 871 et
3071 826 3262 882 azyma

106 950 227 995 nun,
254 940 301 984 et
331 929 632 985 abscideris
656 943 684 982 a
723 937 774 983 te
816 936 976 982 omne
1015 927 1204 981 vitium
1235 928 1351 994 irae,
1388 942 1580 996 super-

101 1044 141 1093 e,
162 1022 380 1084 invidia},
406 1021 668 1087 libidinis,
694 1020 959 1085 avaritiae,
992 1010 1323 1089 iniquitatis,
1344 1028 1577 1074 czetero-

102 1132 235 1187 mque
251 1115 524 1177 similium,
546 1123 674 1169 tunc
696 1120 798 1168 ate
820 1113 1038 1187 {Egypti
1065 1112 1447 1184 abstergentur
1466 1113 1576 1186 (77)

101 1210 316 1285 probria,
352 1220 406 1266 et
442 1210 738 1265 translatus
788 1211 841 1265 in
901 1220 1104 1265 terram
1135 1211 1578 1282 repromissionis

106 1308 368 1364 reditatem
409 1304 557 1374 regni
582 1305 822 1360 cwlestis
851 1305 1110 1375 accipies,
1142 1320 1238 1374 per
1265 1322 1451 1361 verum
1484 1303 1578 1360 Je-

102 1420 131 1455 u
160 1399 426 1455 Christum
481 1396 769 1451 Dominum
824 1407 879 1451 et
930 1397 1271 1453 Salvatoretn
1307 1408 1576 1466 nostrum,

128 1501 205 1548 est
227 1490 393 1561 gloria
431 1491 482 1544 in
511 1488 706 1544 szeeula
734 1489 1075 1547 saeculorum.
1101 1491 1293 1546 Amen.

596 1604 874 1661 HOMILIA
915 1605 973 1659 ιι.

124 1715 180 1754 eo
220 1698 360 1768 quod
405 1698 658 1766 scriptum
702 1709 779 1752 est
810 1714 830 1753 :
868 1716 885 1751 t
938 1697 1112 1753 Moses
1152 1699 1385 1769 faouulus
1433 1718 1578 1757 meus

565 1770 844 1838 defunctus
877 1781 974 1823 est.
1007 1788 1026 1821 ι

1677 920 1890 975 edimus
1925 915 2256 973 sinceritatis
2283 922 2336 967 et
2359 909 2640 965 veritatis:
2672 925 2794 963 cum
2820 907 3026 961 videris
3053 905 3265 957 fruetus

1681 1021 1837 1066 terra:
1876 1012 2029 1063 bona:
2061 1008 2115 1062 in
2151 1005 2393 1061 Ecclesia
2427 1002 2760 1065 tricesimos,
2788 1000 3182 1068 sexagesimos,
3206 1000 3266 1050 et

1678 1103 2027 1163 centesimus,
2049 1099 2099 1153 id
2128 1107 2233 1161 est,
2256 1097 2473 1159 viduas,
2496 1103 2552 1149 et
2575 1092 2834 1162 virgines,
2860 1101 2916 1144 et
2948 1099 3259 1159 martyres:

1680 1212 1801 1253 cum
1853 1194 2055 1249 videris
2086 1188 2430 1260 multiplicari
2478 1201 2666 1242 semen
2719 1183 2884 1237 Israel
2913 1198 2978 1236 ex
3010 1183 3075 1236 iis
3106 1198 3126 1232 ι
3170 1180 3261 1248 qui

1680 1306 1788 1345 non
1812 1303 1877 1342 ex
1892 1283 2270 1356 sanguinibus,
2295 1296 2470 1352 neque
2487 1296 2548 1333 ex
2571 1277 2847 1333 voluntate
2902 1275 3026 1340 viri,
3090 1288 3266 1342 neque

1680 1399 1745 1440 ex
1764 1382 2038 1437 voluntate
2056 1376 2370 1441 carnis,sed
2397 1390 2464 1429 ex
2498 1375 2607 1429 Deo
2637 1370 2750 1426 nati
2785 1380 2911 1425 sunt
2930 1369 3031 1434 ",r
3060 1378 3114 1422 et
3142 1382 3263 1423 cum

1682 1472 1885 1528 videris
1917 1471 2056 1526 ﬁlios
2090 1468 2181 1523 Dei
2229 1466 2321 1537 qui
2356 1464 2584 1534 dispersi
2618 1469 2811 1525 erant,
2846 1456 3167 1529 congregari
3212 1457 3263 1510 in

1681 1581 1844 1620 unum
1859 1583 1871 1619 :
1886 1580 2007 1620 cum
2021 1562 2220 1617 videris
2232 1560 2571 1615 sabbatizare
2583 1555 2838 1626 pepulum
2855 1555 2967 1617 Dei,
2980 1568 3082 1607 non
3097 1553 3265 1605 otium

1681 1667 1955 1731 gerentem
1980 1672 2008 1710 a
2026 1653 2446 1711 conversatione
2464 1648 2864 1715 comutuni,sed
2884 1650 3051 1702 otium
3073 1658 3269 1712 geren-

1686 1760 1789 1804 tem
1805 1749 1870 1802 ab
1886 1750 2202 1817 operatione
2217 1743 2443 1815 peccati:
2461 1758 2581 1796 cum
2596 1741 2901 1794 hmcomnia
2921 1738 3090 1800 vides,
3102 1735 3267 1789 dicito

110 1901 121 1912 .
158 1859 219 1912 Et
252 1856 454 1929 Moysei
494 1828 698 1911 obitum
744 1857 856 1929 (78)
890 1868 1104 1929 oportet
1136 1877 1233 1916 nos
1266 1879 1527 1919 enarrare
1559 1883 1572 1919 τ
1612 1829 1653 1884 Β
1683 1844 1809 1913 quia
1830 1841 2039 1912 Moyses
2061 1838 2299 1893 lautulus
2317 1836 2410 1890 Dei
2435 1834 2724 1889 defunctus
2740 1829 3086 1897 est,etJesus
3102 1828 3267 1882 Filius

101 1956 106 2005 i
136 1952 277 2006 enim
319 1950 744 2005 intellexerimus
777 1952 1048 2019 quomodo
1078 1954 1308 2008 moritur
1343 1956 1575 2028 Moyses,

101 2070 104 2098 ι
131 2044 433 2115 poterimus
465 2042 754 2097 advertere
790 2045 1064 2111 quomodo
1090 2056 1277 2116 regnat
1314 2046 1490 2101 .lesus.
1518 2048 1575 2103 Si

101 2155 125 2191 ο
152 2136 469 2192 consideres
503 2133 805 2189 Jerusalem
836 2124 1180 2203 subversam,
1216 2138 1388 2191 altare
1421 2139 1581 2193 desti-

102 2247 189 2297 nn,
217 2244 489 2297 nusquam
521 2227 817 2292 sacriﬁcia,
843 2243 941 2282 nec
976 2228 1294 2282 holocausta
1322 2228 1454 2303 (79),
1481 2246 1581 2286 uec

107 2325 272 2387 mina,
305 2336 579 2390 nusquam
605 2321 940 2385 sacerdotes,
974 2336 1239 2391 nusquam
1270 2326 1578 2392 pontiﬁces,

102 2431 260 2486 quam
316 2414 619 2468 ministeria
654 2412 988 2477 Levitarum,
1040 2430 1161 2469 cum
1222 2417 1337 2471 haec
1397 2420 1577 2472 omnia

101 2524 143 2563 :s
191 2522 441 2570 cessare,
469 2507 638 2561 dicito
671 2508 797 2577 quia
832 2507 1046 2579 Moyses
1098 2507 1336 2564 famulus
1366 2511 1456 2566 Dei
1489 2512 1584 2567 de-

102 2613 209 2658 :tus
232 2610 339 2656 est.
379 2599 438 2654 Si
467 2600 668 2654 videris
696 2601 967 2655 neminem
1011 2609 1092 2655 ter
1128 2601 1180 2655 in
1214 2618 1360 2657 anno
1390 2605 1581 2660 venire

101 2701 449 2764 :onspectum
483 2691 595 2763 (80)
634 2692 870 2759 Domini,
917 2707 1015 2748 nec
1048 2693 1246 2749 offerre
1273 2712 1494 2752 munera
1526 2699 1579 2752 in

102 2788 214 2857 pio,
240 2801 345 2839 nec
367 2784 618 2853 jugulare
652 2784 878 2853 pascha,
914 2799 1013 2839 nec
1039 2801 1229 2857 azyma
1256 2786 1438 2853 edere,
1482 2805 1582 2845 nec

101 2896 181 2933 rre
213 2878 517 2948 primitias,
546 2892 642 2931 nec
677 2876 1034 2946 primogenita
1072 2895 1419 2945 consecrare,
1458 2898 1581 2937 cum

144 2972 337 3025 omnia
383 2986 489 3023 non
527 2969 676 3025 vides
726 2971 995 3024 celebrari
1053 2972 1187 3042 (8i),
1228 2974 1395 3030 dicito
1451 2978 1579 3046 quia

109 3080 196 3119 ses
227 3062 478 3117 latnulus
512 3063 599 3116 Dei
637 3062 927 3117 defunctus
965 3073 1069 3119 est.
1101 3066 1234 3120 Cum
1264 3082 1393 3124 vero
1422 3071 1573 3127 vide-

1682 1935 1775 1989 Dei
1819 1934 2030 1989 obtinet
2068 1930 2456 2002 principatum.
2495 1926 2734 1992 Denique
2768 1923 2880 1994 (84)
2913 1932 2969 1976 et
2998 1922 3052 1974 in
3091 1919 3270 1974 libello

1678 2027 1835 2099 ω]
1863 2026 2118 2095 quodam,
2145 2023 2271 2077 licet
2295 2022 2347 2074 in
2376 2033 2582 2074 canone
2608 2032 2713 2071 non
2748 2016 3034 2077 ltabeatur,
3066 2022 3271 2083 myste-

1680 2121 1745 2174 rii
1783 2129 1962 2173 tamen
2015 2117 2173 2187 hujus
2216 2116 2387 2184 ﬁgura
2433 2110 2783 2165 describitur.
2832 2106 3091 2160 Refertur
3124 2103 3270 2158 enim

1682 2206 1954 2283 quia'duo
1993 2210 2206 2281 Moyses
2241 2206 2568 2261 videbantur
2600 2220 2613 2258 :
2650 2217 2790 2257 unus
2817 2202 2973 2255 vivus
3006 2198 3060 2253 in
3106 2196 3270 2265 spiri-

1684 2317 1759 2372 tu,
1795 2307 1933 2362 alius
1976 2314 2222 2359 mortuus
2255 2300 2310 2355 in
2342 2312 2591 2368 corpore.
2626 2295 2680 2349 lu
2708 2309 2817 2364 qtto
2855 2293 2961 2347 hoc
2989 2300 3071 2345 est
3105 2288 3271 2343 nimi-

1682 2417 1803 2455 rum
1834 2400 1951 2471 (85)
1981 2397 2124 2467 quod
2158 2394 2520 2450 adumbratur
2555 2387 2691 2459 (86),
2744 2386 2870 2456 quia
2922 2385 2966 2439 si
3010 2380 3271 2437 intuearis

1684 2494 1919 2547 litteram
1945 2490 2076 2559 legis
2108 2487 2345 2549 inanem,
2369 2493 2424 2536 et
2452 2494 2675 2536 vacuam
2702 2478 2852 2533 abiis
2876 2475 3126 2532 omnibus
3147 2487 3268 2543 quae

1684 2586 1934 2656 superius
1967 2577 2408 2641 memoravimus,
2451 2574 2569 2643 ipse
2589 2578 2673 2626 est
2702 2568 2911 2640 Moyses
2933 2576 3179 2621 mortuus
3214 2564 3266 2618 in

1684 2692 1934 2747 corpore.
1970 2674 2026 2728 Si
2068 2687 2196 2727 vero
2234 2676 2387 2739 potes
2417 2678 2697 2720 removere
2738 2662 2875 2731 legis
2915 2659 3184 2722 velamen,
3219 2664 3274 2712 et

1686 2770 1986 2839 intelligere
2024 2768 2149 2837 quia
2196 2764 2284 2819 lex
2329 2758 2590 2831 spiritalis
2633 2763 2737 2819 est,
2784 2754 2885 2809 iste
2926 2764 3009 2808 est
3062 2750 3274 2821 Moyses

1686 2862 1777 2931 qui
1820 2861 1952 2915 vivit
1987 2861 2038 2913 in
2068 2858 2286 2928 spiritu.

1760 2975 1814 3029 2.
1850 2993 1868 3027 ι
1899 2975 1961 3028 Et
1984 2974 2143 3037 dixit,
2174 2971 2350 3042 inquit
2384 2970 2453 3034 ⁸⁸,
2488 2966 2749 3022 Dominus
2782 2964 2848 3018 ad
2876 2961 3059 3017 Jesuut
3104 2958 3272 3014 ﬁlium

1699 3067 1849 3121 Nave
1885 3067 2193 3121 ministrum
2240 3063 2445 3119 Mosei:
2483 3060 2696 3130 Moyses
2738 3056 2971 3110 famulus
3002 3069 3153 3107 meus
3185 3052 3276 3106 de-

110 3156 355 3210 introire
413 3164 602 3225 gentes
648 3154 713 3208 ad
758 3156 944 3221 ﬁdem,
1012 3158 1282 3217 Ecelesias
1338 3168 1582 3237 exstrui,
1612 3178 1655 3237 α
1690 3160 1906 3214 functus
1940 3168 2041 3213 est.
2080 3158 2236 3212 Nunc
2267 3171 2397 3226 ergo
2444 3164 2746 3221 exsurgens
2784 3147 2950 3201 transi
2981 3143 3274 3199 Jordanem

101 3249 175 3301 ria
203 3246 328 3317 (82)
361 3262 470 3299 non
503 3260 700 3300 cruore
728 3247 999 3316 pecudum
1042 3250 1308 3321 respergi,
1339 3255 1430 3307 sed
1463 3270 1588 3324 pre-

102 3357 121 3394 )
145 3339 367 3396 Christi
401 3340 666 3407 sanguine
698 3339 1009 3395 consecrari
1040 3340 1153 3413 (85)
1181 3358 1196 3404 ;
1228 3360 1351 3399 cum
1382 3348 1587 3406 videris

109 3434 305 3489 rdotes
334 3441 398 3486 et
428 3430 650 3487 Levitas
693 3447 801 3487 non
846 3433 1167 3503 sanguinem
1221 3434 1498 3493 hircorum
1532 3448 1591 3496 et

572 3571 620 3604 “
649 3570 761 3629 Jos.
781 3586 822 3638 ι,
854 3572 907 3639 1,
934 3570 988 3625 2.

104 3687 158 3759 7)
203 3687 410 3759 Codex
442 3684 754 3759 Sangerm.,
786 3703 804 3735 ι
839 3684 1220 3759 absorbentur.
1257 3702 1275 3759 ι

104 3753 161 3830 8)
204 3759 280 3811 Et
323 3753 801 3830 Maysei'obitum,
834 3766 945 3830 et_c_._
985 3753 1075 3830 Sic
1117 3754 1306 3824 incipit
1331 3754 1446 3830 haec
1485 3756 1586 3830 bo—

102 3824 232 3884 .t'in
292 3830 567 3881 omnibus
605 3842 757 3891 tnss.,
792 3828 842 3878 iu
890 3824 1047 3878 libris
1094 3840 1225 3879 vero
1278 3826 1437 3881 editis
1486 3827 1591 3880 hoc

102 3920 132 3954 υ
168 3942 182 3955 .
230 3918 250 3950 ι
296 3898 430 4022 Νἱῗὶ
467 3897 731 3951 moriatur
758 3895 991 3966 Moyses,
1029 3909 1133 3949 nou
1169 3897 1467 3963 poterimus
1498 3898 1594 3951 ad-

102 3988 213 4024 ere.
268 3988 289 4021 ι
328 3986 363 4023 e
401 3982 450 4022 c.

101 4012 756 4123 9-)f’Cod‘evaangerm"
791 4056 810 4089 ι
848 4036 1188 4092 holocausta.
1212 4054 1230 4087 ι
1261 4034 1418 4091 Libb.
1439 4035 1594 4103 editi,

102 4126 266 4167 suas.
311 4130 334 4162 ι

101 4187 155 4253 0)
202 4183 369 4237 Idem
402 4195 532 4234 cum
560 4195 666 4234 uno
686 4179 1055 4243 Ebroicensi,r
1092 4179 1158 4233 ad
1188 4187 1592 4249 conspectum;

101 4277 133 4308 υ.
164 4254 343 4315 editi,
401 4269 424 4301 σ
467 4261 595 4305 ante
620 4261 996 4319 conSpectum.
1040 4268 1058 4300 ι

106 4325 161 4399 ι)
207 4318 770 4399 COtleanangernn,
800 4339 817 4371 ι
864 4318 1156 4399 celebrari.
1193 4339 1212 4372 ι
1249 4320 1601 4376 Gemeticen-

101 4391 154 4450 et
197 4411 365 4474 unus
422 4392 795 4453 Ebrmceusis,
840 4409 857 4441 ι
897 4391 1227 4446 celebrare.»
1249 4391 1406 4447 Libb.
1443 4392 1596 4457 editi,

108 4482 305 4520 lSBCI’II
319 4480 366 4516 ΓΙ
380 4502 397 4517 ο
436 4480 456 4513 ι

113 3572 284 3631 Joan.
330 3589 375 3635 ι,
406 3572 494 3629 15.

1694 3253 1840 3307 hunc
1867 3263 1922 3305 tu
1954 3261 2005 3305 et
2038 3251 2217 3306 omnis
2248 3248 2477 3318 populus
2529 3245 2617 3298 hic
2664 3244 2716 3296 itt
2764 3250 2962 3294 terram
2998 3251 3161 3306 quam
3207 3235 3275 3292 do

1694 3344 1870 3400 vobis.
1918 3366 1937 3400 ι
1976 3343 2239 3410 Requires
2267 3341 2498 3393 fortasse
2522 3333 2795 3405 quomodo
2828 3331 3074 3385 m‘nister
3103 3326 3277 3383 Mosei

1693 3441 1860 3497 fuerit
1891 3440 2053 3494 etiam
2106 3433 2363 3490 Dominus
2419 3437 2608 3483 noster
2657 3423 2816 3478 Jesus
2860 3421 3109 3476 Christus
3164 3416 3278 3491 (87)

1693 3705 1782 3741 σαι
1822 3682 2073 3756 δυνηθεὶς
2115 3678 2314 3756 μᾶλλον
2349 3677 2613 3756 θατέροιι,
2645 3676 2740 3756 hic:
2771 3677 2863 3756 καὶ
2897 3677 3278 3756 καοιαρὼςτερος

1691 3745 1981 3835 γξνόμενός
2002 3771 2013 3783 ·
2048 3745 2315 3835 δῃλούσης
2353 3745 2503 3835 αἷμαι
2532 3748 2632 3835 ’ςῆς
2654 3749 2919 3835 inopiae,
2945 3749 3026 3831 pth
3046 3745 3278 3835 ἔπάνὲῳν

1695 3818 1836 3882 ἐῖναὶ
1866 3827 1962 3897 τὴν
1992 3818 2191 3897 γνῶάιν
2214 3818 2393 3897 ’,ἐπει
2412 3818 2467 3872 ίοὶ
2500 3819 2597 3889 μὲν
2619 3818 2679 3871 τὸ
2693 3818 2869 3897 cepa
2904 3818 3025 3872 τῶν
3046 3822 3085 3872 Γ
3092 3823 3276 3892 ραφῶν

1695 3900 1793 3962 τὰς
1840 3890 2015 3963 λέξας’
2063 3896 2156 3948 καὶ
2200 3892 2270 3945 τὰ
2308 3890 2866 3963 ὀνόματαηκαοάπερ
2922 3890 2988 3963 τὸ(
3022 3890 3184 3963 σῶμα
3217 3893 3280 3949 τὸ

1696 3960 1974 4029 Μῴῢσέὼς
2006 3964 2440 4037 προσϐλέπονσιιν
2459 3978 2471 3990 ·
2513 3963 2561 4013 οἱ
2588 3961 2668 4037 ῥὶς,
2697 3960 2794 4037 id;
2820 3962 3059 4026 διανοίας
3089 3960 3181 4017 διαὶ
3211 3964 3278 4019 τὰ

1699 4041 1804 4093 ὑπὸ
1830 4040 1937 4090 τῶν
1958 4030 2233 4108 ὀνομάτων
2259 4032 2564 4108 δηλούμενα
2583 4030 2822 4108 διορῶᾳι,
2852 4033 2943 4108 τὸν
2962 4033 3098 4103 μετὰ
3114 4034 3279 4108 άγγέ-

1699 4113 1807 4165 λων
1820 4102 2062 4164 Μωῦσέα
2081 4102 2683 4177 πολυπραγμρνοῦντες.
2714 4104 2949 4177 (Μαι-ιω
2968 4102 3102 4177 ergo
3130 4102 3281 4177 May-

1701 4199 1794 4237 seu
1822 4195 2036 4249 quoque
2066 4181 2155 4247 qui
2190 4173 2593 4249 aséumebatur,
2627 4173 3094 4249 tluplicetn‘vidin
3120 4173 3280 4230 Jesus

1703 4241 1853 4307 ﬁlius
1886 4241 2050 4315 Nave,
2084 4241 2137 4301 et
2171 4263 2337 4300 unum
2373 4245 2591 4313 quidem
2625 4260 2746 4297 cum
2775 4244 3021 4313 angelis,
3046 4241 3277 4298 alterum

1700 4340 1829 4377 vero
1858 4337 2018 4390 supia
2050 4329 2281 4383 montes,
2308 4318 2424 4390 qui
2448 4315 2642 4381 (lignus
2680 4327 2819 4390 erat,
2854 4316 2937 4367 cui
2973 4316 3024 4367 itt
3055 4315 3279 4369 conval-

1702 4395 1843 4447 libus
1877 4384 2022 4463 jtista
2056 4393 2267 4463 ﬁerent.
2308 4385 2653 4463 Viditautcm
2679 4384 2836 4438 Jesus
2864 4386 2971 4463 hoc
2994 4396 3280 4453 spectacu-

1702 4466 1808 4517 lutn
1837 4455 2084 4523 inl'crius,
2116 4459 2363 4513 sublatus
2391 4456 2607 4521 Spiritu,
2639 4471 2742 4508 una
2771 4472 2891 4509 eum
2915 4455 3154 4509 Chaleb:
3186 4458 3278 4510 sed

102 4540 158 4619 ᾖ)
207 4536 641 4619 Οιηιιεεμιιξξη
684 4533 810 4619 «Had
852 4531 1030 4619 ﬁdem,
1060 4530 1333 4619 Eccl'esials
1367 4530 1597 4613 exstrui,
1636 4542 1679 4597 Ι)
1708 4552 1812 4589 non
1847 4535 2030 4587 vident
2063 4532 2223 4585 ambo
2263 4527 2540 4619 similit'er.
2580 4526 2774 4579 Verum
2807 4525 2893 4578 hie
2930 4528 3149 4595 quidem
3186 4528 3282 4580 de--

1201 4617 1244 4619 ._
1540 4618 1561 4619 η
1859 4606 1909 4619 ιι.
1980 4602 2033 4619 ·.⁶
2090 4618 2093 4619 ,
2162 4610 2211 4619 η.
2244 4598 2326 4619 --με
2356 4613 2442 4619 ..ι-η
2474 4606 2578 4619 ιη---
2630 4598 2767 4619 ι...,,.Ι
2794 4598 3048 4619 ..-αμα-μμ...
3114 4595 3253 4619 ξυνα..-

109 4602 189 4669 ia,
222 4616 356 4660 etc.
403 4623 426 4656 ι
466 4605 622 4659 Libb.
657 4605 809 4668 editi,
841 4621 859 4653 t
891 4604 955 4657 ad
988 4604 1150 4655 linem
1178 4602 1433 4657 Ecclesia:
1454 4641 1468 4665 ,
1500 4618 1600 4655 ex-

136 4678 362 4732 altaria
378 4716 396 4738 ,
442 4694 461 4727 ι
500 4686 607 4730 etc.

101 4753 154 4820 5)
201 4749 450 4828 Omnes
497 4762 667 4810 mss.,
710 4762 729 4795 ι
779 4746 1112 4804 consecrari.
1167 4763 1186 4797 ι
1225 4742 1384 4799 Libb.
1425 4742 1600 4808 editi,

102 4834 402 4890 mparart.
437 4835 456 4868 ι

102 4883 171 4963 4)·
207 4890 485 4958 Denique
509 4896 555 4940 et
577 4885 643 4963 in
662 4884 1113 4963 libetloquodam,
1132 4886 1417 4963 etc._llunc
1445 4883 1605 4963 libel-

102 4955 452 5019 vbrisimile
469 4966 552 5012 est
571 4958 738 5012 fuisse
755 4955 1017 5013 ἀνάϐασιν
1033 4961 1146 5012 sive
1162 4955 1428 5027 ἀνάληψιν
1445 4956 1608 5027 Μωρο

107 5076 121 5099 ,
155 5036 235 5087 de
266 5047 416 5102 qua
444 5029 718 5102 Origenes
742 5030 883 5102 Περὶ
900 5028 1102 5102 ἀρχῷν
1141 5030 1233 5102 lib.
1271 5026 1360 5102 ιιι,
1393 5042 1512 5102 cap.
1544 5026 1602 5102 2,

102 5098 337 5159 Ιιιὺὶιτῐι
366 5101 537 5170 llugo
568 5099 793 5154 Grotius
820 5098 891 5153 ad
918 5104 976 5155 δ.
1005 5099 1153 5155 Judae
1187 5100 1357 5169 Epist.
1388 5098 1446 5164 9,
1473 5098 1602 5166 quin

101 5182 215 5230 lem
256 5176 344 5229 sit
386 5173 687 5240 desumpta
728 5171 967 5225 narratio
1000 5170 1111 5225 fere
1142 5171 1338 5225 similis
1364 5184 1484 5238 qua:
1520 5176 1606 5221 est

134 5247 523 5300 Clementem
548 5241 974 5294 Alexandrinum
1004 5241 1265 5296 Stromat.
1297 5240 1471 5304 vultis
1486 5253 1607 5292 ver-

120 5317 412 5377 Εἰκότως
448 5311 684 5383 ἄραγκαὶ
717 5311 807 5383 τὸν
833 5312 1070 5364 Μωῡσέα
1090 5310 1607 5383 ἀναλαμϐανόμενον

102 5408 138 5442 ην
185 5387 353 5441 εἶδεν
411 5379 625 5454 Ἰήσοῦς
650 5384 678 5434 ὁ
705 5382 802 5454 (τοῦ
836 5383 1023 5452 Ναυήο
1062 5383 1155 5454 καὶ
1193 5379 1284 5435 τὸν
1330 5384 1447 5451 μὲν,
1488 5379 1603 5450 μετ’

102 5462 222 5512 λων
242 5477 257 5488 ο
296 5458 410 5510 τὸν
444 5451 504 5506 δὲ
534 5454 626 5508 ἐπὶ
658 5453 726 5506 τὰ
760 5454 859 5562 ὖξη
896 5451 1021 5524 περὶ
1060 5451 1160 5516 τὰς
1188 5453 1476 5524 φάραγγας
1503 5466 1606 5519 κη·-

145 5528 523 5562 Δζιηεζηςυωι
576 5521 727 5562 Πῖὶςυ
761 5525 788 5562 ὃ
861 5525 1066 5562 Ὶτιρτηῧμ-
1100 5525 1199 5562 enim:
1233 5525 1359 5562 (Hm:
1404 5522 1606 5562 erati“th

142 5528 324 5597 άξιού
338 5543 542 5599 μενον.
576 5521 727 5599 Εἶδεν
761 5521 818 5599 δὲ
850 5521 1072 5599 “lquti;
1100 5521 1208 5599 τὴν
1233 5521 1359 5599 Θέαν
1390 5522 1607 5599 Δ’τσιύῖην

101 5626 147 5667 ›,
199 5591 524 5669 ἷπνεῦματι
561 5596 820 5669 ἐπαρθεὶς
856 5591 951 5669 σὺν
996 5598 1087 5669 καὶ
1115 5591 1192 5666 τῷ
1222 5593 1427 5669 Χαλέϐ.
1469 5591 1607 5645 Ἀλλ’

102 5674 317 5746 ημοίως
334 5666 531 5746 ἇμφιι)
550 5666 801 5746 pateﬁat“
827 5667 938 5746 ἁλλί
958 5670 986 5720 ὁ
1011 5667 1127 5737 μὲν,
1153 5666 1459 5746 καὶᾳβᾶιττον
1477 5680 1610 5746 καῖ-

102 5734 123 5800 ὗ
149 5788 165 5809 ,
215 5734 399 5797 πὸλίί
442 5734 510 5813 ο·ὲῷ
546 5739 729 5813 βρξρον
765 5734 1099 5813 smn/(Spain);
1126 5754 1153 5813 '_
1236 5737 1292 5813 ᾷὲ
1320 5734 1610 5813 ἐπικατεξι-

122 5806 401 5888 ΰστερον
443 5806 555 5882 τὴν
576 5806 735 5875 δόξαν
769 5806 1007 5881 διηγεῖὰο
1034 5810 1100 5880 ἣν
1139 5807 1354 5877 ἐθεᾶτο,
1384 5806 1608 5877 διαθρῆ-

1706 4606 1916 4661 scendit
1943 4602 2125 4667 citius,
2161 4598 2329 4666 utqui
2356 4597 2604 4660 multum,
2627 4598 2768 4663 quod
2792 4598 3076 4664 gravabat,
3113 4595 3283 4649 infer-

1707 4685 1788 4730 ret
1823 4694 1835 4729 :
1866 4677 1951 4728 ille
2000 4681 2178 4726 autem
2214 4684 2334 4723 cum
2367 4667 2753 4729 descendisset,
2794 4676 2980 4734 postea
3038 4668 3281 4722 narravit

1706 4746 1953 4815 gloriam,
1980 4758 2139 4812 quant
2177 4748 2307 4815 erat
2329 4737 2748 4815 contemplatus,
2782 4748 2840 4789 ut
2869 4739 2959 4805 qui
3009 4739 3077 4791 ob
3108 4738 3278 4807 majo-

1706 4808 1819 4871 rem
1847 4808 2138 4886 puritatem
2165 4809 2342 4886 magis
2360 4808 2698 4886 qttattralter,
2727 4819 2903 4876 posset
2933 4808 3277 4885 perspicere:

1705 4876 2067 4957 signiﬁcante,
2100 4876 2447 4957 ut__arbitt'_or,
2483 4878 2730 4957 historia,
2752 4894 2855 4931 nou
2890 4876 3130 4957 omnium
3156 4894 3281 4934 esse

1708 4948 2091 5029 cognitionem.
2145 4951 2278 5004 Natu
2324 4949 2427 5029 alii.
2447 4949 2666 5029 quidem
2696 4964 2892 5029 corpus
2946 4948 3278 5029 litterarum,

1707 5019 1901 5097 nempe
1918 5024 2181 5097 dictiones
2208 5029 2263 5074 et
2288 5020 2504 5073 nomina
2531 5020 2756 5097 perinde
2774 5036 2837 5073 ac
2858 5034 3053 5097 corpus
3079 5019 3280 5090 Moysis

1707 5090 2033 5170 respiciunt;
2054 5094 2291 5170 aliivero
2316 5091 2630 5170 sententias,
2652 5100 2705 5143 et
2732 5104 2852 5160 quae
2876 5104 2903 5142 a
2926 5091 3081 5145 nobis
3109 5090 3279 5159 signi-

1708 5162 1940 5223 ﬁca'ntur
1969 5164 2270 5236 perviderit,
2301 5163 2537 5236 eumqui
2565 5170 2646 5236 est
2669 5176 2790 5215 cum
2816 5162 3279 5236 angelis,_Moysen

1708 5241 1922 5293 curiose
1956 5230 2316 5307 inquirentes.
2351 5250 2387 5307 :_
2428 5230 3006 5307 Vide_.loan._Alberti
3043 5230 3220 5307 Fab'rii
3242 5232 3280 5285 ii

1708 5310 1950 5365 codicem
1980 5298 2504 5380 pseudepigraphum
2540 5300 2744 5355 Veteris
2770 5298 3104 5354 Testamenti
3124 5316 3276 5372 ,pag.

1708 5383 1832 5442 839,
1866 5381 1970 5434 840
1998 5387 2049 5431 et
2074 5390 2226 5444 seqq.

1781 5440 1894 5522 (85)
1928 5440 2221 5522 Nimirum.
2252 5442 2327 5498 Ita
2357 5442 2525 5500 codex
2561 5455 2699 5495 unus
2734 5440 3103 5496 Ebroicensis.
3135 5441 3284 5495 Libri

1708 5520 1913 5585 edtti,t
1950 5520 2166 5572 mirum.
2198 5534 2217 5568 ι

1781 5579 1895 5662 (86)
1924 5591 2029 5644 Pro
2058 5590 2259 5662 «(quod
2296 5583 2747 5649 adumbrabatur,
2782 5600 2801 5635 ι
2832 5582 3031 5651 legitur
3064 5582 3118 5635 in
3162 5579 3282 5635 cod.

1710 5660 1947 5726 Gentet.,
1983 5679 2003 5712 ι
2039 5660 2417 5713 adumbratur.
2447 5676 2465 5709 ι

1783 5735 1894 5803 (87)
1925 5722 2184 5803 Christus.
2201 5730 2455 5803 _l)eest_iu
2482 5725 2819 5803 librisantea
2845 5723 3024 5790 editis,
3054 5722 3285 5803 sednha-

1712 5794 1946 5863 beiur'itt
1979 5801 2166 5858 codice
2188 5798 2573 5856 Gemeticensi.
2618 5795 2783 5853 Paulo
2816 5805 2935 5866 post
2963 5796 3128 5851 codd.
3154 5794 3287 5849 Sau-
