3874 6508
465 303 570 361 835

1929 295 2045 353 ORi

2164 293 2257 350 iis
3621 290 3708 347 836

465 423 638 480 Filius
677 419 791 474 Dei.
827 417 962 486 Quia
1001 433 1022 469 ι
1067 429 1188 470 cum
1239 411 1475 468 venisset
1521 410 1801 483 plenitudo
1837 421 2048 483 tempo-
2081 421 2120 476 Α
2152 419 2233 464 est
2285 407 2454 479 gloria
2483 415 2537 462 et
2579 406 2869 477 imperium
2916 420 3039 462 cum
3075 403 3284 475 Spiritu
3319 412 3512 459 sancto
3537 404 3638 476 (93}
3666 410 3707 463 il

465 532 609 578 rum,
667 511 810 566 misit
848 510 986 564 Deus
1039 507 1232 562 Filium
1273 522 1427 562 suum
1472 513 1656 560 natum
1699 503 1809 576 (88)
1839 521 1902 561 ex
1933 523 2048 559 tnu-

465 607 620 668 iiere.
662 604 863 657 factum
900 600 1000 655 sub
1038 599 1152 670 iege
1181 600 1250 654 ⁸⁷.
1290 619 1308 653 ι
1344 598 1447 654 Per
1479 599 1581 654 hoc
1612 614 1741 668 ergo
1775 599 1920 668 quod
1971 598 2050 650 fa—

463 707 584 752 ctus
611 705 693 750 est
725 695 824 749 sub
858 694 994 763 lege,
1028 691 1194 746 Mosei
1231 692 1480 746 minister
1512 690 1737 746 effectus
1763 701 1882 762 est.
1912 691 2048 744 Dicit

462 797 642 843 autem
671 786 832 848 Deus,
859 797 916 839 ttt
951 793 1228 839 transeant
1262 784 1374 856 (89)
1409 785 1460 838 iu
1492 795 1711 845 terram,
1748 799 1850 839 non
1885 800 2048 854 quam

461 879 609 934 dedit
642 877 874 949 Moyses,
907 877 998 932 sed
1039 895 1057 928 ι
1094 892 1280 946 quam,
1334 877 1528 946 inquit,
1566 891 1665 944 ego
1700 877 1768 929 do
1820 876 1991 930 vobis.
2026 895 2044 928 ι

469 969 629 1025 Vides
655 985 783 1038 ergo
808 970 931 1039 quia
963 967 1144 1024 Moseo
1188 978 1400 1024 mortuo
1429 969 1568 1022 Deus
1606 969 1697 1021 dat
1722 977 1923 1022 terram
1950 982 2047 1037 po-

463 1065 588 1134 pulo
617 1079 712 1133 per
739 1063 949 1118 Jesum.
975 1063 1146 1129 Quam
1185 1062 1426 1116 terram?
1454 1061 1602 1115 illam
1630 1061 1747 1115 sine
1785 1059 1949 1114 dubio
1984 1062 2051 1114 de

463 1169 566 1224 qua
590 1155 720 1209 dicit
755 1155 1015 1210 Dominus
1049 1155 1095 1185 ⁸⁸
1124 1175 1135 1210 :
1183 1173 1202 1206 ι
1252 1153 1400 1206 Beati
1454 1151 1749 1215 mansueti,
1784 1152 1912 1221 quia
1946 1151 2049 1222 ipsi

466 1249 780 1304 inmeditate
814 1249 1168 1319 possidebunt
1193 1257 1414 1303 terram.
1458 1265 1477 1298 ι

533 1342 586 1395 5.
623 1360 641 1391 ι
678 1339 931 1404 Omnem,
954 1340 1212 1409 inquit”,
1236 1339 1415 1393 locum
1451 1353 1831 1408 quemcunque
1855 1354 2050 1395 ascen-

463 1427 656 1482 deritis
675 1429 915 1498 vestigiis
933 1429 1127 1496 pedum
1151 1437 1476 1492 vestrorum,
1506 1429 1661 1482 vobis
1683 1429 1825 1484 dabo
1852 1445 1998 1484 eum.
2025 1450 2044 1480 ι

465 1521 596 1588 Qua:
641 1530 768 1575 sunt
812 1521 925 1576 loca
986 1536 1107 1590 qum
1162 1521 1505 1575 ascendimus
1559 1521 1805 1590 vestigiis
1854 1522 2049 1592 pedum

466 1612 824 1668 nostrorum?
849 1611 1008 1680 Legis
1031 1611 1202 1666 littera
1222 1612 1365 1665 humi
1386 1611 1558 1682 posita
1587 1621 1688 1676 est,
1721 1620 1774 1666 et
1797 1613 2050 1668 deorsum

459 1703 628 1770 jacet.
654 1701 929 1774 Nusquam
959 1719 1088 1774 ergo
1118 1703 1366 1758 ascendit
1396 1703 1490 1773 qui
1522 1704 1655 1774 legis
1689 1703 1928 1759 litteram
1958 1720 2047 1760 se-

2149 501 2343 557 stceuia
2376 501 2726 556 saeculorum.
2759 501 2958 554 Amen.

2741 605 3025 662 ilOiilLiA
3051 604 3138 661 ill.

2152 705 2226 761 De
2249 705 2455 759 duabus
2499 714 2546 759 et
2575 703 2728 758 semis
2765 700 3024 760 tribubus,
3055 700 3111 752 id
3151 710 3227 752 est
3271 699 3416 750 tribu
3467 696 3714 761 Πύθια

2219 779 2359 829 tribu
2381 775 2518 837 God,
2542 785 2589 827 et
2623 774 2754 827 semi
2791 773 2932 825 tribu
2970 770 3217 824 Manasse
3241 770 3378 839 (94),
3401 782 3451 822 et
3486 786 3652 822 norem
3673 783 3714 823 et

2222 849 2376 900 seruis
2403 848 2662 900 tribubus.

2225 963 2274 1015 i.
2314 961 2522 1031 Moyses
2548 958 2919 1013 lucreditatem
2954 965 3114 1012 teme
3138 955 3417 1009 distribuit
3447 964 3601 1009 trans
3619 953 3713 1010 Jor-

2152 1057 2344 1111 (lanem
2383 1055 2590 1109 duabus
2618 1061 2671 1107 et
2703 1051 2869 1105 semis
2900 1050 3172 1113 tribubus,
3212 1050 3264 1103 id
3289 1058 3396 1115 est,
3434 1048 3596 1101 tribui
3627 1047 3714 1118 (93)

2150 1149 2366 1211 Ruben,
2414 1158 2467 1200 ct
2515 1146 2675 1200 tribui
2718 1145 2865 1210 (lati,
2897 1153 2952 1198 et
2982 1142 3217 1196 dimidiae
3261 1142 3427 1194 tribui
3479 1139 3717 1194 Manasse.

2153 1241 2399 1311 Reliquis
2429 1256 2558 1295 vero
2593 1240 2861 1304 tribubus,
2900 1252 3006 1291 non
3053 1236 3286 1307 Moyses.
3326 1235 3425 1289 sed
3469 1232 3627 1288 Jesus
3655 1234 3719 1286 di-

2151 1335 2283 1388 vidit
2321 1343 2543 1388 terratn.
2587 1331 2815 1386 Pactum
2854 1340 3034 1384 tamen
3082 1330 3276 1382 initum
3325 1335 3410 1381 est
3454 1342 3582 1380 cum
3635 1326 3719 1379 illis

2153 1425 2362 1480 duabus
2383 1435 2437 1480 et
2465 1425 2626 1478 semis
2659 1424 2906 1478 tribubus
2939 1436 3057 1492 quae
3083 1429 3232 1474 trans
3260 1419 3563 1475 Jordanem
3594 1435 3719 1472 acce-

2153 1529 2345 1589 perant
2395 1531 2620 1581 terram,
2661 1525 2720 1569 ιιι
2766 1514 2974 1568 relictis
3006 1513 3328 1566 mulieribus
3351 1522 3405 1567 et
3445 1511 3719 1565 infantibus

2152 1611 2266 1667 suis
2290 1611 2341 1664 in
2367 1609 2455 1663 illa
2491 1618 2635 1663 terra
2671 1617 2820 1662 trans
2848 1606 3166 1671 Iordanem,
3197 1605 3297 1675 ipsi
3325 1620 3453 1660 cum
3487 1603 3721 1657 fratribus

2155 1705 2269 1760 suis
2327 1711 2572 1774 pugnent
2628 1715 2912 1770 usquequo
2953 1701 3122 1754 etiam
3178 1699 3278 1769 ipsi
3335 1707 3723 1764 consequantur

463 1796 671 1866 quitur.
703 1795 759 1851 Si
797 1812 924 1851 vero
956 1796 1198 1864 petueris
1227 1810 1255 1849 a
1288 1795 1470 1849 littera
1507 1796 1808 1850 ascendere
1846 1798 1913 1850 ad
1941 1799 2051 1868 spi-
2085 1778 2126 1832 Β
2158 1799 2554 1854 hareditatem.
2583 1794 2836 1866 Oportuit
2862 1795 3030 1864 igitur
3058 1809 3155 1864 per
3182 1793 3398 1848 obitum
3435 1790 3626 1852 Musei,
3649 1791 3721 1857 qui

468 1889 652 1950 ritum,
697 1889 847 1943 etab
902 1887 1128 1940 historia
1182 1887 1246 1940 ad
1288 1886 1622 1941 intellectum
1678 1890 2052 1942 conscendere

464 1982 769 2046 ccisiorem,
825 1991 956 2035 tunc
1009 1996 1135 2034 vere
1182 1979 1482 2034 ascendisti
1529 1978 1706 2033 locum
1745 1979 1950 2033 editum
1998 1990 2052 2033 et

465 2073 761 2138 excelsum,
793 2087 953 2142 quem
981 2087 1010 2126 a
1049 2072 1160 2126 Deo
1201 2072 1254 2126 in
1307 2071 1625 2126 haereditate
1656 2073 1943 2141 percipies.
1994 2071 2049 2126 Si

463 2168 604 2222 cnim
633 2168 682 2220 in
717 2167 782 2220 iis
811 2181 930 2236 qua:
952 2165 1151 2236 scripta
1184 2175 1331 2231 sunt,
1365 2175 1521 2235 typos
1545 2163 1836 2233 intelligas,
1870 2173 1924 2216 et
1947 2164 2036 2217 ad-

463 2269 645 2314 vertas
679 2257 880 2312 formas
912 2273 1035 2312 esse
1077 2257 1405 2322 cmiestium,
1458 2266 1512 2311 et
1554 2266 1734 2310 mente
1780 2272 1843 2310 ac
1887 2272 2048 2310 sensu

469 2371 488 2404 ι
537 2367 659 2422 qua:
704 2368 922 2407 sursum
971 2363 1101 2406 sunt
1154 2367 1394 2422 quaaras,
1445 2351 1533 2405 ubi
1581 2349 1833 2406 Christus
1881 2362 1962 2404 est
1997 2352 2048 2405 iu

462 2444 684 2500 dextera
712 2445 799 2498 Dei
824 2447 1016 2499 sedens
1049 2443 1123 2510 ⁶⁰;
1161 2462 1179 2496 ι
1215 2453 1340 2498 tunc
1370 2454 1423 2499 et
1458 2443 1607 2497 illiilli
1648 2443 1821 2497 loeum
1845 2445 1894 2497 in
1934 2444 2050 2499 bc-

465 2538 698 2592 reditate
763 2535 1050 2606 percipies,
1104 2536 1319 2590 dicente
1374 2534 1603 2588 Domino
1656 2544 1711 2588 et
1767 2533 2050 2589 Salvatore

465 2637 653 2682 nostro
683 2628 752 2691 θί,
781 2627 907 2697 quia
948 2645 966 2678 ι
1013 2625 1104 2679 ubi
1147 2641 1246 2693 ego
1273 2641 1417 2688 sum,
1449 2625 1519 2678 ibi
1559 2625 1665 2678 erit
1704 2636 1759 2679 et
1792 2626 2042 2679 minister

467 2735 640 2775 meus.
684 2739 703 2772 ι
749 2720 804 2774 Si
857 2737 988 2791 ergo
1036 2735 1206 2790 usque
1257 2717 1323 2770 ad
1367 2718 1644 2772 Christum
1687 2719 1964 2774 sedentem
1997 2721 2049 2774 in

467 2813 686 2867 dextera
719 2813 808 2866 Dei
837 2814 1148 2882 perveneris
1183 2812 1304 2875 fide,
1341 2812 1470 2864 vitae
1492 2808 1728 2880 puritate
1764 2811 1902 2882 (90),
1944 2813 2052 2865 vir-

467 2914 603 2970 tute,
632 2915 686 2960 et
720 2906 826 2960 illis
853 2907 1095 2976 vestigiis
1132 2907 1324 2976 pedum
1359 2913 1575 2957 tuorum
1622 2918 1743 2973 quae
1786 2904 1921 2958 lavit
1963 2905 2050 2958 .Ie-

467 3015 582 3063 sus,
615 2999 762 3054 illum
794 3000 970 3054 imum
1016 2999 1328 3061 iucesscris,
1379 2998 1527 3050 dabit
1566 2997 1660 3050 tibi
1697 3012 1821 3050 eum
1873 2995 2048 3052 Deus:

2154 1899 2370 1960 pactum
2393 1890 2534 1944 istud
2570 1890 2791 1950 inierat.
2826 1886 3010 1942 Jesum
3047 1886 3319 1955 promissa
3354 1883 3724 1952 deposcerc.ct

2155 1998 2500 2039 commouere
2522 1997 2614 2036 eos
2637 1980 2898 2035 auxilium
2933 1979 3250 2050 pugnaturis
3281 1976 3553 2029 fratribus
3578 1973 3719 2027 ferre.

2156 2075 2282 2131 llaec
2324 2075 2542 2146 quidem
2593 2073 3049 2128 historice-textus
3096 2077 3323 2124 enarrat
3360 2066 3502 2138 (95),
3555 2081 3719 2118 verum

2154 2169 2280 2238 quia
2307 2183 2404 2222 nos
2429 2165 2690 2236 fortcjam
2715 2164 2967 2220 conversi
3001 2164 3068 2217 ad
3103 2162 3396 2216 Dominum
3423 2159 3721 2227 sumus,qu

2156 2260 2338 2317 aufert
2394 2260 2637 2316 velamen
2667 2274 2732 2313 ex
2765 2257 3000 2313 lectione
3029 2253 3244 2310 Veteris
3294 2255 3656 2311 Testamenti,
3679 2261 3722 2304 et

2155 2357 2321 2408 donat
2345 2353 2517 2408 servis
2549 2353 2662 2407 suis
2702 2350 3053 2406 credentibus
3086 2349 3139 2402 in
3177 2362 3258 2412 se,
3295 2355 3360 2400 ut
3399 2347 3634 2401 revelata
3657 2343 3724 2396 fa-

2155 2448 2236 2501 cie
2271 2447 2494 2516 gloriam
2534 2444 2742 2498 Domini
2796 2440 3164 2506 specuieutur,
3209 2439 3330 2493 haec
3385 2438 3571 2491 omnia
3622 2451 3722 2504 qua»;

2157 2540 2458 2610 figuraliter
2489 2539 2592 2593 illis
2634 2536 2980 2597 accidebant,
3005 2543 3233 2603 propter
3266 2547 3371 2585 nos
3393 2532 3596 2598 scripta
3620 2545 3723 2582 e~se

2155 2634 2474 2690 sentiamus.
2505 2651 2522 2682 ι
2543 2633 2595 2684 in
2616 2645 2755 2699 quos
2774 2627 2908 2682 fines
2931 2626 3255 2682 saeculorum
3281 2623 3687 2678 devenerunt“.
3705 2640 3720 2671 ι

2156 2726 2222 2780 Et
2265 2725 2407 2787 ideo,
2451 2725 2594 2778 sicut
2633 2733 2761 2776 ante
2792 2721 2902 2788 jam
2931 2720 3193 2782 diximus,
3236 2717 3545 2771 ascendere
3576 2725 3727 2768 tente-

2157 2834 2276 2871 mus
2310 2833 2338 2870 a
2379 2817 2557 2870 littera
2595 2815 2660 2868 ad
2699 2813 2980 2882 spiritum,
3007 2827 3035 2863 a
3079 2811 3270 2881 figuris
3298 2809 3368 2863 ad
3416 2810 3725 2868 veritatem;

2154 2909 2316 2983 402
2360 2919 2411 2964 et
2440 2908 2848 2962 consideremus
2895 2920 3054 2974 quam
3097 2903 3334 2956 formam
3360 2912 3590 2956 teneant
3628 2903 3727 2954 ista

2155 3005 2273 3056 dua:
2305 3011 2359 3055 et
2387 3001 2552 3055 semis
2583 2999 2777 3064 tribus,
2808 3013 2926 3068 qutc
2954 3012 3050 3067 per
3079 2995 3301 3067 Moysen
3335 3004 3539 3049 terram
3573 2993 3724 3045 hitu-

467 3100 523 3145 ει
559 3098 687 3144 tunc
725 3107 830 3144 non
867 3091 1040 3144 solum
1071 3087 1181 3160 (9i)
1221 3089 1396 3142 llml‘cs
1430 3086 1681 3141 cmCieI‘iS
1722 3087 1836 3153 Dei.
1873 3089 1965 3142 sed
1997 3098 2046 3142 Cl
2080 3126 2123 3184 ε
2157 3095 2338 3149 ditatis
2372 3093 2651 3162 accipiunt
2683 3109 2694 3144 :
2724 3098 2778 3145 et
2813 3105 2974 3158 quam
3010 3087 3242 3141 formam
3274 3095 3504 3140 teneant
3527 3085 3730 3151 reliqua

468 3183 714 3238 cohtcres
745 3182 972 3238 Christi.

536 3275 591 3329 4.
633 3294 651 3326 ι
687 3275 865 3338 Sicut,
899 3274 1073 3341 inquit
1107 3274 1172 3340 θ’,
1208 3273 1315 3326 dixi
1354 3267 1546 3346 Moysi,
1590 3288 1833 3326 eremum
1861 3281 1912 3324 et
1947 3273 2056 3325 An-

469 3369 747 3423 tilibanqu
778 3369 920 3422 hunc
953 3382 1120 3436 usque
1160 3369 1224 3421 ad
1278 3367 1476 3421 fiumen
1533 3381 1812 3436 magnum,
1853 3363 2051 3418 fiumen

467 3460 820 3528 Euphratem,
871 3478 889 3512 ι
924 3473 1166 3513 eremum
1206 3459 1348 3514 Deus
1382 3457 1612 3537 subiecit
1659 3458 1781 3514 Jesu
1816 3457 1951 3530 (Μ),
2003 3459 2054 3512 id

463 3563 552 3606 est
583 3553 816 3615 deserta,
857 3551 922 3606 de
957 3552 1152 3621 quibus
1195 3551 1324 3605 dicit
1368 3549 1620 3620 propheta
1659 3551 1746 3604 ⁶³ε
1789 3568 1807 3601 ι
1847 3551 2054 3604 Laetare

468 3655 686 3694 cretnus
724 3640 950 3705 sitiens;
990 3658 1008 3691 ι
1047 3651 1102 3695 et
1133 3658 1148 3696 :
1179 3658 1197 3691 ι
1237 3640 1387 3694 Multi
1435 3641 1528 3694 lilii
1575 3640 1830 3704 deserta),
1885 3643 2056 3711 magis

469 3749 628 3800 quam
667 3732 783 3802 ejus
812 3747 932 3801 qua:
961 3733 1125 3786 habet
1159 3732 1355 3786 virum.
1387 3751 1406 3784 ι
1447 3733 1510 3787 Et
1539 3733 1735 3786 iterum
1774 3749 1880 3787 non
1922 3733 2060 3787 dixit

469 3825 760 3891 Libanum,
810 3826 904 3879 sed
959 3825 1358 3892 Antiiihanum,
1397 3841 1556 3895 quem
1607 3841 1638 3879 a
1691 3827 1799 3880 Dco
1843 3827 2058 3895 accepit

465 3913 644 3970 Jesus.
683 3915 1028 3970 Antilibauus
1059 3927 1242 3970 autem
1276 3919 1473 3971 dicitur
1505 3919 1657 3988 quasi
1691 3934 1788 3987 pro
1829 3917 2054 3972 Libano.

470 4007 529 4061 Si
578 4022 708 4078 ergo
743 4007 929 4062 videas
963 4007 1198 4077 priorem
1249 4009 1503 4078 populum
1557 4009 1706 4063 illum
1756 4012 2052 4064 secundum

467 4114 689 4154 carnem
727 4098 920 4163 lsraei,
945 4101 1036 4170 qui
1073 4110 1193 4154 erat
1225 4116 1352 4156 vera
1394 4103 1534 4157 oliva
1558 4144 1572 4168 ,
1609 4103 1784 4173 ipsum
1820 4103 2056 4174 intelligo

469 4189 636 4245 fuisse
674 4190 935 4244 Libanum
985 4207 1173 4246 verum
1205 4207 1220 4245 :
1251 4193 1346 4248 scd
1391 4208 1513 4248 cum
1549 4195 1750 4249 videris
1781 4195 1904 4264 quia
1957 4210 2055 4264 pro

470 4284 850 4340 incredulitate
881 4299 978 4338 sua
1025 4285 1271 4340 aufertur
1303 4285 1371 4340 ab
1419 4302 1485 4342 eo
1528 4304 1777 4358 regnum,
1817 4299 1870 4344 et
1899 4292 2058 4345 datur

467 4378 613 4449 genti
661 4379 878 4433 facienti
931 4381 1165 4433 fructum
1209 4380 1374 4447 ejus:
1430 4379 1592 4434 istum
1640 4381 1898 4449 populum
1960 4384 2052 4452 qui

2161 3205 2351 3245 novem
2407 3197 2462 3241 et
2516 3189 2681 3241 semis
2735 3201 2855 3254 qua:
2894 3199 2990 3253 per
3019 3182 3203 3238 Jesum
3266 3180 3728 3249 repromissioncm

2156 3290 2318 3337 terrm
2365 3291 2569 3336 sanctae
2609 3279 2929 3347 suscipiunt.
2986 3276 3048 3330 Et
3091 3277 3271 3344 primo
3315 3275 3565 3329 omnium
3617 3284 3734 3342 poto

2158 3371 2300 3441 quod
2325 3370 2657 3441 impossibile
2687 3368 2851 3425 fuerit
2881 3369 3102 3424 fortuitu
3139 3365 3434 3432 accidisse,
3464 3377 3522 3417 ut
3548 3364 3604 3418 bi
3655 3367 3732 3430 qci

2159 3480 2256 3534 per
2283 3463 2498 3535 Moysen
2525 3463 2799 3532 accipiunt
2827 3462 3151 3532 portionem,
3176 3474 3372 3514 omnes
3399 3458 3734 3529 primogeniti

2157 3561 2361 3606 essent.
2388 3550 2574 3604 Ruben
2601 3564 2836 3620 namque
2853 3551 3248 3620 primogenitus
3280 3559 3369 3603 est
3393 3565 3460 3602 ex
3485 3546 3604 3612 Lia,
3633 3546 3734 3600 Gavii

2159 3645 2553 3715 primogenitus
2597 3661 2663 3698 ex
2707 3643 2882 3708 Cella,
2930 3652 2984 3698 et
3042 3641 3317 3696 Manasscs
3350 3641 3739 3709 primogenita

2157 3753 2223 3792 ex
2260 3737 2534 3792 Assenech
2572 3736 2824 3807 Egyptia
2859 3736 2967 3790 ﬁlia
3002 3735 3271 3802 Petephre
3303 3734 3421 3805 (97)
3447 3734 3738 3787 sacerdotis

2160 3829 2526 3900 iieiiopoieos,
2564 3845 2726 3900 qttam
2781 3828 2992 3898 accepit
3037 3827 3256 3896 Joscph.
3305 3826 3597 3896 Nunquam
3649 3842 3739 3891 ego

2160 3923 2291 3976 mihi
2328 3923 2632 3993 persuadeo
2663 3931 2721 3975 ut
2767 3921 2992 3976 fortuitu
3040 3919 3301 3974 acciderit
3357 3920 3741 3988 primogenita

2158 4031 2277 4071 esse
2309 4030 2503 4071 omnes
2555 4014 2754 4084 quibus
2786 4029 2884 4084 per
2916 4012 3133 4084 Moysen
3183 4013 3592 4067 decernebatur
3635 4013 3739 4064 b.2-

2158 4107 2382 4172 reditas,
2405 4108 2500 4161 sed
2533 4107 2705 4176 magis
2729 4108 2829 4160 hoc
2849 4106 3086 4159 arbitror
3121 4103 3348 4174 quodin
3387 4106 3454 4158 iis
3475 4104 3590 4173 jam
3621 4115 3740 4158 tunc

2159 4199 2388 4254 duorum
2438 4198 2867 4252 adumbrabatur
2919 4195 3093 4251 forma
3148 4194 3470 4264 pepttiorutn
3512 4213 3525 4248 :
3588 4198 3740 4248 unius

2157 4292 2374 4361 quidem
2402 4292 2493 4360 qtti
2526 4291 2921 4360 primogenitus
2945 4303 3042 4360 per
3071 4298 3282 4343 natura.I
3311 4291 3565 4343 ordinem
3609 4289 3725 4341 vide

2160 4395 2340 4451 retur;
2365 4385 2589 4440 alterius
2613 4386 2703 4454 qui
2731 4399 2826 4453 per
2855 4383 3013 4436 fidem
3041 4392 3092 4434 et
3121 4382 3378 4452 gratiam,
3409 4381 3720 4435 benedictio

467 4485 565 4540 pro
620 4472 710 4527 illo
735 4473 958 4541 expulso
993 4473 1354 4527 introducitur
1387 4475 1436 4526 in
1495 4489 1742 4544 regnum,
1782 4475 2049 4529 Antiiiha-
2086 4483 2127 4536 ι)
2159 4494 2280 4532 nem
2338 4479 2613 4548 acciperet
2648 4478 3000 4532 hmreditatis.
3044 4473 3156 4530 Nec
3189 4476 3342 4544 prius
3384 4475 3493 4528 illis
3525 4476 3621 4544 qui
3655 4490 3744 4542 per

471 4581 597 4618 num
645 4566 809 4629 senti,
845 4580 966 4635 qua:
998 4577 1082 4621 est
1111 4565 1346 4620 Ecclesia
1384 4566 1476 4619 Dei
1519 4581 1586 4620 ex
1617 4569 1867 4637 gentibus
1918 4584 2051 4623 con-

470 4669 687 4730 gregata
716 4658 1016 4728 pchesum
1050 4660 1324 4716 Christum
1356 4662 1644 4717 Dominum
1664 4673 1928 4728 nostrum,
1961 4665 2046 4717 cui

544 4775 588 4807 δ’
620 4775 736 4830 Gal.
770 4791 843 4835 tv.
867 4774 920 4828 4.
999 4775 1044 4806 ⁸⁸
1072 4775 1263 4832 Matth.
1296 4792 1348 4842 v,
1372 4777 1426 4833 4.
1532 4778 1576 4810 ⁸⁹
1611 4777 1725 4833 Jos.
1760 4793 1796 4841 ι,
1827 4779 1880 4833 5.

468 4860 578 4914 Liv,
613 4849 659 4901 i.
739 4847 783 4878 “
815 4847 980 4901 iCor.
1025 4863 1079 4910 ι,
1112 4848 1196 4903 ii.

467 5008 638 5063 germ.
663 4991 1027 5054 cthmetic..
1066 5011 1084 5043 ι
1133 4993 1413 5060 plenitudo
1455 5001 1782 5062 temporum.
1826 5009 1842 5041 ι
1883 4989 2040 5047 Libb.

468 5066 621 5129 editi,
659 5081 678 5115 ι
716 5064 996 5132 plenitudo
1025 5067 1300 5130 temporis.
1348 5082 1367 5114 ι

533 5135 653 5260 Ις883
709 5131 891 5189 Codex
942 5135 1249 5204 Sangertn.,
1291 5151 1309 5184 ι
1354 5141 1562 5188 natum.
1608 5151 1626 5184 ι
1683 5131 1839 5185 Libb.
1888 5133 2043 5196 editi,

557 5222 618 5260 ac
647 5221 756 5259 um.
788 5223 807 5256 ι

471 5224 493 5260 σ
533 5217 756 5260 iactum.
788 5223 807 5256 ι

541 5277 821 5349 (89)'ldem
851 5289 1096 5328 ms..cum
1121 5273 1306 5328 codice
1329 5272 1617 5337 Gcmetic.,
1646 5291 1665 5324 ι
1694 5284 1995 5332 transeant.
2019 5294 2038 5328 ι

469 5347 628 5403 Libb.
657 5348 818 5410 edit.,
850 5365 868 5397 ι
904 5354 1168 5398 transeat.
1209 5363 1227 5395 ι

541 5418 654 5488 (90)
683 5417 866 5471 Codex
899 5415 1316 5481 Gemetieeusis,
1338 5432 1356 5466 ι
1383 5415 1503 5469 vita:
1531 5418 1786 5484 puritate.
1831 5437 1848 5470 ι
1885 5417 2046 5470 Libb.

468 5490 622 5552 editi,
658 5507 675 5538 ι
712 5491 845 5548 vita,
877 5488 1134 5556 puritate.
1174 5505 1192 5537 ι

539 5559 650 5633 (9i)
696 5561 876 5633 Codex
924 5556 1235 5627 Sattgertu.,
1280 5576 1306 5633 _¢
1342 5565 1397 5612 et
1445 5567 1572 5613 tunc
1623 5573 1727 5612 non
1786 5557 1982 5613 solum.
2024 5576 2040 5609 ι

469 5629 643 5687 Libb.
667 5632 818 5691 editi.
855 5649 874 5682 (
910 5633 1036 5682 dum
1071 5644 1176 5681 non
1214 5630 1410 5684 solum.
1453 5647 1471 5678 ι

542 5703 655 5770 (9‘2)
680 5699 822 5755 idem
858 5717 984 5765 ms.,
1022 5716 1040 5750 ι
1082 5714 1320 5753 eremum
1355 5699 1445 5753 Dei
1473 5697 1706 5764 subjecit
1737 5697 1911 5752 Jesus.
1951 5717 1968 5750 ι
2000 5740 2028 5756 .

543 5773 654 5840 (9'5)
677 5770 808 5827 Cum
837 5770 1040 5842 Spiritu
1066 5784 1268 5826 sancto.
1303 5773 1460 5826 Deest
1490 5772 1540 5825 in
1566 5771 1725 5826 codd.
1761 5773 2042 5840 Saugertn.

1960 4778 2003 4809 εο
2030 4777 2240 4833 Coioss.
2276 4795 2358 4843 ιιι,
2389 4780 2441 4833 1.

2157 4570 2374 4640 Moysen
2402 4570 2676 4638 accipiunt
2711 4569 3106 4632 itmretiitatem,
3133 4567 3183 4619 id
3207 4577 3292 4620 est
3316 4567 3409 4636 qui
3448 4582 3545 4633 per
3574 4568 3742 4633 legem

2159 4663 2477 4732 placuerunt
2532 4663 2666 4726 Deo,
2720 4663 2935 4730 requies
2991 4661 3172 4726 datur,
3231 4660 3336 4714 nisi
3385 4660 3650 4730 adjuvent
3695 4661 3740 4710 in

2519 4778 2736 4835 “Joau.
2771 4793 2870 4840 xu,
2895 4777 2987 4836 26.
3055 4777 3098 4809 "
3122 4776 3242 4833 Jos.
3278 4791 3318 4839 ι,
3353 4777 3411 4842 3,
3443 4777 3502 4836 4.
3575 4779 3624 4808 ⁸³
3649 4779 3742 4832 Isa.

2152 5001 2206 5047 et
2234 4992 2625 5048 Gemelicensi.

2225 5063 2339 5132 (9-1)
2373 5065 2544 5119 Codd.
2601 5066 2882 5135 Sangerm.
2942 5077 2997 5122 et
3045 5064 3316 5121 Gemelic.
3361 5066 3412 5118 in
3460 5065 3738 5119 boctitnia

2153 5137 2431 5197 Omittttnt,
2471 5154 2489 5186 ι
2531 5137 2584 5190 id
2615 5147 2718 5202 est,
2741 5139 2878 5192 tribu
2917 5137 3129 5204 Ruben,
3163 5147 3220 5192 et
3243 5140 3382 5192 tribu
3407 5138 3541 5199 Gad,
3575 5147 3636 5189 ct
3662 5153 3744 5190 se-

2156 5206 2377 5260 mitribtt
2407 5205 2679 5263 Mauasse.
2718 5225 2741 5261 ι

2229 5278 2340 5348 (93)
2377 5278 2531 5331 Libb.
2556 5291 2718 5334 antea
2759 5280 2910 5342 editi,
2941 5297 2962 5329 ι
3007 5277 3221 5349 Moyses
3252 5281 3462 5334 duabus
3489 5289 3538 5332 et
3569 5279 3737 5349 scalis

2160 5351 2409 5403 tribubus
2433 5361 2650 5429 .terram
2682 5353 2936 5419 partitur,
2975 5352 3026 5403 id
3054 5348 3160 5416 est,
3197 5353 3387 5414 tribui,
3434 5370 3453 5402 ι
3483 5361 3590 5404 etc.
3633 5348 3736 5400 Sed

2159 5435 2315 5479 IIiSS..
2345 5433 2402 5472 lli.
2434 5435 2485 5472 ιη
2521 5431 2706 5476 11051Γο
2731 5433 2904 5475 textu.

2231 5492 2342 5562 (96)
2386 5491 2534 5554 iiss.,
2575 5509 2593 5542 ι
2627 5495 2864 5546 historia:
2907 5500 3083 5548 textus
3103 5503 3345 5548 enarrat.
3389 5491 3585 5546 iLitb.
3619 5486 3736 5541 edi-

2161 5563 2222 5626 ti,
2257 5581 2274 5612 ι
2316 5563 2542 5617 historia
2576 5573 2785 5616 narrat.
2826 5583 2844 5614 ι

2191 5633 2343 5716 ,(97)
2376 5634 2524 5699 Mss,
2559 5653 2579 5686 ι
2616 5627 2905 5705 Ρειτθιῖιπε.
2942 5654 2960 5688 ι
3005 5634 3167 5691 Libb.
3203 5635 3360 5700 editi,
3408 5654 3426 5685 ι
3475 5631 3732 5701 Pasipha-

2160 5721 2257 5760 1³18.
2296 5722 2315 5756 ι
