3874 6516
955 331 1023 387 IN
1048 330 1310 387 LIBRUM
1332 326 1498 386 .IESU
1529 324 1716 384 NAVE
1746 328 2033 386 HOMILIA
2062 331 2151 387 III.

3120 328 3225 385 8'58

102 462 180 516 liis
209 458 387 513 fratres
441 468 588 511 suos.
637 452 892 511 Mulieres
944 464 1150 511 tantum
1194 464 1249 511 et
1291 454 1531 508 infantes
1559 454 1606 511 Α
1634 451 1744 520 hic,
1777 462 1831 509 et
1870 454 1945 509 ibi
1972 468 2165 511 novem
2206 461 2261 509 et
2295 453 2485 519 semis,
2522 462 2575 509 et
2606 453 2707 510 ista
2738 468 2841 509 una
2879 454 3059 511 tribus
3088 453 3226 508 divi-

102 551 484 625 lpiuntquietem
518 564 616 619 per
651 550 868 620 Moysen
907 567 921 604 :
969 555 1152 605 ueteri
1186 558 1365 603 autem
1421 564 1529 603 non

101 649 334 706 uiescunt,
372 642 465 697 sed
494 652 700 697 exeunt
731 644 795 697 ad
832 643 1093 697 auxilium
1125 641 1356 696 fratrum
1404 657 1529 696 suo-

102 766 124 795 ι,
150 737 266 792 Vide
292 736 422 789 mihi
457 736 617 791 hodie
658 735 927 790 laboranti
968 736 1019 788 in
1048 750 1217 805 agone
1246 733 1370 788 vitae
1427 734 1529 787 hu-

114 842 158 887 et
184 829 382 885 habenti
423 838 696 882 certamen
739 827 999 883 adversus
1042 827 1313 891 inimicos,
1352 827 1402 881 id
1449 834 1533 882 est

102 922 264 979 irarias
280 928 593 990 potestates,
625 920 894 990 quomodo
926 920 979 974 in
1008 921 1269 974 auxilium
1305 921 1530 974 veniunt

101 1017 178 1087 qui
210 1023 327 1069 ante
360 1014 651 1069 adventum
688 1013 817 1069 .Iesu
859 1004 1059 1068 Christi
1096 1014 1304 1068 Domini
1338 1015 1443 1068 mei
1476 1014 1527 1067 iu

143 1105 407 1177 justificati
463 1117 611 1164 sunt.
662 1105 796 1161 Vide
847 1108 1118 1176 quomodo
1176 1106 1345 1163 Isaias
1396 1107 1528 1162 mihi

101 1197 478 1260 statauxilium,
503 1214 625 1252 cum
658 1214 741 1254 me
758 1198 1102 1254 sermonibus
1138 1214 1249 1253 sua:
1276 1201 1531 1257 lectionis

101 1294 251 1347 ninat.
276 1289 407 1346 Vide
430 1291 729 1345 accinctum
757 1280 827 1345 ἐι
874 1292 1184 1361 expeditum
1225 1294 1527 1348 venientem

105 1383 248 1437 miam
288 1382 352 1435 ad
405 1382 659 1436 auxilium
718 1394 985 1449 nostrum,
1025 1391 1079 1438 et
1114 1384 1403 1441 voluminis
1446 1388 1528 1441 sui

102 1478 155 1530 lis
196 1476 371 1529 hostes
413 1476 729 1539 acerrimos,
773 1475 954 1530 cordis
983 1480 1085 1530 mei
1123 1477 1375 1533 tenebras
1398 1479 1532 1534 effu-

106 1585 203 1624 em.
233 1567 546 1636 Accingitur
576 1576 629 1621 et
669 1566 854 1621 Daniel
889 1570 953 1621 ad
973 1570 1231 1623 auxilium
1258 1583 1530 1636 nostrum,

113 1674 202 1714 nos
225 1658 289 1713 de
321 1656 522 1712 Christi
561 1660 847 1728 praesentia
883 1673 947 1715 ac
982 1676 1170 1729 regno,
1209 1670 1264 1717 et
1286 1663 1349 1718 de
1376 1663 1533 1717 Anti-

101 1754 149 1805 sti
180 1751 354 1804 futura
376 1749 565 1805 fraude
601 1751 816 1805 instruit
843 1759 899 1804 et
922 1762 1237 1819 prmmunet.
1274 1754 1445 1808 Adest
1476 1766 1530 1810 et

102 1843 207 1898 :hiel
233 1851 573 1897 sacramenta
603 1843 757 1897 nobis
788 1843 1031 1899 cmlestia
1058 1845 1109 1898 in
1143 1847 1530 1915 quadriformi-
1564 1825 1604 1879 Β

107 1946 336 1991 rotarum
374 1933 592 1989 circulis
633 1935 879 2004 signans,
908 1945 962 1992 et
994 1947 1165 1991 rotam
1199 1939 1531 1996 concludens

102 2036 185 2080 ita.
228 2025 385 2079 Ducit
430 2034 484 2079 et
515 2025 651 2082 Osee
690 2026 934 2081 bissenas
965 2028 1265 2097 prophetici
1301 2032 1532 2102 agminis

102 2133 188 2181 las,
212 2125 267 2171 et
290 2115 590 2185 procedunt
615 2131 805 2197 omnes
828 2118 1088 2173 succincti
1122 2119 1335 2176 lumbos
1360 2122 1413 2174 in
1443 2137 1528 2178 ve-

101 2228 124 2266 e
155 2226 312 2279 quam
350 2210 651 2279 praedicant
684 2210 750 2262 ad
781 2211 1040 2265 auxilium
1066 2228 1309 2274 suorum,
1349 2225 1408 2269 ut
1436 2231 1533 2271 eo-

109 2302 471 2357 voluminibus
516 2301 787 2369 instructi,
822 2302 1120 2358 diabolicas
1170 2320 1277 2359 non
1312 2306 1532 2375 ignore-

131 2394 382 2448 astutias.
433 2394 525 2448 Isti
570 2410 698 2465 ergo
727 2394 817 2464 qui
862 2394 1034 2450 fortes
1068 2407 1216 2462 sunt,
1244 2400 1442 2453 armati
1480 2412 1531 2456 et

105 2488 228 2543 incti
278 2488 495 2542 lumbos
548 2488 599 2542 in
646 2490 881 2543 veritate
933 2499 1134 2544 exeunt
1184 2492 1237 2545 in
1273 2493 1532 2548 auxilium

101 2597 219 2642 'um,
254 2587 309 2634 et
347 2589 593 2649 pugnant
633 2579 934 2635 nobiscum.
984 2579 1222 2639 Infantes
1252 2596 1431 2641 autem
1480 2596 1537 2641 et

102 2688 204 2726 :res
236 2688 345 2726 non
380 2682 579 2726 exeunt
604 2675 671 2727 ad
710 2676 951 2744 przelium
996 2688 1265 2733 nostrum.
1295 2678 1406 2735 Nec
1431 2681 1535 2735 mi-

125 2764 301 2817 infans
324 2765 473 2818 enim
504 2765 703 2819 dicitur
733 2767 823 2835 qui
858 2784 961 2823 non
988 2768 1248 2839 loquitur.
1275 2768 1414 2838 Quid
1451 2788 1539 2828 me

102 2858 295 2926 juvare
337 2858 519 2927 potuit
542 2857 635 2913 ille
666 2860 756 2928 qui
793 2860 925 2915 nihil
970 2862 1179 2918 locutus
1214 2866 1337 2919 est?
1383 2866 1538 2935 cujus

124 2953 348 3007 invenio
379 2950 527 3022 quod
564 2951 773 3021 legam?
802 2955 956 3023 cujus
982 2970 1067 3010 me
1101 2971 1280 3011 sermo
1310 2973 1415 3013 non
1458 2960 1539 3013 in-

102 3046 145 3098 ,ἶ
184 3044 482 3098 Mulierem
512 3058 642 3097 vero
671 3044 801 3098 dicit
830 3046 1103 3113 apostolus
1134 3047 1407 3103 infirmum
1446 3065 1539 3105 vas

111 3137 177 3187 ⁸⁸.
234 3135 400 3191 Unde
449 3145 501 3189 et
544 3146 937 3204 consequenter
988 3139 1265 3194 infirmum
1328 3157 1426 3196 vas
1472 3142 1537 3196 ad

106 3243 255 3287 ctum
286 3246 400 3285 non
430 3231 593 3293 venit,
619 3244 686 3283 ne
715 3232 1098 3302 confringatur
1128 3244 1182 3288 et
1207 3245 1416 3304 pereat.
1448 3236 1540 3291 Sic

110 3343 175 3380 ue
198 3335 255 3380 et
292 3327 363 3380 de
388 3324 515 3379 Jesu
555 3325 779 3381 Domino
806 3327 858 3380 iu
896 3326 1209 3395 Evangeliis
1243 3328 1443 3382 dicitur
1467 3329 1536 3394 ⁸⁸,

103 3437 114 3470 ι
162 3418 452 3473 calamum
487 3426 800 3488 quassatum
841 3434 945 3472 nou
989 3417 1299 3489 confringet
1334 3418 1468 3490 (98).
1515 3439 1534 3471 ι

108 3528 242 3582 ergo
272 3513 540 3569 mulieres
565 3530 593 3568 a
623 3516 755 3571 viris
793 3516 909 3570 suis
947 3514 1089 3568 domi
1131 3512 1314 3568 doceri
1344 3513 1543 3585 juben-

103 3614 135 3657 τι
165 3605 352 3676 magis
386 3606 443 3660 in
474 3606 857 3676 discipulorum
883 3621 1047 3677 quam
1076 3606 1385 3662 docentium
1415 3620 1540 3675 per-

106 3708 429 3767 ponuntur,
478 3699 545 3753 ad
580 3699 839 3754 auxilium
886 3714 1065 3754 meum
1099 3715 1207 3754 non
1252 3699 1403 3754 venit
1451 3700 1541 3768 qui

106 3808 127 3845 [ξ
162 3808 254 3846 me
288 3807 412 3847 non
460 3801 654 3861 potest,
686 3802 743 3847 et
771 3792 927 3861 cujus
958 3792 1090 3847 nihil
1128 3792 1345 3847 invenio
1396 3794 1543 3862 quod

106 3888 135 3938 ’ἱ
174 3886 456 3950 debeam,
480 3886 564 3941 vel
594 3895 798 3941 tenere.

105 3980 403 4035 fideamus
442 3992 570 4050 ergo
598 3979 725 4048 quid
751 3978 942 4034 dicunt
986 3979 1053 4033 ad
1097 3978 1281 4034 Jesum
1314 3978 1401 4035 isti
1450 3978 1543 4048 qui

117 4084 159 4127 ιι
224 4089 300 4128 ex
369 4072 471 4127 illa
532 4084 675 4127 terra
739 4087 902 4142 quam
961 4072 1239 4127 distribuit
1290 4071 1541 4143 Moyses:

107 4177 145 4221 ιι
189 4166 559 4235 audivimus,
585 4166 737 4222 aiunt
772 4166 843 4228 ⁸⁷,
874 4164 1118 4232 Moysen,
1152 4166 1224 4219 ita
1262 4167 1545 4221 audiemus

149 4281 169 4313 ›
204 4260 373 4315 Nihil
422 4268 532 4313 tam
567 4274 777 4327 verum,
832 4275 995 4325 quam
1036 4258 1181 4329 quod
1222 4260 1400 4314 omnis
1454 4260 1545 4330 qui

112 4354 389 4426 Moysen,
436 4352 625 4406 audiat
658 4362 710 4405 et
740 4350 922 4407 Iesum
955 4353 1243 4409 Dominum
1271 4360 1543 4407 nostrum.

116 4466 178 4501 su
244 4448 411 4501 enim
474 4446 563 4499 ille
597 4444 834 4513 scripsit.
868 4443 1020 4499 Unde
1068 4454 1122 4499 et
1184 4445 1445 4499 Dominus
1492 4446 1544 4498 in

1638 545 1789 599 ditur
1840 546 1895 599 in
1936 547 2072 601 duas
2115 556 2318 616 partes,
2368 563 2465 618 per
2492 561 2656 616 quam
2700 562 2875 618 neque
2902 548 2992 603 hic
3033 547 3227 601 tertius

1637 653 1895 695 numerus
1947 640 2156 710 integer
2209 640 2551 710 a‘dimpletur,
2610 656 2785 711 neque
2843 641 2916 695 ibi
2973 639 3226 696 decimus

1636 730 1875 798 perfecte
1908 740 1963 786 et
2010 732 2219 801 integre
2262 743 2693 788 consummatur.
2747 733 2799 787 In
2835 750 2943 805 quo
2980 735 3225 789 arb.tror

1638 820 1764 875 illud
1820 823 2065 887 indicari,
2108 824 2253 893 quod
2303 832 2356 877 et
2399 821 2473 876 illi
2520 824 2728 893 priores
2763 825 2851 893 qui
2893 841 2991 895 per
3042 826 3218 895 legem

1638 916 1935 984 agebantur
1979 914 2114 985 (99),
2150 914 2472 985 contigerint
2524 915 2742 985 quidem
2777 916 3004 972 scicntia
3030 935 3058 970 ιι
3092 916 3219 972 Tri-

1637 1007 1840 1070 nitatis,
1874 1023 1979 1061 non
2019 1018 2194 1061 tamen
2225 1009 2431 1077 integre
2452 1017 2505 1062 et
2543 1007 2796 1077 perfecte,
2828 1012 2923 1064 sed
2948 1026 3011 1064 ex
3040 1019 3215 1079 parte.

1638 1101 1832 1155 Deerat
1872 1101 2014 1155 enim
2060 1101 2165 1155 illis
2198 1102 2249 1155 in
2281 1101 2570 1166 Trinitate,
2614 1102 2775 1156 etiam
2824 1104 2913 1158 Dei
2956 1106 3220 1176 unigeniti

1639 1193 2069 1248 incarnationem
2106 1194 2181 1265 (I)
2216 1210 2561 1264 cognoscere.
2597 1194 2730 1249 Nam
2765 1194 2891 1251 licet
2925 1197 2991 1252 de
3014 1200 3217 1254 adven-

1641 1295 1693 1336 tu
1723 1284 1841 1353 ejus
1872 1284 2180 1351 crederent,
2210 1294 2264 1338 et
2286 1287 2351 1340 de
2393 1286 2616 1356 reliquis
2642 1287 2756 1356 ejus
2797 1287 3217 1356 dispensationi-

1636 1377 1739 1432 bus
1766 1393 1871 1431 non
1916 1377 2091 1432 solum
2126 1378 2432 1446 crederent,
2478 1381 2570 1435 sed
2606 1380 2767 1434 etiam
2801 1382 3162 1450 prmdicarent
3203 1402 3215 1437 :

1641 1484 1744 1522 non
1776 1478 1955 1522 tamen
2001 1469 2167 1524 etiam
2220 1470 2423 1535 videre,
2464 1478 2518 1524 et
2546 1470 2771 1539 adipisci
2798 1485 2860 1524 ea
2894 1487 3013 1540 quae
3045 1472 3221 1527 credi-

1640 1562 1854 1624 derant,
1889 1570 2216 1629 potuerunt;
2254 1562 2397 1616 sicut
2423 1570 2477 1616 et
2508 1561 2770 1616 Dominus
2801 1562 3079 1631 discipulis
3107 1563 3221 1620 suis

1640 1655 1769 1708 dicit
1798 1656 1864 1709 de
1894 1654 1973 1710 eis
2001 1654 2070 1720 ‘9,
2093 1654 2217 1723 quia
2251 1674 2269 1706 ι
2305 1654 2459 1709 multi
2498 1654 2774 1724 propheta:
2796 1665 2851 1709 et
2876 1656 3008 1724 justi
3040 1657 3223 1726 cupie-

1640 1760 1770 1802 runt
1818 1748 2002 1804 videre
2035 1764 2156 1818 quae
2200 1763 2299 1804 vos
2337 1749 2555 1815 videtis,
2594 1757 2649 1803 et
2694 1764 2803 1803 non
2848 1749 3118 1812 viderunt,
3167 1758 3225 1806 et

1633 1838 1820 1894 audire
1850 1855 1970 1908 qua:
2001 1856 2098 1895 vos
2147 1842 2370 1905 auditis,
2414 1852 2469 1896 et
2515 1857 2621 1896 non
2666 1841 2976 1895 audierunt.
3019 1862 3038 1893 ι
3093 1842 3225 1897 Erat

1632 1934 1773 1987 enim
1806 1932 1936 1987 fides
1963 1948 2148 1989 eorum
2185 1948 2291 1987 non
2332 1934 2563 2004 integra,
2593 1951 2690 2006 pro
2716 1952 2780 1991 eo
2807 1935 2949 2004 Quod
2982 1936 3219 1990 nondum

1632 2023 1684 2078 in
1713 2024 1928 2079 Christo
1952 2025 2124 2079 fuerat
2144 2024 2477 2095 dispensatio
2514 2028 2692 2082 carnis
2717 2027 2968 2096 impleta;
2989 2037 3042 2081 et
3068 2026 3215 2096 quod

1634 2130 1732 2171 nos
1778 2131 1922 2170 nunc
1970 2115 2175 2171 factum
2216 2116 2330 2183 jam
2371 2119 2648 2173 credimus
2698 2131 2753 2174 et
2802 2119 3104 2189 impletum,
3137 2118 3213 2172 illi

1636 2210 2005 2264 tantummodo
2050 2208 2294 2263 futurum
2360 2210 2679 2266 credebant.
2740 2210 3033 2281 Propterea
3083 2227 3215 2280 ergo

1636 2303 1809 2357 tribus
1839 2302 1942 2356 illae
1975 2317 2150 2371 neque
2177 2304 2294 2358 dua:
2314 2313 2461 2363 sunt.
2498 2319 2566 2358 ne
2594 2314 2774 2373 patres
2793 2316 2946 2359 extra
2983 2302 3142 2357 fidem
3169 2312 3227 2358 et

1637 2395 1872 2449 salutem
1905 2396 2013 2450 sint
2039 2395 2327 2451 Trinitatis
2354 2414 2367 2450 :
2402 2410 2576 2466 neque
2605 2406 2717 2451 tres
2753 2398 2978 2467 integrae
3006 2406 3061 2453 et
3091 2413 3218 2467 per-

1636 2486 1811 2552 fectae,
1839 2502 1908 2542 ne
1940 2488 2114 2542 beatae
2138 2487 2426 2543 Trinitatis
2458 2489 2510 2542 in
2544 2489 2649 2543 illis
2670 2487 2782 2555 jam
2815 2500 3224 2545 sacramentum

1640 2583 1914 2638 videretur
1935 2585 2231 2655 expletura.
2253 2586 2358 2641 Sed
2379 2588 2727 2656 contigerunt
2757 2588 2972 2659 quidem
3004 2590 3223 2645 tertium

1638 2691 1944 2742 numerurm,
1977 2686 2052 2741 et,
2087 2678 2228 2733 sicut
2262 2680 2399 2733 dixit
2440 2681 2721 2744 Dominus,
2757 2681 3046 2751 cupierunt
3071 2681 3227 2738 vide-

1640 2786 1698 2826 re
1724 2787 1845 2842 quae
1872 2772 2146 2839 videmus,
2171 2781 2228 2827 et
2250 2775 2441 2828 audire
2459 2790 2577 2844 qum
2593 2774 2868 2841 audimus;
2889 2776 2981 2831 sed
3002 2777 3224 2831 minime

1642 2872 1959 2934 potuerunt,
1988 2865 2112 2929 quia
2140 2866 2378 2921 nondum
2406 2865 2576 2921 Filius
2618 2866 2852 2921 hominis
2878 2865 3053 2921 fuerat
3082 2871 3231 2922 exal-

1647 2964 1812 3024 tatus,
1840 2972 1940 3013 nec
1967 2956 2399 3028 temporumjam
2427 2968 2655 3013 venerat
2684 2960 2986 3029 plenitudo.
3018 2958 3118 3014 Hic
3143 2975 3231 3014 me

1641 3051 1806 3105 etiam
1860 3051 2065 3121 aliquid
2105 3051 2336 3121 amplius
2380 3062 2582 3106 movet.
2610 3052 2719 3123 Ego
2759 3064 2889 3123 puto
2941 3055 3083 3124 quod
3116 3054 3229 3109 for-

1570 3176 1613 3233 c
1648 3152 1789 3199 tasse
1807 3160 1907 3199 nec
1944 3146 1996 3198 in
2031 3146 2261 3199 adventu
2290 3143 2439 3209 Jesu,
2479 3156 2533 3199 et
2566 3145 2947 3201 incarnatione
2980 3147 3097 3217 ejus
3127 3149 3225 3203 ad-

1647 3236 1750 3292 huc
1806 3238 1951 3307 quod
2011 3235 2311 3307 perfectum
2370 3246 2452 3292 est
2495 3248 2550 3292 et
2604 3238 2871 3307 integrum
2930 3239 3227 3294 discimus:

1646 3330 1740 3384 sed
1794 3345 1893 3384 nec
1956 3330 2002 3383 si
2070 3330 2135 3384 ad
2198 3344 2414 3385 crucem
2479 3330 2711 3383 ducatur
2765 3332 2917 3397 jam,
2981 3342 3037 3386 et
3099 3347 3229 3387 con-

1646 3430 1946 3475 summetur
1991 3422 2066 3491 (‘2)
2113 3421 2164 3476 in
2202 3421 2475 3485 omnibus,
2534 3436 2632 3475 nec
2679 3422 2722 3475 si
2776 3437 2805 3475 a
2866 3424 3096 3478 mortuis
3144 3438 3227 3478 re-

1646 3514 1903 3577 surrexit,
1956 3512 2117 3585 403
2170 3521 2365 3568 cuncta
2420 3513 2575 3568 nobis
2608 3529 2707 3583 per
2728 3515 3077 3585 semetipsum
3115 3531 3235 3585 qua:

1655 3614 1899 3683 perfecta
1930 3624 2077 3677 sunt,
2111 3613 2332 3682 pandet.
2360 3609 2481 3665 Alio
2498 3613 2673 3667 adhuc
2695 3628 2831 3683 opus
2859 3615 3117 3670 habemus
3140 3615 3235 3686 qui

1647 3707 1805 3763 nobis
1850 3707 2057 3775 aperiat
2114 3704 2189 3777 (3)
2237 3716 2292 3760 et
2329 3705 2533 3762 rcvelet
2586 3707 3025 3761 universa.Audi
3059 3707 3235 3778 ipsum

1648 3800 1938 3854 Dominum
1977 3800 2028 3853 in
2065 3799 2374 3871 Evangeliis
2405 3801 2670 3856 dicentem
2700 3801 2747 3833 ⁷ο
2776 3818 2790 3855 :
2827 3820 2845 3853 ι
2874 3800 3036 3854 Multa
3060 3800 3235 3856 adhuc

1649 3894 1823 3949 habeo
1881 3907 2003 3961 quae
2054 3892 2209 3947 vobis
2249 3893 2439 3963 loquar
2474 3894 2575 3965 (4),
2618 3894 2710 3949 sed
2759 3907 2863 3947 non
2892 3893 3120 3964 potestis
3145 3894 3232 3947 illa

1648 3987 1809 4038 modo
1833 3985 2043 4039 audire.
2074 3984 2272 4039 Veniet
2324 3994 2503 4039 autem
2538 3985 2772 4054 Spiritus
2807 3984 3056 4040 veritatis
3079 3987 3169 4054 qui
3203 4002 3232 4041 a

1622 4080 1808 4137 ‘Patre
1864 4077 2126 4146 procedit,
2157 4096 2175 4129 ι
2205 4086 2260 4132 et
2308 4077 2385 4127 7‘:
2416 4096 2434 4129 ι
2475 4080 2541 4133 de
2571 4093 2693 4133 meo
2740 4078 2995 4148 accipiet,
3048 4086 3105 4131 et
3149 4075 3235 4131 illa

1650 4170 1803 4223 vobis
1835 4165 2096 4224 indicabit
2125 4168 2329 4225 omnia.
2359 4186 2378 4219 ι
2410 4168 2574 4223 Vides
2608 4170 2731 4238 quia
2761 4184 2865 4224 non
2898 4169 3071 4223 solum
3096 4168 3235 4238 apud

1649 4264 1868 4334 Moysen
1899 4264 2001 4319 iste
2027 4264 2221 4319 tertius
2253 4277 2515 4317 numerus
2546 4278 2650 4316 non
2699 4263 3105 4318 demonstratur
3137 4262 3240 4316 im-

1648 4359 1847 4428 pletus,
1890 4358 1983 4412 sed
2029 4356 2205 4411 adhuc
2264 4363 2319 4409 et
2365 4352 2522 4408 Jesus
2565 4353 2698 4407 dicit
2759 4352 3036 4421 discipulis
3074 4352 3236 4408 suis:

1653 4450 1899 4505 Nondum
1937 4451 2168 4519 potestis
2199 4448 2413 4513 audire,
2456 4446 2557 4501 nisi
2587 4445 2673 4499 ille
2721 4445 3032 4499 Paracletus
3059 4445 3241 4499 veniat

114 4540 228 4595 elio
266 4552 528 4609 arguens
563 4552 679 4603 eos,
731 4538 857 4607 quia
893 4551 956 4589 ex
1008 4551 1073 4591 eo
1104 4537 1246 4605 quod
1284 4538 1389 4592 sibi
1437 4554 1543 4593 non
1578 4517 1604 4571 Ῑ

1656 4546 1879 4615 spiritus
1910 4517 2154 4598 vei-italis
2184 4559 2199 4596 :
2232 4542 2356 4611 quia
2388 4556 2484 4611 per
2514 4540 2710 4606 ipsum,
2738 4548 2791 4591 et
2827 4538 2877 4591 in
2920 4538 3035 4607 ipso
3062 4538 3237 4593 adim-

110 4644 176 4697 ιι,
222 4648 338 4689 nec
376 4630 569 4685 Moseo
622 4631 868 4695 credant,
909 4630 1041 4685 dicit
1074 4630 1161 4682 ⁶⁸ς
1213 4649 1231 4682 ι
1269 4630 1323 4685 Si
1358 4631 1550 4686 crede-

109 4730 285 4799 loysi,
330 4726 645 4781 crederetis
688 4727 875 4795 utique
906 4733 959 4778 et
990 4724 1146 4777 mihi.
1182 4723 1257 4777 De
1284 4738 1367 4776 me
1400 4724 1547 4777 enim

118 4822 315 4888 ripsit.
349 4838 370 4871 ι
423 4817 554 4871 Mihi
580 4827 760 4873 tamen
797 4831 899 4873 nec
928 4816 1031 4870 hoc
1051 4815 1285 4870 otiosum
1314 4814 1548 4880 videtur,

115 4930 233 4968 non
276 4923 408 4967 tres
471 4911 696 4980 integra:
734 4910 905 4965 tribus
955 4918 1082 4965 sunt
1120 4912 1235 4963 ista:
1284 4925 1405 4979 qua:
1456 4924 1553 4979 per

112 5025 146 5061 ιι
181 5009 630 5077 dispensantur,
685 5013 742 5059 et
777 5004 879 5058 illae
921 5004 1143 5071 integra:
1191 5017 1385 5057 novem
1434 5017 1555 5072 qua:

112 5116 242 5156 sum
294 5096 642 5154 haereditate
687 5096 988 5165 potiuntur,
1030 5093 1125 5149 sed
1155 5094 1273 5149 duae
1302 5102 1356 5148 et
1388 5094 1553 5150 semis

114 5223 224 5275 >ct.
255 5236 353 5286 ιιι,
405 5216 467 5268 7.
545 5210 591 5247 ⁸⁸
638 5212 826 5268 Matth.
879 5229 977 5280 xu,
1007 5212 1101 5267 20.
1177 5211 1220 5243 ⁸⁷
1241 5210 1352 5269 Jos.
1383 5227 1420 5279 ι,
1450 5213 1540 5271 I7.

114 5337 127 5351 .
168 5292 261 5347 l4.

149 5414 365 5469 Codex
422 5405 849 5470 Gemeticensis,
896 5422 914 5455 ι
948 5404 1277 5476 confringet.
1310 5423 1329 5458 ι
1374 5404 1546 5474 Alias,

113 5490 289 5553 regit.
337 5503 359 5534 ι

136 5544 308 5618 Μέθη
353 5572 377 5605 ‹
429 5550 757 5619 agebantur.
802 5566 820 5600 ι
869 5546 1091 5619 Alias,«
1128 5544 1481 5619 habebantur.
1528 5564 1545 5598 ι

116 5627 296 5679 Etiam
345 5618 753 5690 Dei'unigeniti
792 5618 1231 5690 incarnationem.
1268 5618 1346 5690 Ita
1394 5618 1554 5690 habet

117 5686 749 5755 Gemelicensnsflibri
784 5703 915 5743 vero
957 5695 1115 5742 antea
1150 5686 1304 5754 editi,
1339 5704 1358 5738 ι
1386 5689 1553 5742 etiam

115 5767 329 5839 igcniti
367 5764 786 5841 ἰηιεειιιίιςιεὶοιιρἶ
821 5779 839 5812 ι
1209 5829 1266 5841 m
1356 5827 1370 5841 .
1512 5825 1525 5839 .

127 5829 345 5896 Codex
412 5832 822 5890 Gemeticensis
870 5845 995 5887 cum
1044 5844 1152 5887 uno
1209 5829 1551 5896 Ebroicensi,

1658 4638 1836 4708 pletur
1874 4635 2140 4705 perfectio
2172 4632 2477 4687 Trinitatis.
2517 4630 2650 4684 Nam
2685 4632 2826 4699 quod
2852 4640 2907 4685 et
2934 4644 3122 4685 novem
3153 4646 3242 4687 se-

1660 4730 1763 4783 mis
1786 4730 1957 4783 tribus
2010 4735 2134 4781 sunt
2172 4740 2293 4795 qua:
2350 4723 2451 4778 sub
2490 4721 2616 4777 Jesu
2650 4724 2785 4777 duce
2832 4732 3022 4790 agunt,
3049 4733 3099 4778 et
3129 4739 3237 4779 non

1659 4820 1881 4888 integra:
1908 4821 2116 4882 decem,
2147 4816 2240 4884 qui
2294 4828 2555 4868 numerus
2588 4814 2642 4867 in
2677 4815 2929 4869 omnibus
2977 4830 3238 4869 consum-

1660 4921 1837 4965 matus
1866 4909 2065 4963 dicitur
2104 4917 2159 4961 et
2192 4904 2490 4976 perfectus,
2527 4905 2715 4959 eadem
2750 4907 2868 4960 sine
2909 4906 3069 4960 dubio
3098 4909 3238 4962 ratio

1662 5002 1960 5066 invenitur,
2002 5008 2061 5053 ut
2121 5000 2220 5052 hoe
2266 4998 2409 5067 quod
2446 5011 2476 5050 a
2531 4996 2757 5051 Domino
2790 4996 2917 5052 .Iesu
2966 5000 3238 5057 reservari

1664 5097 1863 5151 dicitur
1915 5094 2141 5165 Spiritui
2185 5099 2417 5156 sancto,
2475 5091 2831 5163 semiplenum
2879 5092 3130 5148 videatur
3173 5110 3238 5149 ac

1619 5215 1665 5249 ⁸³
1686 5216 1843 5272 Joan.
1868 5231 1922 5279 v,
1952 5214 2043 5269 46.
2122 5213 2167 5244 ⁸⁸
2201 5211 2391 5267 Matth.
2430 5196 2547 5277 XIII,
2577 5211 2659 5266 l7.
2736 5212 2782 5244 "°
2805 5211 2964 5268 Joan.
2991 5228 3101 5280 ιιι,
3146 5213 3235 5268 12.

1669 5422 1693 5457 ‹
1724 5404 1918 5458 ductus
1940 5399 2053 5469 jam
2079 5406 2134 5453 ct
2157 5403 2588 5469 consummatus.
2628 5413 2646 5447 ι

1726 5475 1803 5545 (5)
1831 5462 1973 5527 Idem
2002 5486 2132 5525 mss.
2166 5466 2433 5545 ¢__pandit.
2470 5464 2639 5545 I_I_al_)et
2692 5464 2866 5545 adhuc
2900 5478 3038 5534 opus
3073 5462 3241 5545 Israel

1658 5556 1713 5600 et
1733 5535 1930 5597 audire
1952 5556 2071 5605 quae
2102 5538 2425 5594 audivimus.
2482 5535 2753 5591 Ilabemus
2773 5544 2825 5589 et
2858 5550 2955 5590 nos
2981 5550 3116 5605 opus
3146 5535 3239 5607 qui

1661 5615 1820 5670 nobis
1842 5614 2077 5680 aperiat.
2122 5629 2140 5663 ι

1730 5686 1806 5753 (4)
1835 5675 1965 5749 Qua:
1985 5683 2128 5737 vobis
2146 5682 2351 5750 loquar.
2364 5675 2445 5753 _It_a
2462 5678 2618 5753 codd.
2640 5677 2950 5753 Sangerm,
2972 5675 3240 5753 Gcmetjc.

1659 5746 1900 5811 et'u'nus
1945 5746 2311 5811 Ebroicensis.
2364 5746 2522 5802 Libb.
2568 5756 2748 5804 autem
2791 5748 2920 5803 editi
2956 5766 2969 5804 :
3014 5766 3033 5799 ι
3086 5746 3239 5804 vobis

1660 5828 1832 5897 loqui.
1870 5844 1888 5878 ι
