  <div class='ocr_page' id='page_1' title='image "/cluster/home/n/w/nwhite01/storage/ocr_20150623/12/hvd.32044019207638/423.png"; bbox 0 0 3874 6506; ppageno 0'>
   <div class='ocr_carea' id='block_1_1' title="bbox 547 293 652 353">
    <p class='ocr_par' dir='ltr' id='par_1_1' title="bbox 547 293 652 353">
     <span class='ocr_line' id='line_1_1' title="bbox 547 293 652 353; baseline -0.038 0"><span class='ocrx_word' id='word_1_1' title='bbox 547 293 652 353; x_wconf 82' lang='lat'><strong>8&#39;59</strong></span> 
     </span>
    </p>
   </div>
   <div class='ocr_carea' id='block_1_2' title="bbox 1951 279 2283 345">
    <p class='ocr_par' dir='ltr' id='par_1_2' title="bbox 1951 279 2283 345">
     <span class='ocr_line' id='line_1_2' title="bbox 1951 279 2283 345; baseline -0.021 -2"><span class='ocrx_word' id='word_1_2' title='bbox 1951 285 2109 345; x_wconf 84' lang='lat' dir='ltr'><strong>ORIC</strong></span> <span class='ocrx_word' id='word_1_3' title='bbox 2129 279 2283 338; x_wconf 86' lang='lat' dir='ltr'><strong>ENlS</strong></span> 
     </span>
    </p>
   </div>
   <div class='ocr_carea' id='block_1_3' title="bbox 3682 269 3767 324">
    <p class='ocr_par' dir='ltr' id='par_1_3' title="bbox 3682 269 3767 324">
     <span class='ocr_line' id='line_1_3' title="bbox 3682 269 3767 324; baseline 0.012 -1"><span class='ocrx_word' id='word_1_4' title='bbox 3682 269 3767 324; x_wconf 70' lang='lat' dir='ltr'><strong>MO</strong></span> 
     </span>
    </p>
   </div>
   <div class='ocr_carea' id='block_1_4' title="bbox 546 386 3765 473">
    <p class='ocr_par' dir='ltr' id='par_1_4' title="bbox 546 386 3765 473">
     <span class='ocr_line' id='line_1_4' title="bbox 546 386 3765 473; baseline -0.008 -6"><span class='ocrx_word' id='word_1_5' title='bbox 546 410 806 467; x_wconf 90' lang='lat' dir='ltr'><strong>medium.</strong></span> <span class='ocrx_word' id='word_1_6' title='bbox 836 403 1091 473; x_wconf 75' lang='lat' dir='ltr'><strong>Quamvis</strong></span> <span class='ocrx_word' id='word_1_7' title='bbox 1133 401 1277 458; x_wconf 89' lang='lat' dir='ltr'><strong>enim</strong></span> <span class='ocrx_word' id='word_1_8' title='bbox 1321 416 1418 472; x_wconf 89' lang='lat' dir='ltr'><strong>per</strong></span> <span class='ocrx_word' id='word_1_9' title='bbox 1455 401 1742 456; x_wconf 82' lang='lat' dir='ltr'><strong>Dominum</strong></span> <span class='ocrx_word' id='word_1_10' title='bbox 1786 411 1840 458; x_wconf 92' lang='lat' dir='ltr'><strong>et</strong></span> <span class='ocrx_word' id='word_1_11' title='bbox 1868 399 2104 460; x_wconf 72' lang='lat' dir='ltr'><strong>Salvato.</strong></span> <span class='ocrx_word' id='word_1_12' title='bbox 2137 410 2182 465; x_wconf 74' lang='grc' dir='ltr'>Α</span> <span class='ocrx_word' id='word_1_13' title='bbox 2211 397 2536 470; x_wconf 81' lang='lat' dir='ltr'><strong>susceperit,</strong></span> <span class='ocrx_word' id='word_1_14' title='bbox 2571 413 2667 469; x_wconf 89' lang='lat' dir='ltr'><strong>per</strong></span> <span class='ocrx_word' id='word_1_15' title='bbox 2689 411 2828 470; x_wconf 90' lang='lat' dir='ltr'><strong>quos</strong></span> <span class='ocrx_word' id='word_1_16' title='bbox 2871 406 2926 454; x_wconf 91' lang='lat' dir='ltr'><strong>et</strong></span> <span class='ocrx_word' id='word_1_17' title='bbox 2982 396 3050 452; x_wconf 91' lang='lat' dir='ltr'><strong>de</strong></span> <span class='ocrx_word' id='word_1_18' title='bbox 3076 392 3307 452; x_wconf 90' lang='lat' dir='ltr'><strong>interitu</strong></span> <span class='ocrx_word' id='word_1_19' title='bbox 3347 389 3514 445; x_wconf 88' lang='lat' dir='ltr'><strong>totius</strong></span> <span class='ocrx_word' id='word_1_20' title='bbox 3555 386 3765 440; x_wconf 68' lang='lat' dir='ltr'><strong>inimu-</strong></span> 
     </span>
    </p>
   </div>
   <div class='ocr_carea' id='block_1_5' title="bbox 548 491 2109 569">
    <p class='ocr_par' dir='ltr' id='par_1_5' title="bbox 548 491 2109 569">
     <span class='ocr_line' id='line_1_5' title="bbox 548 491 2109 569; baseline -0.005 -13"><span class='ocrx_word' id='word_1_21' title='bbox 548 517 663 556; x_wconf 91' lang='lat' dir='ltr'><strong>rem</strong></span> <span class='ocrx_word' id='word_1_22' title='bbox 697 495 1010 569; x_wconf 73' lang='lat' dir='ltr'><strong>pmnitentia</strong></span> <span class='ocrx_word' id='word_1_23' title='bbox 1040 491 1383 565; x_wconf 70' lang='lat' dir='ltr'><strong>przedicetur,</strong></span> <span class='ocrx_word' id='word_1_24' title='bbox 1417 491 1780 554; x_wconf 70' lang='lat' dir='ltr'><strong>eteonversio</strong></span> <span class='ocrx_word' id='word_1_25' title='bbox 1809 507 1836 546; x_wconf 90' lang='lat' dir='ltr'><strong>a</strong></span> <span class='ocrx_word' id='word_1_26' title='bbox 1863 493 2017 550; x_wconf 88' lang='lat' dir='ltr'><strong>malis</strong></span> <span class='ocrx_word' id='word_1_27' title='bbox 2047 495 2109 548; x_wconf 90' lang='lat' dir='ltr'><strong>ad</strong></span> 
     </span>
    </p>
   </div>
   <div class='ocr_carea' id='block_1_6' title="bbox 549 585 2107 656">
    <p class='ocr_par' dir='ltr' id='par_1_6' title="bbox 549 585 2107 656">
     <span class='ocr_line' id='line_1_6' title="bbox 549 585 2107 656; baseline -0.004 -9"><span class='ocrx_word' id='word_1_28' title='bbox 549 594 710 652; x_wconf 90' lang='lat' dir='ltr'><strong>bona,</strong></span> <span class='ocrx_word' id='word_1_29' title='bbox 739 599 793 644; x_wconf 87' lang='lat' dir='ltr'><strong>et</strong></span> <span class='ocrx_word' id='word_1_30' title='bbox 823 589 982 643; x_wconf 92' lang='lat' dir='ltr'><strong>detur</strong></span> <span class='ocrx_word' id='word_1_31' title='bbox 1021 586 1273 640; x_wconf 88' lang='lat' dir='ltr'><strong>omnibus</strong></span> <span class='ocrx_word' id='word_1_32' title='bbox 1314 585 1659 640; x_wconf 78' lang='lat' dir='ltr'><strong>credentibus</strong></span> <span class='ocrx_word' id='word_1_33' title='bbox 1704 586 1949 641; x_wconf 76' lang='lat' dir='ltr'><strong>remissio</strong></span> <span class='ocrx_word' id='word_1_34' title='bbox 1983 602 2107 656; x_wconf 90' lang='lat' dir='ltr'><strong>pec-</strong></span> 
     </span>
    </p>
   </div>
   <div class='ocr_carea' id='block_1_7' title="bbox 549 675 2108 746">
    <p class='ocr_par' dir='ltr' id='par_1_7' title="bbox 549 675 2108 746">
     <span class='ocr_line' id='line_1_7' title="bbox 549 675 2108 746; baseline -0.001 -12"><span class='ocrx_word' id='word_1_35' title='bbox 549 692 821 741; x_wconf 79' lang='lat' dir='ltr'><strong>catorum,</strong></span> <span class='ocrx_word' id='word_1_36' title='bbox 873 688 927 734; x_wconf 89' lang='lat' dir='ltr'><strong>et</strong></span> <span class='ocrx_word' id='word_1_37' title='bbox 974 676 1152 732; x_wconf 86' lang='lat' dir='ltr'><strong>omnia</strong></span> <span class='ocrx_word' id='word_1_38' title='bbox 1197 693 1316 746; x_wconf 73' lang='lat' dir='ltr'><strong>qua:</strong></span> <span class='ocrx_word' id='word_1_39' title='bbox 1360 676 1425 731; x_wconf 92' lang='lat' dir='ltr'><strong>ad</strong></span> <span class='ocrx_word' id='word_1_40' title='bbox 1467 675 1853 746; x_wconf 75' lang='lat' dir='ltr'><strong>perfectionem</strong></span> <span class='ocrx_word' id='word_1_41' title='bbox 1900 678 2108 734; x_wconf 70' lang='lat' dir='ltr'><strong>decadzr</strong></span> 
     </span>
    </p>
   </div>
   <div class='ocr_carea' id='block_1_8' title="bbox 547 768 2109 838">
    <p class='ocr_par' dir='ltr' id='par_1_8' title="bbox 547 768 2109 838">
     <span class='ocr_line' id='line_1_8' title="bbox 547 768 2109 838; baseline -0.002 -11"><span class='ocrx_word' id='word_1_42' title='bbox 547 774 801 828; x_wconf 84' lang='lat' dir='ltr'><strong>videntur</strong></span> <span class='ocrx_word' id='word_1_43' title='bbox 837 771 1080 830; x_wconf 91' lang='lat' dir='ltr'><strong>tendere,</strong></span> <span class='ocrx_word' id='word_1_44' title='bbox 1111 768 1483 838; x_wconf 81' lang='lat' dir='ltr'><strong>compleantur</strong></span> <span class='ocrx_word' id='word_1_45' title='bbox 1517 785 1530 820; x_wconf 91' lang='lat'><strong>:</strong></span> <span class='ocrx_word' id='word_1_46' title='bbox 1564 776 1740 822; x_wconf 89' lang='lat' dir='ltr'><strong>tamen</strong></span> <span class='ocrx_word' id='word_1_47' title='bbox 1772 770 2032 838; x_wconf 78' lang='lat' dir='ltr'><strong>perfectio</strong></span> <span class='ocrx_word' id='word_1_48' title='bbox 2061 779 2109 824; x_wconf 70' lang='lat' dir='ltr'><strong>et</strong></span> 
     </span>
    </p>
   </div>
   <div class='ocr_carea' id='block_1_9' title="bbox 549 857 2109 928">
    <p class='ocr_par' dir='ltr' id='par_1_9' title="bbox 549 857 2109 928">
     <span class='ocr_line' id='line_1_9' title="bbox 549 857 2109 928; baseline -0.003 -14"><span class='ocrx_word' id='word_1_49' title='bbox 549 875 758 914; x_wconf 87' lang='lat' dir='ltr'><strong>summa</strong></span> <span class='ocrx_word' id='word_1_50' title='bbox 784 868 1100 914; x_wconf 90' lang='lat' dir='ltr'><strong>cunctorum</strong></span> <span class='ocrx_word' id='word_1_51' title='bbox 1127 857 1392 910; x_wconf 86' lang='lat' dir='ltr'><strong>bonorum</strong></span> <span class='ocrx_word' id='word_1_52' title='bbox 1439 859 1490 910; x_wconf 93' lang='lat' dir='ltr'><strong>in</strong></span> <span class='ocrx_word' id='word_1_53' title='bbox 1523 871 1588 910; x_wconf 90' lang='lat' dir='ltr'><strong>eo</strong></span> <span class='ocrx_word' id='word_1_54' title='bbox 1614 859 1883 920; x_wconf 82' lang='lat' dir='ltr'><strong>consistit,</strong></span> <span class='ocrx_word' id='word_1_55' title='bbox 1917 860 1959 913; x_wconf 92' lang='lat' dir='ltr'><strong>si</strong></span> <span class='ocrx_word' id='word_1_56' title='bbox 1992 869 2109 928; x_wconf 87' lang='lat' dir='ltr'><strong>post</strong></span> 
     </span>
    </p>
   </div>
   <div class='ocr_carea' id='block_1_10' title="bbox 549 946 2110 1017">
    <p class='ocr_par' dir='ltr' id='par_1_10' title="bbox 549 946 2110 1017">
     <span class='ocr_line' id='line_1_10' title="bbox 549 946 2110 1017; baseline -0.001 -13"><span class='ocrx_word' id='word_1_57' title='bbox 549 950 666 1004; x_wconf 63' lang='lat' dir='ltr'><strong>haec</strong></span> <span class='ocrx_word' id='word_1_58' title='bbox 709 949 888 1003; x_wconf 87' lang='lat' dir='ltr'><strong>omnia</strong></span> <span class='ocrx_word' id='word_1_59' title='bbox 935 948 1102 1002; x_wconf 88' lang='lat' dir='ltr'><strong>sancti</strong></span> <span class='ocrx_word' id='word_1_60' title='bbox 1144 946 1372 1015; x_wconf 84' lang='lat' dir='ltr'><strong>Spiritus</strong></span> <span class='ocrx_word' id='word_1_61' title='bbox 1412 947 1532 1016; x_wconf 83' lang='lat' dir='ltr'><strong>quis</strong></span> <span class='ocrx_word' id='word_1_62' title='bbox 1577 948 1799 1017; x_wconf 80' lang='lat' dir='ltr'><strong>gratiam</strong></span> <span class='ocrx_word' id='word_1_63' title='bbox 1843 961 2110 1005; x_wconf 82' lang='lat' dir='ltr'><strong>mereatur</strong></span> 
     </span>
    </p>
   </div>
   <div class='ocr_carea' id='block_1_11' title="bbox 548 1039 2111 1114">
    <p class='ocr_par' dir='ltr' id='par_1_11' title="bbox 548 1039 2111 1114">
     <span class='ocr_line' id='line_1_11' title="bbox 548 1039 2111 1114; baseline -0.002 -16"><span class='ocrx_word' id='word_1_64' title='bbox 548 1043 814 1114; x_wconf 86' lang='lat' dir='ltr'><strong>accipere.</strong></span> <span class='ocrx_word' id='word_1_65' title='bbox 859 1040 1068 1109; x_wconf 81' lang='lat' dir='ltr'><strong>Alioqui</strong></span> <span class='ocrx_word' id='word_1_66' title='bbox 1116 1040 1247 1093; x_wconf 85' lang='lat' dir='ltr'><strong>nihil</strong></span> <span class='ocrx_word' id='word_1_67' title='bbox 1298 1039 1352 1093; x_wconf 92' lang='lat' dir='ltr'><strong>in</strong></span> <span class='ocrx_word' id='word_1_68' title='bbox 1387 1055 1452 1094; x_wconf 90' lang='lat' dir='ltr'><strong>eo</strong></span> <span class='ocrx_word' id='word_1_69' title='bbox 1490 1039 1787 1108; x_wconf 86' lang='lat' dir='ltr'><strong>perfectum</strong></span> <span class='ocrx_word' id='word_1_70' title='bbox 1816 1042 2111 1110; x_wconf 88' lang='lat' dir='ltr'><strong>putabitur,</strong></span> 
     </span>
    </p>
   </div>
   <div class='ocr_carea' id='block_1_12' title="bbox 549 1131 2113 1204">
    <p class='ocr_par' dir='ltr' id='par_1_12' title="bbox 549 1131 2113 1204">
     <span class='ocr_line' id='line_1_12' title="bbox 549 1131 2113 1204; baseline -0.001 -14"><span class='ocrx_word' id='word_1_71' title='bbox 549 1135 636 1190; x_wconf 92' lang='lat' dir='ltr'><strong>eui</strong></span> <span class='ocrx_word' id='word_1_72' title='bbox 682 1143 902 1189; x_wconf 89' lang='lat' dir='ltr'><strong>sanctus</strong></span> <span class='ocrx_word' id='word_1_73' title='bbox 949 1131 1182 1201; x_wconf 88' lang='lat' dir='ltr'><strong>Spiritus</strong></span> <span class='ocrx_word' id='word_1_74' title='bbox 1227 1131 1410 1192; x_wconf 88' lang='lat' dir='ltr'><strong>deest,</strong></span> <span class='ocrx_word' id='word_1_75' title='bbox 1449 1147 1546 1200; x_wconf 91' lang='lat' dir='ltr'><strong>per</strong></span> <span class='ocrx_word' id='word_1_76' title='bbox 1597 1147 1756 1200; x_wconf 86' lang='lat' dir='ltr'><strong>quem</strong></span> <span class='ocrx_word' id='word_1_77' title='bbox 1802 1135 2113 1204; x_wconf 83' lang='lat' dir='ltr'><strong>mysterium</strong></span> 
     </span>
    </p>
   </div>
   <div class='ocr_carea' id='block_1_13' title="bbox 549 1221 2115 1291">
    <p class='ocr_par' dir='ltr' id='par_1_13' title="bbox 549 1221 2115 1291">
     <span class='ocr_line' id='line_1_13' title="bbox 549 1221 2115 1291; baseline -0.001 -11"><span class='ocrx_word' id='word_1_78' title='bbox 549 1227 720 1280; x_wconf 82' lang='lat' dir='ltr'><strong>beatae</strong></span> <span class='ocrx_word' id='word_1_79' title='bbox 767 1223 1044 1278; x_wconf 85' lang='lat' dir='ltr'><strong>Trinitatis</strong></span> <span class='ocrx_word' id='word_1_80' title='bbox 1093 1222 1365 1291; x_wconf 88' lang='lat' dir='ltr'><strong>impletur.</strong></span> <span class='ocrx_word' id='word_1_81' title='bbox 1405 1221 1498 1275; x_wconf 77' lang='lat' dir='ltr'><strong>Vis</strong></span> <span class='ocrx_word' id='word_1_82' title='bbox 1532 1232 1590 1276; x_wconf 92' lang='lat' dir='ltr'><strong>ut</strong></span> <span class='ocrx_word' id='word_1_83' title='bbox 1638 1223 1814 1277; x_wconf 92' lang='lat' dir='ltr'><strong>adhuc</strong></span> <span class='ocrx_word' id='word_1_84' title='bbox 1860 1225 1951 1278; x_wconf 87' lang='lat' dir='ltr'><strong>tibi</strong></span> <span class='ocrx_word' id='word_1_85' title='bbox 2000 1226 2115 1278; x_wconf 85' lang='lat' dir='ltr'><strong>evi-</strong></span> 
     </span>
    </p>
   </div>
   <div class='ocr_carea' id='block_1_14' title="bbox 551 1313 2112 1387">
    <p class='ocr_par' dir='ltr' id='par_1_14' title="bbox 551 1313 2112 1387">
     <span class='ocr_line' id='line_1_14' title="bbox 551 1313 2112 1387; baseline 0 -16"><span class='ocrx_word' id='word_1_86' title='bbox 551 1317 768 1371; x_wconf 87' lang='lat' dir='ltr'><strong>dentius</strong></span> <span class='ocrx_word' id='word_1_87' title='bbox 825 1316 1086 1387; x_wconf 86' lang='lat' dir='ltr'><strong>probem,</strong></span> <span class='ocrx_word' id='word_1_88' title='bbox 1148 1314 1289 1383; x_wconf 90' lang='lat' dir='ltr'><strong>apud</strong></span> <span class='ocrx_word' id='word_1_89' title='bbox 1338 1313 1568 1382; x_wconf 91' lang='lat' dir='ltr'><strong>priorem</strong></span> <span class='ocrx_word' id='word_1_90' title='bbox 1622 1315 1880 1384; x_wconf 86' lang='lat' dir='ltr'><strong>populum</strong></span> <span class='ocrx_word' id='word_1_91' title='bbox 1929 1317 2112 1383; x_wconf 90' lang='lat' dir='ltr'><strong>illum,</strong></span> 
     </span>
    </p>
   </div>
   <div class='ocr_carea' id='block_1_15' title="bbox 549 1401 2117 1476">
    <p class='ocr_par' dir='ltr' id='par_1_15' title="bbox 549 1401 2117 1476">
     <span class='ocr_line' id='line_1_15' title="bbox 549 1401 2117 1476; baseline -0.002 -16"><span class='ocrx_word' id='word_1_92' title='bbox 549 1423 710 1476; x_wconf 85' lang='lat' dir='ltr'><strong>quem</strong></span> <span class='ocrx_word' id='word_1_93' title='bbox 755 1406 961 1475; x_wconf 70' lang='lat' dir='ltr'><strong>Moyses</strong></span> <span class='ocrx_word' id='word_1_94' title='bbox 1004 1403 1058 1457; x_wconf 92' lang='lat' dir='ltr'><strong>in</strong></span> <span class='ocrx_word' id='word_1_95' title='bbox 1103 1403 1312 1457; x_wconf 89' lang='lat' dir='ltr'><strong>duabus</strong></span> <span class='ocrx_word' id='word_1_96' title='bbox 1347 1401 1508 1454; x_wconf 89' lang='lat' dir='ltr'><strong>semis</strong></span> <span class='ocrx_word' id='word_1_97' title='bbox 1543 1401 1789 1454; x_wconf 85' lang='lat' dir='ltr'><strong>tribubus</strong></span> <span class='ocrx_word' id='word_1_98' title='bbox 1830 1402 2117 1458; x_wconf 89' lang='lat' dir='ltr'><strong>adumbra-</strong></span> 
     </span>
    </p>
   </div>
   <div class='ocr_carea' id='block_1_16' title="bbox 550 1492 2114 1564">
    <p class='ocr_par' dir='ltr' id='par_1_16' title="bbox 550 1492 2114 1564">
     <span class='ocr_line' id='line_1_16' title="bbox 550 1492 2114 1564; baseline -0.001 -12"><span class='ocrx_word' id='word_1_99' title='bbox 550 1497 660 1557; x_wconf 82' lang='lat' dir='ltr'><strong>bat.</strong></span> <span class='ocrx_word' id='word_1_100' title='bbox 697 1513 804 1551; x_wconf 92' lang='lat' dir='ltr'><strong>non</strong></span> <span class='ocrx_word' id='word_1_101' title='bbox 837 1496 1000 1551; x_wconf 84' lang='lat' dir='ltr'><strong>fuisse</strong></span> <span class='ocrx_word' id='word_1_102' title='bbox 1025 1494 1203 1549; x_wconf 91' lang='lat' dir='ltr'><strong>omnia</strong></span> <span class='ocrx_word' id='word_1_103' title='bbox 1233 1493 1436 1564; x_wconf 89' lang='lat' dir='ltr'><strong>integra</strong></span> <span class='ocrx_word' id='word_1_104' title='bbox 1458 1535 1472 1556; x_wconf 96' lang='lat'><strong>,</strong></span> <span class='ocrx_word' id='word_1_105' title='bbox 1501 1508 1603 1547; x_wconf 85' lang='lat' dir='ltr'><strong>nec</strong></span> <span class='ocrx_word' id='word_1_106' title='bbox 1631 1492 1905 1564; x_wconf 89' lang='lat' dir='ltr'><strong>perfecta?</strong></span> <span class='ocrx_word' id='word_1_107' title='bbox 1935 1496 2114 1551; x_wconf 87' lang='lat' dir='ltr'><strong>decla-</strong></span> 
     </span>
    </p>
   </div>
   <div class='ocr_carea' id='block_1_17' title="bbox 549 1585 2114 1656">
    <p class='ocr_par' dir='ltr' id='par_1_17' title="bbox 549 1585 2114 1656">
     <span class='ocr_line' id='line_1_17' title="bbox 549 1585 2114 1656; baseline -0.002 -11"><span class='ocrx_word' id='word_1_108' title='bbox 549 1599 635 1646; x_wconf 94' lang='lat' dir='ltr'><strong>rat</strong></span> <span class='ocrx_word' id='word_1_109' title='bbox 677 1591 780 1644; x_wconf 91' lang='lat' dir='ltr'><strong>hoc</strong></span> <span class='ocrx_word' id='word_1_110' title='bbox 817 1589 976 1643; x_wconf 90' lang='lat' dir='ltr'><strong>etiam</strong></span> <span class='ocrx_word' id='word_1_111' title='bbox 1009 1588 1095 1641; x_wconf 92' lang='lat' dir='ltr'><strong>illa</strong></span> <span class='ocrx_word' id='word_1_112' title='bbox 1141 1587 1362 1642; x_wconf 89' lang='lat' dir='ltr'><strong>historia</strong></span> <span class='ocrx_word' id='word_1_113' title='bbox 1394 1601 1512 1654; x_wconf 76' lang='lat' dir='ltr'><strong>qure</strong></span> <span class='ocrx_word' id='word_1_114' title='bbox 1552 1585 1604 1638; x_wconf 90' lang='lat' dir='ltr'><strong>in</strong></span> <span class='ocrx_word' id='word_1_115' title='bbox 1653 1586 1756 1641; x_wconf 90' lang='lat' dir='ltr'><strong>hoc</strong></span> <span class='ocrx_word' id='word_1_116' title='bbox 1787 1587 1902 1656; x_wconf 92' lang='lat' dir='ltr'><strong>ipso</strong></span> <span class='ocrx_word' id='word_1_117' title='bbox 1935 1587 2114 1643; x_wconf 91' lang='lat' dir='ltr'><strong>libello</strong></span> 
     </span>
    </p>
   </div>
   <div class='ocr_carea' id='block_1_18' title="bbox 549 1676 2112 1748">
    <p class='ocr_par' dir='ltr' id='par_1_18' title="bbox 549 1676 2112 1748">
     <span class='ocr_line' id='line_1_18' title="bbox 549 1676 2112 1748; baseline -0.001 -12"><span class='ocrx_word' id='word_1_118' title='bbox 549 1681 677 1737; x_wconf 86' lang='lat' dir='ltr'><strong>Jesu</strong></span> <span class='ocrx_word' id='word_1_119' title='bbox 711 1680 858 1734; x_wconf 85' lang='lat' dir='ltr'><strong>Nave</strong></span> <span class='ocrx_word' id='word_1_120' title='bbox 888 1679 1084 1748; x_wconf 83' lang='lat' dir='ltr'><strong>scripta</strong></span> <span class='ocrx_word' id='word_1_121' title='bbox 1111 1686 1210 1739; x_wconf 90' lang='lat' dir='ltr'><strong>est,</strong></span> <span class='ocrx_word' id='word_1_122' title='bbox 1239 1692 1360 1731; x_wconf 93' lang='lat' dir='ltr'><strong>eum</strong></span> <span class='ocrx_word' id='word_1_123' title='bbox 1396 1677 1523 1731; x_wconf 91' lang='lat' dir='ltr'><strong>dicit</strong></span> <span class='ocrx_word' id='word_1_124' title='bbox 1557 1676 1678 1746; x_wconf 88' lang='lat' dir='ltr'><strong>quia</strong></span> <span class='ocrx_word' id='word_1_125' title='bbox 1707 1678 1873 1733; x_wconf 89' lang='lat' dir='ltr'><strong>altare</strong></span> <span class='ocrx_word' id='word_1_126' title='bbox 1899 1680 2112 1748; x_wconf 90' lang='lat' dir='ltr'><strong>quidem</strong></span> 
     </span>
    </p>
   </div>
   <div class='ocr_carea' id='block_1_19' title="bbox 549 1755 2179 1840">
    <p class='ocr_par' dir='ltr' id='par_1_19' title="bbox 549 1755 2179 1840">
     <span class='ocr_line' id='line_1_19' title="bbox 549 1755 2179 1840; baseline 0 -15"><span class='ocrx_word' id='word_1_127' title='bbox 549 1789 738 1827; x_wconf 82' lang='lat' dir='ltr'><strong>verum</strong></span> <span class='ocrx_word' id='word_1_128' title='bbox 780 1779 895 1826; x_wconf 90' lang='lat' dir='ltr'><strong>erat</strong></span> <span class='ocrx_word' id='word_1_129' title='bbox 939 1771 991 1824; x_wconf 94' lang='lat' dir='ltr'><strong>in</strong></span> <span class='ocrx_word' id='word_1_130' title='bbox 1037 1769 1122 1822; x_wconf 92' lang='lat' dir='ltr'><strong>illa</strong></span> <span class='ocrx_word' id='word_1_131' title='bbox 1172 1778 1313 1823; x_wconf 89' lang='lat' dir='ltr'><strong>terra</strong></span> <span class='ocrx_word' id='word_1_132' title='bbox 1358 1785 1516 1838; x_wconf 91' lang='lat' dir='ltr'><strong>quam</strong></span> <span class='ocrx_word' id='word_1_133' title='bbox 1551 1768 1708 1824; x_wconf 88' lang='lat' dir='ltr'><strong>Jesus</strong></span> <span class='ocrx_word' id='word_1_134' title='bbox 1744 1771 2113 1840; x_wconf 87' lang='lat' dir='ltr'><strong>dispensabat,</strong></span> <span class='ocrx_word' id='word_1_135' title='bbox 2136 1755 2179 1812; x_wconf 73' lang='grc' dir='ltr'><strong>Β</strong></span> 
     </span>
    </p>
   </div>
   <div class='ocr_carea' id='block_1_20' title="bbox 551 1860 2116 1931">
    <p class='ocr_par' dir='ltr' id='par_1_20' title="bbox 551 1860 2116 1931">
     <span class='ocr_line' id='line_1_20' title="bbox 551 1860 2116 1931; baseline -0.001 -12"><span class='ocrx_word' id='word_1_136' title='bbox 551 1865 638 1919; x_wconf 85' lang='lat' dir='ltr'><strong>isti</strong></span> <span class='ocrx_word' id='word_1_137' title='bbox 685 1874 863 1918; x_wconf 89' lang='lat' dir='ltr'><strong>tamen</strong></span> <span class='ocrx_word' id='word_1_138' title='bbox 906 1861 995 1931; x_wconf 91' lang='lat' dir='ltr'><strong>qui</strong></span> <span class='ocrx_word' id='word_1_139' title='bbox 1041 1869 1195 1915; x_wconf 90' lang='lat' dir='ltr'><strong>erant</strong></span> <span class='ocrx_word' id='word_1_140' title='bbox 1243 1870 1391 1915; x_wconf 90' lang='lat' dir='ltr'><strong>trans</strong></span> <span class='ocrx_word' id='word_1_141' title='bbox 1427 1860 1750 1924; x_wconf 78' lang='lat' dir='ltr'><strong>Iordanem,</strong></span> <span class='ocrx_word' id='word_1_142' title='bbox 1780 1863 1831 1916; x_wconf 92' lang='lat' dir='ltr'><strong>id</strong></span> <span class='ocrx_word' id='word_1_143' title='bbox 1861 1873 1964 1927; x_wconf 88' lang='lat' dir='ltr'><strong>est,</strong></span> <span class='ocrx_word' id='word_1_144' title='bbox 2002 1863 2116 1918; x_wconf 90' lang='lat' dir='ltr'><strong>Ru-</strong></span> 
     </span>
    </p>
   </div>
   <div class='ocr_carea' id='block_1_21' title="bbox 550 1953 2118 2020">
    <p class='ocr_par' dir='ltr' id='par_1_21' title="bbox 550 1953 2118 2020">
     <span class='ocr_line' id='line_1_21' title="bbox 550 1953 2118 2020; baseline 0 -9"><span class='ocrx_word' id='word_1_145' title='bbox 550 1957 688 2020; x_wconf 90' lang='lat' dir='ltr'><strong>ben,</strong></span> <span class='ocrx_word' id='word_1_146' title='bbox 716 1964 771 2010; x_wconf 89' lang='lat' dir='ltr'><strong>et</strong></span> <span class='ocrx_word' id='word_1_147' title='bbox 803 1954 950 2016; x_wconf 89' lang='lat' dir='ltr'><strong>Gad,</strong></span> <span class='ocrx_word' id='word_1_148' title='bbox 997 1964 1051 2007; x_wconf 93' lang='lat' dir='ltr'><strong>et</strong></span> <span class='ocrx_word' id='word_1_149' title='bbox 1092 1953 1310 2007; x_wconf 89' lang='lat' dir='ltr'><strong>dimidia</strong></span> <span class='ocrx_word' id='word_1_150' title='bbox 1362 1953 1531 2008; x_wconf 89' lang='lat' dir='ltr'><strong>trilms</strong></span> <span class='ocrx_word' id='word_1_151' title='bbox 1577 1953 1836 2018; x_wconf 85' lang='lat' dir='ltr'><strong>Manasse,</strong></span> <span class='ocrx_word' id='word_1_152' title='bbox 1873 1955 2118 2011; x_wconf 88' lang='lat' dir='ltr'><strong>fecerunt</strong></span> 
     </span>
    </p>
   </div>
   <div class='ocr_carea' id='block_1_22' title="bbox 551 2044 2117 2116">
    <p class='ocr_par' dir='ltr' id='par_1_22' title="bbox 551 2044 2117 2116">
     <span class='ocr_line' id='line_1_22' title="bbox 551 2044 2117 2116; baseline 0 -15"><span class='ocrx_word' id='word_1_153' title='bbox 551 2047 651 2101; x_wconf 84' lang='lat' dir='ltr'><strong>sibi</strong></span> <span class='ocrx_word' id='word_1_154' title='bbox 683 2046 880 2108; x_wconf 89' lang='lat' dir='ltr'><strong>altare,</strong></span> <span class='ocrx_word' id='word_1_155' title='bbox 925 2045 1020 2099; x_wconf 90' lang='lat' dir='ltr'><strong>sed</strong></span> <span class='ocrx_word' id='word_1_156' title='bbox 1049 2061 1157 2098; x_wconf 91' lang='lat' dir='ltr'><strong>non</strong></span> <span class='ocrx_word' id='word_1_157' title='bbox 1202 2060 1384 2098; x_wconf 86' lang='lat' dir='ltr'><strong>verum</strong></span> <span class='ocrx_word' id='word_1_158' title='bbox 1422 2044 1610 2107; x_wconf 89' lang='lat' dir='ltr'><strong>altare,</strong></span> <span class='ocrx_word' id='word_1_159' title='bbox 1640 2046 1733 2098; x_wconf 88' lang='lat' dir='ltr'><strong>sed</strong></span> <span class='ocrx_word' id='word_1_160' title='bbox 1761 2046 1901 2115; x_wconf 91' lang='lat' dir='ltr'><strong>quod</strong></span> <span class='ocrx_word' id='word_1_161' title='bbox 1936 2055 2117 2116; x_wconf 73' lang='lat' dir='ltr'><strong>typum</strong></span> 
     </span>
    </p>
   </div>
   <div class='ocr_carea' id='block_1_23' title="bbox 551 2135 2118 2206">
    <p class='ocr_par' dir='ltr' id='par_1_23' title="bbox 551 2135 2118 2206">
     <span class='ocr_line' id='line_1_23' title="bbox 551 2135 2118 2206; baseline -0.001 -13"><span class='ocrx_word' id='word_1_162' title='bbox 551 2139 775 2193; x_wconf 88' lang='lat' dir='ltr'><strong>haberet</strong></span> <span class='ocrx_word' id='word_1_163' title='bbox 803 2145 857 2192; x_wconf 90' lang='lat' dir='ltr'><strong>et</strong></span> <span class='ocrx_word' id='word_1_164' title='bbox 897 2136 1124 2191; x_wconf 89' lang='lat' dir='ltr'><strong>formam</strong></span> <span class='ocrx_word' id='word_1_165' title='bbox 1153 2135 1266 2190; x_wconf 86' lang='lat' dir='ltr'><strong>veri</strong></span> <span class='ocrx_word' id='word_1_166' title='bbox 1296 2136 1477 2190; x_wconf 90' lang='lat' dir='ltr'><strong>altaris</strong></span> <span class='ocrx_word' id='word_1_167' title='bbox 1515 2136 1656 2205; x_wconf 90' lang='lat' dir='ltr'><strong>quod</strong></span> <span class='ocrx_word' id='word_1_168' title='bbox 1691 2146 1806 2190; x_wconf 90' lang='lat' dir='ltr'><strong>erat</strong></span> <span class='ocrx_word' id='word_1_169' title='bbox 1838 2139 1979 2206; x_wconf 90' lang='lat' dir='ltr'><strong>apud</strong></span> <span class='ocrx_word' id='word_1_170' title='bbox 2025 2137 2118 2192; x_wconf 84' lang='lat' dir='ltr'><strong>Je-</strong></span> 
     </span>
    </p>
   </div>
   <div class='ocr_carea' id='block_1_24' title="bbox 549 2227 2114 2299">
    <p class='ocr_par' dir='ltr' id='par_1_24' title="bbox 549 2227 2114 2299">
     <span class='ocr_line' id='line_1_24' title="bbox 549 2227 2114 2299; baseline 0 -15"><span class='ocrx_word' id='word_1_171' title='bbox 549 2246 688 2284; x_wconf 88' lang='lat' dir='ltr'><strong>sum.</strong></span> <span class='ocrx_word' id='word_1_172' title='bbox 723 2228 866 2282; x_wconf 87' lang='lat' dir='ltr'><strong>Nihil</strong></span> <span class='ocrx_word' id='word_1_173' title='bbox 896 2242 1022 2298; x_wconf 89' lang='lat' dir='ltr'><strong>ergo</strong></span> <span class='ocrx_word' id='word_1_174' title='bbox 1051 2227 1264 2281; x_wconf 91' lang='lat' dir='ltr'><strong>mireris</strong></span> <span class='ocrx_word' id='word_1_175' title='bbox 1307 2227 1349 2281; x_wconf 93' lang='lat' dir='ltr'><strong>si</strong></span> <span class='ocrx_word' id='word_1_176' title='bbox 1394 2243 1501 2282; x_wconf 94' lang='lat' dir='ltr'><strong>non</strong></span> <span class='ocrx_word' id='word_1_177' title='bbox 1545 2228 1805 2299; x_wconf 87' lang='lat' dir='ltr'><strong>integram</strong></span> <span class='ocrx_word' id='word_1_178' title='bbox 1836 2230 2114 2284; x_wconf 90' lang='lat' dir='ltr'><strong>scientiam</strong></span> 
     </span>
    </p>
   </div>
   <div class='ocr_carea' id='block_1_25' title="bbox 549 2319 2117 2391">
    <p class='ocr_par' dir='ltr' id='par_1_25' title="bbox 549 2319 2117 2391">
     <span class='ocr_line' id='line_1_25' title="bbox 549 2319 2117 2391; baseline 0.001 -16"><span class='ocrx_word' id='word_1_179' title='bbox 549 2319 827 2376; x_wconf 83' lang='lat' dir='ltr'><strong>Trinitatis</strong></span> <span class='ocrx_word' id='word_1_180' title='bbox 859 2327 1182 2389; x_wconf 90' lang='lat' dir='ltr'><strong>acceperant</strong></span> <span class='ocrx_word' id='word_1_181' title='bbox 1217 2319 1311 2383; x_wconf 92' lang='lat' dir='ltr'><strong>illi,</strong></span> <span class='ocrx_word' id='word_1_182' title='bbox 1343 2319 1432 2389; x_wconf 89' lang='lat' dir='ltr'><strong>qui</strong></span> <span class='ocrx_word' id='word_1_183' title='bbox 1469 2335 1570 2374; x_wconf 91' lang='lat' dir='ltr'><strong>nec</strong></span> <span class='ocrx_word' id='word_1_184' title='bbox 1595 2320 1862 2391; x_wconf 88' lang='lat' dir='ltr'><strong>integrum</strong></span> <span class='ocrx_word' id='word_1_185' title='bbox 1889 2337 1989 2375; x_wconf 91' lang='lat' dir='ltr'><strong>nec</strong></span> <span class='ocrx_word' id='word_1_186' title='bbox 2023 2337 2117 2377; x_wconf 91' lang='lat' dir='ltr'><strong>ve-</strong></span> 
     </span>
    </p>
   </div>
   <div class='ocr_carea' id='block_1_26' title="bbox 549 2411 2117 2480">
    <p class='ocr_par' dir='ltr' id='par_1_26' title="bbox 549 2411 2117 2480">
     <span class='ocr_line' id='line_1_26' title="bbox 549 2411 2117 2480; baseline 0.001 -14"><span class='ocrx_word' id='word_1_187' title='bbox 549 2429 669 2467; x_wconf 90' lang='lat' dir='ltr'><strong>rum</strong></span> <span class='ocrx_word' id='word_1_188' title='bbox 706 2413 871 2466; x_wconf 88' lang='lat' dir='ltr'><strong>altare</strong></span> <span class='ocrx_word' id='word_1_189' title='bbox 918 2420 1352 2466; x_wconf 80' lang='lat' dir='ltr'><strong>construxerant.</strong></span> <span class='ocrx_word' id='word_1_190' title='bbox 1402 2411 1528 2465; x_wconf 89' lang='lat' dir='ltr'><strong>Ideo</strong></span> <span class='ocrx_word' id='word_1_191' title='bbox 1572 2412 1804 2480; x_wconf 88' lang='lat' dir='ltr'><strong>denique</strong></span> <span class='ocrx_word' id='word_1_192' title='bbox 1836 2429 1935 2467; x_wconf 94' lang='lat' dir='ltr'><strong>nec</strong></span> <span class='ocrx_word' id='word_1_193' title='bbox 1964 2413 2117 2468; x_wconf 91' lang='lat' dir='ltr'><strong>multi</strong></span> 
     </span>
    </p>
   </div>
   <div class='ocr_carea' id='block_1_27' title="bbox 550 2502 2116 2572">
    <p class='ocr_par' dir='ltr' id='par_1_27' title="bbox 550 2502 2116 2572">
     <span class='ocr_line' id='line_1_27' title="bbox 550 2502 2116 2572; baseline 0 -14"><span class='ocrx_word' id='word_1_194' title='bbox 550 2504 755 2565; x_wconf 87' lang='lat' dir='ltr'><strong>hostes,</strong></span> <span class='ocrx_word' id='word_1_195' title='bbox 794 2517 969 2572; x_wconf 90' lang='lat' dir='ltr'><strong>neque</strong></span> <span class='ocrx_word' id='word_1_196' title='bbox 1016 2503 1199 2571; x_wconf 91' lang='lat' dir='ltr'><strong>plures</strong></span> <span class='ocrx_word' id='word_1_197' title='bbox 1245 2517 1396 2572; x_wconf 87' lang='lat' dir='ltr'><strong>reges</strong></span> <span class='ocrx_word' id='word_1_198' title='bbox 1437 2502 1827 2556; x_wconf 91' lang='lat' dir='ltr'><strong>contrariarum</strong></span> <span class='ocrx_word' id='word_1_199' title='bbox 1858 2503 2116 2558; x_wconf 88' lang='lat' dir='ltr'><strong>virtutum</strong></span> 
     </span>
    </p>
   </div>
   <div class='ocr_carea' id='block_1_28' title="bbox 550 2591 2120 2663">
    <p class='ocr_par' dir='ltr' id='par_1_28' title="bbox 550 2591 2120 2663">
     <span class='ocr_line' id='line_1_28' title="bbox 550 2591 2120 2663; baseline 0.001 -15"><span class='ocrx_word' id='word_1_200' title='bbox 550 2595 619 2649; x_wconf 86' lang='lat' dir='ltr'><strong>ab</strong></span> <span class='ocrx_word' id='word_1_201' title='bbox 643 2595 745 2648; x_wconf 90' lang='lat' dir='ltr'><strong>illis</strong></span> <span class='ocrx_word' id='word_1_202' title='bbox 768 2594 1022 2648; x_wconf 90' lang='lat' dir='ltr'><strong>dicuntur</strong></span> <span class='ocrx_word' id='word_1_203' title='bbox 1047 2608 1166 2646; x_wconf 91' lang='lat' dir='ltr'><strong>esse</strong></span> <span class='ocrx_word' id='word_1_204' title='bbox 1193 2593 1408 2661; x_wconf 88' lang='lat' dir='ltr'><strong>dejecti.</strong></span> <span class='ocrx_word' id='word_1_205' title='bbox 1433 2591 1635 2654; x_wconf 89' lang='lat' dir='ltr'><strong>Sehon,</strong></span> <span class='ocrx_word' id='word_1_206' title='bbox 1665 2594 1856 2663; x_wconf 91' lang='lat' dir='ltr'><strong>inquit,</strong></span> <span class='ocrx_word' id='word_1_207' title='bbox 1889 2605 2120 2650; x_wconf 89' lang='lat' dir='ltr'><strong>tantum-</strong></span> 
     </span>
    </p>
   </div>
   <div class='ocr_carea' id='block_1_29' title="bbox 551 2685 2118 2756">
    <p class='ocr_par' dir='ltr' id='par_1_29' title="bbox 551 2685 2118 2756">
     <span class='ocr_line' id='line_1_29' title="bbox 551 2685 2118 2756; baseline -0.001 -15"><span class='ocrx_word' id='word_1_208' title='bbox 551 2686 712 2741; x_wconf 89' lang='lat' dir='ltr'><strong>modo</strong></span> <span class='ocrx_word' id='word_1_209' title='bbox 745 2701 922 2756; x_wconf 91' lang='lat' dir='ltr'><strong>regem</strong></span> <span class='ocrx_word' id='word_1_210' title='bbox 954 2685 1410 2749; x_wconf 68' lang='lat' dir='ltr'><strong>Amorrhaeorum,</strong></span> <span class='ocrx_word' id='word_1_211' title='bbox 1442 2694 1495 2739; x_wconf 91' lang='lat' dir='ltr'><strong>et</strong></span> <span class='ocrx_word' id='word_1_212' title='bbox 1525 2685 1603 2755; x_wconf 89' lang='lat' dir='ltr'><strong>0g</strong></span> <span class='ocrx_word' id='word_1_213' title='bbox 1637 2701 1815 2755; x_wconf 81' lang='lat' dir='ltr'><strong>regem</strong></span> <span class='ocrx_word' id='word_1_214' title='bbox 1844 2686 2034 2750; x_wconf 89' lang='lat' dir='ltr'><strong>Basan,</strong></span> <span class='ocrx_word' id='word_1_215' title='bbox 2063 2696 2118 2741; x_wconf 89' lang='lat' dir='ltr'><strong>et</strong></span> 
     </span>
    </p>
   </div>
   <div class='ocr_carea' id='block_1_30' title="bbox 550 2775 2117 2847">
    <p class='ocr_par' dir='ltr' id='par_1_30' title="bbox 550 2775 2117 2847">
     <span class='ocr_line' id='line_1_30' title="bbox 550 2775 2117 2847; baseline 0.001 -15"><span class='ocrx_word' id='word_1_216' title='bbox 550 2777 873 2833; x_wconf 82' lang='lat' dir='ltr'><strong>Amaleeitas</strong></span> <span class='ocrx_word' id='word_1_217' title='bbox 906 2777 1221 2847; x_wconf 88' lang='lat' dir='ltr'><strong>dejecerunt</strong></span> <span class='ocrx_word' id='word_1_218' title='bbox 1265 2785 1416 2831; x_wconf 87' lang='lat' dir='ltr'><strong>trans</strong></span> <span class='ocrx_word' id='word_1_219' title='bbox 1461 2775 1773 2832; x_wconf 88' lang='lat' dir='ltr'><strong>Jordanem.</strong></span> <span class='ocrx_word' id='word_1_220' title='bbox 1809 2776 1960 2832; x_wconf 81' lang='lat' dir='ltr'><strong>Iesus</strong></span> <span class='ocrx_word' id='word_1_221' title='bbox 1988 2793 2117 2833; x_wconf 87' lang='lat' dir='ltr'><strong>vero</strong></span> 
     </span>
    </p>
   </div>
   <div class='ocr_carea' id='block_1_31' title="bbox 551 2868 2115 2940">
    <p class='ocr_par' dir='ltr' id='par_1_31' title="bbox 551 2868 2115 2940">
     <span class='ocr_line' id='line_1_31' title="bbox 551 2868 2115 2940; baseline -0.001 -15"><span class='ocrx_word' id='word_1_222' title='bbox 551 2871 642 2926; x_wconf 91' lang='lat' dir='ltr'><strong>ubi</strong></span> <span class='ocrx_word' id='word_1_223' title='bbox 671 2870 818 2924; x_wconf 91' lang='lat' dir='ltr'><strong>ducit</strong></span> <span class='ocrx_word' id='word_1_224' title='bbox 844 2869 1137 2924; x_wconf 84' lang='lat' dir='ltr'><strong>exercitum</strong></span> <span class='ocrx_word' id='word_1_225' title='bbox 1159 2909 1172 2933; x_wconf 93' lang='lat'><strong>,</strong></span> <span class='ocrx_word' id='word_1_226' title='bbox 1208 2884 1353 2922; x_wconf 92' lang='lat' dir='ltr'><strong>nunc</strong></span> <span class='ocrx_word' id='word_1_227' title='bbox 1395 2868 1631 2938; x_wconf 93' lang='lat' dir='ltr'><strong>quinque</strong></span> <span class='ocrx_word' id='word_1_228' title='bbox 1660 2883 1812 2940; x_wconf 86' lang='lat' dir='ltr'><strong>reges</strong></span> <span class='ocrx_word' id='word_1_229' title='bbox 1841 2869 1997 2922; x_wconf 92' lang='lat' dir='ltr'><strong>simul</strong></span> <span class='ocrx_word' id='word_1_230' title='bbox 2027 2886 2115 2924; x_wconf 84' lang='lat' dir='ltr'><strong>ca-</strong></span> 
     </span>
    </p>
   </div>
   <div class='ocr_carea' id='block_1_32' title="bbox 550 2960 2114 3024">
    <p class='ocr_par' dir='ltr' id='par_1_32' title="bbox 550 2960 2114 3024">
     <span class='ocr_line' id='line_1_32' title="bbox 550 2960 2114 3024; baseline -0.001 -7"><span class='ocrx_word' id='word_1_231' title='bbox 550 2961 688 3018; x_wconf 90' lang='lat' dir='ltr'><strong>dunt</strong></span> <span class='ocrx_word' id='word_1_232' title='bbox 724 2962 816 3020; x_wconf 86' lang='lat' dir='ltr'><strong>aui</strong></span> <span class='ocrx_word' id='word_1_233' title='bbox 854 2961 1206 3024; x_wconf 72' lang='lat' dir='ltr'><strong>confugerant</strong></span> <span class='ocrx_word' id='word_1_234' title='bbox 1245 2961 1298 3014; x_wconf 93' lang='lat' dir='ltr'><strong>in</strong></span> <span class='ocrx_word' id='word_1_235' title='bbox 1339 2960 1654 3020; x_wconf 85' lang='lat' dir='ltr'><strong>sueluneas,</strong></span> <span class='ocrx_word' id='word_1_236' title='bbox 1695 2969 1750 3014; x_wconf 92' lang='lat' dir='ltr'><strong>et</strong></span> <span class='ocrx_word' id='word_1_237' title='bbox 1793 2976 1902 3015; x_wconf 93' lang='lat' dir='ltr'><strong>non</strong></span> <span class='ocrx_word' id='word_1_238' title='bbox 1941 2962 2114 3016; x_wconf 90' lang='lat' dir='ltr'><strong>solum</strong></span> 
     </span>
    </p>
   </div>
   <div class='ocr_carea' id='block_1_33' title="bbox 538 3043 2108 3114">
    <p class='ocr_par' dir='ltr' id='par_1_33' title="bbox 538 3043 2108 3114">
     <span class='ocr_line' id='line_1_33' title="bbox 538 3043 2108 3114; baseline 0 -17"><span class='ocrx_word' id='word_1_239' title='bbox 538 3049 759 3112; x_wconf 73' lang='lat' dir='ltr'><strong>eadunt,</strong></span> <span class='ocrx_word' id='word_1_240' title='bbox 792 3046 887 3098; x_wconf 90' lang='lat' dir='ltr'><strong>sed</strong></span> <span class='ocrx_word' id='word_1_241' title='bbox 927 3056 981 3098; x_wconf 90' lang='lat' dir='ltr'><strong>et</strong></span> <span class='ocrx_word' id='word_1_242' title='bbox 1011 3045 1419 3113; x_wconf 87' lang='lat' dir='ltr'><strong>suspenduntur</strong></span> <span class='ocrx_word' id='word_1_243' title='bbox 1451 3047 1502 3098; x_wconf 93' lang='lat' dir='ltr'><strong>in</strong></span> <span class='ocrx_word' id='word_1_244' title='bbox 1537 3045 1704 3114; x_wconf 90' lang='lat' dir='ltr'><strong>ligno,</strong></span> <span class='ocrx_word' id='word_1_245' title='bbox 1739 3060 1882 3100; x_wconf 91' lang='lat' dir='ltr'><strong>nunc</strong></span> <span class='ocrx_word' id='word_1_246' title='bbox 1916 3043 2108 3114; x_wconf 79' lang='lat' dir='ltr'><strong>viginti</strong></span> 
     </span>
    </p>
   </div>
   <div class='ocr_carea' id='block_1_34' title="bbox 539 3135 2117 3205">
    <p class='ocr_par' dir='ltr' id='par_1_34' title="bbox 539 3135 2117 3205">
     <span class='ocr_line' id='line_1_34' title="bbox 539 3135 2117 3205; baseline 0.004 -15"><span class='ocrx_word' id='word_1_247' title='bbox 539 3149 736 3190; x_wconf 88' lang='lat' dir='ltr'><strong>novem</strong></span> <span class='ocrx_word' id='word_1_248' title='bbox 771 3135 976 3204; x_wconf 89' lang='lat' dir='ltr'><strong>pariter</strong></span> <span class='ocrx_word' id='word_1_249' title='bbox 996 3135 1338 3205; x_wconf 88' lang='lat' dir='ltr'><strong>jngulantur,</strong></span> <span class='ocrx_word' id='word_1_250' title='bbox 1361 3145 1418 3191; x_wconf 92' lang='lat' dir='ltr'><strong>et</strong></span> <span class='ocrx_word' id='word_1_251' title='bbox 1437 3135 1717 3191; x_wconf 73' lang='lat' dir='ltr'><strong>immensa:</strong></span> <span class='ocrx_word' id='word_1_252' title='bbox 1746 3136 2117 3196; x_wconf 88' lang='lat' dir='ltr'><strong>multitudines</strong></span> 
     </span>
    </p>
   </div>
   <div class='ocr_carea' id='block_1_35' title="bbox 538 3228 2118 3297">
    <p class='ocr_par' dir='ltr' id='par_1_35' title="bbox 538 3228 2118 3297">
     <span class='ocr_line' id='line_1_35' title="bbox 538 3228 2118 3297; baseline 0.003 -16"><span class='ocrx_word' id='word_1_253' title='bbox 538 3229 749 3284; x_wconf 82' lang='lat' dir='ltr'><strong>adversi</strong></span> <span class='ocrx_word' id='word_1_254' title='bbox 784 3228 1061 3284; x_wconf 89' lang='lat' dir='ltr'><strong>exercitus</strong></span> <span class='ocrx_word' id='word_1_255' title='bbox 1107 3237 1560 3297; x_wconf 89' lang='lat' dir='ltr'><strong>prosternuntur,</strong></span> <span class='ocrx_word' id='word_1_256' title='bbox 1599 3237 1656 3282; x_wconf 92' lang='lat' dir='ltr'><strong>et</strong></span> <span class='ocrx_word' id='word_1_257' title='bbox 1683 3231 2118 3286; x_wconf 87' lang='lat' dir='ltr'><strong>exterminantur</strong></span> 
     </span>
    </p>
   </div>
   <div class='ocr_carea' id='block_1_36' title="bbox 537 3321 2113 3392">
    <p class='ocr_par' dir='ltr' id='par_1_36' title="bbox 537 3321 2113 3392">
     <span class='ocr_line' id='line_1_36' title="bbox 537 3321 2113 3392; baseline 0.002 -17"><span class='ocrx_word' id='word_1_258' title='bbox 537 3335 727 3377; x_wconf 86' lang='lat' dir='ltr'><strong>omnes</strong></span> <span class='ocrx_word' id='word_1_259' title='bbox 753 3322 843 3391; x_wconf 86' lang='lat' dir='ltr'><strong>qui</strong></span> <span class='ocrx_word' id='word_1_260' title='bbox 865 3332 1108 3376; x_wconf 87' lang='lat' dir='ltr'><strong>sanetam</strong></span> <span class='ocrx_word' id='word_1_261' title='bbox 1135 3330 1335 3375; x_wconf 90' lang='lat' dir='ltr'><strong>terram</strong></span> <span class='ocrx_word' id='word_1_262' title='bbox 1363 3321 1414 3376; x_wconf 93' lang='lat' dir='ltr'><strong>in</strong></span> <span class='ocrx_word' id='word_1_263' title='bbox 1443 3321 1798 3377; x_wconf 86' lang='lat' dir='ltr'><strong>immunditiis</strong></span> <span class='ocrx_word' id='word_1_264' title='bbox 1813 3325 2113 3392; x_wconf 86' lang='lat' dir='ltr'><strong>possident,</strong></span> 
     </span>
    </p>
   </div>
   <div class='ocr_carea' id='block_1_37' title="bbox 537 3413 2115 3484">
    <p class='ocr_par' dir='ltr' id='par_1_37' title="bbox 537 3413 2115 3484">
     <span class='ocr_line' id='line_1_37' title="bbox 537 3413 2115 3484; baseline 0.004 -16"><span class='ocrx_word' id='word_1_265' title='bbox 537 3415 630 3484; x_wconf 87' lang='lat' dir='ltr'><strong>qui</strong></span> <span class='ocrx_word' id='word_1_266' title='bbox 663 3423 862 3470; x_wconf 85' lang='lat' dir='ltr'><strong>terrain</strong></span> <span class='ocrx_word' id='word_1_267' title='bbox 896 3413 1152 3470; x_wconf 84' lang='lat' dir='ltr'><strong>ﬂuentem</strong></span> <span class='ocrx_word' id='word_1_268' title='bbox 1195 3414 1280 3470; x_wconf 91' lang='lat' dir='ltr'><strong>lae</strong></span> <span class='ocrx_word' id='word_1_269' title='bbox 1305 3424 1360 3470; x_wconf 92' lang='lat' dir='ltr'><strong>et</strong></span> <span class='ocrx_word' id='word_1_270' title='bbox 1387 3415 1493 3470; x_wconf 91' lang='lat' dir='ltr'><strong>mel</strong></span> <span class='ocrx_word' id='word_1_271' title='bbox 1527 3415 1582 3470; x_wconf 90' lang='lat' dir='ltr'><strong>in</strong></span> <span class='ocrx_word' id='word_1_272' title='bbox 1611 3416 1979 3474; x_wconf 88' lang='lat' dir='ltr'><strong>amaritudine</strong></span> <span class='ocrx_word' id='word_1_273' title='bbox 2001 3434 2115 3474; x_wconf 82' lang='lat' dir='ltr'><strong>ma-</strong></span> 
     </span>
    </p>
   </div>
   <div class='ocr_carea' id='block_1_38' title="bbox 535 3511 958 3568">
    <p class='ocr_par' dir='ltr' id='par_1_38' title="bbox 535 3511 958 3568">
     <span class='ocr_line' id='line_1_38' title="bbox 535 3511 958 3568; baseline -0.007 -1"><span class='ocrx_word' id='word_1_274' title='bbox 535 3513 663 3568; x_wconf 64' lang='lat' dir='ltr'><strong>litiae</strong></span> <span class='ocrx_word' id='word_1_275' title='bbox 690 3511 958 3566; x_wconf 84' lang='lat' dir='ltr'><strong>detinent.</strong></span> 
     </span>
    </p>
   </div>
   <div class='ocr_carea' id='block_1_39' title="bbox 595 3629 2102 3706">
    <p class='ocr_par' dir='ltr' id='par_1_39' title="bbox 595 3629 2102 3706">
     <span class='ocr_line' id='line_1_39' title="bbox 595 3629 2102 3706; baseline -0.005 -13"><span class='ocrx_word' id='word_1_276' title='bbox 595 3657 650 3693; x_wconf 78' lang='grc' dir='ltr'><strong>ο.</strong></span> <span class='ocrx_word' id='word_1_277' title='bbox 681 3636 895 3692; x_wconf 87' lang='lat' dir='ltr'><strong>Interea</strong></span> <span class='ocrx_word' id='word_1_278' title='bbox 927 3633 1220 3690; x_wconf 91' lang='lat' dir='ltr'><strong>mittuntur</strong></span> <span class='ocrx_word' id='word_1_279' title='bbox 1251 3633 1318 3688; x_wconf 88' lang='lat' dir='ltr'><strong>ab</strong></span> <span class='ocrx_word' id='word_1_280' title='bbox 1340 3629 1468 3690; x_wconf 77' lang='lat' dir='ltr'><strong>Jesu</strong></span> <span class='ocrx_word' id='word_1_281' title='bbox 1504 3633 1883 3706; x_wconf 86' lang='lat' dir='ltr'><strong>exploratores</strong></span> <span class='ocrx_word' id='word_1_282' title='bbox 1923 3630 1976 3686; x_wconf 92' lang='lat' dir='ltr'><strong>in</strong></span> <span class='ocrx_word' id='word_1_283' title='bbox 2009 3629 2102 3686; x_wconf 79' lang='lat' dir='ltr'><strong>Je-</strong></span> 
     </span>
    </p>
   </div>
   <div class='ocr_carea' id='block_1_40' title="bbox 529 3723 2104 3798">
    <p class='ocr_par' dir='ltr' id='par_1_40' title="bbox 529 3723 2104 3798">
     <span class='ocr_line' id='line_1_40' title="bbox 529 3723 2104 3798; baseline -0.006 -11"><span class='ocrx_word' id='word_1_284' title='bbox 529 3732 702 3795; x_wconf 91' lang='lat' dir='ltr'><strong>richo,</strong></span> <span class='ocrx_word' id='word_1_285' title='bbox 726 3738 781 3784; x_wconf 89' lang='lat' dir='ltr'><strong>et</strong></span> <span class='ocrx_word' id='word_1_286' title='bbox 814 3728 1188 3798; x_wconf 88' lang='lat' dir='ltr'><strong>suscipiuntur</strong></span> <span class='ocrx_word' id='word_1_287' title='bbox 1217 3741 1249 3780; x_wconf 90' lang='lat' dir='ltr'><strong>a</strong></span> <span class='ocrx_word' id='word_1_288' title='bbox 1305 3730 1596 3782; x_wconf 89' lang='lat' dir='ltr'><strong>meretrice</strong></span> <span class='ocrx_word' id='word_1_289' title='bbox 1633 3726 1806 3781; x_wconf 82' lang='lat' dir='ltr'><strong>Raab.</strong></span> <span class='ocrx_word' id='word_1_290' title='bbox 1835 3723 2104 3796; x_wconf 84' lang='lat' dir='ltr'><strong>Explora-</strong></span> 
     </span>
    </p>
   </div>
   <div class='ocr_carea' id='block_1_41' title="bbox 527 3803 2103 3895">
    <p class='ocr_par' dir='ltr' id='par_1_41' title="bbox 527 3803 2103 3895">
     <span class='ocr_line' id='line_1_41' title="bbox 527 3803 2103 3895; baseline -0.006 -14"><span class='ocrx_word' id='word_1_291' title='bbox 527 3838 677 3881; x_wconf 83' lang='lat' dir='ltr'><strong>tores</strong></span> <span class='ocrx_word' id='word_1_292' title='bbox 702 3825 792 3880; x_wconf 85' lang='lat' dir='ltr'><strong>isti</strong></span> <span class='ocrx_word' id='word_1_293' title='bbox 820 3826 911 3895; x_wconf 89' lang='lat' dir='ltr'><strong>qui</strong></span> <span class='ocrx_word' id='word_1_294' title='bbox 952 3826 1243 3879; x_wconf 90' lang='lat' dir='ltr'><strong>mittuutur</strong></span> <span class='ocrx_word' id='word_1_295' title='bbox 1286 3803 1644 3878; x_wconf 56' lang='lat' dir='ltr'><strong>ante&#39;faciem</strong></span> <span class='ocrx_word' id='word_1_296' title='bbox 1690 3817 1840 3881; x_wconf 80' lang='lat' dir='ltr'><strong>Jesu,</strong></span> <span class='ocrx_word' id='word_1_297' title='bbox 1875 3828 2103 3889; x_wconf 90' lang='lat' dir='ltr'><strong>possunt</strong></span> 
     </span>
    </p>
   </div>
   <div class='ocr_carea' id='block_1_42' title="bbox 525 3911 2103 3988">
    <p class='ocr_par' dir='ltr' id='par_1_42' title="bbox 525 3911 2103 3988">
     <span class='ocr_line' id='line_1_42' title="bbox 525 3911 2103 3988; baseline -0.006 -12"><span class='ocrx_word' id='word_1_298' title='bbox 525 3930 582 3976; x_wconf 87' lang='lat' dir='ltr'><strong>et</strong></span> <span class='ocrx_word' id='word_1_299' title='bbox 600 3919 775 3988; x_wconf 86' lang='lat' dir='ltr'><strong>angeli</strong></span> <span class='ocrx_word' id='word_1_300' title='bbox 811 3917 903 3973; x_wconf 88' lang='lat' dir='ltr'><strong>Dei</strong></span> <span class='ocrx_word' id='word_1_301' title='bbox 935 3918 1137 3987; x_wconf 88' lang='lat' dir='ltr'><strong>putari,</strong></span> <span class='ocrx_word' id='word_1_302' title='bbox 1173 3917 1312 3971; x_wconf 89' lang='lat' dir='ltr'><strong>sicut</strong></span> <span class='ocrx_word' id='word_1_303' title='bbox 1355 3916 1619 3984; x_wconf 89' lang='lat' dir='ltr'><strong>scriptum</strong></span> <span class='ocrx_word' id='word_1_304' title='bbox 1665 3923 1748 3966; x_wconf 89' lang='lat' dir='ltr'><strong>est</strong></span> <span class='ocrx_word' id='word_1_305' title='bbox 1779 3913 1825 3943; x_wconf 85' lang='lat'>&quot;</span> <span class='ocrx_word' id='word_1_306' title='bbox 1861 3931 1874 3966; x_wconf 90' lang='lat'><strong>:</strong></span> <span class='ocrx_word' id='word_1_307' title='bbox 1911 3929 1931 3962; x_wconf 74' lang='grc' dir='ltr'><strong>ι</strong></span> <span class='ocrx_word' id='word_1_308' title='bbox 1964 3911 2103 3966; x_wconf 88' lang='lat' dir='ltr'><strong>Ecce</strong></span> 
     </span>
    </p>
   </div>
   <div class='ocr_carea' id='block_1_43' title="bbox 539 4005 2102 4081">
    <p class='ocr_par' dir='ltr' id='par_1_43' title="bbox 539 4005 2102 4081">
     <span class='ocr_line' id='line_1_43' title="bbox 539 4005 2102 4081; baseline -0.004 -15"><span class='ocrx_word' id='word_1_309' title='bbox 539 4013 748 4066; x_wconf 84' lang='lat' dir='ltr'><strong>mittam</strong></span> <span class='ocrx_word' id='word_1_310' title='bbox 777 4011 1027 4081; x_wconf 91' lang='lat' dir='ltr'><strong>angelum</strong></span> <span class='ocrx_word' id='word_1_311' title='bbox 1061 4027 1239 4064; x_wconf 90' lang='lat' dir='ltr'><strong>meum</strong></span> <span class='ocrx_word' id='word_1_312' title='bbox 1270 4017 1398 4073; x_wconf 84' lang='lat' dir='ltr'><strong>ante</strong></span> <span class='ocrx_word' id='word_1_313' title='bbox 1432 4007 1628 4062; x_wconf 86' lang='lat' dir='ltr'><strong>faciem</strong></span> <span class='ocrx_word' id='word_1_314' title='bbox 1657 4017 1802 4059; x_wconf 88' lang='lat' dir='ltr'><strong>tuam</strong></span> <span class='ocrx_word' id='word_1_315' title='bbox 1837 4005 1928 4075; x_wconf 90' lang='lat' dir='ltr'><strong>qui</strong></span> <span class='ocrx_word' id='word_1_316' title='bbox 1961 4019 2102 4074; x_wconf 69' lang='lat' dir='ltr'><strong>prte-</strong></span> 
     </span>
    </p>
   </div>
   <div class='ocr_carea' id='block_1_44' title="bbox 535 4094 2103 4173">
    <p class='ocr_par' dir='ltr' id='par_1_44' title="bbox 535 4094 2103 4173">
     <span class='ocr_line' id='line_1_44' title="bbox 535 4094 2103 4173; baseline -0.004 -18"><span class='ocrx_word' id='word_1_317' title='bbox 535 4101 886 4173; x_wconf 88' lang='lat' dir='ltr'><strong>parabitvias</strong></span> <span class='ocrx_word' id='word_1_318' title='bbox 917 4110 1040 4156; x_wconf 83' lang='lat' dir='ltr'><strong>tuas</strong></span> <span class='ocrx_word' id='word_1_319' title='bbox 1074 4101 1174 4173; x_wconf 84' lang='lat'><strong>(5).</strong></span> <span class='ocrx_word' id='word_1_320' title='bbox 1207 4119 1225 4151; x_wconf 72' lang='grc' dir='ltr'><strong><em>ι</em></strong></span> <span class='ocrx_word' id='word_1_321' title='bbox 1254 4099 1406 4166; x_wconf 85' lang='lat' dir='ltr'><strong>Quod</strong></span> <span class='ocrx_word' id='word_1_322' title='bbox 1443 4112 1540 4167; x_wconf 90' lang='lat' dir='ltr'><strong>per</strong></span> <span class='ocrx_word' id='word_1_323' title='bbox 1564 4097 1697 4151; x_wconf 89' lang='lat' dir='ltr'><strong>alios</strong></span> <span class='ocrx_word' id='word_1_324' title='bbox 1723 4095 1937 4165; x_wconf 89' lang='lat' dir='ltr'><strong>quidem</strong></span> <span class='ocrx_word' id='word_1_325' title='bbox 1971 4094 2103 4149; x_wconf 92' lang='lat' dir='ltr'><strong>invi-</strong></span> 
     </span>
    </p>
   </div>
   <div class='ocr_carea' id='block_1_45' title="bbox 530 4188 2098 4265">
    <p class='ocr_par' dir='ltr' id='par_1_45' title="bbox 530 4188 2098 4265">
     <span class='ocr_line' id='line_1_45' title="bbox 530 4188 2098 4265; baseline -0.004 -15"><span class='ocrx_word' id='word_1_326' title='bbox 530 4195 778 4260; x_wconf 85' lang='lat' dir='ltr'><strong>sihiliter,</strong></span> <span class='ocrx_word' id='word_1_327' title='bbox 805 4209 901 4265; x_wconf 90' lang='lat' dir='ltr'><strong>per</strong></span> <span class='ocrx_word' id='word_1_328' title='bbox 929 4193 1192 4249; x_wconf 87' lang='lat' dir='ltr'><strong>Joannem</strong></span> <span class='ocrx_word' id='word_1_329' title='bbox 1212 4207 1341 4247; x_wconf 90' lang='lat' dir='ltr'><strong>vero</strong></span> <span class='ocrx_word' id='word_1_330' title='bbox 1364 4189 1652 4246; x_wconf 85' lang='lat' dir='ltr'><strong>visibiliter</strong></span> <span class='ocrx_word' id='word_1_331' title='bbox 1673 4188 2048 4257; x_wconf 86' lang='lat' dir='ltr'><strong>complebatur</strong></span> <span class='ocrx_word' id='word_1_332' title='bbox 2083 4205 2098 4244; x_wconf 92' lang='lat'><strong>:</strong></span> 
     </span>
    </p>
   </div>
   <div class='ocr_carea' id='block_1_46' title="bbox 529 4279 2102 4356">
    <p class='ocr_par' dir='ltr' id='par_1_46' title="bbox 529 4279 2102 4356">
     <span class='ocr_line' id='line_1_46' title="bbox 529 4279 2102 4356; baseline -0.003 -16"><span class='ocrx_word' id='word_1_333' title='bbox 529 4289 595 4341; x_wconf 90' lang='lat' dir='ltr'><strong>de</strong></span> <span class='ocrx_word' id='word_1_334' title='bbox 626 4297 814 4356; x_wconf 86' lang='lat' dir='ltr'><strong>quoet</strong></span> <span class='ocrx_word' id='word_1_335' title='bbox 850 4287 1138 4355; x_wconf 87' lang='lat' dir='ltr'><strong>hocipsum</strong></span> <span class='ocrx_word' id='word_1_336' title='bbox 1168 4285 1426 4354; x_wconf 89' lang='lat' dir='ltr'><strong>scriptum</strong></span> <span class='ocrx_word' id='word_1_337' title='bbox 1452 4291 1555 4337; x_wconf 86' lang='lat' dir='ltr'><strong>est.</strong></span> <span class='ocrx_word' id='word_1_338' title='bbox 1582 4281 1824 4350; x_wconf 89' lang='lat' dir='ltr'><strong>Denique</strong></span> <span class='ocrx_word' id='word_1_339' title='bbox 1853 4282 1918 4336; x_wconf 92' lang='lat' dir='ltr'><strong>de</strong></span> <span class='ocrx_word' id='word_1_340' title='bbox 1939 4279 2102 4336; x_wconf 85' lang='lat' dir='ltr'><strong>Joan-</strong></span> 
     </span>
    </p>
   </div>
   <div class='ocr_carea' id='block_1_47' title="bbox 529 4375 2102 4451">
    <p class='ocr_par' dir='ltr' id='par_1_47' title="bbox 529 4375 2102 4451">
     <span class='ocr_line' id='line_1_47' title="bbox 529 4375 2102 4451; baseline -0.003 -16"><span class='ocrx_word' id='word_1_341' title='bbox 529 4383 615 4436; x_wconf 86' lang='lat' dir='ltr'><strong>nis</strong></span> <span class='ocrx_word' id='word_1_342' title='bbox 645 4381 912 4451; x_wconf 91' lang='lat' dir='ltr'><strong>baptismo</strong></span> <span class='ocrx_word' id='word_1_343' title='bbox 933 4381 1132 4435; x_wconf 90' lang='lat' dir='ltr'><strong>dicitur</strong></span> <span class='ocrx_word' id='word_1_344' title='bbox 1160 4397 1189 4434; x_wconf 90' lang='lat' dir='ltr'><strong>a</strong></span> <span class='ocrx_word' id='word_1_345' title='bbox 1229 4380 1477 4444; x_wconf 90' lang='lat' dir='ltr'><strong>Domino,</strong></span> <span class='ocrx_word' id='word_1_346' title='bbox 1511 4377 1634 4447; x_wconf 90' lang='lat' dir='ltr'><strong>quia</strong></span> <span class='ocrx_word' id='word_1_347' title='bbox 1659 4377 1852 4430; x_wconf 75' lang='lat' dir='ltr'><strong>scribze</strong></span> <span class='ocrx_word' id='word_1_348' title='bbox 1880 4387 1936 4431; x_wconf 94' lang='lat' dir='ltr'><strong>et</strong></span> <span class='ocrx_word' id='word_1_349' title='bbox 1958 4375 2102 4431; x_wconf 90' lang='lat' dir='ltr'><strong>Pha-</strong></span> 
     </span>
    </p>
   </div>
   <div class='ocr_carea' id='block_1_48' title="bbox 2210 490 2892 562">
    <p class='ocr_par' dir='ltr' id='par_1_48' title="bbox 2210 490 2892 562">
     <span class='ocr_line' id='line_1_48' title="bbox 2210 490 2892 562; baseline -0.004 -16"><span class='ocrx_word' id='word_1_350' title='bbox 2210 493 2386 562; x_wconf 82' lang='lat' dir='ltr'><strong>gentis</strong></span> <span class='ocrx_word' id='word_1_351' title='bbox 2419 490 2655 547; x_wconf 86' lang='lat' dir='ltr'><strong>refertur</strong></span> <span class='ocrx_word' id='word_1_352' title='bbox 2682 502 2892 560; x_wconf 80' lang='lat' dir='ltr'><strong>erepta.</strong></span> 
     </span>
    </p>
   </div>
   <div class='ocr_carea' id='block_1_49' title="bbox 2277 570 3768 654">
    <p class='ocr_par' dir='ltr' id='par_1_49' title="bbox 2277 570 3768 654">
     <span class='ocr_line' id='line_1_49' title="bbox 2277 570 3768 654; baseline -0.009 -14"><span class='ocrx_word' id='word_1_353' title='bbox 2277 587 2330 640; x_wconf 75' lang='grc'><strong>4.</strong></span> <span class='ocrx_word' id='word_1_354' title='bbox 2365 586 2771 641; x_wconf 87' lang='lat' dir='ltr'><strong>Sedvideamus</strong></span> <span class='ocrx_word' id='word_1_355' title='bbox 2792 585 3006 639; x_wconf 87' lang='lat' dir='ltr'><strong>tandem</strong></span> <span class='ocrx_word' id='word_1_356' title='bbox 3026 598 3149 654; x_wconf 68' lang='lat' dir='ltr'><strong>qua:</strong></span> <span class='ocrx_word' id='word_1_357' title='bbox 3185 581 3256 636; x_wconf 90' lang='lat' dir='ltr'><strong>sit</strong></span> <span class='ocrx_word' id='word_1_358' title='bbox 3281 581 3384 634; x_wconf 91' lang='lat' dir='ltr'><strong>ista</strong></span> <span class='ocrx_word' id='word_1_359' title='bbox 3420 570 3768 640; x_wconf 62' lang='lat' dir='ltr'><strong>meretrixuii.</strong></span> 
     </span>
    </p>
   </div>
   <div class='ocr_carea' id='block_1_50' title="bbox 2210 666 3766 744">
    <p class='ocr_par' dir='ltr' id='par_1_50' title="bbox 2210 666 3766 744">
     <span class='ocr_line' id='line_1_50' title="bbox 2210 666 3766 744; baseline -0.008 -14"><span class='ocrx_word' id='word_1_360' title='bbox 2210 677 2362 732; x_wconf 87' lang='lat' dir='ltr'><strong>Raab</strong></span> <span class='ocrx_word' id='word_1_361' title='bbox 2397 679 2621 742; x_wconf 89' lang='lat' dir='ltr'><strong>dicitur,</strong></span> <span class='ocrx_word' id='word_1_362' title='bbox 2651 677 2802 732; x_wconf 85' lang='lat' dir='ltr'><strong>Raab</strong></span> <span class='ocrx_word' id='word_1_363' title='bbox 2831 691 2960 731; x_wconf 90' lang='lat' dir='ltr'><strong>vero</strong></span> <span class='ocrx_word' id='word_1_364' title='bbox 3001 676 3398 744; x_wconf 90' lang='lat' dir='ltr'><strong>interpretatur</strong></span> <span class='ocrx_word' id='word_1_365' title='bbox 3435 669 3662 720; x_wconf 81' lang='lat' dir='ltr'><strong>latitudo</strong></span> <span class='ocrx_word' id='word_1_366' title='bbox 3686 666 3766 730; x_wconf 57' lang='lat'><strong>(7;.</strong></span> 
     </span>
    </p>
   </div>
   <div class='ocr_carea' id='block_1_51' title="bbox 2208 758 3768 841">
    <p class='ocr_par' dir='ltr' id='par_1_51' title="bbox 2208 758 3768 841">
     <span class='ocr_line' id='line_1_51' title="bbox 2208 758 3768 841; baseline -0.012 -16"><span class='ocrx_word' id='word_1_367' title='bbox 2208 771 2337 838; x_wconf 74' lang='lat' dir='ltr'><strong>Qua:</strong></span> <span class='ocrx_word' id='word_1_368' title='bbox 2365 783 2448 826; x_wconf 87' lang='lat' dir='ltr'><strong>est</strong></span> <span class='ocrx_word' id='word_1_369' title='bbox 2501 786 2630 841; x_wconf 86' lang='lat' dir='ltr'><strong>ergo</strong></span> <span class='ocrx_word' id='word_1_370' title='bbox 2679 770 2929 834; x_wconf 87' lang='lat' dir='ltr'><strong>latitudo,</strong></span> <span class='ocrx_word' id='word_1_371' title='bbox 2969 769 3067 822; x_wconf 75' lang='lat' dir='ltr'><strong>nisi</strong></span> <span class='ocrx_word' id='word_1_372' title='bbox 3129 763 3374 820; x_wconf 84' lang='lat' dir='ltr'><strong>Ecclesia</strong></span> <span class='ocrx_word' id='word_1_373' title='bbox 3412 763 3530 816; x_wconf 70' lang='lat' dir='ltr'><strong>[nec</strong></span> <span class='ocrx_word' id='word_1_374' title='bbox 3574 758 3768 818; x_wconf 60' lang='lat' dir='ltr'><strong>Christi,</strong></span> 
     </span>
    </p>
   </div>
   <div class='ocr_carea' id='block_1_52' title="bbox 2207 852 3770 934">
    <p class='ocr_par' dir='ltr' id='par_1_52' title="bbox 2207 852 3770 934">
     <span class='ocr_line' id='line_1_52' title="bbox 2207 852 3770 934; baseline -0.012 -15"><span class='ocrx_word' id='word_1_375' title='bbox 2207 880 2327 933; x_wconf 76' lang='lat' dir='ltr'><strong>qua:</strong></span> <span class='ocrx_word' id='word_1_376' title='bbox 2383 881 2450 920; x_wconf 84' lang='lat' dir='ltr'><strong>ex</strong></span> <span class='ocrx_word' id='word_1_377' title='bbox 2501 863 2886 934; x_wconf 83' lang='lat' dir='ltr'><strong>peccatoribus</strong></span> <span class='ocrx_word' id='word_1_378' title='bbox 2942 860 3092 916; x_wconf 86' lang='lat' dir='ltr'><strong>velut</strong></span> <span class='ocrx_word' id='word_1_379' title='bbox 3136 875 3202 913; x_wconf 91' lang='lat' dir='ltr'><strong>ex</strong></span> <span class='ocrx_word' id='word_1_380' title='bbox 3247 852 3770 910; x_wconf 59' lang='lat' dir='ltr'><strong>nieretrieationeiii,</strong></span> 
     </span>
    </p>
   </div>
   <div class='ocr_carea' id='block_1_53' title="bbox 2208 945 3770 1022">
    <p class='ocr_par' dir='ltr' id='par_1_53' title="bbox 2208 945 3770 1022">
     <span class='ocr_line' id='line_1_53' title="bbox 2208 945 3770 1022; baseline -0.01 -11"><span class='ocrx_word' id='word_1_381' title='bbox 2208 958 2435 1012; x_wconf 90' lang='lat' dir='ltr'><strong>collecta</strong></span> <span class='ocrx_word' id='word_1_382' title='bbox 2467 958 2584 1011; x_wconf 86' lang='lat' dir='ltr'><strong>est?</strong></span> <span class='ocrx_word' id='word_1_383' title='bbox 2620 959 2684 1010; x_wconf 86' lang='lat' dir='ltr'><strong>Et</strong></span> <span class='ocrx_word' id='word_1_384' title='bbox 2716 957 2850 1011; x_wconf 84' lang='lat' dir='ltr'><strong>dicit</strong></span> <span class='ocrx_word' id='word_1_385' title='bbox 2874 955 2920 987; x_wconf 69' lang='grc'><strong>⁷⁸</strong></span> <span class='ocrx_word' id='word_1_386' title='bbox 2953 972 2968 1009; x_wconf 89' lang='lat'><strong>:</strong></span> <span class='ocrx_word' id='word_1_387' title='bbox 3004 972 3022 1005; x_wconf 72' lang='grc' dir='ltr'>ι</span> <span class='ocrx_word' id='word_1_388' title='bbox 3064 954 3343 1022; x_wconf 84' lang='lat' dir='ltr'><strong>Angustus</strong></span> <span class='ocrx_word' id='word_1_389' title='bbox 3402 946 3540 1000; x_wconf 89' lang='lat' dir='ltr'><strong>mihi</strong></span> <span class='ocrx_word' id='word_1_390' title='bbox 3601 955 3680 998; x_wconf 86' lang='lat' dir='ltr'><strong>est</strong></span> <span class='ocrx_word' id='word_1_391' title='bbox 3715 945 3770 995; x_wconf 73' lang='lat' dir='ltr'><strong>lo-</strong></span> 
     </span>
    </p>
   </div>
   <div class='ocr_carea' id='block_1_54' title="bbox 2207 1038 3769 1116">
    <p class='ocr_par' dir='ltr' id='par_1_54' title="bbox 2207 1038 3769 1116">
     <span class='ocr_line' id='line_1_54' title="bbox 2207 1038 3769 1116; baseline -0.014 -12"><span class='ocrx_word' id='word_1_392' title='bbox 2207 1065 2327 1116; x_wconf 90' lang='lat' dir='ltr'><strong>cus,</strong></span> <span class='ocrx_word' id='word_1_393' title='bbox 2361 1049 2447 1105; x_wconf 91' lang='lat' dir='ltr'><strong>fac</strong></span> <span class='ocrx_word' id='word_1_394' title='bbox 2481 1051 2612 1104; x_wconf 91' lang='lat' dir='ltr'><strong>mihi</strong></span> <span class='ocrx_word' id='word_1_395' title='bbox 2644 1052 2820 1103; x_wconf 90' lang='lat' dir='ltr'><strong>locum</strong></span> <span class='ocrx_word' id='word_1_396' title='bbox 2854 1049 2942 1103; x_wconf 84' lang='lat' dir='ltr'><strong>tibi</strong></span> <span class='ocrx_word' id='word_1_397' title='bbox 2982 1047 3244 1101; x_wconf 86' lang='lat' dir='ltr'><strong>habitem.</strong></span> <span class='ocrx_word' id='word_1_398' title='bbox 3289 1041 3404 1096; x_wconf 84' lang='lat' dir='ltr'><strong>llos</strong></span> <span class='ocrx_word' id='word_1_399' title='bbox 3451 1049 3639 1092; x_wconf 84' lang='lat' dir='ltr'><strong>autem</strong></span> <span class='ocrx_word' id='word_1_400' title='bbox 3671 1038 3769 1088; x_wconf 67' lang='lat' dir='ltr'><strong>miti</strong></span> 
     </span>
    </p>
   </div>
   <div class='ocr_carea' id='block_1_55' title="bbox 2207 1131 3767 1212">
    <p class='ocr_par' dir='ltr' id='par_1_55' title="bbox 2207 1131 3767 1212">
     <span class='ocr_line' id='line_1_55' title="bbox 2207 1131 3767 1212; baseline -0.01 -17"><span class='ocrx_word' id='word_1_401' title='bbox 2207 1143 2330 1212; x_wconf 90' lang='lat' dir='ltr'><strong>quis</strong></span> <span class='ocrx_word' id='word_1_402' title='bbox 2355 1142 2660 1198; x_wconf 83' lang='lat' dir='ltr'><strong>enutrivit?</strong></span> <span class='ocrx_word' id='word_1_403' title='bbox 2703 1162 2720 1195; x_wconf 75' lang='grc' dir='ltr'><strong>ι</strong></span> <span class='ocrx_word' id='word_1_404' title='bbox 2770 1141 2836 1196; x_wconf 84' lang='grc' dir='ltr'>Ει</span> <span class='ocrx_word' id='word_1_405' title='bbox 2890 1143 3086 1196; x_wconf 89' lang='lat' dir='ltr'><strong>iterum</strong></span> <span class='ocrx_word' id='word_1_406' title='bbox 3145 1140 3210 1192; x_wconf 91' lang='lat' dir='ltr'><strong>ad</strong></span> <span class='ocrx_word' id='word_1_407' title='bbox 3247 1150 3418 1208; x_wconf 84' lang='lat' dir='ltr'><strong>quam</strong></span> <span class='ocrx_word' id='word_1_408' title='bbox 3463 1133 3670 1186; x_wconf 89' lang='lat' dir='ltr'><strong>dicitur</strong></span> <span class='ocrx_word' id='word_1_409' title='bbox 3701 1131 3767 1180; x_wconf 88' lang='grc'><strong>”³;</strong></span> 
     </span>
    </p>
   </div>
   <div class='ocr_carea' id='block_1_56' title="bbox 2213 1228 3765 1308">
    <p class='ocr_par' dir='ltr' id='par_1_56' title="bbox 2213 1228 3765 1308">
     <span class='ocr_line' id='line_1_56' title="bbox 2213 1228 3765 1308; baseline -0.009 -19"><span class='ocrx_word' id='word_1_410' title='bbox 2213 1255 2232 1289; x_wconf 84' lang='grc'><strong>‹</strong></span> <span class='ocrx_word' id='word_1_411' title='bbox 2264 1237 2437 1292; x_wconf 89' lang='lat' dir='ltr'><strong>Dilata</strong></span> <span class='ocrx_word' id='word_1_412' title='bbox 2490 1237 2640 1306; x_wconf 90' lang='lat' dir='ltr'><strong>palos</strong></span> <span class='ocrx_word' id='word_1_413' title='bbox 2692 1237 2768 1308; x_wconf 86' lang='lat'><strong>(9)</strong></span> <span class='ocrx_word' id='word_1_414' title='bbox 2803 1246 2950 1298; x_wconf 88' lang='lat' dir='ltr'><strong>tuos,</strong></span> <span class='ocrx_word' id='word_1_415' title='bbox 2997 1244 3052 1290; x_wconf 93' lang='lat' dir='ltr'><strong>et</strong></span> <span class='ocrx_word' id='word_1_416' title='bbox 3080 1233 3312 1288; x_wconf 77' lang='lat' dir='ltr'><strong>extende</strong></span> <span class='ocrx_word' id='word_1_417' title='bbox 3361 1228 3718 1283; x_wconf 82' lang='lat' dir='ltr'><strong>Ientoriatua-</strong></span> <span class='ocrx_word' id='word_1_418' title='bbox 3753 1247 3765 1275; x_wconf 80' lang='grc' dir='ltr'>ι</span> 
     </span>
    </p>
   </div>
   <div class='ocr_carea' id='block_1_57' title="bbox 2209 1316 3766 1397">
    <p class='ocr_par' dir='ltr' id='par_1_57' title="bbox 2209 1316 3766 1397">
     <span class='ocr_line' id='line_1_57' title="bbox 2209 1316 3766 1397; baseline -0.009 -15"><span class='ocrx_word' id='word_1_419' title='bbox 2209 1327 2311 1382; x_wconf 90' lang='lat' dir='ltr'><strong>lsta</strong></span> <span class='ocrx_word' id='word_1_420' title='bbox 2343 1343 2473 1397; x_wconf 89' lang='lat' dir='ltr'><strong>ergo</strong></span> <span class='ocrx_word' id='word_1_421' title='bbox 2496 1326 2954 1392; x_wconf 66' lang='lat' dir='ltr'><strong>latitudoestquaa</strong></span> <span class='ocrx_word' id='word_1_422' title='bbox 2973 1321 3617 1390; x_wconf 81' lang='lat' dir='ltr'><strong>suseepitexploratores</strong></span> <span class='ocrx_word' id='word_1_423' title='bbox 3649 1316 3766 1370; x_wconf 68' lang='lat' dir='ltr'><strong>lese.</strong></span> 
     </span>
    </p>
   </div>
   <div class='ocr_carea' id='block_1_58' title="bbox 2211 1413 3765 1489">
    <p class='ocr_par' dir='ltr' id='par_1_58' title="bbox 2211 1413 3765 1489">
     <span class='ocr_line' id='line_1_58' title="bbox 2211 1413 3765 1489; baseline -0.01 -12"><span class='ocrx_word' id='word_1_424' title='bbox 2211 1421 2335 1477; x_wconf 92' lang='lat' dir='ltr'><strong>Scio</strong></span> <span class='ocrx_word' id='word_1_425' title='bbox 2366 1436 2450 1476; x_wconf 89' lang='lat' dir='ltr'><strong>me</strong></span> <span class='ocrx_word' id='word_1_426' title='bbox 2483 1420 2774 1489; x_wconf 92' lang='lat' dir='ltr'><strong>aliquando</strong></span> <span class='ocrx_word' id='word_1_427' title='bbox 2801 1419 2851 1472; x_wconf 93' lang='lat' dir='ltr'><strong>in</strong></span> <span class='ocrx_word' id='word_1_428' title='bbox 2880 1416 3112 1485; x_wconf 83' lang='lat' dir='ltr'><strong>quadam</strong></span> <span class='ocrx_word' id='word_1_429' title='bbox 3143 1413 3383 1469; x_wconf 74' lang='lat' dir='ltr'><strong>l-lcrlesia</strong></span> <span class='ocrx_word' id='word_1_430' title='bbox 3431 1413 3765 1480; x_wconf 66' lang='lat' dir='ltr'><strong>disputantem</strong></span> 
     </span>
    </p>
   </div>
   <div class='ocr_carea' id='block_1_59' title="bbox 2208 1505 3762 1578">
    <p class='ocr_par' dir='ltr' id='par_1_59' title="bbox 2208 1505 3762 1578">
     <span class='ocr_line' id='line_1_59' title="bbox 2208 1505 3762 1578; baseline -0.011 -8"><span class='ocrx_word' id='word_1_431' title='bbox 2208 1517 2272 1570; x_wconf 91' lang='lat' dir='ltr'><strong>de</strong></span> <span class='ocrx_word' id='word_1_432' title='bbox 2299 1515 2508 1569; x_wconf 89' lang='lat' dir='ltr'><strong>duabus</strong></span> <span class='ocrx_word' id='word_1_433' title='bbox 2561 1511 2959 1578; x_wconf 87' lang='lat' dir='ltr'><strong>meretricibus,</strong></span> <span class='ocrx_word' id='word_1_434' title='bbox 2991 1511 3056 1563; x_wconf 89' lang='lat' dir='ltr'><strong>de</strong></span> <span class='ocrx_word' id='word_1_435' title='bbox 3091 1509 3288 1577; x_wconf 91' lang='lat' dir='ltr'><strong>quibus</strong></span> <span class='ocrx_word' id='word_1_436' title='bbox 3338 1506 3611 1573; x_wconf 85' lang='lat' dir='ltr'><strong>scriptum</strong></span> <span class='ocrx_word' id='word_1_437' title='bbox 3646 1505 3762 1557; x_wconf 74' lang='lat' dir='ltr'><strong>est&quot;</strong></span> 
     </span>
    </p>
   </div>
   <div class='ocr_carea' id='block_1_60' title="bbox 2210 1599 3761 1675">
    <p class='ocr_par' dir='ltr' id='par_1_60' title="bbox 2210 1599 3761 1675">
     <span class='ocr_line' id='line_1_60' title="bbox 2210 1599 3761 1675; baseline -0.012 -12"><span class='ocrx_word' id='word_1_438' title='bbox 2210 1609 2261 1663; x_wconf 91' lang='lat' dir='ltr'><strong>in</strong></span> <span class='ocrx_word' id='word_1_439' title='bbox 2289 1607 2450 1661; x_wconf 91' lang='lat' dir='ltr'><strong>tertio</strong></span> <span class='ocrx_word' id='word_1_440' title='bbox 2487 1606 2628 1660; x_wconf 90' lang='lat' dir='ltr'><strong>libro</strong></span> <span class='ocrx_word' id='word_1_441' title='bbox 2658 1604 2986 1675; x_wconf 80' lang='lat' dir='ltr'><strong>Regnorum,</strong></span> <span class='ocrx_word' id='word_1_442' title='bbox 3008 1616 3126 1670; x_wconf 75' lang='lat' dir='ltr'><strong>quae</strong></span> <span class='ocrx_word' id='word_1_443' title='bbox 3150 1599 3504 1666; x_wconf 86' lang='lat' dir='ltr'><strong>adjudicium</strong></span> <span class='ocrx_word' id='word_1_444' title='bbox 3539 1609 3761 1648; x_wconf 74' lang='lat' dir='ltr'><strong>venerant</strong></span> 
     </span>
    </p>
   </div>
   <div class='ocr_carea' id='block_1_61' title="bbox 2212 1688 3758 1767">
    <p class='ocr_par' dir='ltr' id='par_1_61' title="bbox 2212 1688 3758 1767">
     <span class='ocr_line' id='line_1_61' title="bbox 2212 1688 3758 1767; baseline -0.011 -13"><span class='ocrx_word' id='word_1_445' title='bbox 2212 1699 2545 1762; x_wconf 87' lang='lat' dir='ltr'><strong>Salomonis,</strong></span> <span class='ocrx_word' id='word_1_446' title='bbox 2582 1713 2812 1767; x_wconf 84' lang='lat' dir='ltr'><strong>quarum</strong></span> <span class='ocrx_word' id='word_1_447' title='bbox 2845 1711 2948 1749; x_wconf 92' lang='lat' dir='ltr'><strong>una</strong></span> <span class='ocrx_word' id='word_1_448' title='bbox 2980 1695 3182 1754; x_wconf 84' lang='lat' dir='ltr'><strong>vivum,</strong></span> <span class='ocrx_word' id='word_1_449' title='bbox 3223 1693 3331 1744; x_wconf 90' lang='lat' dir='ltr'><strong>alia</strong></span> <span class='ocrx_word' id='word_1_450' title='bbox 3382 1699 3658 1743; x_wconf 86' lang='lat' dir='ltr'><strong>mortuum</strong></span> <span class='ocrx_word' id='word_1_451' title='bbox 3689 1688 3758 1739; x_wconf 74' lang='lat' dir='ltr'><strong>li:-</strong></span> 
     </span>
    </p>
   </div>
   <div class='ocr_carea' id='block_1_62' title="bbox 2209 1776 3760 1852">
    <p class='ocr_par' dir='ltr' id='par_1_62' title="bbox 2209 1776 3760 1852">
     <span class='ocr_line' id='line_1_62' title="bbox 2209 1776 3760 1852; baseline -0.014 -7"><span class='ocrx_word' id='word_1_452' title='bbox 2209 1791 2370 1845; x_wconf 89' lang='lat' dir='ltr'><strong>behat</strong></span> <span class='ocrx_word' id='word_1_453' title='bbox 2407 1789 2695 1852; x_wconf 88' lang='lat' dir='ltr'><strong>infantem,</strong></span> <span class='ocrx_word' id='word_1_454' title='bbox 2739 1786 3066 1839; x_wconf 89' lang='lat' dir='ltr'><strong>discussisse</strong></span> <span class='ocrx_word' id='word_1_455' title='bbox 3108 1779 3452 1852; x_wconf 88' lang='lat' dir='ltr'><strong>diligentius,</strong></span> <span class='ocrx_word' id='word_1_456' title='bbox 3485 1788 3543 1830; x_wconf 89' lang='lat' dir='ltr'><strong>et</strong></span> <span class='ocrx_word' id='word_1_457' title='bbox 3601 1776 3760 1828; x_wconf 64' lang='lat' dir='ltr'><strong>dixise</strong></span> 
     </span>
    </p>
   </div>
   <div class='ocr_carea' id='block_1_63' title="bbox 2207 1871 3756 1957">
    <p class='ocr_par' dir='ltr' id='par_1_63' title="bbox 2207 1871 3756 1957">
     <span class='ocr_line' id='line_1_63' title="bbox 2207 1871 3756 1957; baseline -0.014 -17"><span class='ocrx_word' id='word_1_458' title='bbox 2207 1879 2333 1957; x_wconf 82' lang='lat' dir='ltr'><strong>quia</strong></span> <span class='ocrx_word' id='word_1_459' title='bbox 2365 1886 2454 1940; x_wconf 90' lang='lat' dir='ltr'><strong>illa</strong></span> <span class='ocrx_word' id='word_1_460' title='bbox 2482 1884 2741 1938; x_wconf 80' lang='lat' dir='ltr'><strong>meretrix</strong></span> <span class='ocrx_word' id='word_1_461' title='bbox 2780 1882 2894 1935; x_wconf 59' lang='lat' dir='ltr'><strong>haec</strong></span> <span class='ocrx_word' id='word_1_462' title='bbox 2924 1890 3069 1935; x_wconf 91' lang='lat' dir='ltr'><strong>esset</strong></span> <span class='ocrx_word' id='word_1_463' title='bbox 3105 1879 3191 1932; x_wconf 93' lang='lat' dir='ltr'><strong>cui</strong></span> <span class='ocrx_word' id='word_1_464' title='bbox 3228 1875 3496 1931; x_wconf 89' lang='lat' dir='ltr'><strong>Salomon</strong></span> <span class='ocrx_word' id='word_1_465' title='bbox 3557 1887 3655 1924; x_wconf 91' lang='lat' dir='ltr'><strong>nou</strong></span> <span class='ocrx_word' id='word_1_466' title='bbox 3679 1871 3756 1927; x_wconf 72' lang='lat' dir='ltr'><strong>ille,</strong></span> 
     </span>
    </p>
   </div>
   <div class='ocr_carea' id='block_1_64' title="bbox 2209 1965 3754 2049">
    <p class='ocr_par' dir='ltr' id='par_1_64' title="bbox 2209 1965 3754 2049">
     <span class='ocr_line' id='line_1_64' title="bbox 2209 1965 3754 2049; baseline -0.015 -13"><span class='ocrx_word' id='word_1_467' title='bbox 2209 1983 2302 2036; x_wconf 90' lang='lat' dir='ltr'><strong>sed</strong></span> <span class='ocrx_word' id='word_1_468' title='bbox 2331 1981 2418 2035; x_wconf 93' lang='lat' dir='ltr'><strong>hic</strong></span> <span class='ocrx_word' id='word_1_469' title='bbox 2445 1979 2533 2049; x_wconf 89' lang='lat' dir='ltr'><strong>qui</strong></span> <span class='ocrx_word' id='word_1_470' title='bbox 2568 1991 2756 2048; x_wconf 89' lang='lat' dir='ltr'><strong>pacem</strong></span> <span class='ocrx_word' id='word_1_471' title='bbox 2784 1974 2932 2028; x_wconf 82' lang='lat' dir='ltr'><strong>venit</strong></span> <span class='ocrx_word' id='word_1_472' title='bbox 2957 1974 3137 2028; x_wconf 83' lang='lat' dir='ltr'><strong>facere</strong></span> <span class='ocrx_word' id='word_1_473' title='bbox 3167 1985 3356 2026; x_wconf 89' lang='lat' dir='ltr'><strong>eorum</strong></span> <span class='ocrx_word' id='word_1_474' title='bbox 3412 1983 3538 2036; x_wconf 72' lang='lat' dir='ltr'><strong>qua!</strong></span> <span class='ocrx_word' id='word_1_475' title='bbox 3567 1968 3616 2018; x_wconf 89' lang='lat' dir='ltr'><strong>in</strong></span> <span class='ocrx_word' id='word_1_476' title='bbox 3642 1965 3754 2017; x_wconf 59' lang='lat' dir='ltr'><strong>ciris</strong></span> 
     </span>
    </p>
   </div>
   <div class='ocr_carea' id='block_1_65' title="bbox 2208 2059 3752 2142">
    <p class='ocr_par' dir='ltr' id='par_1_65' title="bbox 2208 2059 3752 2142">
     <span class='ocr_line' id='line_1_65' title="bbox 2208 2059 3752 2142; baseline -0.013 -14"><span class='ocrx_word' id='word_1_477' title='bbox 2208 2082 2330 2128; x_wconf 82' lang='lat' dir='ltr'><strong>Sunt</strong></span> <span class='ocrx_word' id='word_1_478' title='bbox 2362 2082 2418 2126; x_wconf 91' lang='lat' dir='ltr'><strong>et</strong></span> <span class='ocrx_word' id='word_1_479' title='bbox 2447 2088 2570 2142; x_wconf 63' lang='lat' dir='ltr'><strong>quae</strong></span> <span class='ocrx_word' id='word_1_480' title='bbox 2603 2073 2656 2124; x_wconf 92' lang='lat' dir='ltr'><strong>in</strong></span> <span class='ocrx_word' id='word_1_481' title='bbox 2697 2069 2878 2133; x_wconf 85' lang='lat' dir='ltr'><strong>terris,</strong></span> <span class='ocrx_word' id='word_1_482' title='bbox 2908 2068 3054 2121; x_wconf 88' lang='lat' dir='ltr'><strong>reddi</strong></span> <span class='ocrx_word' id='word_1_483' title='bbox 3085 2067 3266 2119; x_wconf 87' lang='lat' dir='ltr'><strong>vivum</strong></span> <span class='ocrx_word' id='word_1_484' title='bbox 3291 2063 3467 2132; x_wconf 81' lang='lat' dir='ltr'><strong>jussit</strong></span> <span class='ocrx_word' id='word_1_485' title='bbox 3495 2059 3752 2113; x_wconf 73' lang='lat' dir='ltr'><strong>infantem:</strong></span> 
     </span>
    </p>
   </div>
   <div class='ocr_carea' id='block_1_66' title="bbox 2211 2149 3752 2232">
    <p class='ocr_par' dir='ltr' id='par_1_66' title="bbox 2211 2149 3752 2232">
     <span class='ocr_line' id='line_1_66' title="bbox 2211 2149 3752 2232; baseline -0.012 -13"><span class='ocrx_word' id='word_1_486' title='bbox 2211 2166 2300 2220; x_wconf 92' lang='lat' dir='ltr'><strong>illa</strong></span> <span class='ocrx_word' id='word_1_487' title='bbox 2338 2181 2469 2218; x_wconf 91' lang='lat' dir='ltr'><strong>vero</strong></span> <span class='ocrx_word' id='word_1_488' title='bbox 2502 2164 2602 2218; x_wconf 88' lang='lat' dir='ltr'><strong>alia</strong></span> <span class='ocrx_word' id='word_1_489' title='bbox 2648 2178 2766 2232; x_wconf 74' lang='lat' dir='ltr'><strong>qum</strong></span> <span class='ocrx_word' id='word_1_490' title='bbox 2802 2171 3074 2214; x_wconf 89' lang='lat' dir='ltr'><strong>mortuum</strong></span> <span class='ocrx_word' id='word_1_491' title='bbox 3109 2154 3346 2210; x_wconf 78' lang='lat' dir='ltr'><strong>habebat</strong></span> <span class='ocrx_word' id='word_1_492' title='bbox 3402 2149 3752 2212; x_wconf 67' lang='lat' dir='ltr'><strong>infantem,te3</strong></span> 
     </span>
    </p>
   </div>
   <div class='ocr_carea' id='block_1_67' title="bbox 2209 2241 3749 2325">
    <p class='ocr_par' dir='ltr' id='par_1_67' title="bbox 2209 2241 3749 2325">
     <span class='ocr_line' id='line_1_67' title="bbox 2209 2241 3749 2325; baseline -0.014 -13"><span class='ocrx_word' id='word_1_493' title='bbox 2209 2259 2356 2312; x_wconf 89' lang='lat' dir='ltr'><strong>illius</strong></span> <span class='ocrx_word' id='word_1_494' title='bbox 2383 2266 2527 2312; x_wconf 86' lang='lat' dir='ltr'><strong>esset</strong></span> <span class='ocrx_word' id='word_1_495' title='bbox 2554 2254 2750 2325; x_wconf 90' lang='lat' dir='ltr'><strong>prioris</strong></span> <span class='ocrx_word' id='word_1_496' title='bbox 2779 2251 2956 2322; x_wconf 91' lang='lat' dir='ltr'><strong>populi</strong></span> <span class='ocrx_word' id='word_1_497' title='bbox 3001 2262 3302 2319; x_wconf 80' lang='lat' dir='ltr'><strong>synagoga,</strong></span> <span class='ocrx_word' id='word_1_498' title='bbox 3332 2245 3421 2298; x_wconf 79' lang='lat' dir='ltr'><strong>vel</strong></span> <span class='ocrx_word' id='word_1_499' title='bbox 3478 2258 3660 2296; x_wconf 87' lang='lat' dir='ltr'><strong>eorum</strong></span> <span class='ocrx_word' id='word_1_500' title='bbox 3685 2241 3749 2308; x_wconf 75' lang='lat' dir='ltr'><strong>qui</strong></span> 
     </span>
    </p>
   </div>
   <div class='ocr_carea' id='block_1_68' title="bbox 2211 2335 3746 2403">
    <p class='ocr_par' dir='ltr' id='par_1_68' title="bbox 2211 2335 3746 2403">
     <span class='ocr_line' id='line_1_68' title="bbox 2211 2335 3746 2403; baseline -0.012 -1"><span class='ocrx_word' id='word_1_501' title='bbox 2211 2349 2263 2402; x_wconf 86' lang='lat' dir='ltr'><strong>in</strong></span> <span class='ocrx_word' id='word_1_502' title='bbox 2295 2349 2542 2403; x_wconf 63' lang='lat' dir='ltr'><strong>haeresim</strong></span> <span class='ocrx_word' id='word_1_503' title='bbox 2584 2345 2948 2401; x_wconf 87' lang='lat' dir='ltr'><strong>declinarunt.</strong></span> <span class='ocrx_word' id='word_1_504' title='bbox 2982 2341 3074 2396; x_wconf 84' lang='lat' dir='ltr'><strong>Est</strong></span> <span class='ocrx_word' id='word_1_505' title='bbox 3105 2353 3158 2394; x_wconf 91' lang='lat' dir='ltr'><strong>et</strong></span> <span class='ocrx_word' id='word_1_506' title='bbox 3199 2339 3307 2392; x_wconf 81' lang='lat' dir='ltr'><strong>alia</strong></span> <span class='ocrx_word' id='word_1_507' title='bbox 3339 2335 3603 2391; x_wconf 82' lang='lat' dir='ltr'><strong>meretrix</strong></span> <span class='ocrx_word' id='word_1_508' title='bbox 3629 2349 3746 2400; x_wconf 66' lang='lat' dir='ltr'><strong>qua:</strong></span> 
     </span>
    </p>
   </div>
   <div class='ocr_carea' id='block_1_69' title="bbox 2209 2427 3747 2509">
    <p class='ocr_par' dir='ltr' id='par_1_69' title="bbox 2209 2427 3747 2509">
     <span class='ocr_line' id='line_1_69' title="bbox 2209 2427 3747 2509; baseline -0.013 -13"><span class='ocrx_word' id='word_1_509' title='bbox 2209 2443 2263 2497; x_wconf 92' lang='lat' dir='ltr'><strong>in</strong></span> <span class='ocrx_word' id='word_1_510' title='bbox 2299 2440 2437 2496; x_wconf 88' lang='lat' dir='ltr'><strong>Osee</strong></span> <span class='ocrx_word' id='word_1_511' title='bbox 2498 2439 2720 2509; x_wconf 87' lang='lat' dir='ltr'><strong>jubetur</strong></span> <span class='ocrx_word' id='word_1_512' title='bbox 2778 2437 3028 2504; x_wconf 89' lang='lat' dir='ltr'><strong>accipere</strong></span> <span class='ocrx_word' id='word_1_513' title='bbox 3083 2433 3356 2503; x_wconf 86' lang='lat' dir='ltr'><strong>propheta</strong></span> <span class='ocrx_word' id='word_1_514' title='bbox 3405 2430 3480 2493; x_wconf 75' lang='grc' dir='ltr'><strong>τ’,</strong></span> <span class='ocrx_word' id='word_1_515' title='bbox 3522 2430 3574 2480; x_wconf 92' lang='lat' dir='ltr'><strong>in</strong></span> <span class='ocrx_word' id='word_1_516' title='bbox 3625 2427 3747 2495; x_wconf 72' lang='lat' dir='ltr'><strong>ﬁgura</strong></span> 
     </span>
    </p>
   </div>
   <div class='ocr_carea' id='block_1_70' title="bbox 2209 2528 3747 2602">
    <p class='ocr_par' dir='ltr' id='par_1_70' title="bbox 2209 2528 3747 2602">
     <span class='ocr_line' id='line_1_70' title="bbox 2209 2528 3747 2602; baseline -0.012 -13"><span class='ocrx_word' id='word_1_517' title='bbox 2209 2535 2328 2589; x_wconf 87' lang='lat' dir='ltr'><strong>sine</strong></span> <span class='ocrx_word' id='word_1_518' title='bbox 2361 2533 2524 2587; x_wconf 89' lang='lat' dir='ltr'><strong>dubio</strong></span> <span class='ocrx_word' id='word_1_519' title='bbox 2577 2531 2736 2602; x_wconf 84' lang='lat' dir='ltr'><strong>hujus</strong></span> <span class='ocrx_word' id='word_1_520' title='bbox 2783 2545 2902 2600; x_wconf 73' lang='lat' dir='ltr'><strong>qua:</strong></span> <span class='ocrx_word' id='word_1_521' title='bbox 2929 2544 2992 2584; x_wconf 89' lang='lat' dir='ltr'><strong>ex</strong></span> <span class='ocrx_word' id='word_1_522' title='bbox 3042 2528 3296 2598; x_wconf 86' lang='lat' dir='ltr'><strong>gentibus</strong></span> <span class='ocrx_word' id='word_1_523' title='bbox 3327 2531 3656 2593; x_wconf 66' lang='lat' dir='ltr'><strong>congregata</strong></span> <span class='ocrx_word' id='word_1_524' title='bbox 3676 2528 3747 2572; x_wconf 63' lang='lat' dir='ltr'><strong>est.</strong></span> 
     </span>
    </p>
   </div>
   <div class='ocr_carea' id='block_1_71' title="bbox 2207 2614 3748 2694">
    <p class='ocr_par' dir='ltr' id='par_1_71' title="bbox 2207 2614 3748 2694">
     <span class='ocr_line' id='line_1_71' title="bbox 2207 2614 3748 2694; baseline -0.012 -12"><span class='ocrx_word' id='word_1_525' title='bbox 2207 2626 2357 2682; x_wconf 81' lang='lat' dir='ltr'><strong>Talis</strong></span> <span class='ocrx_word' id='word_1_526' title='bbox 2383 2641 2511 2694; x_wconf 87' lang='lat' dir='ltr'><strong>ergo</strong></span> <span class='ocrx_word' id='word_1_527' title='bbox 2540 2635 2593 2678; x_wconf 93' lang='lat' dir='ltr'><strong>et</strong></span> <span class='ocrx_word' id='word_1_528' title='bbox 2625 2625 2737 2678; x_wconf 71' lang='lat' dir='ltr'><strong>hazc</strong></span> <span class='ocrx_word' id='word_1_529' title='bbox 2792 2622 3048 2676; x_wconf 81' lang='lat' dir='ltr'><strong>meretrix</strong></span> <span class='ocrx_word' id='word_1_530' title='bbox 3077 2636 3197 2675; x_wconf 90' lang='lat' dir='ltr'><strong>esse</strong></span> <span class='ocrx_word' id='word_1_531' title='bbox 3223 2619 3437 2672; x_wconf 90' lang='lat' dir='ltr'><strong>dicitur</strong></span> <span class='ocrx_word' id='word_1_532' title='bbox 3460 2629 3579 2683; x_wconf 69' lang='lat' dir='ltr'><strong>qua:</strong></span> <span class='ocrx_word' id='word_1_533' title='bbox 3603 2614 3748 2681; x_wconf 72' lang='lat' dir='ltr'><strong>expie-</strong></span> 
     </span>
    </p>
   </div>
   <div class='ocr_carea' id='block_1_72' title="bbox 2210 2708 3748 2786">
    <p class='ocr_par' dir='ltr' id='par_1_72' title="bbox 2210 2708 3748 2786">
     <span class='ocr_line' id='line_1_72' title="bbox 2210 2708 3748 2786; baseline -0.011 -13"><span class='ocrx_word' id='word_1_534' title='bbox 2210 2729 2424 2773; x_wconf 89' lang='lat' dir='ltr'><strong>ratores</strong></span> <span class='ocrx_word' id='word_1_535' title='bbox 2449 2718 2686 2786; x_wconf 88' lang='lat' dir='ltr'><strong>suscepit</strong></span> <span class='ocrx_word' id='word_1_536' title='bbox 2715 2715 2842 2772; x_wconf 81' lang='lat' dir='ltr'><strong>Jesu</strong></span> <span class='ocrx_word' id='word_1_537' title='bbox 2869 2735 2883 2770; x_wconf 85' lang='lat'><strong>:</strong></span> <span class='ocrx_word' id='word_1_538' title='bbox 2911 2715 3005 2770; x_wconf 89' lang='lat' dir='ltr'><strong>sed</strong></span> <span class='ocrx_word' id='word_1_539' title='bbox 3041 2715 3153 2768; x_wconf 68' lang='lat' dir='ltr'><strong>hmc</strong></span> <span class='ocrx_word' id='word_1_540' title='bbox 3184 2719 3481 2779; x_wconf 88' lang='lat' dir='ltr'><strong>susceptos</strong></span> <span class='ocrx_word' id='word_1_541' title='bbox 3509 2722 3601 2761; x_wconf 85' lang='lat' dir='ltr'><strong>eos</strong></span> <span class='ocrx_word' id='word_1_542' title='bbox 3626 2708 3667 2758; x_wconf 84' lang='lat' dir='ltr'><strong>in</strong></span> <span class='ocrx_word' id='word_1_543' title='bbox 3686 2722 3748 2757; x_wconf 68' lang='lat' dir='ltr'><strong>sa-</strong></span> 
     </span>
    </p>
   </div>
   <div class='ocr_carea' id='block_1_73' title="bbox 2209 2801 3748 2881">
    <p class='ocr_par' dir='ltr' id='par_1_73' title="bbox 2209 2801 3748 2881">
     <span class='ocr_line' id='line_1_73' title="bbox 2209 2801 3748 2881; baseline -0.014 -13"><span class='ocrx_word' id='word_1_544' title='bbox 2209 2810 2517 2881; x_wconf 86' lang='lat' dir='ltr'><strong>periorihus</strong></span> <span class='ocrx_word' id='word_1_545' title='bbox 2546 2809 2799 2873; x_wconf 87' lang='lat' dir='ltr'><strong>collocat,</strong></span> <span class='ocrx_word' id='word_1_546' title='bbox 2837 2816 3000 2876; x_wconf 90' lang='lat' dir='ltr'><strong>atque</strong></span> <span class='ocrx_word' id='word_1_547' title='bbox 3031 2807 3083 2860; x_wconf 93' lang='lat' dir='ltr'><strong>in</strong></span> <span class='ocrx_word' id='word_1_548' title='bbox 3129 2804 3293 2859; x_wconf 90' lang='lat' dir='ltr'><strong>editis</strong></span> <span class='ocrx_word' id='word_1_549' title='bbox 3326 2812 3383 2857; x_wconf 90' lang='lat' dir='ltr'><strong>et</strong></span> <span class='ocrx_word' id='word_1_550' title='bbox 3411 2802 3637 2855; x_wconf 84' lang='lat' dir='ltr'><strong>excelsis</strong></span> <span class='ocrx_word' id='word_1_551' title='bbox 3661 2801 3748 2849; x_wconf 57' lang='lat' dir='ltr'><strong>miti</strong></span> 
     </span>
    </p>
   </div>
   <div class='ocr_carea' id='block_1_74' title="bbox 2209 2889 3750 2964">
    <p class='ocr_par' dir='ltr' id='par_1_74' title="bbox 2209 2889 3750 2964">
     <span class='ocr_line' id='line_1_74' title="bbox 2209 2889 3750 2964; baseline -0.012 -9"><span class='ocrx_word' id='word_1_552' title='bbox 2209 2901 2496 2956; x_wconf 89' lang='lat' dir='ltr'><strong>constituit</strong></span> <span class='ocrx_word' id='word_1_553' title='bbox 2524 2900 2897 2955; x_wconf 86' lang='lat' dir='ltr'><strong>sacramentis.</strong></span> <span class='ocrx_word' id='word_1_554' title='bbox 2931 2898 3099 2952; x_wconf 89' lang='lat' dir='ltr'><strong>Nemo</strong></span> <span class='ocrx_word' id='word_1_555' title='bbox 3124 2898 3272 2952; x_wconf 88' lang='lat' dir='ltr'><strong>enim</strong></span> <span class='ocrx_word' id='word_1_556' title='bbox 3291 2895 3385 2964; x_wconf 90' lang='lat' dir='ltr'><strong>qui</strong></span> <span class='ocrx_word' id='word_1_557' title='bbox 3414 2895 3486 2946; x_wconf 90' lang='lat' dir='ltr'><strong>ah</strong></span> <span class='ocrx_word' id='word_1_558' title='bbox 3512 2891 3632 2946; x_wconf 78' lang='lat' dir='ltr'><strong>Jesn</strong></span> <span class='ocrx_word' id='word_1_559' title='bbox 3659 2889 3750 2940; x_wconf 79' lang='lat' dir='ltr'><strong>init-</strong></span> 
     </span>
    </p>
   </div>
   <div class='ocr_carea' id='block_1_75' title="bbox 2212 2985 3749 3059">
    <p class='ocr_par' dir='ltr' id='par_1_75' title="bbox 2212 2985 3749 3059">
     <span class='ocr_line' id='line_1_75' title="bbox 2212 2985 3749 3059; baseline -0.008 -12"><span class='ocrx_word' id='word_1_560' title='bbox 2212 2996 2366 3059; x_wconf 88' lang='lat' dir='ltr'><strong>titur,</strong></span> <span class='ocrx_word' id='word_1_561' title='bbox 2401 2994 2676 3048; x_wconf 86' lang='lat' dir='ltr'><strong>invenitur</strong></span> <span class='ocrx_word' id='word_1_562' title='bbox 2699 2994 2950 3047; x_wconf 89' lang='lat' dir='ltr'><strong>deorsum</strong></span> <span class='ocrx_word' id='word_1_563' title='bbox 2981 3000 3036 3045; x_wconf 85' lang='lat' dir='ltr'><strong>et</strong></span> <span class='ocrx_word' id='word_1_564' title='bbox 3071 2991 3218 3044; x_wconf 90' lang='lat' dir='ltr'><strong>humi</strong></span> <span class='ocrx_word' id='word_1_565' title='bbox 3244 2989 3466 3056; x_wconf 72' lang='lat' dir='ltr'><strong>iacens,</strong></span> <span class='ocrx_word' id='word_1_566' title='bbox 3496 2987 3592 3041; x_wconf 87' lang='lat' dir='ltr'><strong>sed</strong></span> <span class='ocrx_word' id='word_1_567' title='bbox 3618 2985 3661 3036; x_wconf 88' lang='lat' dir='ltr'><strong>in</strong></span> <span class='ocrx_word' id='word_1_568' title='bbox 3685 2997 3749 3034; x_wconf 73' lang='lat' dir='ltr'><strong>sa-</strong></span> 
     </span>
    </p>
   </div>
   <div class='ocr_carea' id='block_1_76' title="bbox 2134 3081 3749 3167">
    <p class='ocr_par' dir='ltr' id='par_1_76' title="bbox 2134 3081 3749 3167">
     <span class='ocr_line' id='line_1_76' title="bbox 2134 3081 3749 3167; baseline -0.008 -23"><span class='ocrx_word' id='word_1_569' title='bbox 2134 3109 2176 3167; x_wconf 79' lang='lat' dir='ltr'><strong><em>C</em></strong></span> <span class='ocrx_word' id='word_1_570' title='bbox 2211 3087 2517 3157; x_wconf 87' lang='lat' dir='ltr'><strong>perioribus</strong></span> <span class='ocrx_word' id='word_1_571' title='bbox 2565 3095 2844 3156; x_wconf 85' lang='lat' dir='ltr'><strong>permanet</strong></span> <span class='ocrx_word' id='word_1_572' title='bbox 2877 3102 2890 3137; x_wconf 88' lang='lat'><strong>:</strong></span> <span class='ocrx_word' id='word_1_573' title='bbox 2923 3093 2979 3138; x_wconf 91' lang='lat' dir='ltr'><strong>et</strong></span> <span class='ocrx_word' id='word_1_574' title='bbox 3017 3099 3119 3137; x_wconf 90' lang='lat' dir='ltr'><strong>non</strong></span> <span class='ocrx_word' id='word_1_575' title='bbox 3155 3082 3332 3137; x_wconf 88' lang='lat' dir='ltr'><strong>solum</strong></span> <span class='ocrx_word' id='word_1_576' title='bbox 3391 3082 3509 3150; x_wconf 89' lang='lat' dir='ltr'><strong>ipse</strong></span> <span class='ocrx_word' id='word_1_577' title='bbox 3549 3081 3599 3132; x_wconf 90' lang='lat' dir='ltr'><strong>in</strong></span> <span class='ocrx_word' id='word_1_578' title='bbox 3629 3090 3749 3143; x_wconf 76' lang='lat' dir='ltr'><strong>snpe-</strong></span> 
     </span>
    </p>
   </div>
   <div class='ocr_carea' id='block_1_77' title="bbox 2213 3173 3748 3247">
    <p class='ocr_par' dir='ltr' id='par_1_77' title="bbox 2213 3173 3748 3247">
     <span class='ocr_line' id='line_1_77' title="bbox 2213 3173 3748 3247; baseline -0.008 -13"><span class='ocrx_word' id='word_1_579' title='bbox 2213 3178 2449 3234; x_wconf 89' lang='lat' dir='ltr'><strong>rioribus</strong></span> <span class='ocrx_word' id='word_1_580' title='bbox 2477 3187 2760 3247; x_wconf 89' lang='lat' dir='ltr'><strong>permanet</strong></span> <span class='ocrx_word' id='word_1_581' title='bbox 2786 3187 2838 3231; x_wconf 92' lang='lat' dir='ltr'><strong>et</strong></span> <span class='ocrx_word' id='word_1_582' title='bbox 2865 3175 3120 3242; x_wconf 86' lang='lat' dir='ltr'><strong>excelsis,</strong></span> <span class='ocrx_word' id='word_1_583' title='bbox 3152 3173 3244 3230; x_wconf 90' lang='lat' dir='ltr'><strong>sed</strong></span> <span class='ocrx_word' id='word_1_584' title='bbox 3286 3185 3339 3228; x_wconf 89' lang='lat' dir='ltr'><strong>et</strong></span> <span class='ocrx_word' id='word_1_585' title='bbox 3392 3175 3494 3226; x_wconf 82' lang='lat' dir='ltr'><strong>ista</strong></span> <span class='ocrx_word' id='word_1_586' title='bbox 3541 3173 3748 3225; x_wconf 74' lang='lat' dir='ltr'><strong>meretrix</strong></span> 
     </span>
    </p>
   </div>
   <div class='ocr_carea' id='block_1_78' title="bbox 2213 3263 3744 3340">
    <p class='ocr_par' dir='ltr' id='par_1_78' title="bbox 2213 3263 3744 3340">
     <span class='ocr_line' id='line_1_78' title="bbox 2213 3263 3744 3340; baseline -0.008 -16"><span class='ocrx_word' id='word_1_587' title='bbox 2213 3285 2332 3340; x_wconf 80' lang='lat' dir='ltr'><strong>qua:</strong></span> <span class='ocrx_word' id='word_1_588' title='bbox 2389 3283 2484 3325; x_wconf 84' lang='lat' dir='ltr'><strong>eos</strong></span> <span class='ocrx_word' id='word_1_589' title='bbox 2535 3268 2794 3337; x_wconf 90' lang='lat' dir='ltr'><strong>suscepit,</strong></span> <span class='ocrx_word' id='word_1_590' title='bbox 2828 3282 2890 3321; x_wconf 90' lang='lat' dir='ltr'><strong>ex</strong></span> <span class='ocrx_word' id='word_1_591' title='bbox 2925 3267 3207 3320; x_wconf 89' lang='lat' dir='ltr'><strong>meretrice</strong></span> <span class='ocrx_word' id='word_1_592' title='bbox 3258 3263 3623 3331; x_wconf 81' lang='lat' dir='ltr'><strong>eﬂieiturjam</strong></span> <span class='ocrx_word' id='word_1_593' title='bbox 3655 3276 3744 3329; x_wconf 78' lang='lat' dir='ltr'><strong>pre-</strong></span> 
     </span>
    </p>
   </div>
   <div class='ocr_carea' id='block_1_79' title="bbox 2211 3356 3751 3434">
    <p class='ocr_par' dir='ltr' id='par_1_79' title="bbox 2211 3356 3751 3434">
     <span class='ocr_line' id='line_1_79' title="bbox 2211 3356 3751 3434; baseline -0.01 -17"><span class='ocrx_word' id='word_1_594' title='bbox 2211 3363 2376 3434; x_wconf 90' lang='lat' dir='ltr'><strong>pheta</strong></span> <span class='ocrx_word' id='word_1_595' title='bbox 2425 3361 2562 3432; x_wconf 86' lang='lat' dir='ltr'><strong>(IO),</strong></span> <span class='ocrx_word' id='word_1_596' title='bbox 2597 3361 2726 3416; x_wconf 90' lang='lat' dir='ltr'><strong>dicit</strong></span> <span class='ocrx_word' id='word_1_597' title='bbox 2775 3359 2921 3415; x_wconf 87' lang='lat' dir='ltr'><strong>enim</strong></span> <span class='ocrx_word' id='word_1_598' title='bbox 2951 3359 3039 3411; x_wconf 67' lang='lat'><strong>7&quot;:</strong></span> <span class='ocrx_word' id='word_1_599' title='bbox 3083 3377 3101 3410; x_wconf 70' lang='grc' dir='ltr'><strong>ο</strong></span> <span class='ocrx_word' id='word_1_600' title='bbox 3157 3359 3290 3412; x_wconf 87' lang='lat' dir='ltr'><strong>Scio</strong></span> <span class='ocrx_word' id='word_1_601' title='bbox 3351 3358 3480 3425; x_wconf 88' lang='lat' dir='ltr'><strong>quia</strong></span> <span class='ocrx_word' id='word_1_602' title='bbox 3533 3356 3751 3410; x_wconf 68' lang='lat' dir='ltr'><strong>Dominus</strong></span> 
     </span>
    </p>
   </div>
   <div class='ocr_carea' id='block_1_80' title="bbox 2211 3445 3750 3510">
    <p class='ocr_par' dir='ltr' id='par_1_80' title="bbox 2211 3445 3750 3510">
     <span class='ocr_line' id='line_1_80' title="bbox 2211 3445 3750 3510; baseline -0.01 0"><span class='ocrx_word' id='word_1_603' title='bbox 2211 3456 2355 3510; x_wconf 88' lang='lat' dir='ltr'><strong>Deus</strong></span> <span class='ocrx_word' id='word_1_604' title='bbox 2403 3465 2583 3508; x_wconf 92' lang='lat' dir='ltr'><strong>vester</strong></span> <span class='ocrx_word' id='word_1_605' title='bbox 2633 3451 2855 3506; x_wconf 90' lang='lat' dir='ltr'><strong>tradidit</strong></span> <span class='ocrx_word' id='word_1_606' title='bbox 2906 3451 3056 3505; x_wconf 90' lang='lat' dir='ltr'><strong>vobis</strong></span> <span class='ocrx_word' id='word_1_607' title='bbox 3099 3459 3300 3503; x_wconf 81' lang='lat' dir='ltr'><strong>terrain</strong></span> <span class='ocrx_word' id='word_1_608' title='bbox 3357 3450 3526 3501; x_wconf 82' lang='lat' dir='ltr'><strong>hanc.</strong></span> <span class='ocrx_word' id='word_1_609' title='bbox 3564 3465 3582 3498; x_wconf 79' lang='grc' dir='ltr'><strong><em>ι</em></strong></span> <span class='ocrx_word' id='word_1_610' title='bbox 3629 3445 3750 3498; x_wconf 68' lang='lat' dir='ltr'><strong>Vates</strong></span> 
     </span>
    </p>
   </div>
   <div class='ocr_carea' id='block_1_81' title="bbox 2210 3538 3750 3618">
    <p class='ocr_par' dir='ltr' id='par_1_81' title="bbox 2210 3538 3750 3618">
     <span class='ocr_line' id='line_1_81' title="bbox 2210 3538 3750 3618; baseline -0.012 -15"><span class='ocrx_word' id='word_1_611' title='bbox 2210 3550 2481 3618; x_wconf 90' lang='lat' dir='ltr'><strong>quomodo</strong></span> <span class='ocrx_word' id='word_1_612' title='bbox 2525 3546 2614 3600; x_wconf 92' lang='lat' dir='ltr'><strong>illa</strong></span> <span class='ocrx_word' id='word_1_613' title='bbox 2658 3560 2778 3615; x_wconf 65' lang='lat' dir='ltr'><strong>quae</strong></span> <span class='ocrx_word' id='word_1_614' title='bbox 2818 3543 3107 3613; x_wconf 89' lang='lat' dir='ltr'><strong>aliquando</strong></span> <span class='ocrx_word' id='word_1_615' title='bbox 3139 3551 3258 3596; x_wconf 87' lang='lat' dir='ltr'><strong>erat</strong></span> <span class='ocrx_word' id='word_1_616' title='bbox 3304 3538 3475 3612; x_wconf 58' lang='grc' dir='ltr'><strong>ωε</strong></span> <span class='ocrx_word' id='word_1_617' title='bbox 3509 3538 3750 3594; x_wconf 80' lang='lat' dir='ltr'><strong>meretrix,</strong></span> 
     </span>
    </p>
   </div>
   <div class='ocr_carea' id='block_1_82' title="bbox 2210 3634 3748 3711">
    <p class='ocr_par' dir='ltr' id='par_1_82' title="bbox 2210 3634 3748 3711">
     <span class='ocr_line' id='line_1_82' title="bbox 2210 3634 3748 3711; baseline -0.009 -14"><span class='ocrx_word' id='word_1_618' title='bbox 2210 3651 2264 3698; x_wconf 83' lang='lat' dir='ltr'><strong>et</strong></span> <span class='ocrx_word' id='word_1_619' title='bbox 2285 3641 2472 3711; x_wconf 81' lang='lat' dir='ltr'><strong>impia,</strong></span> <span class='ocrx_word' id='word_1_620' title='bbox 2503 3648 2557 3694; x_wconf 89' lang='lat' dir='ltr'><strong>et</strong></span> <span class='ocrx_word' id='word_1_621' title='bbox 2584 3639 2884 3703; x_wconf 89' lang='lat' dir='ltr'><strong>immunda,</strong></span> <span class='ocrx_word' id='word_1_622' title='bbox 2920 3652 3062 3690; x_wconf 87' lang='lat' dir='ltr'><strong>nunc</strong></span> <span class='ocrx_word' id='word_1_623' title='bbox 3086 3635 3200 3706; x_wconf 90' lang='lat' dir='ltr'><strong>jam</strong></span> <span class='ocrx_word' id='word_1_624' title='bbox 3238 3634 3450 3705; x_wconf 86' lang='lat' dir='ltr'><strong>Spiritu</strong></span> <span class='ocrx_word' id='word_1_625' title='bbox 3478 3643 3656 3685; x_wconf 81' lang='lat' dir='ltr'><strong>saneto</strong></span> <span class='ocrx_word' id='word_1_626' title='bbox 3691 3647 3748 3680; x_wconf 58' lang='lat' dir='ltr'><strong>te</strong></span> 
     </span>
    </p>
   </div>
   <div class='ocr_carea' id='block_1_83' title="bbox 2209 3724 3746 3807">
    <p class='ocr_par' dir='ltr' id='par_1_83' title="bbox 2209 3724 3746 3807">
     <span class='ocr_line' id='line_1_83' title="bbox 2209 3724 3746 3807; baseline -0.011 -16"><span class='ocrx_word' id='word_1_627' title='bbox 2209 3737 2351 3807; x_wconf 87' lang='lat' dir='ltr'><strong>pleta</strong></span> <span class='ocrx_word' id='word_1_628' title='bbox 2408 3744 2510 3797; x_wconf 74' lang='lat' dir='ltr'><strong>e51,</strong></span> <span class='ocrx_word' id='word_1_629' title='bbox 2573 3741 2626 3787; x_wconf 93' lang='lat' dir='ltr'><strong>et</strong></span> <span class='ocrx_word' id='word_1_630' title='bbox 2659 3732 2724 3786; x_wconf 89' lang='lat' dir='ltr'><strong>de</strong></span> <span class='ocrx_word' id='word_1_631' title='bbox 2779 3728 3070 3800; x_wconf 69' lang='lat' dir='ltr'><strong>prteteritis</strong></span> <span class='ocrx_word' id='word_1_632' title='bbox 3099 3727 3322 3796; x_wconf 90' lang='lat' dir='ltr'><strong>quidem</strong></span> <span class='ocrx_word' id='word_1_633' title='bbox 3372 3724 3746 3783; x_wconf 64' lang='lat' dir='ltr'><strong>confitetur,th</strong></span> 
     </span>
    </p>
   </div>
   <div class='ocr_carea' id='block_1_84' title="bbox 2210 3819 3744 3900">
    <p class='ocr_par' dir='ltr' id='par_1_84' title="bbox 2210 3819 3744 3900">
     <span class='ocr_line' id='line_1_84' title="bbox 2210 3819 3744 3900; baseline -0.008 -18"><span class='ocrx_word' id='word_1_634' title='bbox 2210 3827 2571 3900; x_wconf 65' lang='lat' dir='ltr'><strong>praesentibus</strong></span> <span class='ocrx_word' id='word_1_635' title='bbox 2613 3838 2743 3878; x_wconf 87' lang='lat' dir='ltr'><strong>vero</strong></span> <span class='ocrx_word' id='word_1_636' title='bbox 2781 3823 2976 3883; x_wconf 88' lang='lat' dir='ltr'><strong>credit,</strong></span> <span class='ocrx_word' id='word_1_637' title='bbox 3024 3819 3314 3892; x_wconf 82' lang='lat' dir='ltr'><strong>prOphetat</strong></span> <span class='ocrx_word' id='word_1_638' title='bbox 3357 3829 3542 3872; x_wconf 87' lang='lat' dir='ltr'><strong>autem</strong></span> <span class='ocrx_word' id='word_1_639' title='bbox 3574 3831 3744 3884; x_wconf 55' lang='lat' dir='ltr'><strong>etp-to</strong></span> 
     </span>
    </p>
   </div>
   <div class='ocr_carea' id='block_1_85' title="bbox 2209 3908 3742 3982">
    <p class='ocr_par' dir='ltr' id='par_1_85' title="bbox 2209 3908 3742 3982">
     <span class='ocr_line' id='line_1_85' title="bbox 2209 3908 3742 3982; baseline -0.014 -4"><span class='ocrx_word' id='word_1_640' title='bbox 2209 3921 2433 3978; x_wconf 88' lang='lat' dir='ltr'><strong>nunciat</strong></span> <span class='ocrx_word' id='word_1_641' title='bbox 2457 3919 2522 3973; x_wconf 93' lang='lat' dir='ltr'><strong>de</strong></span> <span class='ocrx_word' id='word_1_642' title='bbox 2543 3915 2760 3970; x_wconf 89' lang='lat' dir='ltr'><strong>futuris.</strong></span> <span class='ocrx_word' id='word_1_643' title='bbox 2795 3914 2884 3968; x_wconf 87' lang='lat' dir='ltr'><strong>Sic</strong></span> <span class='ocrx_word' id='word_1_644' title='bbox 2915 3927 3044 3982; x_wconf 85' lang='lat' dir='ltr'><strong>ergo</strong></span> <span class='ocrx_word' id='word_1_645' title='bbox 3069 3911 3242 3972; x_wconf 85' lang='lat' dir='ltr'><strong>Raab,</strong></span> <span class='ocrx_word' id='word_1_646' title='bbox 3275 3925 3400 3979; x_wconf 76' lang='lat' dir='ltr'><strong>qua:</strong></span> <span class='ocrx_word' id='word_1_647' title='bbox 3433 3910 3649 3962; x_wconf 83' lang='lat' dir='ltr'><strong>latitudo</strong></span> <span class='ocrx_word' id='word_1_648' title='bbox 3683 3908 3742 3958; x_wconf 81' lang='lat' dir='ltr'><strong>in-</strong></span> 
     </span>
    </p>
   </div>
   <div class='ocr_carea' id='block_1_86' title="bbox 2211 4002 3744 4084">
    <p class='ocr_par' dir='ltr' id='par_1_86' title="bbox 2211 4002 3744 4084">
     <span class='ocr_line' id='line_1_86' title="bbox 2211 4002 3744 4084; baseline -0.014 -14"><span class='ocrx_word' id='word_1_649' title='bbox 2211 4021 2570 4084; x_wconf 85' lang='lat' dir='ltr'><strong>terpretatur,</strong></span> <span class='ocrx_word' id='word_1_650' title='bbox 2597 4007 2854 4069; x_wconf 87' lang='lat' dir='ltr'><strong>dilatatur</strong></span> <span class='ocrx_word' id='word_1_651' title='bbox 2881 4015 2936 4058; x_wconf 90' lang='lat' dir='ltr'><strong>et</strong></span> <span class='ocrx_word' id='word_1_652' title='bbox 2970 4005 3206 4076; x_wconf 81' lang='lat' dir='ltr'><strong>proficit,</strong></span> <span class='ocrx_word' id='word_1_653' title='bbox 3249 4016 3539 4072; x_wconf 89' lang='lat' dir='ltr'><strong>usquequo</strong></span> <span class='ocrx_word' id='word_1_654' title='bbox 3569 4002 3615 4053; x_wconf 91' lang='lat' dir='ltr'><strong>in</strong></span> <span class='ocrx_word' id='word_1_655' title='bbox 3658 4014 3744 4048; x_wconf 74' lang='lat' dir='ltr'><strong>oui-</strong></span> 
     </span>
    </p>
   </div>
   <div class='ocr_carea' id='block_1_87' title="bbox 2210 4091 3740 4170">
    <p class='ocr_par' dir='ltr' id='par_1_87' title="bbox 2210 4091 3740 4170">
     <span class='ocr_line' id='line_1_87' title="bbox 2210 4091 3740 4170; baseline -0.016 -8"><span class='ocrx_word' id='word_1_656' title='bbox 2210 4123 2332 4163; x_wconf 90' lang='lat' dir='ltr'><strong>nem</strong></span> <span class='ocrx_word' id='word_1_657' title='bbox 2378 4117 2579 4160; x_wconf 90' lang='lat' dir='ltr'><strong>terram</strong></span> <span class='ocrx_word' id='word_1_658' title='bbox 2611 4111 2770 4158; x_wconf 88' lang='lat' dir='ltr'><strong>exeat</strong></span> <span class='ocrx_word' id='word_1_659' title='bbox 2806 4114 2974 4155; x_wconf 89' lang='lat' dir='ltr'><strong>sonus</strong></span> <span class='ocrx_word' id='word_1_660' title='bbox 3026 4096 3159 4170; x_wconf 85' lang='lat' dir='ltr'><strong>ejus.</strong></span> <span class='ocrx_word' id='word_1_661' title='bbox 3189 4093 3394 4165; x_wconf 82' lang='lat' dir='ltr'><strong>Japhet</strong></span> <span class='ocrx_word' id='word_1_662' title='bbox 3437 4095 3593 4149; x_wconf 82' lang='lat' dir='ltr'><strong>etiam</strong></span> <span class='ocrx_word' id='word_1_663' title='bbox 3617 4091 3740 4146; x_wconf 65' lang='lat' dir='ltr'><strong>simili</strong></span> 
     </span>
    </p>
   </div>
   <div class='ocr_carea' id='block_1_88' title="bbox 2210 4187 3740 4261">
    <p class='ocr_par' dir='ltr' id='par_1_88' title="bbox 2210 4187 3740 4261">
     <span class='ocr_line' id='line_1_88' title="bbox 2210 4187 3740 4261; baseline -0.014 -9"><span class='ocrx_word' id='word_1_664' title='bbox 2210 4197 2372 4254; x_wconf 92' lang='lat' dir='ltr'><strong>modo</strong></span> <span class='ocrx_word' id='word_1_665' title='bbox 2425 4195 2670 4250; x_wconf 85' lang='lat' dir='ltr'><strong>dilatatio</strong></span> <span class='ocrx_word' id='word_1_666' title='bbox 2724 4192 3115 4261; x_wconf 90' lang='lat' dir='ltr'><strong>interpretatur</strong></span> <span class='ocrx_word' id='word_1_667' title='bbox 3149 4188 3261 4260; x_wconf 87' lang='grc'>(11)</span> <span class='ocrx_word' id='word_1_668' title='bbox 3294 4204 3308 4240; x_wconf 92' lang='lat'><strong>:</strong></span> <span class='ocrx_word' id='word_1_669' title='bbox 3348 4187 3445 4257; x_wconf 91' lang='lat' dir='ltr'><strong>qui</strong></span> <span class='ocrx_word' id='word_1_670' title='bbox 3495 4187 3662 4251; x_wconf 86' lang='lat' dir='ltr'><strong>utique</strong></span> <span class='ocrx_word' id='word_1_671' title='bbox 3703 4193 3740 4235; x_wconf 81' lang='lat' dir='ltr'><strong>et</strong></span> 
     </span>
    </p>
   </div>
   <div class='ocr_carea' id='block_1_89' title="bbox 2209 4277 3738 4359">
    <p class='ocr_par' dir='ltr' id='par_1_89' title="bbox 2209 4277 3738 4359">
     <span class='ocr_line' id='line_1_89' title="bbox 2209 4277 3738 4359; baseline -0.012 -15"><span class='ocrx_word' id='word_1_672' title='bbox 2209 4290 2327 4359; x_wconf 87' lang='lat' dir='ltr'><strong>ipse</strong></span> <span class='ocrx_word' id='word_1_673' title='bbox 2370 4287 2600 4340; x_wconf 85' lang='lat' dir='ltr'><strong>formam</strong></span> <span class='ocrx_word' id='word_1_674' title='bbox 2658 4281 2838 4353; x_wconf 90' lang='lat' dir='ltr'><strong>populi</strong></span> <span class='ocrx_word' id='word_1_675' title='bbox 2879 4281 3036 4349; x_wconf 89' lang='lat' dir='ltr'><strong>hujus</strong></span> <span class='ocrx_word' id='word_1_676' title='bbox 3066 4280 3290 4339; x_wconf 90' lang='lat' dir='ltr'><strong>ferebat,</strong></span> <span class='ocrx_word' id='word_1_677' title='bbox 3321 4278 3417 4346; x_wconf 89' lang='lat' dir='ltr'><strong>qui</strong></span> <span class='ocrx_word' id='word_1_678' title='bbox 3460 4277 3738 4330; x_wconf 69' lang='lat' dir='ltr'><strong>salvatore:</strong></span> 
     </span>
    </p>
   </div>
   <div class='ocr_carea' id='block_1_90' title="bbox 2207 4370 3737 4452">
    <p class='ocr_par' dir='ltr' id='par_1_90' title="bbox 2207 4370 3737 4452">
     <span class='ocr_line' id='line_1_90' title="bbox 2207 4370 3737 4452; baseline -0.012 -16"><span class='ocrx_word' id='word_1_679' title='bbox 2207 4381 2485 4452; x_wconf 83' lang='lat' dir='ltr'><strong>gentibus,</strong></span> <span class='ocrx_word' id='word_1_680' title='bbox 2540 4387 2595 4432; x_wconf 87' lang='lat' dir='ltr'><strong>et</strong></span> <span class='ocrx_word' id='word_1_681' title='bbox 2649 4374 2906 4430; x_wconf 86' lang='lat' dir='ltr'><strong>Chanaan</strong></span> <span class='ocrx_word' id='word_1_682' title='bbox 2941 4391 3072 4444; x_wconf 92' lang='lat' dir='ltr'><strong>puer</strong></span> <span class='ocrx_word' id='word_1_683' title='bbox 3102 4387 3296 4426; x_wconf 90' lang='lat' dir='ltr'><strong>servus</strong></span> <span class='ocrx_word' id='word_1_684' title='bbox 3339 4371 3390 4426; x_wconf 88' lang='lat' dir='ltr'><strong>ei</strong></span> <span class='ocrx_word' id='word_1_685' title='bbox 3439 4370 3737 4436; x_wconf 74' lang='lat' dir='ltr'><strong>subjicitur:</strong></span> 
     </span>
    </p>
   </div>
   <div class='ocr_carea' id='block_1_91' title="bbox 531 4466 3720 4544">
    <p class='ocr_par' dir='ltr' id='par_1_91' title="bbox 531 4466 3720 4544">
     <span class='ocr_line' id='line_1_91' title="bbox 531 4466 3720 4544; baseline -0.004 -18"><span class='ocrx_word' id='word_1_686' title='bbox 531 4475 671 4530; x_wconf 71' lang='lat' dir='ltr'><strong>risazi</strong></span> <span class='ocrx_word' id='word_1_687' title='bbox 697 4491 801 4529; x_wconf 92' lang='lat' dir='ltr'><strong>non</strong></span> <span class='ocrx_word' id='word_1_688' title='bbox 830 4476 1188 4530; x_wconf 91' lang='lat' dir='ltr'><strong>crediderunt</strong></span> <span class='ocrx_word' id='word_1_689' title='bbox 1233 4475 1308 4540; x_wconf 91' lang='lat' dir='ltr'><strong>ei,</strong></span> <span class='ocrx_word' id='word_1_690' title='bbox 1350 4474 1665 4530; x_wconf 91' lang='lat' dir='ltr'><strong>meretrices</strong></span> <span class='ocrx_word' id='word_1_691' title='bbox 1708 4483 1889 4527; x_wconf 90' lang='lat' dir='ltr'><strong>autem</strong></span> <span class='ocrx_word' id='word_1_692' title='bbox 1922 4483 1977 4526; x_wconf 93' lang='lat' dir='ltr'><strong>et</strong></span> <span class='ocrx_word' id='word_1_693' title='bbox 1999 4488 2100 4542; x_wconf 87' lang='lat' dir='ltr'><strong>pu—</strong></span> <span class='ocrx_word' id='word_1_694' title='bbox 2132 4477 2178 4531; x_wconf 89' lang='lat' dir='ltr'><strong>D</strong></span> <span class='ocrx_word' id='word_1_695' title='bbox 2208 4484 2383 4544; x_wconf 89' lang='lat' dir='ltr'><strong>patre,</strong></span> <span class='ocrx_word' id='word_1_696' title='bbox 2416 4483 2470 4528; x_wconf 91' lang='lat' dir='ltr'><strong>et</strong></span> <span class='ocrx_word' id='word_1_697' title='bbox 2502 4469 2656 4524; x_wconf 90' lang='lat' dir='ltr'><strong>fratri</strong></span> <span class='ocrx_word' id='word_1_698' title='bbox 2682 4469 2793 4541; x_wconf 74' lang='lat' dir='ltr'><strong>(l2)</strong></span> <span class='ocrx_word' id='word_1_699' title='bbox 2823 4483 2922 4523; x_wconf 91' lang='lat' dir='ltr'><strong>suo</strong></span> <span class='ocrx_word' id='word_1_700' title='bbox 2953 4468 3101 4530; x_wconf 84' lang='lat' dir='ltr'><strong>Seni,</strong></span> <span class='ocrx_word' id='word_1_701' title='bbox 3126 4468 3217 4536; x_wconf 91' lang='lat' dir='ltr'><strong>qui</strong></span> <span class='ocrx_word' id='word_1_702' title='bbox 3260 4466 3498 4520; x_wconf 82' lang='lat' dir='ltr'><strong>formam</strong></span> <span class='ocrx_word' id='word_1_703' title='bbox 3532 4466 3652 4531; x_wconf 78' lang='lat' dir='ltr'><strong>gerit</strong></span> <span class='ocrx_word' id='word_1_704' title='bbox 3673 4477 3720 4515; x_wconf 66' lang='lat' dir='ltr'><strong>ea</strong></span> 
     </span>
    </p>
   </div>
   <div class='ocr_carea' id='block_1_92' title="bbox 529 4561 2098 4635">
    <p class='ocr_par' dir='ltr' id='par_1_92' title="bbox 529 4561 2098 4635">
     <span class='ocr_line' id='line_1_92' title="bbox 529 4561 2098 4635; baseline 0 -19"><span class='ocrx_word' id='word_1_705' title='bbox 529 4561 730 4618; x_wconf 90' lang='lat' dir='ltr'><strong>hlicani</strong></span> <span class='ocrx_word' id='word_1_706' title='bbox 761 4565 1046 4618; x_wconf 89' lang='lat' dir='ltr'><strong>credentes</strong></span> <span class='ocrx_word' id='word_1_707' title='bbox 1088 4564 1348 4635; x_wconf 81' lang='lat' dir='ltr'><strong>baptizati</strong></span> <span class='ocrx_word' id='word_1_708' title='bbox 1383 4572 1511 4619; x_wconf 90' lang='lat' dir='ltr'><strong>sunt</strong></span> <span class='ocrx_word' id='word_1_709' title='bbox 1550 4563 1617 4618; x_wconf 86' lang='grc'><strong>⁷³.</strong></span> <span class='ocrx_word' id='word_1_710' title='bbox 1651 4562 1742 4617; x_wconf 91' lang='lat' dir='ltr'><strong>Sic</strong></span> <span class='ocrx_word' id='word_1_711' title='bbox 1773 4578 1904 4632; x_wconf 86' lang='lat' dir='ltr'><strong>ergo</strong></span> <span class='ocrx_word' id='word_1_712' title='bbox 1935 4563 2098 4617; x_wconf 90' lang='lat' dir='ltr'><strong>etiam</strong></span> 
     </span>
    </p>
   </div>
   <div class='ocr_carea' id='block_1_93' title="bbox 531 4653 2100 4728">
    <p class='ocr_par' dir='ltr' id='par_1_93' title="bbox 531 4653 2100 4728">
     <span class='ocr_line' id='line_1_93' title="bbox 531 4653 2100 4728; baseline 0.003 -20"><span class='ocrx_word' id='word_1_713' title='bbox 531 4653 584 4709; x_wconf 90' lang='lat' dir='ltr'><strong>in</strong></span> <span class='ocrx_word' id='word_1_714' title='bbox 615 4656 716 4711; x_wconf 92' lang='lat' dir='ltr'><strong>hoc</strong></span> <span class='ocrx_word' id='word_1_715' title='bbox 740 4655 1038 4728; x_wconf 86' lang='lat' dir='ltr'><strong>completur</strong></span> <span class='ocrx_word' id='word_1_716' title='bbox 1069 4657 1212 4728; x_wconf 91' lang='lat' dir='ltr'><strong>quod</strong></span> <span class='ocrx_word' id='word_1_717' title='bbox 1259 4657 1515 4712; x_wconf 82' lang='lat' dir='ltr'><strong>meretrix</strong></span> <span class='ocrx_word' id='word_1_718' title='bbox 1564 4656 1690 4712; x_wconf 83' lang='lat' dir='ltr'><strong>Jesu</strong></span> <span class='ocrx_word' id='word_1_719' title='bbox 1724 4655 2100 4725; x_wconf 84' lang='lat' dir='ltr'><strong>exploratores</strong></span> 
     </span>
    </p>
   </div>
   <div class='ocr_carea' id='block_1_94' title="bbox 2210 4557 3736 4636">
    <p class='ocr_par' dir='ltr' id='par_1_94' title="bbox 2210 4557 3736 4636">
     <span class='ocr_line' id='line_1_94' title="bbox 2210 4557 3736 4636; baseline -0.01 -15"><span class='ocrx_word' id='word_1_720' title='bbox 2210 4584 2328 4622; x_wconf 90' lang='lat' dir='ltr'><strong>rum</strong></span> <span class='ocrx_word' id='word_1_721' title='bbox 2359 4567 2450 4636; x_wconf 92' lang='lat' dir='ltr'><strong>qui</strong></span> <span class='ocrx_word' id='word_1_722' title='bbox 2484 4580 2549 4619; x_wconf 87' lang='lat' dir='ltr'><strong>ex</strong></span> <span class='ocrx_word' id='word_1_723' title='bbox 2587 4563 3002 4620; x_wconf 88' lang='lat' dir='ltr'><strong>circumcisione</strong></span> <span class='ocrx_word' id='word_1_724' title='bbox 3047 4561 3349 4614; x_wconf 85' lang='lat' dir='ltr'><strong>salvantur.</strong></span> <span class='ocrx_word' id='word_1_725' title='bbox 3394 4559 3449 4613; x_wconf 88' lang='lat' dir='ltr'><strong>In</strong></span> <span class='ocrx_word' id='word_1_726' title='bbox 3483 4575 3584 4628; x_wconf 86' lang='lat' dir='ltr'><strong>quo</strong></span> <span class='ocrx_word' id='word_1_727' title='bbox 3606 4557 3736 4610; x_wconf 73' lang='lat' dir='ltr'><strong>admi-</strong></span> 
     </span>
    </p>
   </div>
   <div class='ocr_carea' id='block_1_95' title="bbox 2209 4653 3736 4726">
    <p class='ocr_par' dir='ltr' id='par_1_95' title="bbox 2209 4653 3736 4726">
     <span class='ocr_line' id='line_1_95' title="bbox 2209 4653 3736 4726; baseline -0.01 -11"><span class='ocrx_word' id='word_1_728' title='bbox 2209 4659 2377 4715; x_wconf 86' lang='lat' dir='ltr'><strong>randa</strong></span> <span class='ocrx_word' id='word_1_729' title='bbox 2405 4668 2490 4713; x_wconf 91' lang='lat' dir='ltr'><strong>est</strong></span> <span class='ocrx_word' id='word_1_730' title='bbox 2515 4657 2822 4726; x_wconf 84' lang='lat' dir='ltr'><strong>benignitas</strong></span> <span class='ocrx_word' id='word_1_731' title='bbox 2863 4665 2918 4709; x_wconf 93' lang='lat' dir='ltr'><strong>et</strong></span> <span class='ocrx_word' id='word_1_732' title='bbox 2960 4654 3293 4724; x_wconf 87' lang='lat' dir='ltr'><strong>providentia</strong></span> <span class='ocrx_word' id='word_1_733' title='bbox 3323 4653 3447 4716; x_wconf 86' lang='lat' dir='ltr'><strong>Dei,</strong></span> <span class='ocrx_word' id='word_1_734' title='bbox 3486 4653 3736 4721; x_wconf 65' lang='lat' dir='ltr'><strong>quin-lca:</strong></span> 
     </span>
    </p>
   </div>
   <div class='ocr_carea' id='block_1_96' title="bbox 599 4759 2108 4866">
    <p class='ocr_par' dir='ltr' id='par_1_96' title="bbox 599 4793 2101 4866">
     <span class='ocr_line' id='line_1_96' title="bbox 599 4793 2101 4866; baseline 0.001 -16"><span class='ocrx_word' id='word_1_735' title='bbox 599 4793 646 4827; x_wconf 85' lang='lat'>&quot;</span> <span class='ocrx_word' id='word_1_736' title='bbox 671 4794 836 4850; x_wconf 77' lang='lat' dir='ltr'><strong>Marc.</strong></span> <span class='ocrx_word' id='word_1_737' title='bbox 865 4812 905 4863; x_wconf 86' lang='grc'>1,</span> <span class='ocrx_word' id='word_1_738' title='bbox 931 4796 989 4850; x_wconf 76' lang='lat'><strong>‘2.</strong></span> <span class='ocrx_word' id='word_1_739' title='bbox 1038 4795 1083 4828; x_wconf 84' lang='grc'>⁷³</span> <span class='ocrx_word' id='word_1_740' title='bbox 1103 4795 1294 4852; x_wconf 81' lang='lat' dir='ltr'><strong>Matth.</strong></span> <span class='ocrx_word' id='word_1_741' title='bbox 1318 4813 1433 4853; x_wconf 86' lang='grc' dir='ltr'><strong>ιιι.</strong></span> <span class='ocrx_word' id='word_1_742' title='bbox 1496 4797 1538 4829; x_wconf 73' lang='grc'><strong>⁷⁸</strong></span> <span class='ocrx_word' id='word_1_743' title='bbox 1561 4796 1666 4852; x_wconf 88' lang='lat' dir='ltr'><strong>lsa.</strong></span> <span class='ocrx_word' id='word_1_744' title='bbox 1697 4813 1842 4862; x_wconf 74' lang='grc' dir='ltr'><strong>χιιι,</strong></span> <span class='ocrx_word' id='word_1_745' title='bbox 1866 4797 1958 4862; x_wconf 76' lang='grc'><strong>20,</strong></span> <span class='ocrx_word' id='word_1_746' title='bbox 1980 4798 2072 4852; x_wconf 74' lang='grc'><strong>21.</strong></span> <span class='ocrx_word' id='word_1_747' title='bbox 2090 4854 2101 4866; x_wconf 69' lang='grc'><em>,</em></span> 
     </span>
    </p>
   </div>
   <div class='ocr_carea' id='block_1_97' title="bbox 2209 4759 3734 4866">
    <p class='ocr_par' dir='ltr' id='par_1_97' title="bbox 2209 4759 3734 4866">
     <span class='ocr_line' id='line_1_97' title="bbox 2209 4759 3734 4866; baseline -0.008 -13"><span class='ocrx_word' id='word_1_748' title='bbox 2209 4798 2312 4856; x_wconf 89' lang='lat' dir='ltr'><strong>lsa.</strong></span> <span class='ocrx_word' id='word_1_749' title='bbox 2345 4798 2526 4862; x_wconf 73' lang='lat' dir='ltr'><strong>uv,2.</strong></span> <span class='ocrx_word' id='word_1_750' title='bbox 2577 4798 2625 4829; x_wconf 82' lang='grc'><strong>⁷⁸</strong></span> <span class='ocrx_word' id='word_1_751' title='bbox 2656 4795 2720 4850; x_wconf 95' lang='lat' dir='ltr'><strong>lll</strong></span> <span class='ocrx_word' id='word_1_752' title='bbox 2744 4795 2876 4866; x_wconf 87' lang='lat' dir='ltr'><strong>Reg.</strong></span> <span class='ocrx_word' id='word_1_753' title='bbox 2899 4759 2996 4849; x_wconf 81' lang='grc' dir='ltr'><strong>¹ιιι.</strong></span> <span class='ocrx_word' id='word_1_754' title='bbox 3047 4795 3091 4825; x_wconf 80' lang='grc'><strong>⁷⁷</strong></span> <span class='ocrx_word' id='word_1_755' title='bbox 3120 4792 3280 4848; x_wconf 87' lang='lat' dir='ltr'><strong>Osee.</strong></span> <span class='ocrx_word' id='word_1_756' title='bbox 3319 4807 3359 4847; x_wconf 90' lang='lat' dir='ltr'><strong>t.</strong></span> <span class='ocrx_word' id='word_1_757' title='bbox 3423 4793 3471 4824; x_wconf 84' lang='lat'><strong>&quot;</strong></span> <span class='ocrx_word' id='word_1_758' title='bbox 3505 4790 3734 4850; x_wconf 70' lang='lat'><strong>105.“.9.</strong></span> 
     </span>
    </p>
   </div>
   <div class='ocr_carea' id='block_1_98' title="bbox 601 4910 2099 4986">
    <p class='ocr_par' dir='ltr' id='par_1_98' title="bbox 601 4910 2099 4986">
     <span class='ocr_line' id='line_1_98' title="bbox 601 4910 2099 4986; baseline 0 -20"><span class='ocrx_word' id='word_1_759' title='bbox 601 4911 680 4986; x_wconf 87' lang='lat'><strong>(5)</strong></span> <span class='ocrx_word' id='word_1_760' title='bbox 713 4910 1041 4986; x_wconf 11' lang='lat' dir='ltr'><strong>Prwparabﬁit</strong></span> <span class='ocrx_word' id='word_1_761' title='bbox 1068 4913 1177 4966; x_wconf 77' lang='lat' dir='ltr'><strong>vias</strong></span> <span class='ocrx_word' id='word_1_762' title='bbox 1206 4922 1347 4986; x_wconf 79' lang='lat' dir='ltr'><strong>tuas.</strong></span> <span class='ocrx_word' id='word_1_763' title='bbox 1377 4912 1452 4986; x_wconf 24' lang='lat' dir='ltr'><strong>ltka</strong></span> <span class='ocrx_word' id='word_1_764' title='bbox 1471 4912 1638 4969; x_wconf 80' lang='lat' dir='ltr'><strong>codex</strong></span> <span class='ocrx_word' id='word_1_765' title='bbox 1670 4913 2099 4986; x_wconf 83' lang='lat' dir='ltr'><strong>Sangermanen-</strong></span> 
     </span>
    </p>
   </div>
   <div class='ocr_carea' id='block_1_99' title="bbox 532 4983 2091 5049">
    <p class='ocr_par' dir='ltr' id='par_1_99' title="bbox 532 4983 2091 5049">
     <span class='ocr_line' id='line_1_99' title="bbox 532 4983 2091 5049; baseline -0.001 -11"><span class='ocrx_word' id='word_1_766' title='bbox 532 4983 622 5038; x_wconf 80' lang='lat' dir='ltr'><strong>sis</strong></span> <span class='ocrx_word' id='word_1_767' title='bbox 655 4983 778 5038; x_wconf 89' lang='lat' dir='ltr'><strong>cum</strong></span> <span class='ocrx_word' id='word_1_768' title='bbox 842 4999 948 5037; x_wconf 92' lang='lat' dir='ltr'><strong>uno</strong></span> <span class='ocrx_word' id='word_1_769' title='bbox 995 4985 1340 5049; x_wconf 84' lang='lat' dir='ltr'><strong>Ebroicensi;</strong></span> <span class='ocrx_word' id='word_1_770' title='bbox 1400 4983 1797 5039; x_wconf 87' lang='lat' dir='ltr'><strong>Gemeticensis</strong></span> <span class='ocrx_word' id='word_1_771' title='bbox 1872 4993 2091 5038; x_wconf 90' lang='lat' dir='ltr'><strong>autem:</strong></span> 
     </span>
    </p>
   </div>
   <div class='ocr_carea' id='block_1_100' title="bbox 535 5052 2095 5135">
    <p class='ocr_par' dir='ltr' id='par_1_100' title="bbox 535 5052 2095 5135">
     <span class='ocr_line' id='line_1_100' title="bbox 535 5052 2095 5135; baseline -0.001 -27"><span class='ocrx_word' id='word_1_772' title='bbox 535 5053 1082 5135; x_wconf 55' lang='lat' dir='ltr'><strong>epraparabitviam</strong></span> <span class='ocrx_word' id='word_1_773' title='bbox 1115 5065 1281 5107; x_wconf 90' lang='lat' dir='ltr'><strong>tuam.</strong></span> <span class='ocrx_word' id='word_1_774' title='bbox 1318 5053 1512 5110; x_wconf 71' lang='lat' dir='ltr'><strong>rLibb.</strong></span> <span class='ocrx_word' id='word_1_775' title='bbox 1543 5054 1674 5110; x_wconf 84' lang='lat' dir='ltr'><strong>editi</strong></span> <span class='ocrx_word' id='word_1_776' title='bbox 1704 5069 1719 5107; x_wconf 88' lang='lat'><strong>:</strong></span> <span class='ocrx_word' id='word_1_777' title='bbox 1755 5073 1776 5105; x_wconf 73' lang='grc' dir='ltr'><strong>ι</strong></span> <span class='ocrx_word' id='word_1_778' title='bbox 1815 5052 2095 5123; x_wconf 68' lang='lat' dir='ltr'><strong>Praeparet</strong></span> 
     </span>
    </p>
   </div>
   <div class='ocr_carea' id='block_1_101' title="bbox 534 5134 879 5178">
    <p class='ocr_par' dir='ltr' id='par_1_101' title="bbox 534 5134 879 5178">
     <span class='ocr_line' id='line_1_101' title="bbox 534 5134 879 5178; baseline -0.009 0"><span class='ocrx_word' id='word_1_779' title='bbox 534 5134 647 5178; x_wconf 78' lang='lat' dir='ltr'><strong>vias</strong></span> <span class='ocrx_word' id='word_1_780' title='bbox 681 5134 817 5177; x_wconf 86' lang='lat' dir='ltr'><strong>luas.</strong></span> <span class='ocrx_word' id='word_1_781' title='bbox 860 5141 879 5175; x_wconf 78' lang='grc' dir='ltr'><strong><em>ι</em></strong></span> 
     </span>
    </p>
   </div>
   <div class='ocr_carea' id='block_1_102' title="bbox 605 5191 2093 5266">
    <p class='ocr_par' dir='ltr' id='par_1_102' title="bbox 605 5191 2093 5266">
     <span class='ocr_line' id='line_1_102' title="bbox 605 5191 2093 5266; baseline 0.004 -20"><span class='ocrx_word' id='word_1_782' title='bbox 605 5194 680 5266; x_wconf 87' lang='grc'>(6)</span> <span class='ocrx_word' id='word_1_783' title='bbox 714 5194 872 5266; x_wconf 81' lang='lat' dir='ltr'><strong>Libb.</strong></span> <span class='ocrx_word' id='word_1_784' title='bbox 903 5191 1036 5266; x_wconf 11' lang='lat' dir='ltr'><strong>editi,</strong></span> <span class='ocrx_word' id='word_1_785' title='bbox 1066 5209 1080 5246; x_wconf 86' lang='lat'><strong>:</strong></span> <span class='ocrx_word' id='word_1_786' title='bbox 1110 5211 1128 5244; x_wconf 73' lang='grc' dir='ltr'>ι</span> <span class='ocrx_word' id='word_1_787' title='bbox 1163 5191 1447 5266; x_wconf 67' lang='lat' dir='ltr'><strong>videamus</strong></span> <span class='ocrx_word' id='word_1_788' title='bbox 1470 5194 1687 5262; x_wconf 90' lang='lat' dir='ltr'><strong>quidem</strong></span> <span class='ocrx_word' id='word_1_789' title='bbox 1717 5209 1838 5264; x_wconf 69' lang='lat' dir='ltr'><strong>quae</strong></span> <span class='ocrx_word' id='word_1_790' title='bbox 1871 5205 1954 5266; x_wconf 83' lang='lat' dir='ltr'><strong>est</strong></span> <span class='ocrx_word' id='word_1_791' title='bbox 1979 5212 2093 5252; x_wconf 89' lang='lat' dir='ltr'><strong>me-</strong></span> 
     </span>
    </p>
   </div>
   <div class='ocr_carea' id='block_1_103' title="bbox 533 5262 2092 5348">
    <p class='ocr_par' dir='ltr' id='par_1_103' title="bbox 533 5262 2092 5348">
     <span class='ocr_line' id='line_1_103' title="bbox 533 5262 2092 5348; baseline 0.001 -28"><span class='ocrx_word' id='word_1_792' title='bbox 533 5262 726 5348; x_wconf 73' lang='lat' dir='ltr'><strong>retrix.</strong></span> <span class='ocrx_word' id='word_1_793' title='bbox 761 5265 910 5318; x_wconf 86' lang='lat' dir='ltr'><strong>Raab</strong></span> <span class='ocrx_word' id='word_1_794' title='bbox 937 5265 1155 5317; x_wconf 89' lang='lat' dir='ltr'><strong>dicitur.</strong></span> <span class='ocrx_word' id='word_1_795' title='bbox 1194 5262 1342 5318; x_wconf 85' lang='lat' dir='ltr'><strong>Raab</strong></span> <span class='ocrx_word' id='word_1_796' title='bbox 1376 5262 1782 5334; x_wconf 83' lang='lat' dir='ltr'><strong>interpretatur.</strong></span> <span class='ocrx_word' id='word_1_797' title='bbox 1815 5285 1835 5318; x_wconf 73' lang='grc' dir='ltr'><strong>ι</strong></span> <span class='ocrx_word' id='word_1_798' title='bbox 1873 5265 2002 5322; x_wconf 80' lang='lat' dir='ltr'><strong>Mss.</strong></span> <span class='ocrx_word' id='word_1_799' title='bbox 2036 5279 2092 5321; x_wconf 88' lang='lat' dir='ltr'><strong>ut</strong></span> 
     </span>
    </p>
   </div>
   <div class='ocr_carea' id='block_1_104' title="bbox 530 5345 1001 5392">
    <p class='ocr_par' dir='ltr' id='par_1_104' title="bbox 530 5345 1001 5392">
     <span class='ocr_line' id='line_1_104' title="bbox 530 5345 1001 5392; baseline -0.013 0"><span class='ocrx_word' id='word_1_800' title='bbox 530 5345 584 5392; x_wconf 85' lang='lat' dir='ltr'><strong>in</strong></span> <span class='ocrx_word' id='word_1_801' title='bbox 613 5349 800 5390; x_wconf 89' lang='lat' dir='ltr'><strong>nostro</strong></span> <span class='ocrx_word' id='word_1_802' title='bbox 834 5345 1001 5389; x_wconf 88' lang='lat' dir='ltr'><strong>textu.</strong></span> 
     </span>
    </p>
   </div>
   <div class='ocr_carea' id='block_1_105' title="bbox 601 5404 2096 5474">
    <p class='ocr_par' dir='ltr' id='par_1_105' title="bbox 601 5404 2096 5474">
     <span class='ocr_line' id='line_1_105' title="bbox 601 5404 2096 5474; baseline 0.001 -16"><span class='ocrx_word' id='word_1_803' title='bbox 601 5406 678 5474; x_wconf 83' lang='lat'><strong>(7)</strong></span> <span class='ocrx_word' id='word_1_804' title='bbox 707 5404 854 5458; x_wconf 80' lang='lat' dir='ltr'><strong>Raab</strong></span> <span class='ocrx_word' id='word_1_805' title='bbox 882 5420 1001 5459; x_wconf 67' lang='lat' dir='ltr'><strong>vero</strong></span> <span class='ocrx_word' id='word_1_806' title='bbox 1021 5406 1393 5472; x_wconf 80' lang='lat' dir='ltr'><strong>interpretatur</strong></span> <span class='ocrx_word' id='word_1_807' title='bbox 1417 5404 1660 5460; x_wconf 85' lang='lat' dir='ltr'><strong>latitudo.</strong></span> <span class='ocrx_word' id='word_1_808' title='bbox 1685 5407 1725 5459; x_wconf 80' lang='grc' dir='ltr'>Α</span> <span class='ocrx_word' id='word_1_809' title='bbox 1753 5416 1869 5467; x_wconf 77' lang='lat' dir='ltr'><strong>:tt&#39;t‘t</strong></span> <span class='ocrx_word' id='word_1_810' title='bbox 1911 5425 1928 5459; x_wconf 78' lang='grc' dir='ltr'>ι</span> <span class='ocrx_word' id='word_1_811' title='bbox 1962 5408 2096 5462; x_wconf 86' lang='lat' dir='ltr'><strong>dila-</strong></span> 
     </span>
    </p>
   </div>
   <div class='ocr_carea' id='block_1_106' title="bbox 529 5479 711 5531">
    <p class='ocr_par' dir='ltr' id='par_1_106' title="bbox 529 5479 711 5531">
     <span class='ocr_line' id='line_1_106' title="bbox 529 5479 711 5531; baseline -0.027 0"><span class='ocrx_word' id='word_1_812' title='bbox 529 5479 654 5531; x_wconf 71' lang='lat' dir='ltr'><strong>tari.</strong></span> <span class='ocrx_word' id='word_1_813' title='bbox 693 5493 711 5526; x_wconf 74' lang='grc' dir='ltr'><strong>ι</strong></span> 
     </span>
    </p>
   </div>
   <div class='ocr_carea' id='block_1_107' title="bbox 601 5544 1844 5616">
    <p class='ocr_par' dir='ltr' id='par_1_107' title="bbox 601 5544 1844 5616">
     <span class='ocr_line' id='line_1_107' title="bbox 601 5544 1844 5616; baseline -0.006 -16"><span class='ocrx_word' id='word_1_814' title='bbox 601 5546 676 5616; x_wconf 88' lang='grc'>(8)</span> <span class='ocrx_word' id='word_1_815' title='bbox 707 5545 892 5616; x_wconf 76' lang='lat' dir='ltr'><strong>Codex</strong></span> <span class='ocrx_word' id='word_1_816' title='bbox 939 5544 1334 5600; x_wconf 84' lang='lat' dir='ltr'><strong>Gemeticensls</strong></span> <span class='ocrx_word' id='word_1_817' title='bbox 1366 5560 1380 5597; x_wconf 93' lang='lat'><strong>:</strong></span> <span class='ocrx_word' id='word_1_818' title='bbox 1415 5563 1433 5596; x_wconf 70' lang='grc' dir='ltr'><strong>ε</strong></span> <span class='ocrx_word' id='word_1_819' title='bbox 1485 5545 1789 5599; x_wconf 83' lang='lat' dir='ltr'><strong>meretrice.</strong></span> <span class='ocrx_word' id='word_1_820' title='bbox 1829 5563 1844 5592; x_wconf 71' lang='grc' dir='ltr'><strong>ι</strong></span> 
     </span>
    </p>
   </div>
   <div class='ocr_carea' id='block_1_108' title="bbox 600 5615 2092 5689">
    <p class='ocr_par' dir='ltr' id='par_1_108' title="bbox 600 5615 2092 5689">
     <span class='ocr_line' id='line_1_108' title="bbox 600 5615 2092 5689; baseline -0.001 -16"><span class='ocrx_word' id='word_1_821' title='bbox 600 5615 677 5685; x_wconf 85' lang='grc'>(9)</span> <span class='ocrx_word' id='word_1_822' title='bbox 701 5615 902 5689; x_wconf 80' lang='lat' dir='ltr'><strong>Omnes</strong></span> <span class='ocrx_word' id='word_1_823' title='bbox 933 5617 1059 5689; x_wconf 77' lang='lat' dir='ltr'><strong>Mss.</strong></span> <span class='ocrx_word' id='word_1_824' title='bbox 1080 5617 1323 5689; x_wconf 75' lang='lat' dir='ltr'><strong>_¢_palos.</strong></span> <span class='ocrx_word' id='word_1_825' title='bbox 1357 5635 1374 5669; x_wconf 77' lang='grc' dir='ltr'><strong><em>ι</em></strong></span> <span class='ocrx_word' id='word_1_826' title='bbox 1397 5619 1552 5689; x_wconf 79' lang='lat' dir='ltr'><strong>Apud</strong></span> <span class='ocrx_word' id='word_1_827' title='bbox 1573 5617 1714 5671; x_wconf 77' lang='lat' dir='ltr'><strong>LXX</strong></span> <span class='ocrx_word' id='word_1_828' title='bbox 1735 5617 1932 5689; x_wconf 84' lang='lat' dir='ltr'><strong>legitur</strong></span> <span class='ocrx_word' id='word_1_829' title='bbox 1956 5631 2092 5668; x_wconf 75' lang='grc' dir='ltr'><strong>πασ-</strong></span> 
     </span>
    </p>
   </div>
   <div class='ocr_carea' id='block_1_109' title="bbox 531 5687 1702 5755">
    <p class='ocr_par' dir='ltr' id='par_1_109' title="bbox 531 5687 1702 5755">
     <span class='ocr_line' id='line_1_109' title="bbox 531 5687 1702 5755; baseline 0.002 -18"><span class='ocrx_word' id='word_1_830' title='bbox 531 5697 744 5751; x_wconf 70' lang='grc' dir='ltr'><strong>σαλους.</strong></span> <span class='ocrx_word' id='word_1_831' title='bbox 782 5688 926 5742; x_wconf 82' lang='lat' dir='ltr'><strong>Libri</strong></span> <span class='ocrx_word' id='word_1_832' title='bbox 963 5687 1090 5740; x_wconf 87' lang='lat' dir='ltr'><strong>editi</strong></span> <span class='ocrx_word' id='word_1_833' title='bbox 1128 5687 1370 5741; x_wconf 84' lang='lat' dir='ltr'><strong>habent:</strong></span> <span class='ocrx_word' id='word_1_834' title='bbox 1405 5705 1423 5739; x_wconf 72' lang='grc' dir='ltr'>ί</span> <span class='ocrx_word' id='word_1_835' title='bbox 1449 5687 1645 5755; x_wconf 81' lang='lat' dir='ltr'><strong>pedes.</strong></span> <span class='ocrx_word' id='word_1_836' title='bbox 1685 5708 1702 5739; x_wconf 70' lang='grc' dir='ltr'><strong><em>ι</em></strong></span> 
     </span>
    </p>
   </div>
   <div class='ocr_carea' id='block_1_110' title="bbox 599 5756 2087 5829">
    <p class='ocr_par' dir='ltr' id='par_1_110' title="bbox 599 5756 2087 5829">
     <span class='ocr_line' id='line_1_110' title="bbox 599 5756 2087 5829; baseline -0.002 -19"><span class='ocrx_word' id='word_1_837' title='bbox 599 5757 708 5829; x_wconf 82' lang='grc'>(10)</span> <span class='ocrx_word' id='word_1_838' title='bbox 741 5756 846 5816; x_wconf 77' lang='lat' dir='ltr'><strong>Sed</strong></span> <span class='ocrx_word' id='word_1_839' title='bbox 881 5769 929 5814; x_wconf 85' lang='lat' dir='ltr'><strong>et</strong></span> <span class='ocrx_word' id='word_1_840' title='bbox 954 5760 1056 5813; x_wconf 73' lang='lat' dir='ltr'><strong>ista</strong></span> <span class='ocrx_word' id='word_1_841' title='bbox 1085 5759 1336 5813; x_wconf 74' lang='lat' dir='ltr'><strong>meretrix</strong></span> <span class='ocrx_word' id='word_1_842' title='bbox 1363 5774 1480 5828; x_wconf 71' lang='lat' dir='ltr'><strong>qum</strong></span> <span class='ocrx_word' id='word_1_843' title='bbox 1493 5774 1580 5812; x_wconf 76' lang='lat' dir='ltr'><strong>eos</strong></span> <span class='ocrx_word' id='word_1_844' title='bbox 1603 5760 1852 5827; x_wconf 75' lang='lat' dir='ltr'><strong>suscepit,</strong></span> <span class='ocrx_word' id='word_1_845' title='bbox 1878 5773 1940 5813; x_wconf 71' lang='lat' dir='ltr'><strong>ex</strong></span> <span class='ocrx_word' id='word_1_846' title='bbox 1977 5771 2087 5808; x_wconf 81' lang='lat' dir='ltr'><strong>me-</strong></span> 
     </span>
    </p>
   </div>
   <div class='ocr_carea' id='block_1_111' title="bbox 2199 4902 3733 4980">
    <p class='ocr_par' dir='ltr' id='par_1_111' title="bbox 2199 4902 3733 4980">
     <span class='ocr_line' id='line_1_111' title="bbox 2199 4902 3733 4980; baseline -0.008 -13"><span class='ocrx_word' id='word_1_847' title='bbox 2199 4914 2384 4967; x_wconf 66' lang='lat' dir='ltr'><strong>retrice</strong></span> <span class='ocrx_word' id='word_1_848' title='bbox 2411 4911 2626 4980; x_wconf 78' lang='lat' dir='ltr'><strong>eﬂicitur</strong></span> <span class='ocrx_word' id='word_1_849' title='bbox 2660 4909 2775 4978; x_wconf 89' lang='lat' dir='ltr'><strong>jam</strong></span> <span class='ocrx_word' id='word_1_850' title='bbox 2812 4909 3220 4980; x_wconf 61' lang='lat' dir='ltr'><strong>propheta.ete.</strong></span> <span class='ocrx_word' id='word_1_851' title='bbox 3255 4907 3346 4959; x_wconf 90' lang='lat' dir='ltr'><strong>Sic</strong></span> <span class='ocrx_word' id='word_1_852' title='bbox 3379 4916 3605 4980; x_wconf 79' lang='lat' dir='ltr'><strong>sanctus</strong></span> <span class='ocrx_word' id='word_1_853' title='bbox 3643 4902 3733 4956; x_wconf 52' lang='lat' dir='ltr'><strong>Cie</strong></span> 
     </span>
    </p>
   </div>
   <div class='ocr_carea' id='block_1_112' title="bbox 2202 4978 3728 5046">
    <p class='ocr_par' dir='ltr' id='par_1_112' title="bbox 2202 4978 3728 5046">
     <span class='ocr_line' id='line_1_112' title="bbox 2202 4978 3728 5046; baseline -0.01 -7"><span class='ocrx_word' id='word_1_854' title='bbox 2202 4999 2354 5038; x_wconf 89' lang='lat' dir='ltr'><strong>mens</strong></span> <span class='ocrx_word' id='word_1_855' title='bbox 2417 4978 2696 5036; x_wconf 84' lang='lat' dir='ltr'><strong>Romanus</strong></span> <span class='ocrx_word' id='word_1_856' title='bbox 2761 4978 2921 5046; x_wconf 86' lang='lat' dir='ltr'><strong>epist.</strong></span> <span class='ocrx_word' id='word_1_857' title='bbox 2966 4994 2981 5031; x_wconf 87' lang='grc' dir='ltr'>ι</span> <span class='ocrx_word' id='word_1_858' title='bbox 3035 4979 3100 5030; x_wconf 89' lang='lat' dir='ltr'><strong>ad</strong></span> <span class='ocrx_word' id='word_1_859' title='bbox 3174 4978 3498 5032; x_wconf 79' lang='lat' dir='ltr'><strong>Corinthios</strong></span> <span class='ocrx_word' id='word_1_860' title='bbox 3555 4980 3600 5028; x_wconf 89' lang='lat' dir='ltr'><strong>in</strong></span> <span class='ocrx_word' id='word_1_861' title='bbox 3653 4983 3728 5025; x_wconf 62' lang='grc' dir='ltr'><strong>ίιῡς</strong></span> 
     </span>
    </p>
   </div>
   <div class='ocr_carea' id='block_1_113' title="bbox 2199 5047 3731 5123">
    <p class='ocr_par' dir='ltr' id='par_1_113' title="bbox 2199 5047 3731 5123">
     <span class='ocr_line' id='line_1_113' title="bbox 2199 5047 3731 5123; baseline -0.008 -16"><span class='ocrx_word' id='word_1_862' title='bbox 2199 5069 2347 5108; x_wconf 88' lang='lat' dir='ltr'><strong>num.</strong></span> <span class='ocrx_word' id='word_1_863' title='bbox 2367 5052 2447 5106; x_wconf 74' lang='grc'><strong>12.</strong></span> <span class='ocrx_word' id='word_1_864' title='bbox 2467 5065 2483 5102; x_wconf 87' lang='lat'><strong>:</strong></span> <span class='ocrx_word' id='word_1_865' title='bbox 2503 5052 2715 5123; x_wconf 79' lang='grc' dir='ltr'><strong>Ὁρᾶτε,</strong></span> <span class='ocrx_word' id='word_1_866' title='bbox 2729 5048 3022 5123; x_wconf 65' lang='grc' dir='ltr'><strong>ἀγαπητοὶ,</strong></span> <span class='ocrx_word' id='word_1_867' title='bbox 3034 5047 3094 5102; x_wconf 84' lang='grc' dir='ltr'>οὐ</span> <span class='ocrx_word' id='word_1_868' title='bbox 3114 5047 3497 5123; x_wconf 49' lang='lat' dir='ltr'><strong>advexistis-tu,</strong></span> <span class='ocrx_word' id='word_1_869' title='bbox 3511 5047 3731 5123; x_wconf 45' lang='lat' dir='ltr'><strong>ditisqu-</strong></span> 
     </span>
    </p>
   </div>
   <div class='ocr_carea' id='block_1_114' title="bbox 2199 5120 3726 5194">
    <p class='ocr_par' dir='ltr' id='par_1_114' title="bbox 2199 5120 3726 5194">
     <span class='ocr_line' id='line_1_114' title="bbox 2199 5120 3726 5194; baseline -0.007 -18"><span class='ocrx_word' id='word_1_870' title='bbox 2199 5124 2395 5194; x_wconf 77' lang='grc' dir='ltr'><strong>φητεία</strong></span> <span class='ocrx_word' id='word_1_871' title='bbox 2421 5124 2480 5174; x_wconf 79' lang='grc' dir='ltr'>ὲν</span> <span class='ocrx_word' id='word_1_872' title='bbox 2598 5120 2816 5190; x_wconf 79' lang='grc' dir='ltr'><strong>γυναικὶ</strong></span> <span class='ocrx_word' id='word_1_873' title='bbox 2846 5122 3084 5190; x_wconf 57' lang='grc' dir='ltr'><strong>γέγονεν.</strong></span> <span class='ocrx_word' id='word_1_874' title='bbox 3146 5121 3591 5194; x_wconf 15' lang='lat' dir='ltr'><strong>¢r\&#39;idete,utlecu</strong></span> <span class='ocrx_word' id='word_1_875' title='bbox 3611 5132 3726 5194; x_wconf 31' lang='lat' dir='ltr'><strong>{me</strong></span> 
     </span>
    </p>
   </div>
   <div class='ocr_carea' id='block_1_115' title="bbox 2199 5187 3723 5260">
    <p class='ocr_par' dir='ltr' id='par_1_115' title="bbox 2199 5187 3723 5260">
     <span class='ocr_line' id='line_1_115' title="bbox 2199 5187 3723 5260; baseline -0.009 -12"><span class='ocrx_word' id='word_1_876' title='bbox 2199 5187 2373 5248; x_wconf 78' lang='lat' dir='ltr'><strong>solum</strong></span> <span class='ocrx_word' id='word_1_877' title='bbox 2462 5187 2639 5259; x_wconf 63' lang='lat' dir='ltr'><strong>fides,</strong></span> <span class='ocrx_word' id='word_1_878' title='bbox 2674 5194 2768 5246; x_wconf 88' lang='lat' dir='ltr'><strong>sed</strong></span> <span class='ocrx_word' id='word_1_879' title='bbox 2813 5187 2975 5245; x_wconf 84' lang='lat' dir='ltr'><strong>etiam</strong></span> <span class='ocrx_word' id='word_1_880' title='bbox 3034 5193 3321 5260; x_wconf 84' lang='lat' dir='ltr'><strong>prophetia</strong></span> <span class='ocrx_word' id='word_1_881' title='bbox 3408 5193 3461 5242; x_wconf 88' lang='lat' dir='ltr'><strong>in</strong></span> <span class='ocrx_word' id='word_1_882' title='bbox 3544 5187 3723 5240; x_wconf 77' lang='lat' dir='ltr'><strong>muliere</strong></span> 
     </span>
    </p>
   </div>
   <div class='ocr_carea' id='block_1_116' title="bbox 2196 5273 3724 5405">
    <p class='ocr_par' dir='ltr' id='par_1_116' title="bbox 2196 5273 3724 5405">
     <span class='ocr_line' id='line_1_116' title="bbox 2196 5273 3724 5405; baseline -0.009 -17"><span class='ocrx_word' id='word_1_883' title='bbox 2196 5273 2610 5405; x_wconf 41' lang='grc' dir='ltr'><strong>θχῗιίιῦιίιιέρὴα</strong></span> <span class='ocrx_word' id='word_1_884' title='bbox 2635 5332 2792 5384; x_wconf 82' lang='lat' dir='ltr'><strong>etiam</strong></span> <span class='ocrx_word' id='word_1_885' title='bbox 2825 5331 2986 5384; x_wconf 73' lang='lat' dir='ltr'><strong>simili</strong></span> <span class='ocrx_word' id='word_1_886' title='bbox 3023 5329 3178 5405; x_wconf 74' lang='lat' dir='ltr'><strong>modo</strong></span> <span class='ocrx_word' id='word_1_887' title='bbox 3226 5329 3475 5380; x_wconf 82' lang='lat' dir='ltr'><strong>dilatalio</strong></span> <span class='ocrx_word' id='word_1_888' title='bbox 3518 5331 3724 5402; x_wconf 52' lang='lat' dir='ltr'><strong>inurget»</strong></span> 
     </span>
    </p>
   </div>
   <div class='ocr_carea' id='block_1_117' title="bbox 2206 5403 3720 5473">
    <p class='ocr_par' dir='ltr' id='par_1_117' title="bbox 2206 5403 3720 5473">
     <span class='ocr_line' id='line_1_117' title="bbox 2206 5403 3720 5473; baseline -0.007 -16"><span class='ocrx_word' id='word_1_889' title='bbox 2206 5403 2377 5457; x_wconf 72' lang='lat' dir='ltr'><strong>tatur.</strong></span> <span class='ocrx_word' id='word_1_890' title='bbox 2404 5404 2788 5473; x_wconf 77' lang='lat' dir='ltr'><strong>Etymotogiam</strong></span> <span class='ocrx_word' id='word_1_891' title='bbox 2810 5417 3003 5468; x_wconf 86' lang='lat' dir='ltr'><strong>nempe</strong></span> <span class='ocrx_word' id='word_1_892' title='bbox 3024 5403 3364 5453; x_wconf 85' lang='lat' dir='ltr'><strong>deduxerunt</strong></span> <span class='ocrx_word' id='word_1_893' title='bbox 3382 5415 3412 5450; x_wconf 85' lang='lat' dir='ltr'><strong>a</strong></span> <span class='ocrx_word' id='word_1_894' title='bbox 3427 5407 3720 5473; x_wconf 41' lang='lat' dir='ltr'><strong>William-ﬂ</strong></span> 
     </span>
    </p>
   </div>
   <div class='ocr_carea' id='block_1_118' title="bbox 2207 5468 3719 5544">
    <p class='ocr_par' dir='ltr' id='par_1_118' title="bbox 2207 5468 3719 5544">
     <span class='ocr_line' id='line_1_118' title="bbox 2207 5468 3719 5544; baseline -0.008 -16"><span class='ocrx_word' id='word_1_895' title='bbox 2207 5474 2386 5544; x_wconf 86' lang='lat' dir='ltr'><strong>Hiphil</strong></span> <span class='ocrx_word' id='word_1_896' title='bbox 2419 5468 2712 5542; x_wconf 67' lang='lat' dir='ltr'><strong>significat,</strong></span> <span class='ocrx_word' id='word_1_897' title='bbox 2749 5489 2767 5520; x_wconf 78' lang='grc' dir='ltr'>ι</span> <span class='ocrx_word' id='word_1_898' title='bbox 2801 5473 3060 5544; x_wconf 70' lang='lat' dir='ltr'><strong>dilatavit.</strong></span> <span class='ocrx_word' id='word_1_899' title='bbox 3093 5488 3110 5520; x_wconf 70' lang='grc' dir='ltr'>ι</span> <span class='ocrx_word' id='word_1_900' title='bbox 3146 5473 3415 5544; x_wconf 68' lang='lat' dir='ltr'><strong>(laetarum</strong></span> <span class='ocrx_word' id='word_1_901' title='bbox 3469 5472 3584 5544; x_wconf 66' lang='lat' dir='ltr'><strong>libb.</strong></span> <span class='ocrx_word' id='word_1_902' title='bbox 3622 5468 3719 5541; x_wconf 62' lang='lat' dir='ltr'><strong>«tu</strong></span> 
     </span>
    </p>
   </div>
   <div class='ocr_carea' id='block_1_119' title="bbox 2208 5539 3719 5608">
    <p class='ocr_par' dir='ltr' id='par_1_119' title="bbox 2208 5539 3719 5608">
     <span class='ocr_line' id='line_1_119' title="bbox 2208 5539 3719 5608; baseline -0.01 -10"><span class='ocrx_word' id='word_1_903' title='bbox 2208 5539 2310 5598; x_wconf 73' lang='lat' dir='ltr'><strong>hoc</strong></span> <span class='ocrx_word' id='word_1_904' title='bbox 2335 5546 2449 5597; x_wconf 86' lang='lat' dir='ltr'><strong>loco</strong></span> <span class='ocrx_word' id='word_1_905' title='bbox 2474 5539 2676 5598; x_wconf 83' lang='lat' dir='ltr'><strong>habent</strong></span> <span class='ocrx_word' id='word_1_906' title='bbox 2711 5562 2724 5596; x_wconf 80' lang='lat'><strong>.</strong></span> <span class='ocrx_word' id='word_1_907' title='bbox 2755 5558 2773 5591; x_wconf 74' lang='grc' dir='ltr'><strong>ι</strong></span> <span class='ocrx_word' id='word_1_908' title='bbox 2807 5541 2898 5595; x_wconf 82' lang='lat' dir='ltr'><strong>Sed</strong></span> <span class='ocrx_word' id='word_1_909' title='bbox 2932 5553 2984 5595; x_wconf 87' lang='lat' dir='ltr'><strong>et</strong></span> <span class='ocrx_word' id='word_1_910' title='bbox 3022 5541 3217 5608; x_wconf 78' lang='lat' dir='ltr'><strong>Japhet</strong></span> <span class='ocrx_word' id='word_1_911' title='bbox 3252 5541 3498 5594; x_wconf 76' lang='lat' dir='ltr'><strong>similiter</strong></span> <span class='ocrx_word' id='word_1_912' title='bbox 3523 5539 3719 5591; x_wconf 74' lang='lat' dir='ltr'><strong>dilatatis</strong></span> 
     </span>
    </p>
   </div>
   <div class='ocr_carea' id='block_1_120' title="bbox 2210 5613 3375 5682">
    <p class='ocr_par' dir='ltr' id='par_1_120' title="bbox 2210 5613 3375 5682">
     <span class='ocr_line' id='line_1_120' title="bbox 2210 5613 3375 5682; baseline -0.003 -14"><span class='ocrx_word' id='word_1_913' title='bbox 2210 5619 2592 5682; x_wconf 71' lang='lat' dir='ltr'><strong>interpretati&quot;</strong></span> <span class='ocrx_word' id='word_1_914' title='bbox 2630 5613 2784 5682; x_wconf 69' lang='lat' dir='ltr'><strong>illss.</strong></span> <span class='ocrx_word' id='word_1_915' title='bbox 2819 5623 2875 5664; x_wconf 93' lang='lat' dir='ltr'><strong>ut</strong></span> <span class='ocrx_word' id='word_1_916' title='bbox 2905 5613 2957 5665; x_wconf 85' lang='lat' dir='ltr'><strong>ili</strong></span> <span class='ocrx_word' id='word_1_917' title='bbox 2989 5623 3174 5664; x_wconf 81' lang='lat' dir='ltr'><strong>nostro</strong></span> <span class='ocrx_word' id='word_1_918' title='bbox 3205 5622 3375 5664; x_wconf 69' lang='lat' dir='ltr'><strong>testu.</strong></span> 
     </span>
    </p>
   </div>
   <div class='ocr_carea' id='block_1_121' title="bbox 2274 5681 3716 5754">
    <p class='ocr_par' dir='ltr' id='par_1_121' title="bbox 2274 5681 3716 5754">
     <span class='ocr_line' id='line_1_121' title="bbox 2274 5681 3716 5754; baseline -0.006 -17"><span class='ocrx_word' id='word_1_919' title='bbox 2274 5681 2386 5754; x_wconf 74' lang='lat'><strong>(12)</strong></span> <span class='ocrx_word' id='word_1_920' title='bbox 2421 5683 2484 5736; x_wconf 80' lang='lat' dir='ltr'><strong>Et</strong></span> <span class='ocrx_word' id='word_1_921' title='bbox 2511 5685 2683 5754; x_wconf 76' lang='lat' dir='ltr'><strong>fratri.</strong></span> <span class='ocrx_word' id='word_1_922' title='bbox 2719 5681 2843 5736; x_wconf 71' lang='grc' dir='ltr'>ιιυρε</span> <span class='ocrx_word' id='word_1_923' title='bbox 2872 5698 2990 5750; x_wconf 73' lang='lat' dir='ltr'><strong>qua:</strong></span> <span class='ocrx_word' id='word_1_924' title='bbox 3014 5683 3065 5733; x_wconf 89' lang='lat' dir='ltr'><strong>in</strong></span> <span class='ocrx_word' id='word_1_925' title='bbox 3083 5692 3242 5736; x_wconf 85' lang='lat' dir='ltr'><strong>antea</strong></span> <span class='ocrx_word' id='word_1_926' title='bbox 3278 5683 3434 5736; x_wconf 86' lang='lat' dir='ltr'><strong>editis</strong></span> <span class='ocrx_word' id='word_1_927' title='bbox 3479 5688 3716 5750; x_wconf 67' lang='lat' dir='ltr'><strong>perperam</strong></span> 
     </span>
    </p>
   </div>
   <div class='ocr_carea' id='block_1_122' title="bbox 2203 5753 3380 5822">
    <p class='ocr_par' dir='ltr' id='par_1_122' title="bbox 2203 5753 3380 5822">
     <span class='ocr_line' id='line_1_122' title="bbox 2203 5753 3380 5822; baseline -0.004 -12"><span class='ocrx_word' id='word_1_928' title='bbox 2203 5757 2406 5810; x_wconf 77' lang='lat' dir='ltr'><strong>emissa</strong></span> <span class='ocrx_word' id='word_1_929' title='bbox 2426 5761 2574 5822; x_wconf 88' lang='lat' dir='ltr'><strong>stmt,</strong></span> <span class='ocrx_word' id='word_1_930' title='bbox 2612 5753 2772 5809; x_wconf 84' lang='lat' dir='ltr'><strong>hodie</strong></span> <span class='ocrx_word' id='word_1_931' title='bbox 2807 5754 3214 5808; x_wconf 88' lang='lat' dir='ltr'><strong>restituunture</strong></span> <span class='ocrx_word' id='word_1_932' title='bbox 3251 5767 3380 5807; x_wconf 79' lang='lat' dir='ltr'><strong>mss.</strong></span> 
     </span>
    </p>
   </div>
  </div>
