3874 6558
509 361 615 416 845

1974 352 2297 411 ORIGENIS

3637 370 3717 430 8n

507 484 723 542 obviam
751 481 964 538 Christo
991 479 1045 535 in
1080 492 1231 542 aera,
1259 484 1311 531 et
1345 475 1419 531 ita
1457 492 1672 547 semper
1693 492 1816 535 cum
1852 479 2081 537 Domino
2112 486 2156 539 A
2185 480 2475 551 unicuique
2528 480 2764 537 fidelium
2815 492 2943 539 tunc
2998 484 3236 555 primum
3277 468 3442 543 Iesus
3471 486 3724 554 uallatur,

507 580 728 635 erimus.
757 595 777 629 ι
813 573 956 629 Nihil
990 572 1210 628 omnino
1230 580 1313 626 est
1332 572 1475 641 quod
1503 580 1705 628 metuat
1724 573 1926 644 justus,
1956 588 2074 628 om-

508 673 593 727 nis
619 671 667 724 ei
716 676 963 724 creatura
1001 663 1310 720 famulatur.
1344 664 1481 719 Audi
1528 664 1764 735 denique
1802 665 2075 735 quomodo

504 765 667 820 etiam
690 776 787 833 per
820 759 1139 831 prophetam
1185 756 1456 827 promittit
1498 756 1546 811 ei
1583 756 1725 812 Deus
1767 756 1951 812 dicens
1975 756 2021 788 ⁸³
2060 771 2076 810 :

508 877 527 908 1
564 855 621 910 Si
645 863 891 909 transeas
915 866 1009 921 per
1040 849 1238 920 ignem,
1261 849 1473 904 ﬂamma
1506 863 1609 902 non
1640 847 1832 902 aduret
1860 855 1933 911 te,
1951 862 2079 917 quo-

503 948 646 1001 niam
676 959 775 1016 ego
801 942 1062 998 Dominus
1089 942 1230 995 Deus
1261 950 1405 996 tuus.
1445 958 1464 992 ι
1503 939 1691 994 Omnis
1721 938 1885 1007 igitur
1926 940 2075 995 locus

500 1038 727 1107 suscipit
750 1035 1055 1105 justum,et
1086 1033 1263 1088 omnis
1295 1040 1547 1088 creatura
1580 1032 1798 1086 exhibet
1835 1030 2072 1086 debitum

503 1128 839 1185 famulatum.
864 1126 929 1181 Et
953 1141 1019 1180 ne
1055 1125 1334 1180 existimes
1366 1122 1476 1196 (21)
1510 1121 1652 1192 quod
1684 1123 1799 1176 haec
1830 1122 1882 1176 itt
1927 1122 2073 1192 prio-

504 1223 651 1280 ribus
678 1221 895 1292 quidem
921 1229 1069 1291 gesta
1113 1227 1259 1285 sunt,
1292 1217 1345 1271 in
1372 1227 1423 1271 te
1455 1231 1581 1271 vero
1621 1214 1712 1286 qui
1753 1230 1893 1269 nunc
1923 1214 2076 1268 audi-

504 1326 590 1371 tor
621 1315 815 1371 horum
852 1327 911 1367 es
941 1308 1073 1365 nihil
1103 1309 1206 1363 tale
1231 1317 1452 1378 geratur
1481 1324 1496 1362 :
1532 1305 1711 1360 omnia
1737 1303 2077 1374 complentur

502 1410 556 1465 in
595 1418 648 1464 te
685 1404 979 1463 secundum
1012 1399 1291 1473 mysticam
1319 1397 1603 1453 rationem.
1628 1395 1839 1451 Etenim
1894 1405 1948 1448 tu
1979 1394 2070 1463 qui

503 1515 672 1573 nuper
725 1496 1042 1555 idololatria:
1099 1492 1337 1549 tenebris
1382 1489 1657 1545 derelictis
1683 1487 1836 1556 cupis
1872 1487 1939 1541 ad
1979 1502 2076 1540 au-

501 1595 759 1653 dientiam
793 1592 988 1647 divina:
1007 1587 1141 1657 legis
1170 1587 1613 1648 accederc,nunc
1645 1584 1876 1654 priuntnt
1902 1580 2075 1651 ,Εεν-

500 1698 650 1761 ptum
678 1682 1001 1752 derelinquis
1027 1678 1309 1751 (22).Cum
1332 1679 1848 1735 catechumenorum
1874 1690 2071 1746 aggre-

498 1792 657 1855 gatus
688 1794 747 1833 es
784 1790 1036 1839 numero,
1056 1782 1112 1827 et
1137 1773 1417 1841 praeceptis
1445 1767 1844 1825 Ecclesiasticis
1884 1783 2072 1838 parere

499 1840 734 1945 capisti,
764 1870 1038 1939 digressus
1082 1840 1147 1919 es
1176 1877 1327 1918 mare
1354 1862 1598 1917 Rubrum
1620 1903 1635 1929 ,
1669 1870 1725 1916 et
1769 1860 1823 1915 in
1865 1859 2067 1915 deserti
2101 1840 2142 1894 Β

497 1963 821 2023 stationibus
848 1958 1075 2028 positus,
1108 1955 1175 2010 ad
1211 1954 1531 2009 audiendam
1558 1953 1651 2007 Dei
1680 1951 1871 2020 legem,
1900 1962 1955 2006 et
1986 1950 2071 2004 itt-

500 2058 753 2115 tuendum
772 2052 979 2124 Moysis
1004 2049 1210 2104 vultum
1239 2062 1338 2119 per
1362 2045 1586 2117 gloriam
1620 2044 1829 2099 Domini
1861 2044 2066 2099 revela-

498 2160 611 2207 tum
634 2147 877 2219 quotidie
914 2158 1100 2199 vacas.
1129 2140 1187 2196 Si
1228 2153 1354 2194 vero
1391 2139 1459 2194 ad
1489 2138 1783 2209 mysticum
1814 2136 2066 2206 baptismi

495 2242 711 2295 veneris
749 2237 973 2301 fontem,
1017 2242 1072 2288 et
1124 2230 1461 2303 consistente
1516 2227 1838 2283 sacerdotali
1873 2227 1987 2297 (2'5)
2013 2235 2068 2281 et

494 2329 737 2387 Levitico
777 2327 967 2381 ordine
996 2323 1240 2378 initiatus
1276 2320 1441 2376 fueris
1470 2316 1916 2376 venerandisillis
1949 2333 2066 2371 ma-

494 2423 812 2495 gniﬁcisque
838 2415 1221 2479 sacramentis,
1258 2429 1380 2485 quae
1406 2412 1700 2468 norunt'illi
1735 2425 1871 2481 quos
1907 2425 2069 2466 nosse

494 2517 576 2569 fas
597 2523 700 2577 est,
725 2521 780 2566 tu
790 2525 856 2565 nc
869 2509 1031 2564 etiam
1050 2507 1390 2562 sacerdotum
1412 2503 1729 2559 ministeriis
1747 2501 1978 2557 Jordane
1995 2502 2071 2556 di-

494 2619 685 2675 gresso
711 2612 908 2657 terram
935 2597 1371 2668 repromissionis
1395 2594 1642 2660 intrabis,
1669 2594 1720 2647 ιιι
1745 2608 1850 2662 qua
1875 2602 1927 2647 te
1946 2601 2069 2663 post

494 2696 716 2767 Moysen
752 2692 862 2765 (24)
895 2690 1119 2760 suscipit
1143 2688 1301 2744 Jesus
1332 2696 1386 2743 et
1410 2687 1523 2757 ipse
1558 2686 1654 2741 tibi
1687 2684 1916 2739 eﬂicitur
1942 2684 2065 2739 novi

495 2789 707 2847 itineris
735 2789 865 2843 dux.
889 2784 967 2839 Tu
1005 2798 1135 2838 vero
1176 2790 1447 2835 tantarum
1485 2794 1549 2833 ac
1590 2777 1774 2831 talium
1806 2776 2065 2831 virtutum

493 2880 595 2936 Dei
643 2892 871 2943 memor,
904 2873 1046 2945 quod
1087 2871 1182 2927 tibi
1229 2884 1380 2925 mare
1428 2868 1655 2924 divisum
1690 2874 1791 2930 est,
1824 2874 1883 2921 et
1922 2864 2065 2933 quod

495 2983 631 3041 aqua
660 2968 898 3024 ﬂuminis
927 2965 1095 3032 stetit,
1127 2975 1423 3016 conversus
1443 2959 1510 3013 ad
1533 2973 1595 3012 ea
1617 2959 1766 3014 dices
1781 2958 1860 3012 8‘*:
1884 2976 1902 3010 ι
1928 2956 2065 3025 Quid

496 3064 591 3119 tibi
619 3057 1049 3128 est.mare,qund
1080 3055 1376 3126 fugistiiet
1406 3064 1459 3108 tu
1488 3053 1764 3119 Iordanis,
1784 3053 1908 3122 quia
1936 3066 2067 3107 con-

498 3168 691 3211 versus
720 3167 780 3207 es
812 3148 1151 3207 retrorsum?
1176 3146 1407 3211 Montes,
1444 3146 1570 3216 quid
1602 3143 1714 3218 (25)
1755 3143 2064 3200 exsultastis

494 3247 636 3302 sicut
658 3244 880 3309 arietes,
916 3249 970 3296 et
1014 3238 1179 3296 colles
1206 3238 1347 3293 sicut
1380 3238 1501 3308 agni
1530 3237 1707 3290 ovium
1731 3235 1755 3289 ?
1794 3253 1813 3287 ι
1840 3233 1947 3289 Sed
1974 3248 2061 3289 re-

493 3337 775 3409 spondebit
795 3334 890 3391 tibi
922 3346 1101 3389 sermo
1128 3330 1341 3386 divinus
1372 3337 1428 3384 et
1454 3328 1623 3383 dicet:
1656 3346 1677 3381 ‹
1703 3328 1748 3382 Α
1780 3326 1918 3383 facie
1957 3326 2065 3383 Do-

495 3432 624 3489 mini
655 3436 919 3486 commota
950 3436 1032 3482 est
1052 3434 1217 3491 terra,
1248 3438 1276 3478 a
1307 3422 1444 3477 facie
1469 3421 1562 3476 Dei
1585 3418 1778 3485 Iacob,
1814 3420 1903 3491 qui
1932 3435 2064 3477 con-

491 3524 653 3581 vertit
685 3530 889 3593 petram
938 3517 1051 3592 (26)
1083 3517 1138 3572 in
1194 3525 1441 3586 stagnum
1492 3526 1667 3582 aqua,
1692 3520 1746 3567 et
1779 3526 1966 3582 rupem
2003 3512 2059 3568 in

489 3618 666 3671 fontes
692 3625 976 3684 aquarum.
1026 3628 1048 3661 ι

556 3711 615 3769 2.
645 3707 855 3775 Quanta
888 3713 1009 3760 ante
1029 3709 1179 3774 gesta
1206 3703 1355 3757 sunt!
1385 3696 1533 3753 Mare
1557 3694 1800 3753 Rubrum
1835 3694 2061 3767 pedibus

486 3801 783 3858 transitum
813 3806 917 3862 est,
950 3808 1147 3850 manna
1174 3794 1241 3847 de
1276 3790 1417 3847 coelo
1458 3790 1643 3844 datum
1674 3798 1780 3854 est,
1804 3789 1981 3846 fontes
2006 3791 2058 3843 in

487 3907 672 3949 eremo
714 3888 938 3957 disrupti
966 3895 1113 3953 sunt,
1144 3885 1231 3940 lex
1283 3899 1377 3955 per
1409 3880 1627 3952 Moysen
1654 3877 1778 3937 data
1814 3890 1898 3937 est
1923 3879 2057 3952 (27),

489 3988 644 4055 signa
700 3992 753 4039 et
798 3980 1043 4053 prodigia
1094 3977 1260 4033 multa
1307 3978 1361 4031 in
1409 3989 1594 4031 eremo
1632 3984 1782 4045 gesta
1826 3983 1976 4038 sunt,
2008 3982 2062 4029 et

490 4091 757 4149 nusquam
784 4074 980 4130 dicitur
1010 4072 1277 4127 exaltatus
1303 4085 1425 4126 esse
1446 4069 1624 4124 Jesus.
1662 4067 1763 4123 Ubi
1797 4082 1926 4123 vero
1946 4065 2063 4121 Jor-

492 4171 648 4226 dunis
681 4166 961 4230 transitur,
991 4165 1061 4219 ibi
1087 4163 1283 4218 dicitur
1309 4164 1377 4216 ad
1406 4160 1587 4216 Iesum
1608 4160 1656 4192 ⁸⁸
1680 4177 1692 4213 :
1723 4178 1742 4211 ι
1770 4160 1825 4214 1η
1847 4159 1948 4214 hac
1975 4159 2061 4214 die

492 4263 694 4334 incipio
741 4260 983 4316 exaltare
1030 4268 1082 4313 te
1134 4257 1187 4312 iit
1238 4264 1530 4328 conspectu
1572 4252 1779 4323 pepuli.
1813 4271 1832 4305 ι
1875 4251 2060 4320 Neque

485 4359 630 4412 enim
657 4363 783 4410 ante
822 4354 1137 4426 mysterium
1183 4351 1434 4421 baptismi
1469 4348 1737 4404 exaltatur
1760 4348 1939 4411 Jesus,
1962 4347 2057 4402 sed

487 4450 742 4506 exaltatio
769 4447 886 4517 ejus
915 4456 967 4501 et
1010 4446 1264 4501 exaltatio
1300 4447 1351 4499 in
1382 4456 1670 4516 conspectu
1711 4445 1890 4515 populi
1933 4442 2058 4496 inde

2182 588 2302 629 cum
2334 575 2399 629 ad
2462 576 2772 646 mysterium
2818 577 3068 645 baptismi
3114 581 3437 649 pervenitur
3463 580 3593 650 (29),
3625 585 3724 651 quia

2180 667 2257 721 sic
2280 676 2334 721 et
2356 667 2618 737 scriptum
2654 676 2739 723 est
2768 666 2838 735 ⁸⁸,
2868 671 3011 737 quod
3045 689 3065 722 σ
3111 672 3376 727 exaltavit
3400 673 3552 727 illutn
3593 674 3725 739 Deus,

2178 769 2235 813 et
2263 758 2484 821 donavit
2517 759 2563 813 ei
2610 773 2833 823 nomen,
2868 762 3013 829 quod
3038 771 3123 816 est
3154 777 3318 833 super
3346 781 3512 821 omne
3543 781 3725 827 nomen,

2179 857 2237 901 III.
2268 849 2317 903 itt
2353 849 2570 903 nomine
2608 848 2734 904 Jesu
2784 866 2943 905 omne
2983 868 3123 923 genu
3170 854 3427 910 ﬂectatur
3459 858 3727 913 caelestiua

2177 946 2232 993 et
2286 940 2619 995 terrestrium
2667 950 2722 995 et
2766 943 3125 998 infernorum.
3163 964 3184 998 ι
3232 946 3618 1002 Verumtamen
3654 966 3728 1019 per

2178 1034 2489 1089 sacerdotes
2514 1034 2799 1090 deducitur
2823 1036 3074 1107 populus,
3101 1048 3155 1093 et
3186 1040 3291 1095 iter
3311 1042 3426 1111 agit
3452 1043 3518 1095 ad
3558 1054 3726 1098 terrain

2179 1128 2618 1198 repromissionis
2661 1130 2974 1201 magisterio
3002 1134 3373 1189 sacerdotum.
3416 1134 3487 1188 Et
3514 1138 3629 1205 quis
3653 1139 3729 1192 Ite.

2180 1220 2266 1275 die
2293 1221 2345 1275 in
2374 1221 2744 1277 sacerdotibus
2769 1230 2948 1278 tantus
2970 1240 3033 1279 ac
3068 1224 3191 1280 talis
3213 1236 3321 1290 est,
3343 1227 3438 1296 qui
3470 1228 3525 1281 in
3550 1228 3635 1283 ilio
3659 1246 3728 1283 or-

2176 1312 2303 1367 dine
2330 1323 2603 1368 mereatur
2636 1315 2878 1369 ascribi?
2905 1314 2961 1370 Si
2996 1316 3141 1370 enim
3163 1318 3235 1370 sit
3256 1316 3462 1386 aliquis
3495 1319 3635 1383 talis,
3655 1336 3725 1374 ce-

2179 1405 2376 1459 dentei
2410 1405 2609 1460 ﬂuenta
2639 1405 2751 1480 (50)
2790 1406 3064 1471 Jordanis,
3095 1418 3149 1463 et
3191 1408 3304 1478 ipsa
3362 1410 3628 1465 elementa
3655 1428 3725 1463 re-

2176 1496 2461 1563 rebuntur,
2493 1512 2617 1568 pars
2649 1513 2911 1569 aquarum
2939 1496 3175 1553 ﬂuminis
3203 1508 3508 1554 retrorsum
3535 1500 3725 1561 resihcz.

2176 1603 2238 1643 ac
2269 1600 2389 1659 post
2435 1599 2643 1660 tergum
2672 1592 3007 1657 frenabitur,
3042 1608 3169 1661 pars
3208 1609 3338 1648 vero
3363 1595 3419 1646 in
3450 1608 3599 1647 mare
3642 1597 3726 1648 sai-

2174 1694 2293 1735 sum
2336 1682 2521 1752 rapido
2579 1683 2730 1753 lapsu
2781 1683 3021 1755 diffugiet
3058 1685 3193 1757 (31).
3224 1685 3382 1753 Quod
3436 1694 3613 1740 tamen
3649 1704 3723 1742 nec

2177 1774 2346 1843 ipsum
2394 1776 2597 1845 absque
2650 1775 2895 1847 mystcrii
2948 1778 3156 1833 ratione
3200 1779 3445 1832 arbitror
3472 1779 3721 1846 scriptum,

2171 1866 2311 1934 quod
2342 1881 2465 1935 pars
2492 1882 2757 1936 aquarum
2789 1868 3042 1924 Iordanis
3078 1881 3357 1940 mergatur
3392 1870 3447 1923 in
3472 1884 3636 1935 mare,
3658 1886 3722 1924 at.

2170 1973 2275 2028 que
2298 1960 2349 2014 in
2375 1961 2791 2019 amaritudinem
2817 1962 3066 2032 proﬂuat,
3084 1979 3209 2032 pars
3232 1978 3365 2016 vero
3390 1963 3444 2016 in
3470 1962 3721 2017 dulcedine

2170 2062 2500 2119 perseveret.
2531 2051 2586 2107 Si
2622 2054 2764 2109 enim
2816 2069 3004 2111 omnes
3043 2056 3133 2125 qui
3171 2056 3552 2123 baptizantur,
3593 2071 3715 2110 acre-

2168 2152 2312 2212 ptam
2340 2146 2449 2218 (32)
2474 2147 2711 2201 cmlestis
2746 2149 2938 2218 gratias
2982 2148 3327 2205 dulcedinem
3370 2149 3717 2211 custodirent.

2180 2241 2235 2288 et
2267 2235 2446 2291 nullus
2487 2236 2538 2291 in
2584 2247 2932 2306 peccatorum
2968 2238 3394 2293 amaritudinem
3426 2248 3717 2297 verteretur.

2170 2338 2274 2379 non
2307 2325 2491 2393 utique
2533 2336 2678 2381 esset
2711 2326 2977 2395 scriptum
3007 2328 3133 2397 quia
3180 2342 3311 2396 pars
3346 2326 3585 2382 ﬂuminis
3617 2328 3715 2382 salsi

2170 2413 2339 2470 maris
2375 2415 2675 2485 gurgitibus
2716 2415 2905 2473 fuisset
2944 2418 3219 2473 immersa.
3246 2418 3316 2472 Et
3354 2418 3477 2473 ideo
3512 2418 3631 2470 mihi
3658 2420 3717 2469 vi-

2168 2507 2400 2563 deturin
2434 2508 2523 2563 his
2554 2510 2733 2563 verbis
2757 2509 3149 2580 baptizatorum
3176 2511 3421 2564 varietas
3453 2511 3714 2579 designari.

2167 2616 2327 2669 quam
2381 2599 2596 2671 quidem
2633 2617 2729 2656 nos
2766 2601 2928 2673 (quod
2956 2618 3075 2657 cum
3124 2602 3314 2657 dolore
3357 2616 3713 2665 commemora)

2168 2707 2308 2762 saepe
2344 2693 2590 2748 videmus
2630 2694 2902 2759 accidere,
2933 2702 2991 2747 ut
3022 2694 3075 2747 hi
3106 2695 3197 2764 qui
3224 2704 3481 2748 sanctum
3516 2694 3619 2763 (33)
3651 2696 3715 2746 bs-

2167 2784 2363 2855 plisma
2415 2793 2838 2855 consequuntur,
2896 2800 3017 2840 eum
3052 2800 3112 2841 se
3168 2801 3397 2840 rursum
3426 2786 3494 2839 ad
3536 2788 3712 2855 negotia

2167 2877 2350 2933 surculi
2408 2888 2463 2932 et
2491 2877 2773 2933 illecebras
2812 2877 3090 2932 libidinum
3115 2878 3362 2940 tradunt,
3388 2889 3444 2932 et
3466 2893 3586 2932 cum
3614 2894 3714 2930 ara-

2168 2968 2311 3023 ritiae
2335 2968 2540 3023 salsum
2579 2969 2828 3037 poculum
2868 2969 3075 3031 bibunt,
3104 2968 3158 3023 in
3190 2984 3255 3024 ea
3297 2984 3566 3038 aquarum
3592 2979 3713 3038 parte

2166 3058 2471 3115 formentur
2498 3058 2629 3132 (54),
2664 3073 2784 3127 qua:
2813 3058 2866 3112 in
2905 3072 3055 3113 mare
3083 3056 3323 3127 proﬂuit,
3352 3069 3517 3126 atque
3551 3060 3600 3111 in
3624 3060 3711 3111 sal-

2169 3150 2246 3204 sis
2279 3149 2532 3205 ﬂuctibus
2562 3151 2767 3219 deperit
2803 3167 2817 3204 :
2846 3164 2973 3219 pars
3007 3164 3137 3205 vero
3176 3148 3265 3202 illa
3304 3164 3429 3218 qua:
3478 3165 3596 3206 cum
3630 3160 3713 3202 sta-

2167 3242 2374 3298 bilitate
2412 3250 2696 3312 permanet
2731 3250 2785 3296 et
2813 3241 3152 3297 dulcedinem
3182 3255 3340 3295 suam
3365 3254 3568 3302 servat,
3596 3242 3713 3293 desL

2164 3340 2291 3404 gnet
2337 3347 2430 3388 eos
2465 3333 2557 3403 qui
2607 3341 2882 3401 acceptum
2918 3333 3010 3387 Dei
3045 3347 3244 3386 munus
3290 3332 3711 3386 indeclinabiliter

2166 3435 2370 3483 tenent.
2396 3427 2463 3482 Et
2489 3435 2636 3482 recte
2659 3442 2763 3481 una
2806 3442 2934 3497 pars
2971 3434 3055 3481 est
3090 3440 3281 3480 eorum
3310 3426 3404 3495 qui
3436 3425 3709 3478 salvantur.

2162 3520 2289 3590 quia
2325 3529 2379 3575 et
2412 3520 2567 3590 panis
2615 3535 2756 3574 unus
2802 3529 2906 3583 est,
2955 3518 3045 3586 qui
3072 3519 3139 3573 de
3171 3515 3315 3573 caelo
3356 3517 3643 3577 descendit,
3668 3526 3709 3565 rt

2164 3611 2259 3665 dat
2310 3610 2436 3665 huic
2483 3609 2683 3664 mundo
2732 3609 2922 3675 vitam,
2952 3618 3003 3662 et
3034 3609 3171 3664 fides
3196 3625 3302 3664 una
3331 3621 3440 3677 est,
3475 3622 3530 3665 et
3571 3625 3706 3661 unus

2162 3700 2452 3771 baptisma,
2485 3708 2541 3756 et
2590 3713 2729 3753 unus
2780 3699 3005 3767 Spiritus
3036 3712 3143 3767 quo
3173 3713 3369 3754 omnes
3401 3698 3707 3767 potanturia

2162 3795 2452 3864 baptismo,
2490 3802 2543 3848 et
2573 3806 2710 3848 unus
2739 3790 2877 3847 Deus
2904 3789 3065 3846 Pater
3100 3792 3370 3846 omnium.
3408 3790 3609 3845 Interea
3637 3803 3707 3843 sa-

2162 3885 2450 3942 cerdotalis
2500 3884 2635 3939 ordo
2674 3895 2757 3939 est
2794 3892 2848 3939 et
2890 3882 3185 3948 Leviticus,
3226 3883 3322 3950 qui
3354 3883 3461 3937 iter
3487 3882 3707 3937 ostendat

2163 3977 2358 4049 pepulo
2392 3978 2504 4043 Dei,
2534 3977 2623 4046 qui
2656 3977 2788 4031 exiit
2808 3977 2873 4031 de
2898 3975 3148 4047 Egypto.
3186 3977 3287 4047 Ipsi
3310 3977 3458 4031 enim
3491 3976 3703 4041 suntqui

2161 4072 2391 4127 edocent
2438 4069 2692 4140 populum
2728 4068 2879 4123 exire
2924 4069 2988 4123 de
3030 4067 3301 4138 Egypto,
3338 4070 3406 4123 de
3457 4067 3704 4121 erroribus

2160 4164 2367 4220 scilicet
2398 4162 2606 4226 mundi,
2649 4170 2702 4215 et
2732 4160 2897 4233 406
2948 4162 3178 4215 transire
3213 4177 3312 4231 per
3361 4175 3594 4217 eremtuu
3634 4174 3705 4208 n-

2160 4266 2340 4320 stam,
2405 4255 2457 4310 id
2492 4264 2573 4309 est
2619 4257 2976 4309 teutationum
3026 4268 3228 4325 genera
3284 4254 3500 4307 diversa
3556 4262 3705 4302 trans.

2160 4360 2417 4411 currere,
2470 4361 2647 4416 neque
2700 4345 2881 4400 noceri
2940 4361 2970 4399 a
3022 4345 3409 4414 serpentibus,
3455 4343 3543 4413 qui
3596 4350 3701 4394 sunt

2161 4455 2372 4496 morsus
2410 4441 2737 4507 dmmonum,
2777 4450 2832 4493 et
2874 4438 3135 4493 malarum
3181 4438 3582 4509 suggestionutn
3626 4449 3701 4485 κο

488 4540 984 4596 sumitexordium.
1015 4538 1071 4593 Si
1115 4539 1256 4615 enim
1288 4552 1477 4593 omnes
1502 4537 1594 4607 qui
1633 4537 1974 4606 baptizantur
2000 4535 2051 4588 in
2087 4558 2129 4613 ι)
2162 4548 2294 4587 neua
2339 4533 2526 4587 vitare.
2570 4531 2721 4598 Quod
2765 4531 2809 4585 si
2856 4532 3051 4600 aliquis
3097 4529 3236 4583 forte
3284 4542 3570 4599 percussus
3608 4526 3705 4575 fue-

490 4630 706 4685 Christo
736 4629 870 4701 (28),
897 4630 949 4685 in
974 4640 1151 4685 morte
1180 4628 1351 4698 ipsius
1379 4627 1749 4696 baptizantur,
1783 4640 1929 4680 mors
1959 4641 2055 4677 au-

491 4732 597 4776 tem
629 4718 754 4776 Jesu
786 4722 847 4792 in.
885 4722 1063 4776 crucis
1106 4720 1441 4775 exultatione
1488 4716 1806 4788 completur,
1861 4718 2054 4770 merito

557 4837 603 4871 ⁸³
633 4837 753 4893 lsai.
788 4835 998 4901 x1.u,2,
1034 4835 1089 4889 5.
1161 4834 1209 4867 ⁸⁸
1239 4833 1377 4888 Psal.
1406 4847 1563 4899 cxut,
1608 4832 1665 4895 5,
1701 4830 1757 4896 6,
1787 4830 1840 4895 7,
1872 4831 1928 4886 8.

561 4931 675 5002 (2|)
708 4931 891 4985 Codex
938 4928 1325 4983 Gemeticensis
1374 4936 1428 4981 et
1471 4940 1610 4980 unus
1656 4923 2045 4984 Ebroicensis:

494 5024 513 5056 ι
553 5006 697 5057 itane
718 5002 1016 5053 existimas.
1051 5017 1069 5050 ι

559 5073 673 5145 (22)
710 5070 971 5145 Gemetic.
1003 5088 1021 5120 ι
1058 5068 1406 5145 dereliquisti.
1442 5085 1461 5117 ι

558 5136 670 5214 (25)
710 5141 858 5214 Alidem
880 5155 1138 5214 cum‘uno
1178 5136 1486 5214 Ebroiccnsi
1523 5154 1579 5214 τέ
1607 5136 1869 5191 conﬁtens
1903 5151 1929 5189 a
1955 5151 2051 5214 ἕδη

485 5206 766 5274 cerdotali,
805 5230 824 5263 ι
858 5220 962 5266 etc.
996 5208 1160 5263 Paulo
1184 5219 1300 5278 post
1349 5208 1503 5262 codd.
1534 5207 1813 5278 Saugerm.
1853 5217 1909 5262 et
1947 5206 2053 5261 Ge-

490 5288 671 5339 metic.
706 5300 725 5334 t
768 5281 844 5336 illi
870 5296 1004 5351 quos
1039 5276 1198 5334 nosse
1242 5277 1323 5333 fas
1347 5288 1449 5332 est.
1479 5293 1500 5329 ι
1531 5276 1683 5332 Libb.
1718 5278 1844 5333 editi
1874 5295 1888 5333 ι
1919 5297 1937 5331 ‹
1977 5278 2052 5331 illi

485 5356 684 5425 quibus
712 5367 875 5425 nosse
904 5351 984 5405 fas
1008 5363 1109 5425 est.
1137 5368 1167 5425 _i

557 5425 668 5494 (24)
709 5423 861 5494 Mss.,
885 5441 911 5494 il
953 5420 1196 5494 suscipit.
1237 5436 1255 5469 ι
1290 5416 1604 5494 Liin._editi
1640 5433 1654 5471 :
1683 5437 1710 5494 _t_
1737 5419 1994 5494 suscepit.
2026 5436 2044 5470 ι

555 5487 666 5564 (25)
709 5493 833 5558 Ms.,
865 5491 1133 5548 Gemetic.
1165 5508 1181 5539 ι
1214 5489 1409 5564 quid.)
1449 5487 1603 5564 Libb.
1625 5490 1786 5564 editi:
1812 5508 1831 5541 ι
1865 5487 2048 5564 quia.»

552 5557 665 5637 (26)
705 5565 974 5621 Gemetic.
1022 5571 1077 5615 et
1129 5574 1269 5612 unus
1324 5557 1714 5613 Ebroicensis:
1759 5579 1777 5611 ι
1825 5560 2048 5615 solidam

521 5648 712 5691 etram.
752 5655 770 5687 1

484 5653 712 5705 petram.
752 5655 770 5687 ι

555 5707 667 5783 (ἓῖ)
710 5706 993 5783 ξεηββτιη·
1027 5701 1328 5783 «Δαιαῄθξιο
1353 5717 1387 5783 .2

558 5767 669 5847 (28')
713 5777 775 5829 In
808 5767 1312 5847 Christo._Decst‘in
1353 5767 1506 5847 libris
1543 5776 1701 5826 antea
1729 5768 1913 5827 editis.
1944 5768 2050 5827 Sed

488 5839 713 5904 habetur
748 5850 800 5902 in
827 5846 1013 5902 codice
1034 5839 1420 5901 Gemeticensi.

2164 4626 2233 4679 rit
2270 4625 2324 4678 in
2369 4638 2551 4679 eremo
2580 4624 2934 4693 a'scrpente,
2980 4631 3041 4675 ut
3090 4621 3386 4675 ostendant
3433 4619 3482 4673 ei
3526 4632 3700 4672 aerem

2162 4716 2648 4789 serpentem|(55)
2681 4717 2733 4771 in
2788 4730 2950 4771 cruce
2999 4730 3322 4784 suspensum
3372 4730 3389 4767 :
3434 4728 3581 4785 quem
3626 4725 3698 4777 qu:

2017 4829 2305 4897 "105.1",
2332 4829 2385 4884 9.
2459 4828 2505 4860 '°
2539 4826 2734 4897 Philip.
2755 4842 2819 4892 ιι,
2849 4828 2902 4891 9,
2930 4824 3017 4880 10.

2224 4922 2336 5003 (29)
2376 4921 2528 4988 MSS"
2561 4940 2580 4972 t
2618 4921 2948 4992 pervenitur.
3001 4938 3021 4975 ι
3058 4917 3218 4974 Libb.
3265 4919 3397 4975 editi
3427 4937 3441 4973 :
3477 4937 3495 4971 ι
3529 4932 3699 4986 persc-

2151 5003 2312 5048 nertt.
2335 5012 2353 5045 ι

2223 5063 2346 5133 ('50)
2392 5062 2672 5132 Sangerm.
2707 5072 2761 5117 et
2795 5076 2933 5115 unus
2969 5059 3317 5116 Ebroicensis
3348 5078 3411 5133 :Ut
3452 5057 3691 5112 ﬂuenta:

2224 5130 2336 5202 (51)
2377 5130 2641 5187 Gemetic.
2672 5143 2728 5187 et
2755 5147 2894 5185 unus
2930 5133 3152 5202 Ehroic.
3195 5149 3214 5181 ι
3250 5130 3484 5184 desiliet.
3519 5149 3534 5180 ι

2222 5200 2335 5272 (52)
2378 5204 2537 5257 Iidem
2576 5220 2595 5254 ι
2624 5212 2919 5270 acceptam.
2946 5221 2962 5252 ι
2983 5200 3135 5255 Libb.
3166 5202 3297 5255 editi
3325 5218 3335 5247 :
3377 5219 3396 5251 ι
3419 5210 3641 5263 accepta.
3673 5214 3691 5245 ι

2225 5273 2338 5346 (55)
2380 5276 2665 5346 Sangerm.
2700 5284 2755 5327 et
2784 5288 2922 5346 unus
2953 5273 3294 5346 Ebroicensis
3318 5287 3332 5325 :
3356 5280 3652 5346 «sanctum.
3674 5285 3689 5312 ι

2154 5342 2308 5398 Libb.
2336 5345 2467 5399 editi
2502 5342 2513 5396 ἐ
2548 5362 2567 5394 ι
2604 5344 2917 5398 secundum.
2958 5364 2972 5395 ι
3014 5343 3178 5395 l’aulo
3218 5350 3338 5409 post
3391 5342 3518 5394 idem
3548 5353 3689 5409 mss,

2147 5416 2460 5540 l«fiIllccebrn
2498 5415 2801 5469 libidinum.
2840 5433 2858 5464 ι
2897 5412 3051 5470 Libb.
3093 5407 3275 5467 editi:
3318 5431 3337 5464 ι
3372 5411 3605 5465 illeccbn
3636 5407 3690 5455 ﬁ-

2191 5503 2221 5540 lt
2247 5502 2365 5540 IIIIS.
2404 5509 2424 5537 ι

2191 5487 2365 5540 idinis.
2404 5509 2424 5537 ι

2219 5557 2331 5626 (54)
2374 5555 2523 5620 Mss,
2556 5572 2576 5606 ι
2615 5554 2930 5626 formentur.
2958 5573 2991 5626 ιθ
3013 5554 3075 5605 Et
3098 5554 3257 5626 paulo
3280 5561 3395 5623 post
3419 5570 3436 5602 ι
3471 5549 3516 5601 in
3544 5546 3686 5626 εαὶξέδ

2146 5618 2398 5681 ﬂuctibus
2447 5618 2669 5693 deperit.
2716 5623 2871 5677 Libb.
2931 5625 3058 5677 editi
3099 5618 3398 5692 firmentur,
3442 5632 3492 5675 et
3535 5618 3681 5684 punio

2148 5706 2270 5769 post
2302 5700 2353 5751 iu
2385 5698 2539 5769 salsis
2564 5697 2807 5764 ﬂuctibus
2830 5694 3036 5765 diﬁiuit.

2220 5770 2332 5838 (55)
2376 5768 2526 5831 Mss,
2564 5757 2586 5819 ἱ
2635 5779 2834 5819 aereum
2879 5757 3209 5838 serpentem.
3256 5784 3276 5818 ι
3327 5763 3470 5819 Libb.
3516 5757 3677 5813 editi:

2122 5834 2388 5895 teretnum
2412 5846 2740 5907 serpentem,
2774 5854 2792 5887 ι
2832 5834 2991 5891 male.
