3874 6502
534 327 636 382 847

2021 318 2344 376 ORIGENIS
3642 326 3711 379 ιιι

532 444 659 502 Jesn
701 444 952 517 baptizati
1008 449 1132 497 sunt
1174 441 1223 496 in
1265 438 1538 494 Iordane:
1579 439 1652 495 ita
1699 449 1758 495 ut
1805 454 1866 495 ea
1907 455 2027 510 qua:
2067 441 2116 493 in
2148 443 2194 499 Α
2226 438 2387 492 Vides
2419 453 2550 508 ergo
2599 434 2722 505 quia
2777 432 2972 487 Paulus
3019 433 3297 488 accinctos
3341 436 3477 488 not-it
3521 451 3611 500 eos,
3655 446 3712 508 qri

530 536 769 594 Jordane
809 549 958 608 gesua
995 534 1328 599 referuntur,
1381 534 1606 588 formam
1661 543 1879 588 teneant
1927 549 2115 588 sacra-

531 631 718 697 menti,
749 629 889 700 quod
923 644 1020 699 per
1070 629 1396 696 baptismum
1448 627 1774 683 celebratur.
1812 627 1945 682 llhtd
1985 644 2112 684 vero

529 723 670 793 quod
704 722 962 789 scriptum
991 729 1074 775 est
1099 719 1145 752 9⁸
1181 737 1193 772 :
1229 738 1247 772 ι
1284 719 1350 773 Ει
1376 717 1655 775 festinavit
1680 720 1908 789 populus
1939 730 2115 774 trans-

529 816 610 868 ire
648 813 758 883 (46)
791 811 1106 877 Jordanent,
1140 821 1194 867 et
1232 810 1430 867 factum
1461 819 1543 865 est
1573 826 1696 866 cum
1730 814 2115 880 pertransisset

515 906 704 964 .onntis
728 905 974 976 populus,
999 905 1292 960 transiitet
1317 919 1444 959 arca
1471 905 1781 960 testamenti
1814 906 2046 972 Domini,
2089 927 2107 960 ι

529 1013 634 1052 non
669 998 798 1052 mihi
827 998 1001 1053 otiose
1046 997 1289 1052 additum
1334 997 1550 1053 videtur
1588 1015 1615 1051 a
1671 998 1874 1068 Spiritu
1924 1010 2114 1054 sancto

526 1091 668 1162 quod
699 1092 838 1146 dixit
867 1092 992 1162 quia
1022 1091 1300 1148 festinavit
1334 1094 1564 1164 populus
1597 1096 1848 1150 transire.
1877 1095 2031 1152 Unde
2061 1106 2114 1151 et

525 1197 626 1252 ego
661 1182 918 1247 arbitror,
948 1185 1071 1253 quia
1111 1186 1268 1242 nobis
1293 1200 1512 1256 quoque
1541 1185 1884 1242 venientibus
1919 1189 1984 1240 ad
2019 1189 2113 1241 ha-

527 1273 785 1342 ptisntum
832 1274 1157 1340 salutarem,
1213 1257 1267 1331 et
1309 1276 1728 1347 suscipientibus
1768 1288 2110 1333 sacramenta

530 1365 677 1418 verbi
736 1365 852 1428 Dei,
905 1381 1011 1419 non
1073 1367 1246 1422 otiose
1305 1382 1401 1422 nec
1456 1367 1699 1438 segniter
1739 1383 1824 1423 res
1875 1370 2110 1439 gerenda

525 1466 608 1510 est
630 1457 763 1529 (47),
788 1457 882 1512 sed
908 1457 1274 1513 festinandum
1298 1468 1382 1514 est
1411 1467 1464 1512 et
1487 1459 1886 1529 pernrgendum
1917 1475 2112 1528 usque-

527 1569 634 1623 qno
669 1553 850 1606 omnia
887 1562 1247 1608 transeamus.
1281 1551 1541 1607 Transire
1585 1552 1728 1606 enim
1761 1553 1966 1615 omnia,
2007 1554 2110 1607 im-

528 1646 677 1714 plere
709 1655 789 1700 est
827 1646 1009 1701 omnia
1051 1662 1170 1716 quae
1206 1648 1560 1700 mandantur.
1597 1645 1940 1703 lt‘estittetnus
1982 1663 2112 1717 ergo

527 1741 780 1805 transire,
837 1740 885 1794 id
937 1747 1021 1794 est
1075 1739 1374 1808 adimplere
1429 1739 1603 1809 primo
1654 1740 1797 1808 quod
1849 1740 2108 1808 scriptum

2223 531 2498 599 pr:ccincti
2533 537 2659 584 sunt
2707 526 2923 596 cingulo
2966 527 3232 581 veritatis.
3286 527 3442 595 Igitur
3477 541 3611 584 etiam
3649 551 3716 585 tto-

2224 631 2395 676 strum
2429 637 2548 677 esse
2571 620 2838 689 cingulum
2861 620 3251 684 veritasdebet,
3283 622 3323 673 si
3354 631 3515 674 tamen
3537 638 3716 678 servatr-

2224 717 2394 770 rimus
2447 715 2656 771 militia:
2716 717 2875 788 hujus
2924 727 2979 772 et
3027 715 3229 787 cingnli
3275 728 3648 770 sacramentum.
3679 724 3715 774 Si

2223 809 2369 863 enim
2402 810 2603 864 veritas
2633 818 2717 864 est
2755 809 3030 881 cingulum
3061 818 3308 864 nostrum
3349 823 3451 876 quo
3491 809 3548 860 ad
3575 808 3716 865 Christi

2222 903 2468 957 militiam
2518 903 2813 975 cingimur,
2841 905 2884 960 si
2912 901 3130 972 quando
3184 900 3374 954 falsum
3427 901 3719 968 loquintumt

2223 997 2567 1050 mendacium
2615 997 2680 1051 de
2737 1012 2830 1051 ore
2883 1003 3074 1050 nostro
3126 993 3407 1065 procedit,
3449 995 3719 1064 discingimrr

2222 1105 2250 1141 a
2302 1089 2488 1143 militia
2536 1089 2780 1153 Christi,
2827 1097 2880 1143 et
2929 1088 3111 1143 balteo
3162 1087 3406 1142 veritatis
3446 1088 3716 1145 CXSOlt'ilmtr.

2224 1181 2360 1250 Ergo
2394 1181 2437 1236 si
2478 1180 2528 1234 in
2565 1181 2796 1236 veritate
2832 1193 3052 1242 sumus,
3102 1193 3287 1232 sumus
3333 1179 3487 1234 cincti
3521 1198 3533 1234 :
3565 1181 3601 1232 si
3637 1197 3720 1233 rem

2222 1273 2276 1325 in
2309 1271 2568 1338 falsitate,
2602 1273 2876 1327 discincti.
2901 1272 3008 1327 Sed
3037 1286 3135 1326 nos
3168 1273 3440 1327 imitemur
3467 1275 3614 1342 potius
3634 1275 3718 1328 istos

2221 1364 2580 1433 quadraginta
2615 1365 2782 1420 millia
2817 1366 3270 1424 viros’accinclos
3302 1366 3620 1436 precedeutcs
3647 1368 3717 1428 (Sll

2220 1457 2286 1511 ad
2320 1457 2518 1511 bellum
2551 1457 2602 1510 itt
2641 1469 2932 1527 conspectu
2964 1461 3196 1523 Domini,
3230 1470 3282 1513 et
3316 1473 3518 1528 semper
3541 1459 3669 1514 simus
3687 1462 3717 1513 in

2219 1551 2448 1604 veritate
2488 1551 2778 1606 succincti.
2811 1552 2914 1606 Sed
2951 1569 3016 1608 ne
3058 1553 3186 1608 illud
3223 1553 3436 1622 quidem
3465 1554 3718 1622 ctiosepra-

2220 1648 2369 1694 terco
2421 1642 2562 1709 quod
2615 1641 2764 1696 addit
2805 1643 3112 1711 Scriptura.
3157 1643 3285 1713 quia
3341 1641 3552 1696 accincti
3592 1657 3719 1708 prm-

2219 1733 2351 1786 dttttt
2381 1731 2490 1804 (52)
2527 1734 2577 1786 itt
2603 1745 2895 1804 conspectu
2930 1733 3162 1789 Domini.
3198 1733 3314 1788 Non
3351 1734 3488 1787 enim
3523 1731 3718 1785 sullicitte

487 1824 495 1832 ’
525 1836 606 1881 est
641 1828 754 1898 (48)
784 1845 799 1884 ;
835 1846 852 1878 ι
897 1827 1050 1882 Beati
1086 1843 1348 1898 pauperes
1385 1829 1577 1898 spiritu
1603 1830 1684 1894 ’5;
1727 1845 1744 1876 ι
1773 1839 1830 1884 ιιι
1860 1830 2107 1899 deposita
2142 1824 2184 1878 Β
2215 1829 2356 1897 apud
2402 1830 2646 1883 homines
2681 1830 2851 1883 videri
2913 1843 3136 1882 servare
3181 1828 3487 1882 veritatem.
3531 1824 3718 1880 Possibiie

522 1921 671 1974 omni
700 1921 1030 1991 arrogantia,
1055 1932 1110 1976 et
1135 1920 1335 1976 Christi
1370 1923 1677 1977 humilitate
1705 1934 1958 1994 suscepta
1989 1941 2111 1995 per-

523 2015 711 2070 venire
767 2016 832 2068 ad
893 2015 1281 2086 repromissatn
1336 2016 1730 2072 beatitudinem
1779 2033 2107 2075 mercantur.

523 2108 629 2164 Sed
659 2117 861 2163 etcum
897 2107 1012 2164 haec
1055 2108 1484 2178 impleverimus,
1514 2125 1618 2164 non
1666 2109 1822 2166 nobis
1855 2113 2107 2166 standum

518 2211 600 2255 est
644 2216 820 2272 neque
855 2200 1205 2267 cessandum,
1240 2202 1337 2257 sed
1377 2203 1708 2256 transeunda
1742 2213 1867 2258 sunt
1909 2215 1964 2258 et
2006 2220 2110 2259 ca:-

520 2304 636 2348 tera
661 2310 780 2364 qua:
809 2304 1136 2365 sequuntur,
1165 2303 1224 2349 ut
1249 2294 1557 2350 esuriamus
1591 2305 1644 2351 ct
1678 2297 1926 2352 sitiatntts
1947 2297 2109 2366 justi-

520 2383 673 2440 tiam.
709 2383 1126 2440 Transeundum
1163 2385 1319 2441 nobis
1352 2396 1435 2442 est
1473 2389 1615 2456 quod
1661 2389 1928 2458 sequitur,
1961 2400 2018 2444 ut
2055 2392 2105 2445 in

521 2477 625 2530 hoc
649 2477 848 2531 mundo
874 2477 1178 2547 lugeamus.
1203 2479 1328 2534 Cito
1350 2480 1513 2534 etiam
1545 2481 1748 2551 reliqua
1777 2485 2104 2538 transeunda

521 2578 670 2635 sunt,
707 2579 766 2622 ut
807 2571 1070 2624 mansueti
1109 2569 1426 2634 elliciamur,
1451 2583 1505 2627 et
1541 2583 1600 2628 ttt
1645 2577 1853 2644 pacifici
1889 2593 2108 2632 manea-

522 2677 664 2727 mus,
694 2673 745 2715 ut
780 2678 878 2733 per
913 2663 1016 2719 hoc
1041 2664 1133 2718 lilii
1159 2665 1251 2720 Dei
1279 2667 1458 2720 vocari
1497 2669 1785 2738 possimus.
1821 2669 2109 2726 Festinan-

519 2755 646 2808 dum
674 2770 888 2826 quoqtte
913 2756 1068 2813 nobis
1093 2767 1196 2823 est,
1229 2768 1286 2813 ut
1311 2760 1747 2829 persecutionum
1780 2762 2108 2834 (49)tempns

520 2845 723 2902 virtute
749 2847 1024 2916 patientia:
1058 2859 1424 2905 transeamus.
1457 2851 1704 2921 Cumque
1737 2854 1852 2911 hzec
1894 2856 2106 2925 singula

519 2950 639 3002 quae
669 2937 732 2990 ad
771 2937 989 2993 virtutis
1033 2938 1261 3010 gloriam
1295 2951 1560 3010 spectant,
1594 2960 1699 2998 non
1740 2947 1979 3014 segniter
2009 2965 2107 3003 nec

522 3029 769 3092 remisse,
792 3031 885 3084 sed
923 3048 1045 3085 cum
1078 3032 1222 3086 omni
1257 3033 1509 3088 instantia
1555 3047 1609 3091 et
1658 3037 1940 3095 celeritate
1977 3057 2106 3096 con-

517 3121 865 3190 quisierimus
901 3121 1036 3203 (50).,
1072 3126 1174 3179 hoc
1211 3125 1340 3180 tttilti
1375 3130 1588 3181 videtur
1636 3145 1757 3184 esse
1795 3146 1918 3186 cum
1954 3133 2104 3188 festi-

520 3215 738 3270 natione
770 3218 1005 3273 trattsire
1033 3217 1349 3275 Jordanetn.
1375 3220 1507 3277 Cttnt
1543 3238 1675 3279 vero
1705 3228 2103 3297 transierimus,

517 3316 573 3362 et
598 3307 847 3364 obtinere
876 3311 1214 3380 petueritnus
1245 3329 1362 3383 qua:
1390 3316 1637 3372 obtinere
1671 3317 1956 3390 debemus,
1986 3339 2106 3377 rur-

516 3414 636 3456 sum
672 3402 826 3458 ttobis
853 3403 1144 3473 diligentia:
1191 3417 1247 3461 et
1301 3408 1527 3463 cautela:
1561 3424 1688 3465 cura
1737 3415 2001 3479 succedit,
2041 3432 2107 3471 tte

517 3493 657 3550 forte
692 3495 1051 3567 negligentius
1093 3499 1424 3569 incedentes,
1458 3503 1754 3575 improviso
1800 3507 1984 3577 aliquo
2027 3509 2103 3562 la.

517 3604 615 3655 psu
650 3588 995 3644 effundantur
1033 3608 1253 3663 gressus
1300 3597 1508 3662 nostri,
1566 3599 1708 3653 sicut
1746 3609 1801 3654 et
1837 3599 2102 3671 Propheta

517 3681 719 3737 dicit"
753 3701 767 3738 :
803 3703 820 3738 ι
858 3682 1209 3743 Paulominus
1252 3689 1405 3744 ell‘usi
1471 3701 1599 3746 sunt
1649 3707 1870 3761 gressus
1913 3697 2041 3750 ntei.
2080 3715 2097 3747 ι

516 3770 626 3827 Nec
682 3775 960 3833 remissior
1011 3780 1168 3834 nobis
1213 3779 1522 3834 sollicitudo
1572 3781 1622 3835 itt
1673 3787 2099 3850 conservandis,

513 3879 676 3933 quant
712 3866 765 3919 in
799 3868 1188 3937 conquirendis
1215 3870 1374 3926 debet
1399 3887 1523 3928 esse
1552 3873 1868 3935 virtutibus.

585 3955 638 4010 2.
669 3957 751 4011 Αιι
786 3975 890 4013 non
921 3961 1034 4017 lttnc
1075 3963 1170 4016 tibi
1199 3965 1470 4036 designari
1502 3965 1754 4022 videntur
1781 3970 1834 4024 itt
1869 3985 1933 4026 eo
1956 3973 2099 4040 quod

515 4049 714 4104 dicitttr
741 4051 808 4119 ⁸⁷,
835 4054 961 4122 quia
993 4073 1012 4106 r
1053 4058 1410 4126 quadraginta
1447 4059 1612 4114 millia
1646 4061 1884 4118 virorum
1918 4065 2101 4120 accin-

514 4141 606 4206 ui,
657 4160 678 4195 ι
713 4143 794 4198 vel
828 4163 846 4196 ι
885 4147 1117 4217 expediti
1150 4151 1484 4204 transierunt
1517 4153 1582 4206 ad
1610 4169 1846 4225 pugnam
1882 4157 1935 4211 in
1969 4173 2099 4213 con-

515 4244 702 4299 spectu
727 4235 937 4293 Domini
960 4242 1026 4294 ad
1054 4244 1466 4312 expugnandam
1489 4241 1709 4301 Jericho
1731 4247 2043 4306 civitatem?
2071 4269 2090 4304 ι

514 4328 874 4399 llequirantns
900 4335 992 4406 qui
1025 4336 1114 4391 isti
1163 4348 1311 4410 sunt,
1343 4354 1481 4409 quos
1528 4339 1808 4406 Scriptura
1837 4343 1967 4398 dicit
2006 4360 2097 4401 ac-

509 4421 720 4479 cinctos
754 4423 839 4478 vel
887 4428 1192 4496 expeditos.
1240 4414 1354 4502 Ego
1396 4446 1461 4484 ex
1511 4429 1716 4500 meipso
1764 4449 2097 4501 praesumere

2214 1937 2448 1991 namque
2471 1931 2550 1977 est
2585 1921 2772 1975 fallere
2815 1921 3084 1985 homines,
3109 1930 3161 1975 et
3207 1933 3455 1974 veracent
3487 1919 3639 1978 videri,
3660 1923 3716 1971 sed

2215 2030 2324 2070 non
2355 2031 2421 2069 ex
2451 2030 2516 2068 eo
2551 2013 2604 2067 itt
2635 2014 2867 2068 veritate
2897 2013 3209 2067 succinctus
3250 2027 3336 2076 es,
3384 2011 3480 2063 nisi
3505 2010 3612 2063 etin
3635 2025 3714 2063 caa-

2213 2118 2399 2179 specttt
2458 2107 2673 2162 Domini
2722 2108 3031 2162 servaveris
3086 2107 3402 2167 veritatem,
3448 2104 3494 2155 id
3534 2114 3615 2165 est,
3649 2119 3712 2154 non

2212 2205 2388 2260 solum
2425 2220 2544 2274 quae
2572 2218 2706 2258 voce
2742 2202 2988 2259 homines
3022 2205 3275 2268 audiunt,
3302 2201 3396 2256 sed
3429 2209 3480 2254 et
3504 2213 3555 2252 ea
3579 2198 3712 2269 quia

2211 2299 2378 2353 corde
2406 2297 2663 2367 perspicit
2693 2296 2857 2360 Deus,
2893 2304 2950 2350 ut
2980 2296 3113 2352 nihil
3144 2297 3215 2352 sit
3253 2296 3310 2349 in
3343 2294 3500 2349 corde
3528 2292 3711 2354 locatum,

2214 2393 2514 2447 secundum
2562 2393 2706 2462 quod
2741 2389 3009 2460 Propheta
3041 2391 3169 2446 dicit
3203 2395 3270 2443 de
3316 2388 3589 2443 talibus”.
3615 2406 3627 2437 ι
3651 2385 3713 2452 Qui

2212 2485 2503 2555 loquuntur
2557 2500 2744 2554 pacem
2795 2500 2918 2540 eum
2972 2485 3219 2553 proximo
3256 2499 3381 2543 suo,
3429 2481 3552 2535 mala
3594 2491 3709 2534 autem

2209 2587 2334 2632 sunt
2363 2578 2414 2632 iit
2448 2578 2706 2633 cordibus
2729 2594 2938 2632 eorum.
2977 2597 2995 2628 ι
3026 2578 3244 2646 Absque
3275 2577 3366 2631 his
3393 2591 3511 2646 ergo
3539 2573 3711 2626 omnibas

2209 2685 2331 2724 esse
2363 2670 2525 2725 debet
2549 2670 2640 2740 qui
2677 2671 2790 2725 vult
2834 2670 3116 2724 accinctus
3165 2669 3219 2722 in
3256 2674 3539 2736 conspectu
3572 2666 3710 2719 Domitii

2210 2765 2504 2833 procedere
2549 2765 2615 2818 ad
2659 2741 3077 2836 expugnandam
3127 2761 3390 2827 Jericho,
3444 2760 3553 2829 quia
3592 2769 3711 2811 trans-

2213 2865 2403 2911 euntes
2434 2854 2728 2912 Jordanem
2761 2855 2986 2910 ﬂuvium
3017 2857 3083 2909 ad
3118 2870 3336 2925 pugnas
3366 2864 3414 2908 et
3458 2854 3573 2907 bella
3599 2863 3713 2903 trans-

2211 2949 2373 3018 imus.
2409 2949 2503 3005 Vis
2536 2951 2731 3005 iterum
2767 2951 2980 3005 discere
3011 2965 3131 3018 quze
3170 2964 3272 3002 nos
3327 2963 3509 3018 pugna:
3543 2944 3712 3014 pmtlu-

2210 3016 2489 3111 ptishttttn,
2530 3059 2650 3112 qua:
2682 3042 2822 3098 bella
2864 3016 3201 3112 suscipiunt?
3230 3016 3353 3094 Noli
3400 3056 3426 3092 a
3458 3053 3549 3096 nte.
3584 3039 3650 3091 sed
3672 3039 3711 3089 ab

2213 3136 2328 3204 ipso
2358 3150 2544 3190 rursus
2572 3135 2722 3189 disce
2770 3134 3011 3203 apostolo
3059 3131 3248 3196 Paulo,
3288 3133 3406 3202 ipse
3438 3140 3486 3184 te
3520 3131 3640 3184 docet
3661 3127 3710 3178 di-

2212 3242 2343 3281 cens
2367 3229 2382 3258 ‘
2418 3247 2429 3282 :
2466 3247 2484 3279 ι
2524 3227 2636 3282 Non
2668 3227 2812 3283 enim
2852 3226 3007 3281 nobis
3038 3243 3216 3297 pugna
3269 3236 3356 3280 est
3395 3226 3616 3280 adversus
3637 3239 3712 3276 car-

2210 3336 2333 3374 nem
2363 3330 2416 3376 et
2455 3321 2798 3391 sanguinem,
2831 3320 2926 3374 sed
2955 3320 3216 3374 adversus
3248 3318 3568 3388 principatus
3597 3316 3710 3369 αλιι.

2210 3431 2397 3470 versus
2439 3424 2756 3484 potestates,
2808 3415 3070 3467 adversus
3118 3411 3280 3479 hujus
3332 3411 3505 3465 mundi
3546 3419 3711 3464 rectum

2211 3507 2557 3562 tenebrarum
2597 3507 2811 3569 harum,
2843 3506 3102 3560 adversus
3143 3505 3416 3574 spiritalia
3461 3501 3708 3572 ncquitimia

2207 3599 2539 3658 coelestibus.
2572 3619 2591 3651 ι
2615 3599 2824 3654 Formae
2847 3608 2968 3653 sunt
2992 3608 3048 3652 et
3075 3599 3261 3666 figura:
3285 3615 3409 3670 qua:
3428 3598 3599 3666 scripta
3617 3606 3706 3649 sunt

2207 3695 2283 3749 lta
2320 3694 2466 3749 enim
2502 3693 2638 3748 dicit
2665 3692 2958 3762 Apostolus
2984 3693 3004 3722 ²
3038 3704 3054 3745 :
3087 3709 3104 3743 ι
3140 3689 3271 3746 Haec
3320 3692 3461 3744 enim
3513 3690 3649 3742 omnia
3677 3689 3706 3734 is

2207 3789 2381 3860 figura
2427 3787 2816 3857 contingebant
2870 3785 3011 3840 illis:
3040 3785 3244 3855 scripta
3290 3797 3417 3840 sunt
3455 3796 3603 3839 autem
3630 3797 3707 3848 pra-

2204 3892 2324 3952 pter
2366 3898 2465 3937 nos
2519 3882 2651 3949 (55),
2709 3881 2759 3934 in
2804 3895 2942 3951 quos
3000 3880 3133 3935 lines
3178 3881 3499 3936 smculorum
3555 3880 3708 3932 deme-

2206 3987 2352 4030 runt.
2401 3993 2418 4027 t
2453 3975 2510 4029 Si
2537 3989 2666 4044 ergo
2697 3982 2920 4042 propter
2955 3988 3052 4027 nos
3097 3973 3305 4040 scripta
3355 3983 3496 4035 sunt,
3521 3987 3600 4042 age
3628 3969 3708 4036 quiJ

2204 4068 2425 4124 cessas?
2464 4068 2736 4122 Exeatnns
2763 4066 2828 4120 ad
2867 4065 3089 4128 bellum,
3120 4076 3177 4118 ttt
3205 4075 3537 4135 expugnetur
3559 4080 3580 4116 a
3607 4063 3706 4115 nobis

2201 4161 2396 4217 cit-itas
2426 4161 2586 4229 hujus
2619 4160 2803 4214 mundi
2833 4158 3050 4213 malitia;
3079 4157 3214 4229 (54),
3244 4169 3306 4211 ιιι
3340 4157 3532 4228 peccati
3552 4157 3706 4224 suprrh

2202 4255 2400 4309 muenia
2441 4253 2809 4310 destruaatnr.
2843 4251 3230 4320 Circumspicis
3264 4251 3407 4306 forte
3435 4266 3533 4320 quo
3557 4249 3628 4302 tibi
3650 4247 3705 4297 iti-

2201 4361 2331 4401 nere
2363 4345 2817 4416 progrediendum
2852 4345 2942 4408 sit,
2969 4345 3059 4415 qui
3094 4359 3325 4414 campus
3355 4342 3626 4400 certaminis
3647 4353 3705 4393 ct-

2199 4440 2483 4510 petendus.
2517 4438 2725 4493 Novum
2762 4436 2856 4491 tibi
2881 4436 3116 4492 fortasse
3138 4438 3418 4492 videbitur
3443 4435 3570 4504 quod
3592 4433 3706 4486 dictu-

515 4515 716 4586 aliquid
752 4528 809 4573 et
853 4523 1209 4591 pronuntiare
1255 4539 1361 4579 non
1412 4525 1607 4581 audeo.
1638 4526 1880 4593 Apostoli
1923 4531 2094 4600 magis
2127 4543 2170 4598 υ
2200 4547 2291 4586 rus
2317 4549 2458 4599 sum,
2488 4531 2582 4587 sed
2620 4542 2799 4586 tamen
2836 4546 3023 4587 verum
3067 4541 3171 4597 est,
3212 4544 3416 4600 praeter
3448 4527 3702 4596 temetipsum

515 4606 708 4664 litteris
736 4611 1030 4668 doceamur
1074 4614 1127 4668 in
1169 4615 1385 4671 talibus.
1428 4616 1528 4684 Qui
1575 4627 1702 4673 sunt
1735 4619 1824 4673 isti
1865 4621 2092 4678 accincti

513 4700 678 4758 Paulo
706 4718 1010 4774 cxponentc
1040 4709 1332 4765 discamus.
1370 4711 1508 4765 Audi
1545 4713 1657 4782 ipse
1683 4713 1814 4784 quid
1843 4714 1975 4769 dicit
2003 4715 2048 4747 ⁸⁸
2074 4734 2088 4770 :

518 4815 534 4845 ι
579 4797 761 4855 Eslote
790 4816 920 4873 ergo
949 4804 1178 4858 accincti
1209 4805 1424 4859 lumbos
1453 4815 1661 4861 vestros
1690 4807 1744 4860 in
1779 4809 2028 4864 veritate.
2067 4829 2085 4862 ι

581 4915 962 4986 "Jos.tv,10,
991 4924 1078 4977 ll.
1156 4925 1201 4956 ⁵⁸
1225 4924 1409 4980 Matth.
1433 4939 1485 4987 v,
1513 4924 1568 4978 5.

511 4987 529 5018 ³
562 4988 758 5055 Ephes.
808 5007 880 5056 vr,
935 4995 1022 5050 12.
1115 4997 1136 5027 ³
1165 4994 1187 5048 ι
1219 4997 1343 5050 Cor.
1377 5012 1430 5058 x,
1467 4995 1554 5051 H.

583 5081 693 5151 (46)
722 5082 1115 5143 Genteticensis
1137 5097 1191 5143 et
1211 5105 1350 5143 unus
1373 5089 1738 5154 Ebroicensis,
1760 5107 1778 5140 ι
1808 5091 2090 5148 transire.»

513 5151 664 5206 Libh.
705 5158 858 5222 editi,
897 5177 916 5210 ι
949 5168 1003 5213 et
1028 5161 1264 5214 transiit.
1304 5179 1322 5211 ι

581 5225 693 5294 (47)
736 5225 834 5282 lies
865 5232 1098 5302 gerenda
1129 5241 1226 5284 est.
1263 5228 1413 5285 Unus
1444 5232 1804 5296 Ebroicensis,
1842 5248 1861 5282 ι
1895 5247 2091 5302 εει-ρης

507 5293 737 5418 dtltllleSl
756 5315 804 5366 ;t
828 5293 1318 5357 al'terEbroicensis
1339 5316 1460 5356 cum
1478 5293 1859 5369 GenteticettSi,
1884 5293 2093 5360 (trans-

507 5381 629 5418 eum
655 5383 740 5418 llm
769 5382 868 5418 est-
905 5391 924 5418 ι

507 5381 740 5422 eundum
769 5382 868 5426 est.
905 5391 924 5424 ι

548 5437 691 5518 (ιὸ)
731 5440 914 5498 Codex
947 5441 1340 5518 Cerneticensis
1375 5461 1389 5500 :
1425 5463 1442 5498 ι
1483 5443 1742 5501 Transire
1791 5459 1922 5518 ergo
1967 5459 2088 5500 ont-

507 5515 596 5588 ni_:_t
631 5527 748 5588 qua:
799 5516 1128 5588 mandantur
1160 5515 1503 5588 festinemus.
1551 5517 1689 5588 Ergo
1729 5517 1961 5573 transire
2006 5526 2086 5571 est

506 5580 802 5658 adimplere
819 5586 1004 5658 primo
1030 5586 1170 5655 quod
1200 5589 1460 5658 scriptum
1494 5597 1597 5646 est.
1625 5580 1656 5639 ἲ
1732 5657 1739 5658 7
1971 5617 1974 5619 λ

575 5648 898 5777 £409)dCodex
952 5648 1260 5728 Sangernt.,
1304 5648 1328 5710 ἱ
1372 5670 1601 5730 tempus.
1657 5679 1676 5712 ι
1724 5657 1878 5713 Libh.
1932 5657 2083 5724 editi,

648 5741 679 5776 ιι
725 5741 806 5777 us.
848 5747 866 5777 ι

509 5734 531 5770 α
575 5734 806 5790 pondus.
848 5747 866 5779 ι

576 5793 690 5865 (50)
725 5796 906 5856 Codex
957 5798 1342 5860 Gcmeticensis
1395 5817 1516 5858 cunt
1564 5819 1668 5860 uno
1719 5800 2081 5866 Ebroicensi,

1646 4926 1694 4958 ⁹⁶
1715 4925 1858 4982 Psal.
1884 4943 2079 4995 Lxxnt,
2096 4929 2150 4984 9..

2206 4625 2551 4680 extrinsecus
2575 4625 2710 4678 nihil
2736 4624 3001 4695 requiras.
3024 4623 3165 4678 lntra
3196 4634 3249 4679 te
3271 4635 3358 4679 est
3380 4624 3593 4692 pradium
3612 4619 3701 4688 quo!

2199 4727 2453 4790 gesturus
2508 4734 2608 4774 es:
2643 4717 2969 4772 intrinsecus
3016 4727 3098 4772 est
3143 4717 3286 4771 mala
3324 4715 3598 4776 aediﬁcatio,
3629 4725 3701 4778 qs!

2199 4813 2506 4868 subruenda
2539 4822 2623 4868 est
2649 4827 2663 4866 :
2698 4813 2872 4867 hostis
2900 4822 3039 4880 tuus,
3065 4812 3130 4867 de
3158 4821 3253 4866 tuo
3279 4811 3446 4884 408
3471 4811 3604 4865 corde
3622 4819 3700 4873 patr

2228 4931 2272 4964 "’
2300 4929 2413 4986 Jos.
2437 4945 2510 4995 tv,
2541 4930 2625 4985 15.
2685 4932 2732 4962 ⁸⁸
2762 4929 2962 4998 Ephes.
2993 4943 3067 4994 vt,
3101 4927 3187 4983 14.
3266 4929 3312 4960 ’⁸
3342 4927 3479 4982 Psal.
3502 4940 3634 4988 xmt,
3666 4919 3698 4972 3.

2205 5112 2224 5147 ι
2263 5094 2738 5164 conquisierimus.
2789 5114 2807 5147 ι
2863 5093 3020 5147 Libh.
3069 5092 3220 5153 editi,
3255 5111 3274 5143 ι
3325 5092 3696 5159 conquirimust

2269 5165 2382 5236 (5|)
2430 5164 2583 5221 Libb.
2637 5165 2792 5227 editi,
2826 5183 2844 5214 ι
2881 5166 3121 5218 virorum
3180 5164 3538 5217 accitu-torum
3572 5169 3697 5228 proce-

2197 5237 2465 5312 dentium:
2499 5255 2518 5286 ι
2547 5237 2640 5312 sed
2676 5251 2805 5312 mss.
2839 5248 2898 5288 ιιι
2931 5236 3399 5312 in_nos_t_ro_texttt.

2267 5306 2377 5378 (59.)
2416 5305 2738 5379 Procedunt.
2773 5307 2932 5379 Deest
2981 5309 3033 5379 in
3088 5303 3241 5379 libris
3287 5302 3694 5379 antea_editis,sc‘_d

2195 5374 2464 5446 reperitur
2501 5380 2552 5432 in
2589 5377 2774 5433 codice
2816 5376 3178 5432 Gemetieensi
3209 5385 3263 5428 et
3291 5390 3402 5427 uno
3434 5374 3693 5446 Ebruiceust-

2266 5445 2377 5520 (’53)
2409 5449 2629 5518 Propter
2655 5465 2770 5503 nos.
2805 5449 2984 5504 Codex
3012 5447 3425 5510 Genteticensis,
3449 5463 3467 5495 ι
3494 5445 3548 5497 ad
3569 5449 3690 5496 com

2195 5521 2436 5596 [itionem
2471 5528 2732 5596 nostra-tn,
2776 5538 2794 5570 ι
2855 5586 2898 5596 Π
3466 5585 3477 5596 _
3500 5583 3511 5596 .
3586 5582 3595 5592 .
3626 5579 3634 5588 ,

2267 5591 2378 5660 (54)
2411 5590 2564 5644 Libh.
2597 5591 2724 5644 editi
2756 5609 2768 5644 :
2800 5607 2819 5640 ι
2855 5586 2922 5644 Ut
2960 5597 3303 5659 Oppugnetur
3339 5603 3367 5660 τι
3399 5585 3536 5639 nobis
3557 5585 3688 5633 civitas

2192 5658 2366 5731 prima
2399 5661 2558 5730 hujus
2597 5662 2776 5714 mundi
2825 5659 3046 5715 malitia.
3083 5658 3309 5716 DCOdCX
3342 5658 3686 5728 Sangeruuuea-

2193 5734 2272 5790 sis
2307 5743 2363 5788 ut
2393 5736 2446 5790 in
2475 5743 2659 5790 uestro
2697 5741 2866 5788 textu.
