3798 6384
131 344 211 401 Siti

128 459 254 516 cedit.
275 455 373 512 Non
415 469 519 509 mea
548 468 644 509 vox
675 454 794 521 ista,
829 455 924 512 sed
954 456 1157 513 Christi
1183 469 1284 517 est.
1321 460 1455 515 Audi
1490 459 1632 515 enim
1664 459 1707 514 Α

127 556 259 621 ipsum
285 550 525 604 dicentem
558 548 577 580 ³
604 564 620 602 :
652 567 670 601 ι
696 548 771 602 De
799 550 961 604 corde
986 551 1130 606 enim
1156 557 1452 624 procedunt
1490 558 1637 628 cogi-

126 646 311 700 tationes
338 642 493 707 mala},
522 642 807 698 homicidia
831 685 846 711 ,
902 646 1189 712 adulteria,
1224 649 1631 721 fornicationes,

124 737 251 803 furta,
280 734 395 790 falsa
442 735 768 802 testimonia,
796 736 1169 808 blasphemiae.
1209 761 1227 793 ι
1262 740 1427 800 Vides
1460 761 1633 815 quan-

121 838 187 881 tus
205 835 250 879 et
275 825 428 895 qualis
453 828 721 882 exercitus
747 829 984 885 hostium
1019 840 1234 890 tuorum
1259 836 1546 893 adversum
1582 848 1635 895 te

120 923 169 975 de
189 932 262 975 tuo
282 922 429 976 corde
458 922 731 989 procedit?
765 923 854 978 Isti
889 926 1045 982 nobis
1077 930 1249 997 prima
1296 940 1476 1001 strage
1508 932 1634 989 fun-

120 1011 241 1066 dendi
266 1024 397 1078 sunt,
428 1014 509 1069 isti
556 1014 726 1083 prima
761 1017 878 1071 acie
921 1023 1322 1085 prosternendi.
1354 1023 1558 1081 IIornm
1586 1026 1633 1081 si

116 1107 328 1161 subruere
354 1110 539 1163 muenia
594 1112 845 1182 ipsosque
866 1118 934 1171 ad
969 1118 1394 1175 internecionem
1424 1123 1633 1178 caedere

115 1200 375 1269 poterimus,
405 1203 470 1255 ita
499 1213 682 1261 utnon
718 1209 1089 1279 relinquamus
1116 1229 1180 1268 ex
1208 1215 1288 1269 eis
1315 1214 1405 1284 qui
1437 1230 1631 1271 renun-

115 1294 188 1345 tiet
208 1294 275 1347 vel
300 1295 531 1362 respiret,
565 1296 610 1352 si
643 1296 753 1367 jam
801 1301 978 1357 nullus
1002 1318 1068 1357 ex
1098 1303 1163 1359 iis
1188 1320 1414 1372 prorsus
1455 1306 1508 1362 in
1537 1322 1633 1361 no—

114 1387 212 1439 stris
232 1386 621 1456 cogitationibus
666 1392 940 1449 redivivus
992 1397 1256 1467 eruperit,
1298 1407 1427 1454 tunc
1476 1400 1631 1457 nobis

114 1493 186 1545 per
205 1476 363 1532 Iesum
403 1481 620 1536 dabitur
657 1484 750 1539 illa
775 1488 1012 1557 requies,
1047 1499 1106 1544 ut
1144 1494 1514 1563 unusquisque
1548 1510 1633 1551 re-

112 1570 306 1638 quiescat
340 1575 433 1629 sub
478 1577 633 1632 vinea
676 1594 772 1635 sua
811 1591 865 1636 et
912 1582 1013 1637 sub
1061 1585 1167 1641 ﬁcu
1208 1601 1325 1655 sua,
1352 1603 1476 1643 cum
1516 1588 1628 1661 jam

112 1680 189 1717 non
226 1665 287 1720 sit
324 1669 407 1735 qui
445 1680 723 1727 exterreat
762 1673 901 1730 ﬁlios
931 1678 1120 1733 Israel.

161 1757 208 1868 Ξῖ
228 1758 588 1819 Verumtamen
622 1774 911 1824 transeunt
941 1768 1233 1828 Iordanem
1268 1778 1627 1849 quadraginta
1661 1813 1705 1868 Β

108 1850 235 1904 millia
271 1853 495 1911 virorum
544 1868 884 1915 armatorum
929 1866 1162 1921 accincti
1217 1867 1270 1921 in
1333 1880 1627 1939 conspectu

109 1942 273 1999 Domini
314 1947 375 2000 ad
419 1948 642 2018 bellum,
682 1963 738 2007 et
780 1964 911 2012 tunc
957 1958 1089 2014 dicit
1131 1959 1411 2032 Scriptura
1437 1963 1482 2031 ⁸,
1504 1967 1629 2036 quia

112 2037 193 2090 «in
219 2038 290 2094 die
309 2039 387 2095 illa
426 2045 688 2100 exaltavit
721 2046 983 2106 Dominus
1025 2050 1208 2109 Jesum
1248 2055 1300 2111 in
1334 2068 1629 2128 conspectu

110 2132 235 2186 totius
255 2136 448 2203 generis
476 2138 716 2195 ﬁliorum
758 2140 962 2199 Israel?
994 2164 1012 2198 ›
1041 2146 1224 2202 Fuerit
1273 2151 1487 2218 quidem
1525 2154 1628 2208 ista

105 2225 188 2296 (55)
214 2227 443 2284 exaltatio
484 2231 601 2287 ﬁlio
632 2234 795 2301 Nave,
837 2247 896 2291 ut
937 2238 1041 2293 dux
1077 2242 1256 2310 populi
1308 2243 1448 2300 illius
1489 2248 1629 2315 apud

105 2338 174 2379 eos
213 2341 328 2393 quos
378 2330 623 2397 regebat,
676 2334 1002 2403 magniﬁcus
1051 2336 1397 2394 haberetur:
1445 2351 1631 2397 noster

106 2431 201 2471 vero
219 2416 357 2476 Jesus
384 2421 648 2479 Dominus
677 2440 849 2494 meus,
884 2427 992 2483 dux
1024 2436 1077 2484 et
1103 2437 1285 2485 rector
1314 2432 1493 2501 populi
1531 2434 1631 2487 hu-

103 2510 178 2575 ius,
206 2515 447 2581 quomodo
470 2516 749 2573 exaltatur
774 2519 827 2574 in
873 2531 1164 2590 conspectu
1195 2523 1371 2579 omnis
1414 2526 1630 2595 generis

107 2605 286 2660 ﬁliorum
326 2608 503 2673 Israel,
537 2611 846 2667 videamus.
893 2612 1004 2683 Ego
1053 2614 1291 2668 arbitror
1340 2616 1464 2685 quia
1516 2617 1631 2686 ipse

103 2711 266 2765 semper
289 2702 418 2768 apud
452 2701 677 2757 Patrem
703 2704 973 2761 exaltatus
1002 2713 1088 2759 est
1126 2713 1179 2758 et
1219 2709 1488 2765 excelsus.
1521 2709 1628 2765 Sed

102 2788 175 2844 hoc
202 2805 317 2859 Opus
342 2804 437 2857 est,
464 2804 524 2850 ut
581 2796 635 2850 in
677 2808 967 2869 conspectu
1010 2810 1195 2858 nostro
1238 2804 1440 2860 exultet
1478 2802 1626 2859 illum

101 2880 225 2934 Deus.
248 2883 511 2939 Exaltatur
531 2895 720 2942 autem
763 2889 813 2943 in
845 2901 1137 2959 conspectu
1168 2908 1309 2960 meo,
1346 2909 1467 2949 cum
1496 2895 1627 2949 mihi

100 2975 348 3033 sublimitas
403 2987 456 3035 et
512 2980 790 3035 celsitudo
846 2981 1143 3051 divinitatis
1201 2984 1317 3052 ejus
1367 2986 1626 3055 aperitur.

100 3066 279 3129 Quando
305 3086 426 3137 ergo
465 3071 605 3125 mihi
640 3072 853 3127 excelsa
890 3072 1008 3143 ejus
1044 3074 1156 3147 (56)
1182 3077 1436 3133 divinitas
1481 3094 1631 3135 reve-

101 3152 179 3209 lata
208 3159 311 3212 est?
349 3168 470 3215 tunc
506 3161 767 3231 profecto
817 3178 940 3217 cum
990 3162 1281 3221 Jordanem
1320 3168 1628 3232 transirem,
1659 3165 1699 3223 C

98 3250 294 3305 etvariis
316 3261 791 3308 sacramentorum
846 3256 1200 3313 munimentis
1229 3258 1407 3313 futura
1444 3275 1632 3314 arma-

100 3352 168 3391 rer
189 3342 246 3393 ad
274 3344 469 3410 prmlia.
834 3400 835 3403 η

149 3438 190 3490 ι.
221 3458 238 3491 α
269 3439 328 3494 Et
360 3442 686 3508 timuerunt,
734 3441 910 3512 inquit
937 3444 978 3508 ',
1006 3442 1213 3510 Jcsum,
1248 3446 1391 3500 sicut
1441 3445 1636 3501 timue-

100 3540 190 3583 rnnt
216 3529 436 3603 Moysen.
480 3552 498 3585 ι
533 3531 733 3588 Omnis
765 3535 855 3603 qui
888 3536 988 3589 sub
1023 3535 1138 3605 lege
1163 3543 1264 3601 est,
1296 3537 1451 3593 timet
1488 3536 1631 3609 Moy-

96 3633 340 3676 srnzcnm
381 3638 512 3676 vero
567 3623 635 3677 ad
682 3623 1026 3695 Evangelium
1066 3640 1134 3680 ex
1173 3626 1290 3697 lege
1333 3629 1630 3695 transierit,

100 3720 262 3764 mutata
290 3712 634 3767 observantia
673 3724 914 3769 mutatur
940 3723 997 3770 et
1019 3717 1200 3783 timor,
1228 3718 1371 3773 sicut
1401 3719 1635 3789 Aposm-

99 3799 374 3860 lusdicit‘:
408 3825 426 3856 ι
456 3806 571 3875 Ego
620 3817 801 3861 autem
847 3821 944 3876 per
999 3807 1193 3877 legem.
1239 3810 1338 3879 legi
1391 3822 1635 3866 mortuus

98 3909 208 3961 sitm,
256 3907 309 3951 ut
359 3899 467 3955 Deo
516 3901 722 3965 vivam,
776 3914 899 3953 cum
949 3899 1164 3957 Christo
1223 3902 1470 3959 conﬁxus
1515 3920 1633 3960 sum

95 3991 210 4044 cntci
241 3993 368 4061 (57).
405 3993 549 4049 Vivo
576 4002 761 4048 autem
783 3992 893 4058 jam
927 4008 1032 4047 non
1076 4008 1196 4064 ego,
1239 3992 1368 4050 vivit
1406 4010 1535 4051 vero
1582 3997 1633 4051 in

98 4095 161 4133 me
183 4080 432 4139 Christus.
465 4106 486 4139 ι

144 4175 187 4229 5.
218 4175 336 4234 Post
370 4180 485 4235 haec
520 4179 751 4249 jubetur
779 4178 922 4233 ﬁlius
955 4176 1100 4232 Nave
1129 4176 1310 4233 facere
1340 4181 1541 4237 cultros
1569 4198 1635 4238 ex

94 4277 235 4333 petra,
261 4280 310 4325 et
333 4272 535 4327 sedens
568 4272 965 4327 circumcidere
1005 4270 1143 4325 ﬁlios
1180 4272 1343 4327 Israel
1375 4276 1634 4331 secundo.

94 4359 258 4419 Vellem
299 4381 397 4437 ego
428 4366 548 4437 (58)
596 4366 652 4419 in
707 4366 811 4420 hoc
861 4365 976 4420 loco
1029 4369 1341 4435 percontari
1389 4368 1633 4435 Iudaeos,

90 4460 318 4523 quomodo
339 4469 518 4529 potest
535 4460 665 4529 quis
681 4459 914 4513 secundo
933 4458 1044 4529 (59)
1067 4460 1378 4515 circumcidi
1405 4461 1635 4518 circum-

1053 332 1122 389 IN
1174 332 1434 389 LIBRUM
1466 329 1633 388 JESU
1662 328 1846 388 NAVE
1872 331 2157 389 IIOMILIA
2189 333 2250 389 V.

3206 340 3311 396 830

1736 457 1862 527 quia
1908 457 2001 515 ille
2035 461 2125 531 qui
2180 460 2232 514 in
2278 457 2393 530 lege
2437 459 2683 517 eruditus
2729 468 2834 527 est,
2861 469 2915 518 et
2962 476 3059 532 per
3095 462 3312 535 Moysen

1736 550 1958 607 edoctus
2008 550 2203 620 abjecit
2252 552 2575 608 idololatriae
2618 568 2853 619 errores,
2902 554 3311 611 simulacrorum

1736 643 2174 712 superstitionem
2202 644 2515 714 cultumque
2540 645 2807 715 deposuit.
2830 644 2954 700 Ilaec
2978 655 3060 702 est
3083 646 3315 702 circum-

1736 735 1870 791 cisio
1900 737 2071 806 prima
2106 752 2202 808 per
2244 737 2436 808 legem.
2482 736 2539 792 Si
2570 754 2697 795 vero
2743 739 2787 794 is
2829 740 3012 799 veniat
3051 755 3080 793 a
3114 740 3228 811 lege
3262 752 3318 796 et

1735 829 2011 898 prophetis
2044 830 2110 885 ad
2138 831 2501 902 evangelicam
2534 832 2716 898 ﬁdem,
2747 842 2874 890 tunc
2923 835 3119 904 accipit
3148 835 3312 888 etiam

1736 923 2030 977 secundam
2092 923 2566 980 circumcisionem
2621 942 2718 995 per
2772 936 3028 998 petram,
3081 930 3171 998 qui
3229 937 3315 984 est

1735 1015 2004 1085 Christus,
2036 1024 2089 1072 et
2122 1018 2423 1088 completur
2456 1019 2559 1075 hoc
2583 1020 2728 1088 quod
2773 1021 2909 1075 dixit
2951 1021 3211 1077 Dominus
3245 1022 3314 1077 ad

1733 1105 1916 1164 Jesum
1938 1110 1959 1139 ⁷
1991 1127 2004 1163 :
2038 1127 2055 1161 ι
2089 1108 2259 1165 IIodie
2285 1112 2481 1166 abstuli
2513 1112 2861 1183 opprobrium
2895 1113 3109 1186 Egypti
3134 1134 3161 1170 τι
3192 1116 3316 1173 ﬁliis

1736 1195 1918 1252 Israel.
1960 1216 1979 1249 ›
2011 1197 2163 1253 Sicut
2201 1212 2380 1256 autem
2418 1202 2553 1256 dixit
2580 1203 2956 1272 Apostolus“:
2998 1226 3014 1256 ι
3051 1206 3316 1263 Bibebant

1733 1297 1914 1344 autem
1943 1290 2007 1346 de
2048 1292 2281 1362 spiritali
2332 1295 2579 1363 sequenti
2630 1309 2725 1351 eos
2766 1308 2943 1365 petra,
2991 1307 3141 1368 petra
3184 1315 3313 1354 vero

1732 1394 1851 1438 erat
1879 1384 2167 1440 Christus:
2204 1406 2222 1439 ι
2254 1387 2329 1441 ita
2365 1388 2526 1442 etiam
2561 1404 2661 1444 nos
2706 1391 2757 1443 in
2809 1391 2909 1446 hoc
2942 1391 3059 1448 loco
3096 1406 3313 1462 compe-

1734 1483 1911 1531 tenter
1937 1491 2223 1545 possumus
2262 1479 2443 1534 dicere
2472 1503 2483 1535 :
2514 1479 2834 1537 Circumcisi
2870 1492 2996 1537 sunt
3030 1492 3210 1540 autem
3247 1485 3314 1539 de

1720 1564 1960 1637 spiritali
2008 1571 2253 1639 sequenti
2300 1580 2476 1642 petra,
2527 1581 2676 1640 petra
2708 1588 2838 1630 vero
2886 1584 3007 1629 erat
3040 1573 3311 1632 Christus.

1731 1660 1844 1717 Nisi
1876 1662 2018 1718 enim
2048 1662 2170 1733 quis
2200 1663 2366 1719 fuerit
2392 1680 2489 1736 per
2528 1665 2877 1737 Evangelium
2925 1667 3163 1723 secunda
3207 1668 3315 1722 cir-

1732 1756 2064 1812 cumcisione
2089 1768 2368 1827 purgatus,
2401 1774 2506 1814 non
2544 1769 2718 1828 potest
2759 1761 3111 1830 opprobrium
3138 1759 3313 1831 [Egy-

1733 1848 1831 1919 pti,
1879 1849 1929 1904 id
1967 1858 2070 1915 est,
2106 1849 2389 1906 illecebras
2430 1851 2792 1922 corporalium
2838 1853 3108 1921 deponere
3155 1854 3315 1908 vitio-

1735 1956 1876 1997 rum.

1804 2037 1855 2092 6.
1888 2038 2174 2094 Videamus
2198 2046 2376 2092 tamen
2400 2039 2555 2106 quale
2583 2038 2655 2094 sit
2684 2038 2786 2093 hoc
2812 2037 2985 2108 ipsum
3008 2038 3152 2108 quod
3181 2038 3314 2095 dici-

1731 2140 1838 2195 tur,
1864 2131 1990 2200 quia
2023 2148 2042 2183 ‹
2073 2130 2233 2187 hodie
2262 2130 2460 2186 abstuli
2488 2131 2836 2201 opprobrium
2866 2147 2894 2186 a
2923 2132 3047 2188 ﬁliis
3071 2131 3255 2189 Israel.
3286 2150 3307 2184 ι

1731 2225 1933 2282 Omnes
1983 2227 2230 2282 homines
2286 2227 2500 2282 etiamsi
2530 2242 2597 2282 ex
2649 2226 2765 2298 lege
2810 2228 3052 2293 veniant,
3100 2226 3310 2281 etiamsi

1730 2336 1827 2392 per
1854 2320 2071 2393 Moysen
2119 2320 2313 2375 eruditi
2346 2322 2475 2387 sint,
2510 2322 2713 2376 habent
2746 2329 2921 2376 tamen
2958 2320 3310 2392 opprobrium

1731 2412 1943 2484 IEgypti
1978 2413 2029 2467 in
2057 2413 2361 2484 semetipsis
2386 2412 2522 2485 (60),
2555 2414 2903 2485 opprobrium
2940 2421 3310 2483 peccatorum.

1731 2505 1863 2573 Quis
1893 2506 1997 2562 erit
2022 2506 2214 2563 similis
2242 2506 2408 2561 Paulo
2439 2507 2601 2562 etiam
2646 2507 2938 2562 secundum
2961 2506 3095 2575 legis
3122 2506 3311 2562 obser-

1730 2599 2003 2654 vantiam?
2023 2600 2159 2654 Audi
2188 2599 2427 2670 denique
2459 2600 2631 2671 ipsum
2661 2600 2928 2657 dicentem
2954 2600 2976 2632 '
3005 2618 3018 2656 :
3052 2619 3071 2654 ι
3108 2598 3314 2657 Secun-

1733 2694 1856 2746 dmn
1897 2692 2163 2763 justitiam
2213 2707 2333 2762 qua:
2378 2694 2430 2747 in
2480 2693 2598 2764 lege
2646 2702 2750 2756 est,
2801 2702 3151 2749 conversatus
3195 2694 3313 2749 sine

1731 2784 1972 2852 querela.
2010 2803 2029 2835 ι
2069 2783 2186 2853 Ipse
2239 2794 2422 2839 tamen
2462 2783 2573 2857 (6I)
2609 2785 2921 2854 pronuntiat
2956 2793 3009 2840 et
3044 2785 3173 2840 dicit
3214 2784 3257 2816 ¹⁶
3294 2802 3307 2837 :

1738 2894 1756 2927 ι
1792 2875 2017 2931 Fuimus
2044 2878 2187 2932 enim
2215 2884 2270 2932 et
2302 2891 2401 2932 nos
2434 2876 2724 2946 aliquando
2765 2876 3100 2947 insipientes,
3129 2878 3309 2932 incre-

1732 2968 1865 3033 duli,
1895 2977 2163 3033 errantes,
2197 2969 2498 3024 servientes
2526 2968 2637 3039 (6‘2)
2670 2969 2956 3024 desideriis
2980 2978 3033 3023 et
3066 2968 3312 3039 volupta-

1734 3060 1879 3133 tibus
1910 3062 2096 3127 variis,
2126 3061 2179 3115 in
2213 3060 2420 3115 malitia
2453 3069 2507 3115 et
2543 3060 2766 3127 invidia,
2814 3060 3078 3127 odibiles,
3127 3062 3315 3117 odien-

1738 3165 1816 3214 tes
1873 3156 2126 3211 invicem.
2178 3174 2199 3207 ι
2247 3153 2362 3209 Non
2407 3154 2501 3208 tibi
2557 3153 2808 3208 videntur
2855 3154 2969 3208 haec
3022 3154 3313 3224 Opprobria

1734 3262 1875 3312 esse,
1902 3256 1957 3302 et
1994 3246 2284 3316 opprobria
2318 3244 2581 3316 IEgypIi?
2613 3244 2719 3300 Sed
2750 3260 2814 3299 ex
2848 3259 2956 3313 quo
2982 3245 3130 3299 venit
3155 3244 3315 3301 Chri-

1734 3351 1871 3405 stus,
1912 3347 1967 3393 et
1994 3340 2141 3394 dedit
2190 3338 2343 3394 nobis
2389 3338 2678 3391 secundam
2723 3335 3191 3390 circumcisionem
3222 3352 3315 3404 per

1736 3433 2062 3503 baptismum
2109 3428 2557 3501 regenerationis,
2593 3436 2649 3481 et
2682 3427 2928 3497 purgavit
2972 3427 3182 3481 animas
3218 3444 3315 3483 no-

1737 3534 1901 3592 stras,
1934 3523 2235 3592 abjecimus
2281 3524 2397 3577 haec
2436 3521 2643 3584 omnia,
2674 3528 2729 3573 et
2763 3532 2861 3587 pro
2906 3519 2971 3574 iis
3019 3520 3315 3590 assumpsi-

1737 3634 1857 3675 mus
1901 3618 2245 3674 conscientiae
2285 3617 2440 3672 bonae
2480 3612 2916 3684 astipulationcm
2960 3612 3013 3667 in
3066 3613 3310 3667 Domino.

1738 3711 1890 3768 Tunc
1936 3727 2033 3782 per
2081 3709 2374 3767 secundam
2430 3705 2903 3763 circumcisionem
2954 3705 3131 3760 ablata
3190 3717 3316 3761 sunt

1737 3804 1897 3861 nobis
1922 3804 2209 3875 opprobria
2244 3801 2485 3874 Egypti,
2519 3809 2576 3855 et
2609 3807 2838 3869 purgata
2878 3807 3006 3853 sunt
3033 3799 3163 3854 vitia
3191 3814 3317 3869 pec-

1737 3907 2002 3955 catorum.
2038 3897 2207 3953 Nemo
2231 3912 2361 3966 ergo
2390 3896 2433 3950 si
2464 3896 2670 3963 integre
2699 3908 2998 3950 conversus
3023 3900 3127 3959 est,
3160 3892 3205 3946 si
3249 3908 3314 3947 cx

1738 3991 1903 4046 corde
1930 3989 2204 4057 paenituit,
2236 3988 2280 4041 si
2324 3986 2550 4042 Iidelitcr
2589 3983 2843 4040 Jordanis
2877 3984 3075 4038 ﬂuenta
3110 3984 3318 4053 digres-

1737 4098 1829 4138 sus
1855 4091 1960 4147 est,
2002 4081 2046 4135 si
2100 4080 2339 4137 secunda
2390 4094 2484 4148 per
2511 4078 2856 4148 EvaugeIium
2904 4079 3317 4133 circumcisione

1693 4164 1698 4168 ’
1739 4186 1994 4247 purgatus
2017 4184 2121 4240 est,
2166 4174 2562 4245 prmieritorum
2613 4180 2817 4227 metuat
2853 4172 3147 4241 Opprobria
3185 4172 3317 4228 deli-

1736 4278 1971 4323 ctorum.
2013 4267 2180 4322 Audis
2206 4266 2331 4337 quia
2366 4265 2526 4320 hodie
2566 4264 2789 4321 abstulit
2817 4265 2931 4337 (65)
2958 4281 2986 4319 a
3029 4274 3079 4319 te
3115 4280 3317 4335 oppro-

1739 4360 1915 4415 brium
1946 4357 2191 4429 IEgypti.
2235 4358 2348 4413 Iloc
2378 4357 2510 4412 etin
2541 4356 2848 4425 Evangeliis
2892 4357 3164 4426 signiﬁcat
3213 4354 3317 4410 Do-

1740 4452 1920 4506 minus
1952 4466 2073 4506 cum
2127 4450 2259 4505 dicit
2286 4450 2374 4503 ἰς
2416 4466 2435 4500 ι
2475 4447 2723 4501 Remissa
2772 4456 2900 4501 sunt
2946 4448 3039 4501 tibi
3093 4457 3315 4517 peccata

87 4550 253 4607 cisione
287 4553 517 4608 carnali.
563 4550 743 4606 Semel
769 4551 912 4605 enim
942 4551 1296 4607 circumcisus
1324 4553 1449 4622 quis
1492 4554 1629 4609 ultra

1765 4560 1851 4611 ua,
1877 4544 1971 4599 sed
2009 4543 2118 4613 jam
2152 4542 2256 4597 nuli
2293 4556 2539 4610 peccare,
2565 4556 2634 4595 ne
2676 4542 2806 4610 quid
2844 4540 3080 4596 deterius
3113 4541 3205 4595 tibi
3229 4556 3319 4595 ac~

91 4656 173 4695 non
216 4645 372 4700 habet
418 4647 569 4714 quod
609 4644 851 4699 secundo
889 4644 1063 4712 possit
1118 4644 1346 4699 auferri.
1401 4647 1440 4700 A
1477 4647 1631 4701 nobis

88 4748 189 4789 vero
206 4732 389 4805 quibus
414 4739 624 4792 dicitur
642 4737 768 4804 quia
798 4736 883 4789 lex
913 4735 1173 4805 spiritalis
1202 4744 1303 4799 est,
1331 4737 1450 4791 vide
1472 4754 1632 4807 quam

87 4822 213 4891 digne
234 4837 286 4880 et
314 4826 713 4883 convenienter
741 4826 842 4879 ista
881 4824 1178 4880 solvantur.
1227 4826 1467 4881 Dicimus
1489 4829 1631 4882 enim

139 4962 344 5019 ‘llatth.
375 4982 465 5028 xv,
500 4965 589 5020 I9.
666 4966 687 4996 ‘
708 4963 819 5020 Jos.
847 4982 921 5029 tv,
952 4965 1034 5032 14,
1112 4966 1134 4997 ⁸
1165 4964 1276 5020 Jos.
1306 4981 1379 5029 tv,
1406 4966 1491 5021 I4.

84 5030 127 5081 ϐο
189 5036 231 5066 ³⁸
259 5038 362 5091 Ἠι.
395 5052 483 5099 In,
517 5037 574 5091 '5.
650 5037 687 5067 “
734 5036 865 5090 Luc.
904 5030 1143 5103 vtt,‘£9,
1178 5046 1234 5090 ct
1276 5036 1432 5091 Joau.
1470 5053 1521 5102 v,
1556 5038 1642 5106 Id,

140 5152 234 5222 (55)
263 5154 397 5212 Ista.
436 5156 605 5211 Deest
634 5156 685 5210 in
718 5155 847 5212 libb.
882 5165 1039 5211 antea
1072 5158 1252 5224 editis,
1277 5159 1371 5213 sed
1400 5158 1637 5214 restitui-

87 5230 155 5271 llll‘
182 5238 207 5275 e
238 5241 362 5278 IIISS.

84 5361 93 5371 υ
140 5291 236 5363 (56)
269 5293 422 5371 Ejus.
462 5298 622 5351 Deest
652 5299 815 5352 etiam
850 5300 902 5353 in
937 5298 1065 5371 libb.
1093 5298 1273 5363 editis,
1297 5302 1388 5355 sed
1412 5299 1642 5353 habetur

84 5367 125 5434 in
168 5380 285 5434 mss.
332 5367 505 5421 Paulo
544 5378 663 5434 post
712 5368 1222 5431 tuss.,«Jordanem
1270 5371 1577 5426 transirem.
1615 5389 1633 5422 ι

85 5428 211 5485 Libb.
236 5438 382 5504 editi,
416 5458 434 5490 ‹
464 5428 759 5494 Iordanem
800 5428 1126 5494 transierim.
1170 5458 1186 5491 ι

135 5504 232 5574 (57)
269 5505 422 5571 Mss.,
457 5530 475 5561 ‹
522 5512 767 5566 conﬁxus
824 5528 943 5565 sum
994 5513 1160 5566 cruci.
1206 5530 1224 5561 ι
1266 5510 1420 5565 Libb.
1480 5511 1635 5576 editi,

83 5588 100 5621 r
132 5577 402 5647 cruciﬁxus
430 5597 575 5633 sum.
627 5601 643 5631 ι

138 5644 237 5715 (58)
272 5646 466 5723 Vellent
504 5668 621 5720 ego,
648 5662 755 5710 etc.
801 5652 893 5707 Sic
943 5654 1137 5708 habent
1191 5652 1346 5707 codd.
1402 5655 1636 5723 Sangcr-

84 5718 401 5795 tnjmcusiset
424 5718 820 5778 Getiteticeusis
843 5739 965 5778 cum
992 5742 1096 5780 uno
1123 5724 1458 5780 Ehroicensi.
1478 5718 1634 5781 Libb.

82 5784 190 5838 editi
218 5804 230 5838 :
258 5807 285 5839 ι-
312 5790 483 5846 Velim
528 5810 654 5862 ergo
702 5799 752 5850 in
806 5798 907 5851 hoc
952 5796 1070 5852 loco
1124 5799 1427 5860 percontari
1471 5814 1499 5852 a
1540 5798 1637 5851 Ju-

1738 4638 1900 4694 cidat.
1929 4655 1946 4689 »
1974 4636 2032 4692 Si
2060 4636 2203 4691 enim
2230 4645 2355 4703 post
2388 4635 2760 4690 remissionem
2800 4643 3146 4703 peccatorum
3179 4636 3316 4689 ultra

1740 4746 1847 4785 non
1879 4743 2092 4800 pecces,
2116 4741 2244 4783 vere
2271 4726 2506 4783 ablatum
2530 4734 2613 4781 est.
2646 4742 2674 4780 a
2705 4736 2756 4781 te
2783 4727 3130 4797 opprobrium
3156 4725 3320 4796 Αἰπ-

1743 4824 1838 4895 pti.
1866 4824 1922 4878 Si
1948 4836 2078 4876 vero
2114 4821 2308 4875 iterum
2355 4819 2687 4889 peccaveris,
2715 4819 2911 4874 iterum
2954 4820 3006 4873 in
3044 4829 3097 4875 te
3135 4830 3317 4874 vetera

1570 4966 1591 4996 ⁶
1618 4967 1801 5033 Gal.n,
1840 4962 1926 5028 I9,
1959 4961 2048 5017 20.
2121 4959 2278 5014 'Jos.
2320 4975 2369 5023 v,
2415 4957 2467 5012 9.
2547 4958 2568 4989 ⁸
2594 4955 2613 5011 1
2642 4956 2765 5013 Cor.
2806 4972 2858 5026 x,
2891 4957 2944 5011 fl.
3020 4955 3201 5011 ’Phil.
3233 4970 3316 5011 III.

1742 5159 2136 5301 dﬁlgﬁﬁiodex
2180 5215 2649 5282 Cemcticensis,’r
2682 5219 2995 5277 circumcidi
3044 5217 3135 5287 qui
3179 5217 3317 5270 ultra

1746 5299 1852 5353 non
1894 5299 2077 5360 habet,
2112 5316 2130 5347 ι
2163 5304 2269 5347 etc.

1816 5369 1925 5439 (60)
1960 5356 2305 5437 Opprobrium
2335 5363 2556 5439 /Egy_pti
2596 5363 2996 5439 in‘semetipsis.
3044 5356 3168 5412 Hmc
3199 5371 3313 5439 “ue-

1742 5432 1869 5494 sunt
1898 5432 1948 5493 in
1984 5432 2135 5493 libris
2166 5447 2321 5491 antea
2354 5432 2533 5499 editis,
2581 5436 2675 5490 sed
2719 5441 2937 5488 exstant
2981 5433 3032 5484 iu
3065 5432 3318 5484 omnibus

1744 5527 1873 5566 IIISS.

1814 5582 1923 5651 (ﬁl)
1961 5579 2111 5639 Mss..
2151 5597 2169 5630 ‹
2204 5589 2403 5634 tamen.
2437 5597 2454 5629 ι
2491 5576 2648 5651 Libb.
2674 5574 2824 5651 editi,
2857 5592 2872 5621 ι
2910 5579 3115 5651 autem.
3152 5588 3170 5621 ι

1816 5639 1924 5723 (6-2)
1956 5652 2269 5705 Serviemes.
2309 5652 2465 5705 Deest
2501 5648 2551 5701 in
2598 5648 2747 5701 libris
2791 5655 2947 5698 antea
2991 5642 3169 5706 editis,
3221 5639 3313 5694 sed

1744 5723 2050 5794 liabeturitt
2082 5723 2329 5794 ouantibus
2358 5736 2487 5774 mss.
2793 5786 2803 5794 _
2944 5785 2954 5794 υ
3085 5783 3095 5794 _
3154 5793 3158 5794 ν
3212 5781 3241 5794 ν

1816 5793 1926 5856 (65)
1953 5791 2341 5849 Cemcticensis
2366 5805 2487 5844 cum
2518 5802 2623 5843 uno
2650 5785 2978 5851 Ebroiccnsi,
3009 5800 3027 5835 ι
3050 5781 3263 5837 abstuli.
3295 5799 3312 5830 ι
