  <div class='ocr_page' id='page_1' title='image "/cluster/home/n/w/nwhite01/storage/ocr_20150623/12/hvd.32044019207638/429.png"; bbox 0 0 3874 6494; ppageno 0'>
   <div class='ocr_carea' id='block_1_1' title="bbox 507 415 603 473">
    <p class='ocr_par' dir='ltr' id='par_1_1' title="bbox 507 415 603 473">
     <span class='ocr_line' id='line_1_1' title="bbox 507 415 603 473; baseline 0.021 -2"><span class='ocrx_word' id='word_1_1' title='bbox 507 415 603 473; x_wconf 75' lang='grc'><strong>851</strong></span> 
     </span>
    </p>
   </div>
   <div class='ocr_carea' id='block_1_2' title="bbox 1986 400 3740 469">
    <p class='ocr_par' dir='ltr' id='par_1_2' title="bbox 1986 400 3740 469">
     <span class='ocr_line' id='line_1_2' title="bbox 1986 400 3740 469; baseline -0.008 0"><span class='ocrx_word' id='word_1_2' title='bbox 1986 408 2305 469; x_wconf 77' lang='lat' dir='ltr'><strong>ORIGENIS</strong></span> <span class='ocrx_word' id='word_1_3' title='bbox 3652 400 3740 455; x_wconf 69' lang='lat'><strong>832</strong></span> 
     </span>
    </p>
   </div>
   <div class='ocr_carea' id='block_1_3' title="bbox 510 517 3741 603">
    <p class='ocr_par' dir='ltr' id='par_1_3' title="bbox 510 517 3741 603">
     <span class='ocr_line' id='line_1_3' title="bbox 510 517 3741 603; baseline -0.004 -19"><span class='ocrx_word' id='word_1_4' title='bbox 510 532 857 585; x_wconf 82' lang='lat' dir='ltr'><strong>revolvuntur</strong></span> <span class='ocrx_word' id='word_1_5' title='bbox 890 530 1002 601; x_wconf 71' lang='grc'>(64)</span> <span class='ocrx_word' id='word_1_6' title='bbox 1032 530 1324 599; x_wconf 90' lang='lat' dir='ltr'><strong>opprobria</strong></span> <span class='ocrx_word' id='word_1_7' title='bbox 1363 533 1429 596; x_wconf 70' lang='grc' dir='ltr'><strong>η,</strong></span> <span class='ocrx_word' id='word_1_8' title='bbox 1470 547 1537 585; x_wconf 89' lang='lat' dir='ltr'><strong>eo</strong></span> <span class='ocrx_word' id='word_1_9' title='bbox 1564 533 1735 603; x_wconf 89' lang='lat' dir='ltr'><strong>magis</strong></span> <span class='ocrx_word' id='word_1_10' title='bbox 1784 547 1890 602; x_wconf 89' lang='lat' dir='ltr'><strong>quo</strong></span> <span class='ocrx_word' id='word_1_11' title='bbox 1918 529 2084 585; x_wconf 91' lang='lat' dir='ltr'><strong>multo</strong></span> <span class='ocrx_word' id='word_1_12' title='bbox 2112 537 2160 591; x_wconf 76' lang='grc' dir='ltr'><strong>Α</strong></span> <span class='ocrx_word' id='word_1_13' title='bbox 2189 544 2294 599; x_wconf 91' lang='lat' dir='ltr'><strong>que</strong></span> <span class='ocrx_word' id='word_1_14' title='bbox 2329 535 2501 583; x_wconf 86' lang='lat' dir='ltr'><strong>mater</strong></span> <span class='ocrx_word' id='word_1_15' title='bbox 2526 537 2606 584; x_wconf 91' lang='lat' dir='ltr'><strong>est</strong></span> <span class='ocrx_word' id='word_1_16' title='bbox 2640 527 2928 599; x_wconf 66' lang='lat' dir='ltr'><strong>Egyptus,</strong></span> <span class='ocrx_word' id='word_1_17' title='bbox 2956 540 3020 580; x_wconf 80' lang='lat' dir='ltr'><strong>ex</strong></span> <span class='ocrx_word' id='word_1_18' title='bbox 3068 537 3175 594; x_wconf 91' lang='lat' dir='ltr'><strong>qua</strong></span> <span class='ocrx_word' id='word_1_19' title='bbox 3228 529 3437 577; x_wconf 84' lang='lat' dir='ltr'><strong>certum</strong></span> <span class='ocrx_word' id='word_1_20' title='bbox 3464 524 3550 573; x_wconf 81' lang='lat' dir='ltr'><strong>est</strong></span> <span class='ocrx_word' id='word_1_21' title='bbox 3572 517 3741 584; x_wconf 69' lang='lat' dir='ltr'><strong>hujus-</strong></span> 
     </span>
    </p>
   </div>
   <div class='ocr_carea' id='block_1_4' title="bbox 506 619 2087 691">
    <p class='ocr_par' dir='ltr' id='par_1_4' title="bbox 506 619 2087 691">
     <span class='ocr_line' id='line_1_4' title="bbox 506 619 2087 691; baseline -0.001 -15"><span class='ocrx_word' id='word_1_22' title='bbox 506 622 730 691; x_wconf 82' lang='lat' dir='ltr'><strong>majoris</strong></span> <span class='ocrx_word' id='word_1_23' title='bbox 782 622 1025 676; x_wconf 87' lang='lat' dir='ltr'><strong>criminis</strong></span> <span class='ocrx_word' id='word_1_24' title='bbox 1056 630 1139 675; x_wconf 90' lang='lat' dir='ltr'><strong>est</strong></span> <span class='ocrx_word' id='word_1_25' title='bbox 1195 619 1391 675; x_wconf 86' lang='lat' dir='ltr'><strong>Filium</strong></span> <span class='ocrx_word' id='word_1_26' title='bbox 1456 622 1548 676; x_wconf 88' lang='lat' dir='ltr'><strong>Dei</strong></span> <span class='ocrx_word' id='word_1_27' title='bbox 1610 622 1973 685; x_wconf 87' lang='lat' dir='ltr'><strong>conculcare,</strong></span> <span class='ocrx_word' id='word_1_28' title='bbox 2031 629 2087 675; x_wconf 87' lang='lat' dir='ltr'><strong>et</strong></span> 
     </span>
    </p>
   </div>
   <div class='ocr_carea' id='block_1_5' title="bbox 507 714 2081 787">
    <p class='ocr_par' dir='ltr' id='par_1_5' title="bbox 507 714 2081 787">
     <span class='ocr_line' id='line_1_5' title="bbox 507 714 2081 787; baseline -0.003 -16"><span class='ocrx_word' id='word_1_29' title='bbox 507 716 822 785; x_wconf 81' lang='lat' dir='ltr'><strong>sanguinem</strong></span> <span class='ocrx_word' id='word_1_30' title='bbox 858 714 1168 769; x_wconf 87' lang='lat' dir='ltr'><strong>testamenti</strong></span> <span class='ocrx_word' id='word_1_31' title='bbox 1211 714 1472 784; x_wconf 89' lang='lat' dir='ltr'><strong>pollutum</strong></span> <span class='ocrx_word' id='word_1_32' title='bbox 1500 715 1612 787; x_wconf 85' lang='lat'><strong>(65)</strong></span> <span class='ocrx_word' id='word_1_33' title='bbox 1640 716 1876 779; x_wconf 91' lang='lat' dir='ltr'><strong>ducere,</strong></span> <span class='ocrx_word' id='word_1_34' title='bbox 1919 730 2081 783; x_wconf 92' lang='lat' dir='ltr'><strong>quam</strong></span> 
     </span>
    </p>
   </div>
   <div class='ocr_carea' id='block_1_6' title="bbox 507 806 2085 878">
    <p class='ocr_par' dir='ltr' id='par_1_6' title="bbox 507 806 2085 878">
     <span class='ocr_line' id='line_1_6' title="bbox 507 806 2085 878; baseline -0.001 -19"><span class='ocrx_word' id='word_1_35' title='bbox 507 807 676 877; x_wconf 89' lang='lat' dir='ltr'><strong>legem</strong></span> <span class='ocrx_word' id='word_1_36' title='bbox 728 806 923 878; x_wconf 83' lang='lat' dir='ltr'><strong>Moysis</strong></span> <span class='ocrx_word' id='word_1_37' title='bbox 953 806 1247 876; x_wconf 84' lang='lat' dir='ltr'><strong>negligere.</strong></span> <span class='ocrx_word' id='word_1_38' title='bbox 1301 807 1465 862; x_wconf 86' lang='lat' dir='ltr'><strong>Multo</strong></span> <span class='ocrx_word' id='word_1_39' title='bbox 1523 808 1665 862; x_wconf 90' lang='lat' dir='ltr'><strong>enim</strong></span> <span class='ocrx_word' id='word_1_40' title='bbox 1720 808 1941 878; x_wconf 80' lang='lat' dir='ltr'><strong>majoris</strong></span> <span class='ocrx_word' id='word_1_41' title='bbox 1992 823 2085 874; x_wconf 85' lang='lat' dir='ltr'><strong>op-</strong></span> 
     </span>
    </p>
   </div>
   <div class='ocr_carea' id='block_1_7' title="bbox 505 898 2081 970">
    <p class='ocr_par' dir='ltr' id='par_1_7' title="bbox 505 898 2081 970">
     <span class='ocr_line' id='line_1_7' title="bbox 505 898 2081 970; baseline 0 -18"><span class='ocrx_word' id='word_1_42' title='bbox 505 900 709 970; x_wconf 89' lang='lat' dir='ltr'><strong>prohrii</strong></span> <span class='ocrx_word' id='word_1_43' title='bbox 755 908 859 962; x_wconf 92' lang='lat' dir='ltr'><strong>est,</strong></span> <span class='ocrx_word' id='word_1_44' title='bbox 908 898 997 968; x_wconf 87' lang='lat' dir='ltr'><strong>qui</strong></span> <span class='ocrx_word' id='word_1_45' title='bbox 1050 908 1171 968; x_wconf 87' lang='lat' dir='ltr'><strong>post</strong></span> <span class='ocrx_word' id='word_1_46' title='bbox 1214 899 1595 970; x_wconf 82' lang='lat' dir='ltr'><strong>Evangelium,</strong></span> <span class='ocrx_word' id='word_1_47' title='bbox 1643 914 1803 969; x_wconf 88' lang='lat' dir='ltr'><strong>quam</strong></span> <span class='ocrx_word' id='word_1_48' title='bbox 1847 900 1933 955; x_wconf 91' lang='lat' dir='ltr'><strong>ille</strong></span> <span class='ocrx_word' id='word_1_49' title='bbox 1990 900 2081 969; x_wconf 90' lang='lat' dir='ltr'><strong>qui</strong></span> 
     </span>
    </p>
   </div>
   <div class='ocr_carea' id='block_1_8' title="bbox 505 991 2082 1063">
    <p class='ocr_par' dir='ltr' id='par_1_8' title="bbox 505 991 2082 1063">
     <span class='ocr_line' id='line_1_8' title="bbox 505 991 2082 1063; baseline 0.001 -17"><span class='ocrx_word' id='word_1_50' title='bbox 505 992 607 1046; x_wconf 88' lang='lat' dir='ltr'><strong>sub</strong></span> <span class='ocrx_word' id='word_1_51' title='bbox 675 991 791 1061; x_wconf 90' lang='lat' dir='ltr'><strong>lege</strong></span> <span class='ocrx_word' id='word_1_52' title='bbox 852 991 1063 1061; x_wconf 84' lang='lat' dir='ltr'><strong>positus</strong></span> <span class='ocrx_word' id='word_1_53' title='bbox 1138 991 1474 1058; x_wconf 77' lang='lat' dir='ltr'><strong>fornicatur,</strong></span> <span class='ocrx_word' id='word_1_54' title='bbox 1541 994 1664 1063; x_wconf 90' lang='lat' dir='ltr'><strong>quia</strong></span> <span class='ocrx_word' id='word_1_55' title='bbox 1725 993 1827 1048; x_wconf 90' lang='lat' dir='ltr'><strong>iste</strong></span> <span class='ocrx_word' id='word_1_56' title='bbox 1893 994 2082 1049; x_wconf 92' lang='lat' dir='ltr'><strong>tollens</strong></span> 
     </span>
    </p>
   </div>
   <div class='ocr_carea' id='block_1_9' title="bbox 503 1082 2073 1155">
    <p class='ocr_par' dir='ltr' id='par_1_9' title="bbox 503 1082 2073 1155">
     <span class='ocr_line' id='line_1_9' title="bbox 503 1082 2073 1155; baseline 0 -17"><span class='ocrx_word' id='word_1_57' title='bbox 503 1083 669 1155; x_wconf 64' lang='grc'><strong>409</strong></span> <span class='ocrx_word' id='word_1_58' title='bbox 698 1084 937 1138; x_wconf 90' lang='lat' dir='ltr'><strong>membra</strong></span> <span class='ocrx_word' id='word_1_59' title='bbox 968 1082 1191 1149; x_wconf 75' lang='lat' dir='ltr'><strong>Christi,</strong></span> <span class='ocrx_word' id='word_1_60' title='bbox 1224 1085 1351 1138; x_wconf 82' lang='lat' dir='ltr'><strong>facit</strong></span> <span class='ocrx_word' id='word_1_61' title='bbox 1383 1100 1444 1139; x_wconf 87' lang='lat' dir='ltr'><strong>ea</strong></span> <span class='ocrx_word' id='word_1_62' title='bbox 1472 1084 1714 1140; x_wconf 88' lang='lat' dir='ltr'><strong>membra</strong></span> <span class='ocrx_word' id='word_1_63' title='bbox 1749 1087 2073 1141; x_wconf 89' lang='lat' dir='ltr'><strong>meretricis.</strong></span> 
     </span>
    </p>
   </div>
   <div class='ocr_carea' id='block_1_10' title="bbox 506 1173 2081 1249">
    <p class='ocr_par' dir='ltr' id='par_1_10' title="bbox 506 1173 2081 1249">
     <span class='ocr_line' id='line_1_10' title="bbox 506 1173 2081 1249; baseline 0.002 -20"><span class='ocrx_word' id='word_1_64' title='bbox 506 1173 671 1231; x_wconf 82' lang='lat' dir='ltr'><strong>Vides</strong></span> <span class='ocrx_word' id='word_1_65' title='bbox 694 1192 825 1246; x_wconf 86' lang='lat' dir='ltr'><strong>ergo</strong></span> <span class='ocrx_word' id='word_1_66' title='bbox 851 1194 1014 1247; x_wconf 90' lang='lat' dir='ltr'><strong>quam</strong></span> <span class='ocrx_word' id='word_1_67' title='bbox 1050 1179 1299 1246; x_wconf 78' lang='lat' dir='ltr'><strong>graviora</strong></span> <span class='ocrx_word' id='word_1_68' title='bbox 1337 1190 1392 1233; x_wconf 92' lang='lat' dir='ltr'><strong>et</strong></span> <span class='ocrx_word' id='word_1_69' title='bbox 1425 1181 1781 1235; x_wconf 77' lang='lat' dir='ltr'><strong>cumulatiore</strong></span> <span class='ocrx_word' id='word_1_70' title='bbox 1818 1182 1869 1235; x_wconf 90' lang='lat' dir='ltr'><strong>in</strong></span> <span class='ocrx_word' id='word_1_71' title='bbox 1907 1190 1958 1235; x_wconf 93' lang='lat' dir='ltr'><strong>te</strong></span> <span class='ocrx_word' id='word_1_72' title='bbox 1984 1198 2081 1249; x_wconf 84' lang='lat' dir='ltr'><strong>0p-</strong></span> 
     </span>
    </p>
   </div>
   <div class='ocr_carea' id='block_1_11' title="bbox 502 1268 2075 1343">
    <p class='ocr_par' dir='ltr' id='par_1_11' title="bbox 502 1268 2075 1343">
     <span class='ocr_line' id='line_1_11' title="bbox 502 1268 2075 1343; baseline 0.003 -21"><span class='ocrx_word' id='word_1_73' title='bbox 502 1268 745 1340; x_wconf 86' lang='lat' dir='ltr'><strong>probria,</strong></span> <span class='ocrx_word' id='word_1_74' title='bbox 806 1271 849 1325; x_wconf 92' lang='lat' dir='ltr'><strong>si</strong></span> <span class='ocrx_word' id='word_1_75' title='bbox 901 1270 1223 1340; x_wconf 75' lang='lat' dir='ltr'><strong>neglexeris,</strong></span> <span class='ocrx_word' id='word_1_76' title='bbox 1274 1272 1643 1327; x_wconf 85' lang='lat' dir='ltr'><strong>revolvamur.</strong></span> <span class='ocrx_word' id='word_1_77' title='bbox 1688 1273 1925 1343; x_wconf 84' lang='lat' dir='ltr'><strong>Denique</strong></span> <span class='ocrx_word' id='word_1_78' title='bbox 1964 1275 2075 1343; x_wconf 88' lang='lat' dir='ltr'><strong>jam</strong></span> 
     </span>
    </p>
   </div>
   <div class='ocr_carea' id='block_1_12' title="bbox 505 1362 2077 1435">
    <p class='ocr_par' dir='ltr' id='par_1_12' title="bbox 505 1362 2077 1435">
     <span class='ocr_line' id='line_1_12' title="bbox 505 1362 2077 1435; baseline 0.003 -20"><span class='ocrx_word' id='word_1_79' title='bbox 505 1376 666 1415; x_wconf 89' lang='lat' dir='ltr'><strong>nemo</strong></span> <span class='ocrx_word' id='word_1_80' title='bbox 701 1371 752 1415; x_wconf 90' lang='lat' dir='ltr'><strong>te</strong></span> <span class='ocrx_word' id='word_1_81' title='bbox 793 1376 943 1415; x_wconf 91' lang='lat' dir='ltr'><strong>reum</strong></span> <span class='ocrx_word' id='word_1_82' title='bbox 989 1362 1160 1431; x_wconf 79' lang='lat' dir='ltr'><strong>stupri</strong></span> <span class='ocrx_word' id='word_1_83' title='bbox 1192 1363 1390 1433; x_wconf 82' lang='lat' dir='ltr'><strong>arguit,</strong></span> <span class='ocrx_word' id='word_1_84' title='bbox 1424 1363 1520 1418; x_wconf 89' lang='lat' dir='ltr'><strong>sed</strong></span> <span class='ocrx_word' id='word_1_85' title='bbox 1546 1364 1820 1435; x_wconf 79' lang='lat' dir='ltr'><strong>sacrilegii</strong></span> <span class='ocrx_word' id='word_1_86' title='bbox 1872 1364 2077 1420; x_wconf 87' lang='lat' dir='ltr'><strong>scelere</strong></span> 
     </span>
    </p>
   </div>
   <div class='ocr_carea' id='block_1_13' title="bbox 504 1455 2075 1528">
    <p class='ocr_par' dir='ltr' id='par_1_13' title="bbox 504 1455 2075 1528">
     <span class='ocr_line' id='line_1_13' title="bbox 504 1455 2075 1528; baseline 0.003 -21"><span class='ocrx_word' id='word_1_87' title='bbox 504 1455 851 1516; x_wconf 78' lang='lat' dir='ltr'><strong>condemnat,</strong></span> <span class='ocrx_word' id='word_1_88' title='bbox 883 1456 1005 1521; x_wconf 85' lang='lat' dir='ltr'><strong>quia</strong></span> <span class='ocrx_word' id='word_1_89' title='bbox 1045 1455 1247 1510; x_wconf 88' lang='lat' dir='ltr'><strong>dicitur</strong></span> <span class='ocrx_word' id='word_1_90' title='bbox 1279 1457 1345 1509; x_wconf 90' lang='lat' dir='ltr'><strong>ad</strong></span> <span class='ocrx_word' id='word_1_91' title='bbox 1374 1457 1522 1512; x_wconf 79' lang='lat' dir='ltr'><strong>te&quot;:</strong></span> <span class='ocrx_word' id='word_1_92' title='bbox 1550 1475 1568 1507; x_wconf 83' lang='grc'><strong>‹</strong></span> <span class='ocrx_word' id='word_1_93' title='bbox 1606 1458 1684 1511; x_wconf 87' lang='lat' dir='ltr'><strong>An</strong></span> <span class='ocrx_word' id='word_1_94' title='bbox 1710 1459 1929 1513; x_wconf 86' lang='lat' dir='ltr'><strong>nescitis</strong></span> <span class='ocrx_word' id='word_1_95' title='bbox 1953 1459 2075 1528; x_wconf 83' lang='lat' dir='ltr'><strong>quia</strong></span> 
     </span>
    </p>
   </div>
   <div class='ocr_carea' id='block_1_14' title="bbox 503 1546 2075 1618">
    <p class='ocr_par' dir='ltr' id='par_1_14' title="bbox 503 1546 2075 1618">
     <span class='ocr_line' id='line_1_14' title="bbox 503 1546 2075 1618; baseline 0.003 -21"><span class='ocrx_word' id='word_1_96' title='bbox 503 1559 732 1614; x_wconf 89' lang='lat' dir='ltr'><strong>corpora</strong></span> <span class='ocrx_word' id='word_1_97' title='bbox 772 1556 945 1600; x_wconf 85' lang='lat' dir='ltr'><strong>vestra</strong></span> <span class='ocrx_word' id='word_1_98' title='bbox 998 1546 1257 1617; x_wconf 84' lang='lat' dir='ltr'><strong>templum</strong></span> <span class='ocrx_word' id='word_1_99' title='bbox 1289 1548 1380 1601; x_wconf 91' lang='lat' dir='ltr'><strong>Dei</strong></span> <span class='ocrx_word' id='word_1_100' title='bbox 1422 1549 1586 1602; x_wconf 88' lang='lat' dir='ltr'><strong>sunt?</strong></span> <span class='ocrx_word' id='word_1_101' title='bbox 1636 1550 1690 1603; x_wconf 87' lang='lat' dir='ltr'><strong>Si</strong></span> <span class='ocrx_word' id='word_1_102' title='bbox 1727 1550 1849 1618; x_wconf 88' lang='lat' dir='ltr'><strong>quis</strong></span> <span class='ocrx_word' id='word_1_103' title='bbox 1896 1560 2075 1603; x_wconf 84' lang='lat' dir='ltr'><strong>autem</strong></span> 
     </span>
    </p>
   </div>
   <div class='ocr_carea' id='block_1_15' title="bbox 505 1637 2061 1709">
    <p class='ocr_par' dir='ltr' id='par_1_15' title="bbox 505 1637 2061 1709">
     <span class='ocr_line' id='line_1_15' title="bbox 505 1637 2061 1709; baseline 0.002 -20"><span class='ocrx_word' id='word_1_104' title='bbox 505 1638 764 1707; x_wconf 83' lang='lat' dir='ltr'><strong>templum</strong></span> <span class='ocrx_word' id='word_1_105' title='bbox 816 1637 908 1691; x_wconf 91' lang='lat' dir='ltr'><strong>Dei</strong></span> <span class='ocrx_word' id='word_1_106' title='bbox 956 1638 1261 1703; x_wconf 85' lang='lat' dir='ltr'><strong>violaverit,</strong></span> <span class='ocrx_word' id='word_1_107' title='bbox 1319 1640 1592 1709; x_wconf 90' lang='lat' dir='ltr'><strong>disperdet</strong></span> <span class='ocrx_word' id='word_1_108' title='bbox 1654 1641 1801 1695; x_wconf 91' lang='lat' dir='ltr'><strong>illum</strong></span> <span class='ocrx_word' id='word_1_109' title='bbox 1837 1642 1995 1697; x_wconf 90' lang='lat' dir='ltr'><strong>Deus.</strong></span> <span class='ocrx_word' id='word_1_110' title='bbox 2044 1662 2061 1692; x_wconf 74' lang='grc' dir='ltr'><strong>ι</strong></span> 
     </span>
    </p>
   </div>
   <div class='ocr_carea' id='block_1_16' title="bbox 505 1726 2075 1800">
    <p class='ocr_par' dir='ltr' id='par_1_16' title="bbox 505 1726 2075 1800">
     <span class='ocr_line' id='line_1_16' title="bbox 505 1726 2075 1800; baseline 0.006 -19"><span class='ocrx_word' id='word_1_111' title='bbox 505 1726 629 1783; x_wconf 74' lang='lat' dir='ltr'><strong>llzcc</strong></span> <span class='ocrx_word' id='word_1_112' title='bbox 661 1730 876 1783; x_wconf 90' lang='lat' dir='ltr'><strong>etiamsi</strong></span> <span class='ocrx_word' id='word_1_113' title='bbox 915 1731 1062 1799; x_wconf 90' lang='lat' dir='ltr'><strong>prius</strong></span> <span class='ocrx_word' id='word_1_114' title='bbox 1114 1732 1424 1800; x_wconf 73' lang='lat' dir='ltr'><strong>ignorabas,</strong></span> <span class='ocrx_word' id='word_1_115' title='bbox 1468 1748 1613 1787; x_wconf 92' lang='lat' dir='ltr'><strong>nunc</strong></span> <span class='ocrx_word' id='word_1_116' title='bbox 1666 1744 1844 1790; x_wconf 82' lang='lat' dir='ltr'><strong>tamen</strong></span> <span class='ocrx_word' id='word_1_117' title='bbox 1878 1752 1941 1791; x_wconf 84' lang='lat' dir='ltr'><strong>ex</strong></span> <span class='ocrx_word' id='word_1_118' title='bbox 1970 1751 2075 1799; x_wconf 86' lang='lat' dir='ltr'><strong>quo</strong></span> 
     </span>
    </p>
   </div>
   <div class='ocr_carea' id='block_1_17' title="bbox 504 1820 2072 1890">
    <p class='ocr_par' dir='ltr' id='par_1_17' title="bbox 504 1820 2072 1890">
     <span class='ocr_line' id='line_1_17' title="bbox 504 1820 2072 1890; baseline 0.006 -21"><span class='ocrx_word' id='word_1_119' title='bbox 504 1826 558 1870; x_wconf 88' lang='lat' dir='ltr'><strong>lu</strong></span> <span class='ocrx_word' id='word_1_120' title='bbox 587 1820 812 1874; x_wconf 80' lang='lat' dir='ltr'><strong>auribus</strong></span> <span class='ocrx_word' id='word_1_121' title='bbox 843 1821 953 1875; x_wconf 88' lang='lat' dir='ltr'><strong>tuis</strong></span> <span class='ocrx_word' id='word_1_122' title='bbox 983 1822 1084 1876; x_wconf 90' lang='lat' dir='ltr'><strong>ista</strong></span> <span class='ocrx_word' id='word_1_123' title='bbox 1115 1826 1280 1877; x_wconf 88' lang='lat' dir='ltr'><strong>verba</strong></span> <span class='ocrx_word' id='word_1_124' title='bbox 1332 1823 1608 1890; x_wconf 90' lang='lat' dir='ltr'><strong>dicuntur,</strong></span> <span class='ocrx_word' id='word_1_125' title='bbox 1644 1837 1697 1881; x_wconf 91' lang='lat' dir='ltr'><strong>et</strong></span> <span class='ocrx_word' id='word_1_126' title='bbox 1726 1828 1778 1881; x_wconf 94' lang='lat' dir='ltr'><strong>in</strong></span> <span class='ocrx_word' id='word_1_127' title='bbox 1806 1843 1900 1882; x_wconf 91' lang='lat' dir='ltr'><strong>cor</strong></span> <span class='ocrx_word' id='word_1_128' title='bbox 1926 1837 2072 1882; x_wconf 91' lang='lat' dir='ltr'><strong>tuum</strong></span> 
     </span>
    </p>
   </div>
   <div class='ocr_carea' id='block_1_18' title="bbox 503 1909 2075 1981">
    <p class='ocr_par' dir='ltr' id='par_1_18' title="bbox 503 1909 2075 1981">
     <span class='ocr_line' id='line_1_18' title="bbox 503 1909 2075 1981; baseline 0.006 -18"><span class='ocrx_word' id='word_1_129' title='bbox 503 1909 875 1977; x_wconf 82' lang='lat' dir='ltr'><strong>hujuscemodi</strong></span> <span class='ocrx_word' id='word_1_130' title='bbox 909 1914 1153 1968; x_wconf 83' lang='lat' dir='ltr'><strong>doctrina</strong></span> <span class='ocrx_word' id='word_1_131' title='bbox 1182 1915 1600 1981; x_wconf 83' lang='lat' dir='ltr'><strong>transfunditur,</strong></span> <span class='ocrx_word' id='word_1_132' title='bbox 1624 1920 1760 1973; x_wconf 89' lang='lat' dir='ltr'><strong>scito</strong></span> <span class='ocrx_word' id='word_1_133' title='bbox 1785 1927 1837 1974; x_wconf 92' lang='lat' dir='ltr'><strong>te</strong></span> <span class='ocrx_word' id='word_1_134' title='bbox 1867 1920 1950 1974; x_wconf 93' lang='lat' dir='ltr'><strong>his</strong></span> <span class='ocrx_word' id='word_1_135' title='bbox 1978 1936 2075 1973; x_wconf 88' lang='lat' dir='ltr'><strong>au-</strong></span> 
     </span>
    </p>
   </div>
   <div class='ocr_carea' id='block_1_19' title="bbox 503 2004 2075 2083">
    <p class='ocr_par' dir='ltr' id='par_1_19' title="bbox 503 2004 2075 2083">
     <span class='ocr_line' id='line_1_19' title="bbox 503 2004 2075 2083; baseline 0.009 -27"><span class='ocrx_word' id='word_1_136' title='bbox 503 2004 631 2059; x_wconf 83' lang='lat' dir='ltr'><strong>ditis</strong></span> <span class='ocrx_word' id='word_1_137' title='bbox 686 2005 937 2075; x_wconf 90' lang='lat' dir='ltr'><strong>templum</strong></span> <span class='ocrx_word' id='word_1_138' title='bbox 985 2008 1075 2062; x_wconf 89' lang='lat' dir='ltr'><strong>Dei</strong></span> <span class='ocrx_word' id='word_1_139' title='bbox 1128 2019 1183 2064; x_wconf 94' lang='lat' dir='ltr'><strong>et</strong></span> <span class='ocrx_word' id='word_1_140' title='bbox 1232 2012 1534 2067; x_wconf 87' lang='lat' dir='ltr'><strong>membrum</strong></span> <span class='ocrx_word' id='word_1_141' title='bbox 1575 2014 1778 2069; x_wconf 89' lang='lat' dir='ltr'><strong>Christi</strong></span> <span class='ocrx_word' id='word_1_142' title='bbox 1809 2030 1929 2070; x_wconf 91' lang='lat' dir='ltr'><strong>esse</strong></span> <span class='ocrx_word' id='word_1_143' title='bbox 1962 2015 2075 2083; x_wconf 89' lang='lat' dir='ltr'><strong>jam</strong></span> 
     </span>
    </p>
   </div>
   <div class='ocr_carea' id='block_1_20' title="bbox 504 2092 2078 2171">
    <p class='ocr_par' dir='ltr' id='par_1_20' title="bbox 504 2092 2078 2171">
     <span class='ocr_line' id='line_1_20' title="bbox 504 2092 2078 2171; baseline 0.01 -26"><span class='ocrx_word' id='word_1_144' title='bbox 504 2092 725 2150; x_wconf 67' lang='lat' dir='ltr'><strong>factum.</strong></span> <span class='ocrx_word' id='word_1_145' title='bbox 784 2093 919 2150; x_wconf 87' lang='lat' dir='ltr'><strong>Vide</strong></span> <span class='ocrx_word' id='word_1_146' title='bbox 967 2110 1227 2167; x_wconf 90' lang='lat' dir='ltr'><strong>quantum</strong></span> <span class='ocrx_word' id='word_1_147' title='bbox 1281 2101 1582 2171; x_wconf 80' lang='lat' dir='ltr'><strong>profeceris</strong></span> <span class='ocrx_word' id='word_1_148' title='bbox 1628 2119 1696 2158; x_wconf 79' lang='lat' dir='ltr'><strong>ex</strong></span> <span class='ocrx_word' id='word_1_149' title='bbox 1754 2105 2078 2160; x_wconf 84' lang='lat' dir='ltr'><strong>homunculo</strong></span> 
     </span>
    </p>
   </div>
   <div class='ocr_carea' id='block_1_21' title="bbox 507 2187 2078 2266">
    <p class='ocr_par' dir='ltr' id='par_1_21' title="bbox 507 2187 2078 2266">
     <span class='ocr_line' id='line_1_21' title="bbox 507 2187 2078 2266; baseline 0.01 -28"><span class='ocrx_word' id='word_1_150' title='bbox 507 2196 727 2242; x_wconf 89' lang='lat' dir='ltr'><strong>tcrreuo</strong></span> <span class='ocrx_word' id='word_1_151' title='bbox 755 2187 889 2261; x_wconf 88' lang='lat'><strong>(66).</strong></span> <span class='ocrx_word' id='word_1_152' title='bbox 938 2191 992 2246; x_wconf 93' lang='lat' dir='ltr'><strong>ln</strong></span> <span class='ocrx_word' id='word_1_153' title='bbox 1039 2194 1297 2263; x_wconf 88' lang='lat' dir='ltr'><strong>templum</strong></span> <span class='ocrx_word' id='word_1_154' title='bbox 1353 2195 1444 2251; x_wconf 90' lang='lat' dir='ltr'><strong>Dei</strong></span> <span class='ocrx_word' id='word_1_155' title='bbox 1481 2212 1798 2266; x_wconf 86' lang='lat' dir='ltr'><strong>progressus</strong></span> <span class='ocrx_word' id='word_1_156' title='bbox 1848 2214 1906 2254; x_wconf 87' lang='lat' dir='ltr'><strong>es</strong></span> <span class='ocrx_word' id='word_1_157' title='bbox 1960 2202 2078 2255; x_wconf 80' lang='lat' dir='ltr'><strong>sine</strong></span> 
     </span>
    </p>
   </div>
   <div class='ocr_carea' id='block_1_22' title="bbox 501 2279 2079 2360">
    <p class='ocr_par' dir='ltr' id='par_1_22' title="bbox 501 2279 2079 2360">
     <span class='ocr_line' id='line_1_22' title="bbox 501 2279 2079 2360; baseline 0.011 -31"><span class='ocrx_word' id='word_1_158' title='bbox 501 2279 686 2343; x_wconf 90' lang='lat' dir='ltr'><strong>dubio,</strong></span> <span class='ocrx_word' id='word_1_159' title='bbox 717 2280 767 2333; x_wconf 91' lang='lat' dir='ltr'><strong>iu</strong></span> <span class='ocrx_word' id='word_1_160' title='bbox 806 2297 913 2351; x_wconf 93' lang='lat' dir='ltr'><strong>quo</strong></span> <span class='ocrx_word' id='word_1_161' title='bbox 965 2286 1211 2341; x_wconf 86' lang='lat' dir='ltr'><strong>habitare</strong></span> <span class='ocrx_word' id='word_1_162' title='bbox 1254 2287 1408 2342; x_wconf 89' lang='lat' dir='ltr'><strong>debet</strong></span> <span class='ocrx_word' id='word_1_163' title='bbox 1447 2288 1586 2345; x_wconf 90' lang='lat' dir='ltr'><strong>Deus</strong></span> <span class='ocrx_word' id='word_1_164' title='bbox 1618 2306 1632 2343; x_wconf 89' lang='lat'><strong>:</strong></span> <span class='ocrx_word' id='word_1_165' title='bbox 1663 2301 1714 2343; x_wconf 94' lang='lat' dir='ltr'><strong>et</strong></span> <span class='ocrx_word' id='word_1_166' title='bbox 1750 2292 1839 2360; x_wconf 89' lang='lat' dir='ltr'><strong>qui</strong></span> <span class='ocrx_word' id='word_1_167' title='bbox 1874 2308 2000 2347; x_wconf 86' lang='lat' dir='ltr'><strong>caro</strong></span> <span class='ocrx_word' id='word_1_168' title='bbox 2026 2303 2079 2347; x_wconf 92' lang='lat' dir='ltr'><strong>et</strong></span> 
     </span>
    </p>
   </div>
   <div class='ocr_carea' id='block_1_23' title="bbox 499 2375 2071 2445">
    <p class='ocr_par' dir='ltr' id='par_1_23' title="bbox 499 2375 2071 2445">
     <span class='ocr_line' id='line_1_23' title="bbox 499 2375 2071 2445; baseline 0.01 -20"><span class='ocrx_word' id='word_1_169' title='bbox 499 2375 721 2442; x_wconf 78' lang='lat' dir='ltr'><strong>sanguis</strong></span> <span class='ocrx_word' id='word_1_170' title='bbox 769 2391 912 2441; x_wconf 88' lang='lat' dir='ltr'><strong>eras,</strong></span> <span class='ocrx_word' id='word_1_171' title='bbox 941 2377 1221 2445; x_wconf 77' lang='lat' dir='ltr'><strong>proiecisti</strong></span> <span class='ocrx_word' id='word_1_172' title='bbox 1256 2389 1313 2434; x_wconf 91' lang='lat' dir='ltr'><strong>ut</strong></span> <span class='ocrx_word' id='word_1_173' title='bbox 1368 2384 1668 2437; x_wconf 89' lang='lat' dir='ltr'><strong>membrum</strong></span> <span class='ocrx_word' id='word_1_174' title='bbox 1720 2383 1922 2440; x_wconf 87' lang='lat' dir='ltr'><strong>Christi</strong></span> <span class='ocrx_word' id='word_1_175' title='bbox 1975 2386 2071 2441; x_wconf 92' lang='lat' dir='ltr'><strong>sis.</strong></span> 
     </span>
    </p>
   </div>
   <div class='ocr_carea' id='block_1_24' title="bbox 499 2466 2071 2545">
    <p class='ocr_par' dir='ltr' id='par_1_24' title="bbox 499 2466 2071 2545">
     <span class='ocr_line' id='line_1_24' title="bbox 499 2466 2071 2545; baseline 0.007 -23"><span class='ocrx_word' id='word_1_176' title='bbox 499 2466 605 2523; x_wconf 89' lang='lat' dir='ltr'><strong>Sed</strong></span> <span class='ocrx_word' id='word_1_177' title='bbox 639 2471 777 2525; x_wconf 83' lang='lat' dir='ltr'><strong>sicut</strong></span> <span class='ocrx_word' id='word_1_178' title='bbox 804 2489 1032 2543; x_wconf 88' lang='lat' dir='ltr'><strong>magnus</strong></span> <span class='ocrx_word' id='word_1_179' title='bbox 1080 2484 1164 2530; x_wconf 86' lang='lat' dir='ltr'><strong>est</strong></span> <span class='ocrx_word' id='word_1_180' title='bbox 1194 2476 1295 2531; x_wconf 93' lang='lat' dir='ltr'><strong>iste</strong></span> <span class='ocrx_word' id='word_1_181' title='bbox 1330 2476 1629 2545; x_wconf 83' lang='lat' dir='ltr'><strong>profectus,</strong></span> <span class='ocrx_word' id='word_1_182' title='bbox 1667 2480 1737 2533; x_wconf 86' lang='lat' dir='ltr'><strong>ita</strong></span> <span class='ocrx_word' id='word_1_183' title='bbox 1770 2489 1825 2534; x_wconf 86' lang='lat' dir='ltr'><strong>et</strong></span> <span class='ocrx_word' id='word_1_184' title='bbox 1866 2481 2071 2536; x_wconf 86' lang='lat' dir='ltr'><strong>disces-</strong></span> 
     </span>
    </p>
   </div>
   <div class='ocr_carea' id='block_1_25' title="bbox 499 2564 2067 2643">
    <p class='ocr_par' dir='ltr' id='par_1_25' title="bbox 499 2564 2067 2643">
     <span class='ocr_line' id='line_1_25' title="bbox 499 2564 2067 2643; baseline 0.01 -30"><span class='ocrx_word' id='word_1_185' title='bbox 499 2576 592 2613; x_wconf 88' lang='lat' dir='ltr'><strong>sus</strong></span> <span class='ocrx_word' id='word_1_186' title='bbox 651 2564 935 2629; x_wconf 82' lang='lat' dir='ltr'><strong>terribilis,</strong></span> <span class='ocrx_word' id='word_1_187' title='bbox 971 2575 1132 2634; x_wconf 88' lang='lat' dir='ltr'><strong>atque</strong></span> <span class='ocrx_word' id='word_1_188' title='bbox 1176 2567 1594 2625; x_wconf 89' lang='lat' dir='ltr'><strong>irremediabilis</strong></span> <span class='ocrx_word' id='word_1_189' title='bbox 1638 2586 1773 2638; x_wconf 87' lang='lat' dir='ltr'><strong>pene</strong></span> <span class='ocrx_word' id='word_1_190' title='bbox 1824 2572 1935 2643; x_wconf 86' lang='lat'><strong>(67)</strong></span> <span class='ocrx_word' id='word_1_191' title='bbox 1991 2574 2067 2628; x_wconf 88' lang='lat' dir='ltr'><strong>la-</strong></span> 
     </span>
    </p>
   </div>
   <div class='ocr_carea' id='block_1_26' title="bbox 501 2655 2061 2731">
    <p class='ocr_par' dir='ltr' id='par_1_26' title="bbox 501 2655 2061 2731">
     <span class='ocr_line' id='line_1_26' title="bbox 501 2655 2061 2731; baseline 0.01 -25"><span class='ocrx_word' id='word_1_192' title='bbox 501 2669 649 2724; x_wconf 90' lang='lat' dir='ltr'><strong>psus.</strong></span> <span class='ocrx_word' id='word_1_193' title='bbox 670 2655 788 2709; x_wconf 79' lang='lat' dir='ltr'><strong>.lam</strong></span> <span class='ocrx_word' id='word_1_194' title='bbox 812 2657 907 2713; x_wconf 85' lang='lat' dir='ltr'><strong>tibi</strong></span> <span class='ocrx_word' id='word_1_195' title='bbox 941 2658 1085 2712; x_wconf 92' lang='lat' dir='ltr'><strong>enim</strong></span> <span class='ocrx_word' id='word_1_196' title='bbox 1119 2674 1225 2713; x_wconf 91' lang='lat' dir='ltr'><strong>non</strong></span> <span class='ocrx_word' id='word_1_197' title='bbox 1252 2657 1380 2715; x_wconf 90' lang='lat' dir='ltr'><strong>licet</strong></span> <span class='ocrx_word' id='word_1_198' title='bbox 1406 2662 1604 2731; x_wconf 85' lang='lat' dir='ltr'><strong>templo</strong></span> <span class='ocrx_word' id='word_1_199' title='bbox 1632 2662 1727 2718; x_wconf 90' lang='lat' dir='ltr'><strong>Dei</strong></span> <span class='ocrx_word' id='word_1_200' title='bbox 1759 2665 1856 2728; x_wconf 89' lang='lat' dir='ltr'><strong>uti,</strong></span> <span class='ocrx_word' id='word_1_201' title='bbox 1886 2665 1988 2721; x_wconf 89' lang='lat' dir='ltr'><strong>nisi</strong></span> <span class='ocrx_word' id='word_1_202' title='bbox 2010 2668 2061 2721; x_wconf 87' lang='lat' dir='ltr'><strong>in</strong></span> 
     </span>
    </p>
   </div>
   <div class='ocr_carea' id='block_1_27' title="bbox 502 2750 2071 2827">
    <p class='ocr_par' dir='ltr' id='par_1_27' title="bbox 502 2750 2071 2827">
     <span class='ocr_line' id='line_1_27' title="bbox 502 2750 2071 2827; baseline 0.008 -26"><span class='ocrx_word' id='word_1_203' title='bbox 502 2750 816 2815; x_wconf 75' lang='lat' dir='ltr'><strong>sanctitate,</strong></span> <span class='ocrx_word' id='word_1_204' title='bbox 846 2766 947 2806; x_wconf 92' lang='lat' dir='ltr'><strong>nec</strong></span> <span class='ocrx_word' id='word_1_205' title='bbox 974 2753 1215 2807; x_wconf 88' lang='lat' dir='ltr'><strong>membra</strong></span> <span class='ocrx_word' id='word_1_206' title='bbox 1239 2751 1441 2809; x_wconf 90' lang='lat' dir='ltr'><strong>Christi</strong></span> <span class='ocrx_word' id='word_1_207' title='bbox 1491 2761 1557 2809; x_wconf 88' lang='lat' dir='ltr'><strong>ad</strong></span> <span class='ocrx_word' id='word_1_208' title='bbox 1609 2758 1892 2827; x_wconf 82' lang='lat' dir='ltr'><strong>indignum</strong></span> <span class='ocrx_word' id='word_1_209' title='bbox 1925 2775 2071 2814; x_wconf 90' lang='lat' dir='ltr'><strong>revo-</strong></span> 
     </span>
    </p>
   </div>
   <div class='ocr_carea' id='block_1_28' title="bbox 500 2845 2075 2918">
    <p class='ocr_par' dir='ltr' id='par_1_28' title="bbox 500 2845 2075 2918">
     <span class='ocr_line' id='line_1_28' title="bbox 500 2845 2075 2918; baseline 0.008 -25"><span class='ocrx_word' id='word_1_210' title='bbox 500 2856 628 2895; x_wconf 91' lang='lat' dir='ltr'><strong>care</strong></span> <span class='ocrx_word' id='word_1_211' title='bbox 674 2845 973 2914; x_wconf 84' lang='lat' dir='ltr'><strong>negotium.</strong></span> <span class='ocrx_word' id='word_1_212' title='bbox 1019 2846 1083 2899; x_wconf 87' lang='lat' dir='ltr'><strong>Et</strong></span> <span class='ocrx_word' id='word_1_213' title='bbox 1111 2848 1229 2903; x_wconf 89' lang='lat' dir='ltr'><strong>ideo</strong></span> <span class='ocrx_word' id='word_1_214' title='bbox 1268 2848 1313 2903; x_wconf 89' lang='lat' dir='ltr'><strong>si</strong></span> <span class='ocrx_word' id='word_1_215' title='bbox 1342 2848 1559 2918; x_wconf 88' lang='lat' dir='ltr'><strong>quando</strong></span> <span class='ocrx_word' id='word_1_216' title='bbox 1594 2859 1644 2903; x_wconf 89' lang='lat' dir='ltr'><strong>te</strong></span> <span class='ocrx_word' id='word_1_217' title='bbox 1685 2851 1838 2905; x_wconf 71' lang='lat' dir='ltr'><strong>malae</strong></span> <span class='ocrx_word' id='word_1_218' title='bbox 1868 2867 2075 2907; x_wconf 84' lang='lat' dir='ltr'><strong>concu-</strong></span> 
     </span>
    </p>
   </div>
   <div class='ocr_carea' id='block_1_29' title="bbox 499 2932 2074 3010">
    <p class='ocr_par' dir='ltr' id='par_1_29' title="bbox 499 2932 2074 3010">
     <span class='ocr_line' id='line_1_29' title="bbox 499 2932 2074 3010; baseline 0.01 -25"><span class='ocrx_word' id='word_1_219' title='bbox 499 2932 779 3000; x_wconf 70' lang='lat' dir='ltr'><strong>piscentire</strong></span> <span class='ocrx_word' id='word_1_220' title='bbox 805 2935 981 3003; x_wconf 90' lang='lat' dir='ltr'><strong>pulsat</strong></span> <span class='ocrx_word' id='word_1_221' title='bbox 1004 2938 1277 3002; x_wconf 84' lang='lat' dir='ltr'><strong>illecebra.</strong></span> <span class='ocrx_word' id='word_1_222' title='bbox 1314 2955 1524 2996; x_wconf 90' lang='lat' dir='ltr'><strong>memor</strong></span> <span class='ocrx_word' id='word_1_223' title='bbox 1565 2941 1758 2995; x_wconf 90' lang='lat' dir='ltr'><strong>horum</strong></span> <span class='ocrx_word' id='word_1_224' title='bbox 1787 2958 1907 3010; x_wconf 77' lang='lat' dir='ltr'><strong>qua:</strong></span> <span class='ocrx_word' id='word_1_225' title='bbox 1932 2961 2074 3000; x_wconf 88' lang='lat' dir='ltr'><strong>nunc</strong></span> 
     </span>
    </p>
   </div>
   <div class='ocr_carea' id='block_1_30' title="bbox 499 3026 2072 3103">
    <p class='ocr_par' dir='ltr' id='par_1_30' title="bbox 499 3026 2072 3103">
     <span class='ocr_line' id='line_1_30' title="bbox 499 3026 2072 3103; baseline 0.011 -26"><span class='ocrx_word' id='word_1_226' title='bbox 499 3026 675 3090; x_wconf 80' lang='lat' dir='ltr'><strong>audis,</strong></span> <span class='ocrx_word' id='word_1_227' title='bbox 718 3027 856 3083; x_wconf 89' lang='lat' dir='ltr'><strong>hosti</strong></span> <span class='ocrx_word' id='word_1_228' title='bbox 884 3029 1224 3096; x_wconf 90' lang='lat' dir='ltr'><strong>illioccurre,</strong></span> <span class='ocrx_word' id='word_1_229' title='bbox 1252 3034 1342 3102; x_wconf 87' lang='lat' dir='ltr'><strong>qui</strong></span> <span class='ocrx_word' id='word_1_230' title='bbox 1383 3034 1448 3089; x_wconf 92' lang='lat' dir='ltr'><strong>de</strong></span> <span class='ocrx_word' id='word_1_231' title='bbox 1482 3039 1694 3103; x_wconf 90' lang='lat' dir='ltr'><strong>telpso,</strong></span> <span class='ocrx_word' id='word_1_232' title='bbox 1736 3036 1837 3091; x_wconf 91' lang='lat' dir='ltr'><strong>hoc</strong></span> <span class='ocrx_word' id='word_1_233' title='bbox 1889 3049 1973 3093; x_wconf 90' lang='lat' dir='ltr'><strong>est</strong></span> <span class='ocrx_word' id='word_1_234' title='bbox 2008 3040 2072 3094; x_wconf 88' lang='lat' dir='ltr'><strong>de</strong></span> 
     </span>
    </p>
   </div>
   <div class='ocr_carea' id='block_1_31' title="bbox 504 3123 2069 3191">
    <p class='ocr_par' dir='ltr' id='par_1_31' title="bbox 504 3123 2069 3191">
     <span class='ocr_line' id='line_1_31' title="bbox 504 3123 2069 3191; baseline 0.01 -21"><span class='ocrx_word' id='word_1_235' title='bbox 504 3129 596 3171; x_wconf 89' lang='lat' dir='ltr'><strong>tuo</strong></span> <span class='ocrx_word' id='word_1_236' title='bbox 627 3123 793 3176; x_wconf 91' lang='lat' dir='ltr'><strong>corde</strong></span> <span class='ocrx_word' id='word_1_237' title='bbox 837 3125 1103 3191; x_wconf 85' lang='lat' dir='ltr'><strong>procedit,</strong></span> <span class='ocrx_word' id='word_1_238' title='bbox 1134 3135 1189 3180; x_wconf 92' lang='lat' dir='ltr'><strong>et</strong></span> <span class='ocrx_word' id='word_1_239' title='bbox 1220 3127 1413 3182; x_wconf 89' lang='lat' dir='ltr'><strong>resiste</strong></span> <span class='ocrx_word' id='word_1_240' title='bbox 1458 3128 1506 3181; x_wconf 93' lang='lat' dir='ltr'><strong>ei</strong></span> <span class='ocrx_word' id='word_1_241' title='bbox 1556 3127 1610 3180; x_wconf 92' lang='lat' dir='ltr'><strong>in</strong></span> <span class='ocrx_word' id='word_1_242' title='bbox 1647 3129 1842 3184; x_wconf 88' lang='lat' dir='ltr'><strong>talibus</strong></span> <span class='ocrx_word' id='word_1_243' title='bbox 1871 3130 2069 3191; x_wconf 88' lang='lat' dir='ltr'><strong>verbis.</strong></span> 
     </span>
    </p>
   </div>
   <div class='ocr_carea' id='block_1_32' title="bbox 2190 611 3740 690">
    <p class='ocr_par' dir='ltr' id='par_1_32' title="bbox 2190 611 3740 690">
     <span class='ocr_line' id='line_1_32' title="bbox 2190 611 3740 690; baseline -0.006 -15"><span class='ocrx_word' id='word_1_244' title='bbox 2190 621 2333 675; x_wconf 89' lang='lat' dir='ltr'><strong>modi</strong></span> <span class='ocrx_word' id='word_1_245' title='bbox 2384 621 2674 690; x_wconf 80' lang='lat' dir='ltr'><strong>approbria</strong></span> <span class='ocrx_word' id='word_1_246' title='bbox 2732 618 3051 689; x_wconf 90' lang='lat' dir='ltr'><strong>pullulare:</strong></span> <span class='ocrx_word' id='word_1_247' title='bbox 3092 632 3212 687; x_wconf 78' lang='lat' dir='ltr'><strong>quae</strong></span> <span class='ocrx_word' id='word_1_248' title='bbox 3271 616 3316 671; x_wconf 88' lang='lat' dir='ltr'><strong>si</strong></span> <span class='ocrx_word' id='word_1_249' title='bbox 3377 614 3605 668; x_wconf 79' lang='lat' dir='ltr'><strong>transito</strong></span> <span class='ocrx_word' id='word_1_250' title='bbox 3646 611 3740 677; x_wconf 82' lang='lat' dir='ltr'><strong>iam</strong></span> 
     </span>
    </p>
   </div>
   <div class='ocr_carea' id='block_1_33' title="bbox 2187 707 3741 783">
    <p class='ocr_par' dir='ltr' id='par_1_33' title="bbox 2187 707 3741 783">
     <span class='ocr_line' id='line_1_33' title="bbox 2187 707 3741 783; baseline -0.007 -15"><span class='ocrx_word' id='word_1_251' title='bbox 2187 712 2423 768; x_wconf 84' lang='lat' dir='ltr'><strong>Jordane</strong></span> <span class='ocrx_word' id='word_1_252' title='bbox 2464 713 2792 783; x_wconf 87' lang='lat' dir='ltr'><strong>susceperis,</strong></span> <span class='ocrx_word' id='word_1_253' title='bbox 2828 722 2882 766; x_wconf 92' lang='lat' dir='ltr'><strong>et</strong></span> <span class='ocrx_word' id='word_1_254' title='bbox 2914 712 2979 766; x_wconf 89' lang='lat' dir='ltr'><strong>iis</strong></span> <span class='ocrx_word' id='word_1_255' title='bbox 3012 721 3064 764; x_wconf 92' lang='lat' dir='ltr'><strong>te</strong></span> <span class='ocrx_word' id='word_1_256' title='bbox 3112 725 3306 764; x_wconf 87' lang='lat' dir='ltr'><strong>rursus</strong></span> <span class='ocrx_word' id='word_1_257' title='bbox 3352 707 3565 775; x_wconf 86' lang='lat' dir='ltr'><strong>laqueis</strong></span> <span class='ocrx_word' id='word_1_258' title='bbox 3588 707 3741 772; x_wconf 76' lang='lat' dir='ltr'><strong>illiga-</strong></span> 
     </span>
    </p>
   </div>
   <div class='ocr_carea' id='block_1_34' title="bbox 2187 798 3737 871">
    <p class='ocr_par' dir='ltr' id='par_1_34' title="bbox 2187 798 3737 871">
     <span class='ocr_line' id='line_1_34' title="bbox 2187 798 3737 871; baseline -0.009 -10"><span class='ocrx_word' id='word_1_259' title='bbox 2187 809 2349 870; x_wconf 86' lang='lat' dir='ltr'><strong>veris,</strong></span> <span class='ocrx_word' id='word_1_260' title='bbox 2401 818 2575 862; x_wconf 81' lang='lat' dir='ltr'><strong>tecum</strong></span> <span class='ocrx_word' id='word_1_261' title='bbox 2606 806 2723 858; x_wconf 91' lang='lat' dir='ltr'><strong>sine</strong></span> <span class='ocrx_word' id='word_1_262' title='bbox 2765 802 2928 857; x_wconf 87' lang='lat' dir='ltr'><strong>dubio</strong></span> <span class='ocrx_word' id='word_1_263' title='bbox 2963 800 3254 871; x_wconf 90' lang='lat' dir='ltr'><strong>opprobria</strong></span> <span class='ocrx_word' id='word_1_264' title='bbox 3284 798 3510 869; x_wconf 67' lang='lat' dir='ltr'><strong>Aigypti</strong></span> <span class='ocrx_word' id='word_1_265' title='bbox 3564 798 3737 850; x_wconf 76' lang='lat' dir='ltr'><strong>trahis.</strong></span> 
     </span>
    </p>
   </div>
   <div class='ocr_carea' id='block_1_35' title="bbox 2188 890 3742 968">
    <p class='ocr_par' dir='ltr' id='par_1_35' title="bbox 2188 890 3742 968">
     <span class='ocr_line' id='line_1_35' title="bbox 2188 890 3742 968; baseline -0.011 -15"><span class='ocrx_word' id='word_1_266' title='bbox 2188 898 2293 953; x_wconf 92' lang='lat' dir='ltr'><strong>Sed</strong></span> <span class='ocrx_word' id='word_1_267' title='bbox 2320 900 2362 953; x_wconf 88' lang='lat' dir='ltr'><strong>si</strong></span> <span class='ocrx_word' id='word_1_268' title='bbox 2393 899 2612 968; x_wconf 88' lang='lat' dir='ltr'><strong>quando</strong></span> <span class='ocrx_word' id='word_1_269' title='bbox 2646 908 2696 951; x_wconf 88' lang='lat' dir='ltr'><strong>te</strong></span> <span class='ocrx_word' id='word_1_270' title='bbox 2728 895 2852 949; x_wconf 91' lang='lat' dir='ltr'><strong>talis</strong></span> <span class='ocrx_word' id='word_1_271' title='bbox 2891 894 3181 949; x_wconf 86' lang='lat' dir='ltr'><strong>curiositas</strong></span> <span class='ocrx_word' id='word_1_272' title='bbox 3227 890 3543 961; x_wconf 81' lang='lat' dir='ltr'><strong>interpellat</strong></span> <span class='ocrx_word' id='word_1_273' title='bbox 3592 898 3644 939; x_wconf 87' lang='lat' dir='ltr'><strong>et</strong></span> <span class='ocrx_word' id='word_1_274' title='bbox 3688 890 3742 936; x_wconf 85' lang='lat' dir='ltr'><strong>de</strong></span> 
     </span>
    </p>
   </div>
   <div class='ocr_carea' id='block_1_36' title="bbox 2186 983 3739 1061">
    <p class='ocr_par' dir='ltr' id='par_1_36' title="bbox 2186 983 3739 1061">
     <span class='ocr_line' id='line_1_36' title="bbox 2186 983 3739 1061; baseline -0.008 -16"><span class='ocrx_word' id='word_1_275' title='bbox 2186 994 2348 1046; x_wconf 89' lang='lat' dir='ltr'><strong>corde</strong></span> <span class='ocrx_word' id='word_1_276' title='bbox 2382 1001 2478 1045; x_wconf 89' lang='lat' dir='ltr'><strong>tuo</strong></span> <span class='ocrx_word' id='word_1_277' title='bbox 2530 989 2841 1061; x_wconf 85' lang='lat' dir='ltr'><strong>hujusmodi</strong></span> <span class='ocrx_word' id='word_1_278' title='bbox 2886 989 3064 1042; x_wconf 92' lang='lat' dir='ltr'><strong>hostis</strong></span> <span class='ocrx_word' id='word_1_279' title='bbox 3102 987 3375 1053; x_wconf 87' lang='lat' dir='ltr'><strong>erumpit,</strong></span> <span class='ocrx_word' id='word_1_280' title='bbox 3414 984 3505 1037; x_wconf 87' lang='lat' dir='ltr'><strong>die</strong></span> <span class='ocrx_word' id='word_1_281' title='bbox 3527 983 3599 1047; x_wconf 86' lang='lat' dir='ltr'><strong>ei,</strong></span> <span class='ocrx_word' id='word_1_282' title='bbox 3632 983 3739 1049; x_wconf 78' lang='lat' dir='ltr'><strong>quia</strong></span> 
     </span>
    </p>
   </div>
   <div class='ocr_carea' id='block_1_37' title="bbox 2182 1083 3740 1153">
    <p class='ocr_par' dir='ltr' id='par_1_37' title="bbox 2182 1083 3740 1153">
     <span class='ocr_line' id='line_1_37' title="bbox 2182 1083 3740 1153; baseline -0.008 -14"><span class='ocrx_word' id='word_1_283' title='bbox 2182 1084 2365 1139; x_wconf 70' lang='lat' dir='ltr'><strong>losum</strong></span> <span class='ocrx_word' id='word_1_284' title='bbox 2396 1086 2585 1138; x_wconf 91' lang='lat' dir='ltr'><strong>ducem</strong></span> <span class='ocrx_word' id='word_1_285' title='bbox 2642 1099 2862 1153; x_wconf 89' lang='lat' dir='ltr'><strong>sequor,</strong></span> <span class='ocrx_word' id='word_1_286' title='bbox 2912 1084 2966 1137; x_wconf 90' lang='lat' dir='ltr'><strong>in</strong></span> <span class='ocrx_word' id='word_1_287' title='bbox 2998 1083 3153 1150; x_wconf 86' lang='lat' dir='ltr'><strong>cujus</strong></span> <span class='ocrx_word' id='word_1_288' title='bbox 3182 1088 3455 1151; x_wconf 84' lang='lat' dir='ltr'><strong>potestate</strong></span> <span class='ocrx_word' id='word_1_289' title='bbox 3485 1087 3610 1131; x_wconf 90' lang='lat' dir='ltr'><strong>sunt</strong></span> <span class='ocrx_word' id='word_1_290' title='bbox 3640 1094 3740 1146; x_wconf 70' lang='lat' dir='ltr'><strong>qur</strong></span> 
     </span>
    </p>
   </div>
   <div class='ocr_carea' id='block_1_38' title="bbox 2186 1172 3743 1243">
    <p class='ocr_par' dir='ltr' id='par_1_38' title="bbox 2186 1172 3743 1243">
     <span class='ocr_line' id='line_1_38' title="bbox 2186 1172 3743 1243; baseline -0.006 -13"><span class='ocrx_word' id='word_1_291' title='bbox 2186 1178 2364 1231; x_wconf 83' lang='lat' dir='ltr'><strong>futura</strong></span> <span class='ocrx_word' id='word_1_292' title='bbox 2412 1187 2559 1232; x_wconf 91' lang='lat' dir='ltr'><strong>sunt.</strong></span> <span class='ocrx_word' id='word_1_293' title='bbox 2606 1176 2743 1243; x_wconf 88' lang='lat' dir='ltr'><strong>Quid</strong></span> <span class='ocrx_word' id='word_1_294' title='bbox 2801 1177 2932 1232; x_wconf 91' lang='lat' dir='ltr'><strong>mihi</strong></span> <span class='ocrx_word' id='word_1_295' title='bbox 2987 1176 3129 1230; x_wconf 90' lang='lat' dir='ltr'><strong>scire</strong></span> <span class='ocrx_word' id='word_1_296' title='bbox 3184 1190 3305 1243; x_wconf 73' lang='lat' dir='ltr'><strong>qua:</strong></span> <span class='ocrx_word' id='word_1_297' title='bbox 3350 1172 3539 1227; x_wconf 81' lang='lat' dir='ltr'><strong>futura</strong></span> <span class='ocrx_word' id='word_1_298' title='bbox 3586 1174 3743 1224; x_wconf 75' lang='lat' dir='ltr'><strong>sunt?</strong></span> 
     </span>
    </p>
   </div>
   <div class='ocr_carea' id='block_1_39' title="bbox 2183 1265 3743 1339">
    <p class='ocr_par' dir='ltr' id='par_1_39' title="bbox 2183 1265 3743 1339">
     <span class='ocr_line' id='line_1_39' title="bbox 2183 1265 3743 1339; baseline -0.007 -15"><span class='ocrx_word' id='word_1_299' title='bbox 2183 1274 2526 1339; x_wconf 72' lang='lat' dir='ltr'><strong>Quaecunque</strong></span> <span class='ocrx_word' id='word_1_300' title='bbox 2578 1270 2667 1325; x_wconf 92' lang='lat' dir='ltr'><strong>ille</strong></span> <span class='ocrx_word' id='word_1_301' title='bbox 2715 1268 2848 1334; x_wconf 86' lang='lat' dir='ltr'><strong>vult,</strong></span> <span class='ocrx_word' id='word_1_302' title='bbox 2887 1270 3005 1324; x_wconf 60' lang='lat' dir='ltr'><strong>haec</strong></span> <span class='ocrx_word' id='word_1_303' title='bbox 3052 1268 3234 1323; x_wconf 80' lang='lat' dir='ltr'><strong>futura</strong></span> <span class='ocrx_word' id='word_1_304' title='bbox 3267 1275 3415 1321; x_wconf 87' lang='lat' dir='ltr'><strong>sunt.</strong></span> <span class='ocrx_word' id='word_1_305' title='bbox 3478 1265 3607 1320; x_wconf 85' lang='lat' dir='ltr'><strong>Ideo</strong></span> <span class='ocrx_word' id='word_1_306' title='bbox 3633 1282 3743 1333; x_wconf 65' lang='lat' dir='ltr'><strong>erg.</strong></span> 
     </span>
    </p>
   </div>
   <div class='ocr_carea' id='block_1_40' title="bbox 2185 1358 3740 1428">
    <p class='ocr_par' dir='ltr' id='par_1_40' title="bbox 2185 1358 3740 1428">
     <span class='ocr_line' id='line_1_40' title="bbox 2185 1358 3740 1428; baseline -0.005 -11"><span class='ocrx_word' id='word_1_307' title='bbox 2185 1374 2240 1419; x_wconf 90' lang='lat' dir='ltr'><strong>ut</strong></span> <span class='ocrx_word' id='word_1_308' title='bbox 2282 1365 2333 1418; x_wconf 91' lang='lat' dir='ltr'><strong>in</strong></span> <span class='ocrx_word' id='word_1_309' title='bbox 2392 1364 2548 1417; x_wconf 90' lang='lat' dir='ltr'><strong>nobis</strong></span> <span class='ocrx_word' id='word_1_310' title='bbox 2573 1378 2701 1418; x_wconf 92' lang='lat' dir='ltr'><strong>vere</strong></span> <span class='ocrx_word' id='word_1_311' title='bbox 2750 1363 2983 1415; x_wconf 90' lang='lat' dir='ltr'><strong>secunda</strong></span> <span class='ocrx_word' id='word_1_312' title='bbox 3019 1359 3368 1416; x_wconf 87' lang='lat' dir='ltr'><strong>circumcisio</strong></span> <span class='ocrx_word' id='word_1_313' title='bbox 3394 1358 3740 1428; x_wconf 81' lang='lat' dir='ltr'><strong>compleatur,</strong></span> 
     </span>
    </p>
   </div>
   <div class='ocr_carea' id='block_1_41' title="bbox 2182 1451 3742 1527">
    <p class='ocr_par' dir='ltr' id='par_1_41' title="bbox 2182 1451 3742 1527">
     <span class='ocr_line' id='line_1_41' title="bbox 2182 1451 3742 1527; baseline -0.006 -15"><span class='ocrx_word' id='word_1_314' title='bbox 2182 1474 2278 1527; x_wconf 89' lang='lat' dir='ltr'><strong>per</strong></span> <span class='ocrx_word' id='word_1_315' title='bbox 2299 1472 2460 1527; x_wconf 87' lang='lat' dir='ltr'><strong>quam</strong></span> <span class='ocrx_word' id='word_1_316' title='bbox 2484 1466 2667 1509; x_wconf 86' lang='lat' dir='ltr'><strong>vetera</strong></span> <span class='ocrx_word' id='word_1_317' title='bbox 2703 1453 2922 1524; x_wconf 63' lang='lat' dir='ltr'><strong>[Egypti</strong></span> <span class='ocrx_word' id='word_1_318' title='bbox 2972 1453 3268 1521; x_wconf 82' lang='lat' dir='ltr'><strong>opprobria</strong></span> <span class='ocrx_word' id='word_1_319' title='bbox 3300 1451 3659 1519; x_wconf 82' lang='lat' dir='ltr'><strong>deponamns,</strong></span> <span class='ocrx_word' id='word_1_320' title='bbox 3688 1452 3742 1503; x_wconf 75' lang='lat' dir='ltr'><strong>ab</strong></span> 
     </span>
    </p>
   </div>
   <div class='ocr_carea' id='block_1_42' title="bbox 2184 1542 3741 1615">
    <p class='ocr_par' dir='ltr' id='par_1_42' title="bbox 2184 1542 3741 1615">
     <span class='ocr_line' id='line_1_42' title="bbox 2184 1542 3741 1615; baseline -0.006 -11"><span class='ocrx_word' id='word_1_321' title='bbox 2184 1551 2267 1604; x_wconf 92' lang='lat' dir='ltr'><strong>his</strong></span> <span class='ocrx_word' id='word_1_322' title='bbox 2315 1548 2568 1603; x_wconf 89' lang='lat' dir='ltr'><strong>omnibus</strong></span> <span class='ocrx_word' id='word_1_323' title='bbox 2606 1545 2874 1615; x_wconf 83' lang='lat' dir='ltr'><strong>segregati</strong></span> <span class='ocrx_word' id='word_1_324' title='bbox 2928 1559 3154 1613; x_wconf 84' lang='lat' dir='ltr'><strong>prorsus</strong></span> <span class='ocrx_word' id='word_1_325' title='bbox 3205 1557 3329 1597; x_wconf 90' lang='lat' dir='ltr'><strong>esse</strong></span> <span class='ocrx_word' id='word_1_326' title='bbox 3360 1542 3646 1604; x_wconf 86' lang='lat' dir='ltr'><strong>debemus,</strong></span> <span class='ocrx_word' id='word_1_327' title='bbox 3695 1556 3741 1594; x_wconf 78' lang='lat' dir='ltr'><strong>ut</strong></span> 
     </span>
    </p>
   </div>
   <div class='ocr_carea' id='block_1_43' title="bbox 2181 1634 3739 1709">
    <p class='ocr_par' dir='ltr' id='par_1_43' title="bbox 2181 1634 3739 1709">
     <span class='ocr_line' id='line_1_43' title="bbox 2181 1634 3739 1709; baseline -0.007 -14"><span class='ocrx_word' id='word_1_328' title='bbox 2181 1640 2452 1709; x_wconf 79' lang='lat' dir='ltr'><strong>puriﬁcati</strong></span> <span class='ocrx_word' id='word_1_329' title='bbox 2491 1653 2720 1707; x_wconf 91' lang='lat' dir='ltr'><strong>corpore</strong></span> <span class='ocrx_word' id='word_1_330' title='bbox 2761 1647 2817 1691; x_wconf 93' lang='lat' dir='ltr'><strong>et</strong></span> <span class='ocrx_word' id='word_1_331' title='bbox 2854 1638 3020 1692; x_wconf 93' lang='lat' dir='ltr'><strong>corde</strong></span> <span class='ocrx_word' id='word_1_332' title='bbox 3064 1650 3227 1705; x_wconf 84' lang='lat' dir='ltr'><strong>puras</strong></span> <span class='ocrx_word' id='word_1_333' title='bbox 3263 1634 3427 1687; x_wconf 86' lang='lat' dir='ltr'><strong>etiam</strong></span> <span class='ocrx_word' id='word_1_334' title='bbox 3459 1649 3651 1687; x_wconf 83' lang='lat' dir='ltr'><strong>manus</strong></span> <span class='ocrx_word' id='word_1_335' title='bbox 3679 1634 3739 1684; x_wconf 58' lang='grc' dir='ltr'>ιε.</span> 
     </span>
    </p>
   </div>
   <div class='ocr_carea' id='block_1_44' title="bbox 2181 1727 3738 1799">
    <p class='ocr_par' dir='ltr' id='par_1_44' title="bbox 2181 1727 3738 1799">
     <span class='ocr_line' id='line_1_44' title="bbox 2181 1727 3738 1799; baseline -0.006 -13"><span class='ocrx_word' id='word_1_336' title='bbox 2181 1747 2370 1789; x_wconf 89' lang='lat' dir='ltr'><strong>vemus</strong></span> <span class='ocrx_word' id='word_1_337' title='bbox 2401 1732 2469 1786; x_wconf 91' lang='lat' dir='ltr'><strong>ad</strong></span> <span class='ocrx_word' id='word_1_338' title='bbox 2521 1733 2711 1797; x_wconf 87' lang='lat' dir='ltr'><strong>Deum,</strong></span> <span class='ocrx_word' id='word_1_339' title='bbox 2747 1744 2884 1799; x_wconf 91' lang='lat' dir='ltr'><strong>puro</strong></span> <span class='ocrx_word' id='word_1_340' title='bbox 2917 1744 3133 1797; x_wconf 89' lang='lat' dir='ltr'><strong>quoque</strong></span> <span class='ocrx_word' id='word_1_341' title='bbox 3159 1742 3277 1789; x_wconf 88' lang='lat' dir='ltr'><strong>ore,</strong></span> <span class='ocrx_word' id='word_1_342' title='bbox 3303 1736 3358 1779; x_wconf 90' lang='lat' dir='ltr'><strong>et</strong></span> <span class='ocrx_word' id='word_1_343' title='bbox 3397 1728 3641 1795; x_wconf 80' lang='lat' dir='ltr'><strong>purgatis</strong></span> <span class='ocrx_word' id='word_1_344' title='bbox 3676 1727 3738 1777; x_wconf 73' lang='lat' dir='ltr'><strong>la-</strong></span> 
     </span>
    </p>
   </div>
   <div class='ocr_carea' id='block_1_45' title="bbox 2185 1817 3736 1890">
    <p class='ocr_par' dir='ltr' id='par_1_45' title="bbox 2185 1817 3736 1890">
     <span class='ocr_line' id='line_1_45' title="bbox 2185 1817 3736 1890; baseline -0.004 -13"><span class='ocrx_word' id='word_1_345' title='bbox 2185 1824 2307 1888; x_wconf 89' lang='lat' dir='ltr'><strong>biis,</strong></span> <span class='ocrx_word' id='word_1_346' title='bbox 2338 1839 2401 1878; x_wconf 90' lang='lat' dir='ltr'><strong>ac</strong></span> <span class='ocrx_word' id='word_1_347' title='bbox 2452 1833 2633 1878; x_wconf 88' lang='lat' dir='ltr'><strong>mente</strong></span> <span class='ocrx_word' id='word_1_348' title='bbox 2678 1824 2914 1888; x_wconf 90' lang='lat' dir='ltr'><strong>sincera,</strong></span> <span class='ocrx_word' id='word_1_349' title='bbox 2946 1834 3109 1890; x_wconf 91' lang='lat' dir='ltr'><strong>prece</strong></span> <span class='ocrx_word' id='word_1_350' title='bbox 3158 1828 3213 1872; x_wconf 90' lang='lat' dir='ltr'><strong>et</strong></span> <span class='ocrx_word' id='word_1_351' title='bbox 3238 1820 3450 1873; x_wconf 89' lang='lat' dir='ltr'><strong>actibus</strong></span> <span class='ocrx_word' id='word_1_352' title='bbox 3490 1817 3736 1887; x_wconf 66' lang='lat' dir='ltr'><strong>gloriﬁce-</strong></span> 
     </span>
    </p>
   </div>
   <div class='ocr_carea' id='block_1_46' title="bbox 2185 1911 3738 1979">
    <p class='ocr_par' dir='ltr' id='par_1_46' title="bbox 2185 1911 3738 1979">
     <span class='ocr_line' id='line_1_46' title="bbox 2185 1911 3738 1979; baseline -0.005 -9"><span class='ocrx_word' id='word_1_353' title='bbox 2185 1934 2303 1970; x_wconf 92' lang='lat' dir='ltr'><strong>mus</strong></span> <span class='ocrx_word' id='word_1_354' title='bbox 2334 1916 2499 1970; x_wconf 88' lang='lat' dir='ltr'><strong>Deum</strong></span> <span class='ocrx_word' id='word_1_355' title='bbox 2542 1916 2594 1969; x_wconf 92' lang='lat' dir='ltr'><strong>in</strong></span> <span class='ocrx_word' id='word_1_356' title='bbox 2620 1913 2840 1969; x_wconf 87' lang='lat' dir='ltr'><strong>Christo</strong></span> <span class='ocrx_word' id='word_1_357' title='bbox 2868 1912 2993 1967; x_wconf 89' lang='lat' dir='ltr'><strong>Jesu</strong></span> <span class='ocrx_word' id='word_1_358' title='bbox 3024 1911 3257 1969; x_wconf 87' lang='lat' dir='ltr'><strong>Domino</strong></span> <span class='ocrx_word' id='word_1_359' title='bbox 3294 1923 3482 1968; x_wconf 91' lang='lat' dir='ltr'><strong>nostro</strong></span> <span class='ocrx_word' id='word_1_360' title='bbox 3504 1911 3635 1979; x_wconf 78' lang='lat'><strong>(69),</strong></span> <span class='ocrx_word' id='word_1_361' title='bbox 3661 1926 3738 1963; x_wconf 75' lang='lat' dir='ltr'><strong>cu-</strong></span> 
     </span>
    </p>
   </div>
   <div class='ocr_carea' id='block_1_47' title="bbox 2176 2005 3733 2078">
    <p class='ocr_par' dir='ltr' id='par_1_47' title="bbox 2176 2005 3733 2078">
     <span class='ocr_line' id='line_1_47' title="bbox 2176 2005 3733 2078; baseline -0.003 -18"><span class='ocrx_word' id='word_1_362' title='bbox 2176 2010 2267 2078; x_wconf 89' lang='lat' dir='ltr'><strong>jus</strong></span> <span class='ocrx_word' id='word_1_363' title='bbox 2294 2018 2377 2063; x_wconf 88' lang='lat' dir='ltr'><strong>est</strong></span> <span class='ocrx_word' id='word_1_364' title='bbox 2402 2016 2643 2077; x_wconf 83' lang='lat' dir='ltr'><strong>potestas</strong></span> <span class='ocrx_word' id='word_1_365' title='bbox 2692 2016 2747 2062; x_wconf 91' lang='lat' dir='ltr'><strong>et</strong></span> <span class='ocrx_word' id='word_1_366' title='bbox 2773 2007 3059 2074; x_wconf 88' lang='lat' dir='ltr'><strong>imperium</strong></span> <span class='ocrx_word' id='word_1_367' title='bbox 3102 2010 3156 2064; x_wconf 87' lang='lat' dir='ltr'><strong>in</strong></span> <span class='ocrx_word' id='word_1_368' title='bbox 3178 2007 3377 2063; x_wconf 70' lang='lat' dir='ltr'><strong>saecula</strong></span> <span class='ocrx_word' id='word_1_369' title='bbox 3411 2005 3733 2061; x_wconf 64' lang='lat' dir='ltr'><strong>mulorum.</strong></span> 
     </span>
    </p>
   </div>
   <div class='ocr_carea' id='block_1_48' title="bbox 2180 2103 2368 2158">
    <p class='ocr_par' dir='ltr' id='par_1_48' title="bbox 2180 2103 2368 2158">
     <span class='ocr_line' id='line_1_48' title="bbox 2180 2103 2368 2158; baseline 0.011 -2"><span class='ocrx_word' id='word_1_370' title='bbox 2180 2103 2368 2158; x_wconf 76' lang='lat' dir='ltr'><strong>Amen.</strong></span> 
     </span>
    </p>
   </div>
   <div class='ocr_carea' id='block_1_49' title="bbox 2756 2197 3170 2255">
    <p class='ocr_par' dir='ltr' id='par_1_49' title="bbox 2756 2197 3170 2255">
     <span class='ocr_line' id='line_1_49' title="bbox 2756 2197 3170 2255; baseline 0 -3"><span class='ocrx_word' id='word_1_371' title='bbox 2756 2197 3041 2255; x_wconf 76' lang='lat' dir='ltr'><strong>HOMILIA</strong></span> <span class='ocrx_word' id='word_1_372' title='bbox 3086 2198 3170 2253; x_wconf 84' lang='lat' dir='ltr'><strong>Vl.</strong></span> 
     </span>
    </p>
   </div>
   <div class='ocr_carea' id='block_1_50' title="bbox 2181 2330 3736 2404">
    <p class='ocr_par' dir='ltr' id='par_1_50' title="bbox 2181 2330 3736 2404">
     <span class='ocr_line' id='line_1_50' title="bbox 2181 2330 3736 2404; baseline -0.001 -20"><span class='ocrx_word' id='word_1_373' title='bbox 2181 2331 2255 2385; x_wconf 83' lang='lat' dir='ltr'><strong>De</strong></span> <span class='ocrx_word' id='word_1_374' title='bbox 2307 2333 2513 2388; x_wconf 80' lang='lat' dir='ltr'><strong>Pascha</strong></span> <span class='ocrx_word' id='word_1_375' title='bbox 2558 2336 2700 2402; x_wconf 82' lang='lat' dir='ltr'><strong>quod</strong></span> <span class='ocrx_word' id='word_1_376' title='bbox 2732 2336 2966 2404; x_wconf 74' lang='lat' dir='ltr'><strong>fecerunt</strong></span> <span class='ocrx_word' id='word_1_377' title='bbox 2999 2335 3098 2401; x_wconf 81' lang='lat' dir='ltr'><strong>ﬁlii</strong></span> <span class='ocrx_word' id='word_1_378' title='bbox 3146 2333 3324 2388; x_wconf 75' lang='lat' dir='ltr'><strong>Israel</strong></span> <span class='ocrx_word' id='word_1_379' title='bbox 3353 2349 3404 2384; x_wconf 72' lang='grc' dir='ltr'>ιη</span> <span class='ocrx_word' id='word_1_380' title='bbox 3429 2330 3669 2404; x_wconf 59' lang='lat' dir='ltr'><strong>Calgale.</strong></span> <span class='ocrx_word' id='word_1_381' title='bbox 3699 2340 3736 2378; x_wconf 70' lang='lat' dir='ltr'><strong>rt</strong></span> 
     </span>
    </p>
   </div>
   <div class='ocr_carea' id='block_1_51' title="bbox 2246 2402 3731 2474">
    <p class='ocr_par' dir='ltr' id='par_1_51' title="bbox 2246 2402 3731 2474">
     <span class='ocr_line' id='line_1_51' title="bbox 2246 2402 3731 2474; baseline 0.005 -18"><span class='ocrx_word' id='word_1_382' title='bbox 2246 2406 2505 2473; x_wconf 87' lang='lat' dir='ltr'><strong>quomodo</strong></span> <span class='ocrx_word' id='word_1_383' title='bbox 2527 2402 2909 2474; x_wconf 16' lang='lat' dir='ltr'><strong>frtlctttsvterrm</strong></span> <span class='ocrx_word' id='word_1_384' title='bbox 2937 2416 3180 2469; x_wconf 77' lang='lat' dir='ltr'><strong>ceperunt</strong></span> <span class='ocrx_word' id='word_1_385' title='bbox 3228 2421 3256 2456; x_wconf 78' lang='grc' dir='ltr'><em>ε</em></span> <span class='ocrx_word' id='word_1_386' title='bbox 3295 2406 3507 2474; x_wconf 79' lang='lat' dir='ltr'><strong>regione</strong></span> <span class='ocrx_word' id='word_1_387' title='bbox 3556 2402 3731 2474; x_wconf 52' lang='lat' dir='ltr'><strong>Ni!“</strong></span> 
     </span>
    </p>
   </div>
   <div class='ocr_carea' id='block_1_52' title="bbox 2254 2471 3733 2543">
    <p class='ocr_par' dir='ltr' id='par_1_52' title="bbox 2254 2471 3733 2543">
     <span class='ocr_line' id='line_1_52' title="bbox 2254 2471 3733 2543; baseline -0.005 -16"><span class='ocrx_word' id='word_1_388' title='bbox 2254 2471 2387 2529; x_wconf 79' lang='lat' dir='ltr'><strong>rum.</strong></span> <span class='ocrx_word' id='word_1_389' title='bbox 2433 2476 2505 2528; x_wconf 88' lang='lat' dir='ltr'><strong>De</strong></span> <span class='ocrx_word' id='word_1_390' title='bbox 2527 2471 2771 2543; x_wconf 74' lang='lat' dir='ltr'><strong>principe</strong></span> <span class='ocrx_word' id='word_1_391' title='bbox 2816 2478 3071 2529; x_wconf 81' lang='lat' dir='ltr'><strong>virtutum</strong></span> <span class='ocrx_word' id='word_1_392' title='bbox 3119 2474 3333 2528; x_wconf 75' lang='lat' dir='ltr'><strong>militia:</strong></span> <span class='ocrx_word' id='word_1_393' title='bbox 3369 2473 3580 2525; x_wconf 71' lang='lat' dir='ltr'><strong>Domini</strong></span> <span class='ocrx_word' id='word_1_394' title='bbox 3620 2471 3733 2528; x_wconf 68' lang='lat'><strong>(70!,</strong></span> 
     </span>
    </p>
   </div>
   <div class='ocr_carea' id='block_1_53' title="bbox 2249 2544 3737 2599">
    <p class='ocr_par' dir='ltr' id='par_1_53' title="bbox 2249 2544 3737 2599">
     <span class='ocr_line' id='line_1_53' title="bbox 2249 2544 3737 2599; baseline -0.005 -2"><span class='ocrx_word' id='word_1_395' title='bbox 2249 2546 2335 2598; x_wconf 79' lang='lat' dir='ltr'><strong>ubi</strong></span> <span class='ocrx_word' id='word_1_396' title='bbox 2363 2546 2560 2599; x_wconf 82' lang='lat' dir='ltr'><strong>dicitur</strong></span> <span class='ocrx_word' id='word_1_397' title='bbox 2587 2547 2656 2599; x_wconf 87' lang='lat' dir='ltr'><strong>ad</strong></span> <span class='ocrx_word' id='word_1_398' title='bbox 2671 2544 2853 2599; x_wconf 75' lang='lat' dir='ltr'><strong>Iesum</strong></span> <span class='ocrx_word' id='word_1_399' title='bbox 2881 2547 2923 2577; x_wconf 84' lang='grc'>¹⁶</span> <span class='ocrx_word' id='word_1_400' title='bbox 2949 2563 2965 2599; x_wconf 86' lang='lat'><strong><em>:</em></strong></span> <span class='ocrx_word' id='word_1_401' title='bbox 3001 2565 3019 2597; x_wconf 72' lang='grc' dir='ltr'><strong>ι</strong></span> <span class='ocrx_word' id='word_1_402' title='bbox 3060 2545 3216 2599; x_wconf 78' lang='lat' dir='ltr'><strong>Solve</strong></span> <span class='ocrx_word' id='word_1_403' title='bbox 3252 2547 3661 2597; x_wconf 67' lang='lat' dir='ltr'><strong>calceamentnn</strong></span> <span class='ocrx_word' id='word_1_404' title='bbox 3684 2546 3737 2590; x_wconf 71' lang='lat' dir='ltr'><strong>dc</strong></span> 
     </span>
    </p>
   </div>
   <div class='ocr_carea' id='block_1_54' title="bbox 2246 2616 3737 2687">
    <p class='ocr_par' dir='ltr' id='par_1_54' title="bbox 2246 2616 3737 2687">
     <span class='ocr_line' id='line_1_54' title="bbox 2246 2616 3737 2687; baseline -0.005 -19"><span class='ocrx_word' id='word_1_405' title='bbox 2246 2616 2462 2682; x_wconf 74' lang='lat' dir='ltr'><strong>pedibus</strong></span> <span class='ocrx_word' id='word_1_406' title='bbox 2486 2618 2612 2671; x_wconf 79' lang='lat' dir='ltr'><strong>tuis.</strong></span> <span class='ocrx_word' id='word_1_407' title='bbox 2644 2616 2812 2670; x_wconf 72' lang='lat' dir='ltr'><strong>Locus</strong></span> <span class='ocrx_word' id='word_1_408' title='bbox 2841 2622 2979 2672; x_wconf 80' lang='lat' dir='ltr'><strong>enim</strong></span> <span class='ocrx_word' id='word_1_409' title='bbox 3000 2618 3053 2670; x_wconf 83' lang='lat' dir='ltr'><strong>in</strong></span> <span class='ocrx_word' id='word_1_410' title='bbox 3079 2632 3182 2687; x_wconf 83' lang='lat' dir='ltr'><strong>quo</strong></span> <span class='ocrx_word' id='word_1_411' title='bbox 3223 2628 3358 2680; x_wconf 75' lang='lat' dir='ltr'><strong>stas,</strong></span> <span class='ocrx_word' id='word_1_412' title='bbox 3386 2623 3531 2665; x_wconf 85' lang='lat' dir='ltr'><strong>terra</strong></span> <span class='ocrx_word' id='word_1_413' title='bbox 3570 2623 3737 2665; x_wconf 66' lang='lat' dir='ltr'><strong>sancta</strong></span> 
     </span>
    </p>
   </div>
   <div class='ocr_carea' id='block_1_55' title="bbox 2248 2696 2420 2741">
    <p class='ocr_par' dir='ltr' id='par_1_55' title="bbox 2248 2696 2420 2741">
     <span class='ocr_line' id='line_1_55' title="bbox 2248 2696 2420 2741; baseline -0.017 0"><span class='ocrx_word' id='word_1_414' title='bbox 2248 2696 2345 2741; x_wconf 78' lang='lat' dir='ltr'><strong>est.</strong></span> <span class='ocrx_word' id='word_1_415' title='bbox 2402 2706 2420 2738; x_wconf 71' lang='grc' dir='ltr'><strong>ι</strong></span> 
     </span>
    </p>
   </div>
   <div class='ocr_carea' id='block_1_56' title="bbox 2248 2835 3737 2909">
    <p class='ocr_par' dir='ltr' id='par_1_56' title="bbox 2248 2835 3737 2909">
     <span class='ocr_line' id='line_1_56' title="bbox 2248 2835 3737 2909; baseline -0.007 -14"><span class='ocrx_word' id='word_1_416' title='bbox 2248 2843 2299 2898; x_wconf 77' lang='grc'><strong>1.</strong></span> <span class='ocrx_word' id='word_1_417' title='bbox 2329 2841 2429 2909; x_wconf 90' lang='lat' dir='ltr'><strong>Qui</strong></span> <span class='ocrx_word' id='word_1_418' title='bbox 2462 2857 2567 2898; x_wconf 90' lang='lat' dir='ltr'><strong>non</strong></span> <span class='ocrx_word' id='word_1_419' title='bbox 2598 2843 2914 2899; x_wconf 87' lang='lat' dir='ltr'><strong>obedientes</strong></span> <span class='ocrx_word' id='word_1_420' title='bbox 2946 2842 3162 2896; x_wconf 79' lang='lat' dir='ltr'><strong>fuerunt</strong></span> <span class='ocrx_word' id='word_1_421' title='bbox 3211 2838 3490 2893; x_wconf 82' lang='lat' dir='ltr'><strong>mandatis</strong></span> <span class='ocrx_word' id='word_1_422' title='bbox 3521 2835 3737 2895; x_wconf 71' lang='lat' dir='ltr'><strong>Domini,</strong></span> 
     </span>
    </p>
   </div>
   <div class='ocr_carea' id='block_1_57' title="bbox 2176 2929 3737 3004">
    <p class='ocr_par' dir='ltr' id='par_1_57' title="bbox 2176 2929 3737 3004">
     <span class='ocr_line' id='line_1_57' title="bbox 2176 2929 3737 3004; baseline -0.005 -16"><span class='ocrx_word' id='word_1_423' title='bbox 2176 2934 2543 2990; x_wconf 90' lang='lat' dir='ltr'><strong>incircumcisi</strong></span> <span class='ocrx_word' id='word_1_424' title='bbox 2594 2936 2869 2991; x_wconf 88' lang='lat' dir='ltr'><strong>dicuntur.</strong></span> <span class='ocrx_word' id='word_1_425' title='bbox 2907 2936 2981 2989; x_wconf 81' lang='lat' dir='ltr'><strong>Ex</strong></span> <span class='ocrx_word' id='word_1_426' title='bbox 3011 2950 3119 3004; x_wconf 91' lang='lat' dir='ltr'><strong>quo</strong></span> <span class='ocrx_word' id='word_1_427' title='bbox 3162 2932 3487 3002; x_wconf 82' lang='lat' dir='ltr'><strong>intelligitur</strong></span> <span class='ocrx_word' id='word_1_428' title='bbox 3519 2929 3634 2982; x_wconf 81' lang='lat' dir='ltr'><strong>illos</strong></span> <span class='ocrx_word' id='word_1_429' title='bbox 3660 2944 3737 2995; x_wconf 76' lang='lat' dir='ltr'><strong>ap-</strong></span> 
     </span>
    </p>
   </div>
   <div class='ocr_carea' id='block_1_58' title="bbox 2176 3019 3739 3098">
    <p class='ocr_par' dir='ltr' id='par_1_58' title="bbox 2176 3019 3739 3098">
     <span class='ocr_line' id='line_1_58' title="bbox 2176 3019 3739 3098; baseline -0.01 -13"><span class='ocrx_word' id='word_1_430' title='bbox 2176 3030 2362 3098; x_wconf 83' lang='lat' dir='ltr'><strong>pellari</strong></span> <span class='ocrx_word' id='word_1_431' title='bbox 2414 3030 2843 3091; x_wconf 89' lang='lat' dir='ltr'><strong>incircumcisos,</strong></span> <span class='ocrx_word' id='word_1_432' title='bbox 2894 3028 2984 3097; x_wconf 87' lang='lat' dir='ltr'><strong>qui</strong></span> <span class='ocrx_word' id='word_1_433' title='bbox 3036 3042 3144 3079; x_wconf 90' lang='lat' dir='ltr'><strong>non</strong></span> <span class='ocrx_word' id='word_1_434' title='bbox 3180 3026 3449 3079; x_wconf 86' lang='lat' dir='ltr'><strong>ubediunt</strong></span> <span class='ocrx_word' id='word_1_435' title='bbox 3486 3019 3739 3075; x_wconf 62' lang='lat' dir='ltr'><strong>mandati:</strong></span> 
     </span>
    </p>
   </div>
   <div class='ocr_carea' id='block_1_59' title="bbox 2181 3112 3739 3193">
    <p class='ocr_par' dir='ltr' id='par_1_59' title="bbox 2181 3112 3739 3193">
     <span class='ocr_line' id='line_1_59' title="bbox 2181 3112 3739 3193; baseline -0.009 -17"><span class='ocrx_word' id='word_1_436' title='bbox 2181 3123 2388 3176; x_wconf 91' lang='lat' dir='ltr'><strong>Domini</strong></span> <span class='ocrx_word' id='word_1_437' title='bbox 2417 3122 2552 3193; x_wconf 80' lang='lat' dir='ltr'><strong>(7t).</strong></span> <span class='ocrx_word' id='word_1_438' title='bbox 2607 3122 2715 3176; x_wconf 89' lang='lat' dir='ltr'><strong>Sed</strong></span> <span class='ocrx_word' id='word_1_439' title='bbox 2762 3131 2935 3175; x_wconf 86' lang='lat' dir='ltr'><strong>tamen</strong></span> <span class='ocrx_word' id='word_1_440' title='bbox 2987 3129 3041 3173; x_wconf 91' lang='lat' dir='ltr'><strong>et</strong></span> <span class='ocrx_word' id='word_1_441' title='bbox 3072 3115 3434 3173; x_wconf 79' lang='lat' dir='ltr'><strong>circumcisus</strong></span> <span class='ocrx_word' id='word_1_442' title='bbox 3484 3123 3539 3167; x_wconf 91' lang='lat' dir='ltr'><strong>et</strong></span> <span class='ocrx_word' id='word_1_443' title='bbox 3590 3112 3739 3165; x_wconf 82' lang='lat' dir='ltr'><strong>incir-</strong></span> 
     </span>
    </p>
   </div>
   <div class='ocr_carea' id='block_1_60' title="bbox 497 3202 3735 3290">
    <p class='ocr_par' dir='ltr' id='par_1_60' title="bbox 497 3202 3735 3290">
     <span class='ocr_line' id='line_1_60' title="bbox 497 3202 3735 3290; baseline -0.003 -28"><span class='ocrx_word' id='word_1_444' title='bbox 497 3218 553 3263; x_wconf 90' lang='lat' dir='ltr'><strong>et</strong></span> <span class='ocrx_word' id='word_1_445' title='bbox 578 3210 687 3277; x_wconf 89' lang='lat' dir='ltr'><strong>dic,</strong></span> <span class='ocrx_word' id='word_1_446' title='bbox 715 3214 844 3282; x_wconf 90' lang='lat' dir='ltr'><strong>quia</strong></span> <span class='ocrx_word' id='word_1_447' title='bbox 883 3230 989 3269; x_wconf 88' lang='lat' dir='ltr'><strong>non</strong></span> <span class='ocrx_word' id='word_1_448' title='bbox 1014 3231 1133 3271; x_wconf 91' lang='lat' dir='ltr'><strong>sum</strong></span> <span class='ocrx_word' id='word_1_449' title='bbox 1162 3232 1316 3271; x_wconf 91' lang='lat' dir='ltr'><strong>meus</strong></span> <span class='ocrx_word' id='word_1_450' title='bbox 1346 3236 1357 3271; x_wconf 95' lang='lat'>:</span> <span class='ocrx_word' id='word_1_451' title='bbox 1386 3226 1598 3287; x_wconf 92' lang='lat' dir='ltr'><strong>emptus</strong></span> <span class='ocrx_word' id='word_1_452' title='bbox 1629 3220 1772 3274; x_wconf 89' lang='lat' dir='ltr'><strong>enim</strong></span> <span class='ocrx_word' id='word_1_453' title='bbox 1796 3236 1912 3274; x_wconf 90' lang='lat' dir='ltr'><strong>sum</strong></span> <span class='ocrx_word' id='word_1_454' title='bbox 1943 3236 2066 3290; x_wconf 83' lang='lat' dir='ltr'><strong>prc-</strong></span> <span class='ocrx_word' id='word_1_455' title='bbox 2099 3229 2143 3290; x_wconf 74' lang='grc' dir='ltr'><em>ς</em></span> <span class='ocrx_word' id='word_1_456' title='bbox 2179 3212 2469 3278; x_wconf 88' lang='lat' dir='ltr'><strong>cumcisos,</strong></span> <span class='ocrx_word' id='word_1_457' title='bbox 2523 3211 2650 3280; x_wconf 90' lang='lat' dir='ltr'><strong>quia</strong></span> <span class='ocrx_word' id='word_1_458' title='bbox 2682 3225 2897 3265; x_wconf 81' lang='lat' dir='ltr'><strong>utnnem</strong></span> <span class='ocrx_word' id='word_1_459' title='bbox 2944 3209 3184 3263; x_wconf 88' lang='lat' dir='ltr'><strong>animam</strong></span> <span class='ocrx_word' id='word_1_460' title='bbox 3216 3205 3395 3275; x_wconf 78' lang='lat' dir='ltr'><strong>diligit</strong></span> <span class='ocrx_word' id='word_1_461' title='bbox 3432 3202 3602 3264; x_wconf 83' lang='lat' dir='ltr'><strong>Dens,</strong></span> <span class='ocrx_word' id='word_1_462' title='bbox 3646 3216 3735 3252; x_wconf 65' lang='lat' dir='ltr'><strong>non</strong></span> 
     </span>
    </p>
   </div>
   <div class='ocr_carea' id='block_1_61' title="bbox 503 3304 2071 3381">
    <p class='ocr_par' dir='ltr' id='par_1_61' title="bbox 503 3304 2071 3381">
     <span class='ocr_line' id='line_1_61' title="bbox 503 3304 2071 3381; baseline 0.006 -25"><span class='ocrx_word' id='word_1_463' title='bbox 503 3304 575 3357; x_wconf 93' lang='lat' dir='ltr'><strong>tio</strong></span> <span class='ocrx_word' id='word_1_464' title='bbox 621 3306 904 3375; x_wconf 82' lang='lat' dir='ltr'><strong>sanguinis</strong></span> <span class='ocrx_word' id='word_1_465' title='bbox 947 3306 1149 3362; x_wconf 90' lang='lat' dir='ltr'><strong>Christi</strong></span> <span class='ocrx_word' id='word_1_466' title='bbox 1195 3317 1248 3362; x_wconf 89' lang='lat' dir='ltr'><strong>et</strong></span> <span class='ocrx_word' id='word_1_467' title='bbox 1297 3311 1599 3364; x_wconf 89' lang='lat' dir='ltr'><strong>membrum</strong></span> <span class='ocrx_word' id='word_1_468' title='bbox 1653 3312 1821 3381; x_wconf 89' lang='lat' dir='ltr'><strong>ipsius</strong></span> <span class='ocrx_word' id='word_1_469' title='bbox 1848 3312 2071 3367; x_wconf 70' lang='lat' dir='ltr'><strong>ell‘eetus</strong></span> 
     </span>
    </p>
   </div>
   <div class='ocr_carea' id='block_1_62' title="bbox 501 3397 2073 3469">
    <p class='ocr_par' dir='ltr' id='par_1_62' title="bbox 501 3397 2073 3469">
     <span class='ocr_line' id='line_1_62' title="bbox 501 3397 2073 3469; baseline 0.006 -20"><span class='ocrx_word' id='word_1_470' title='bbox 501 3412 643 3450; x_wconf 88' lang='lat' dir='ltr'><strong>sum.</strong></span> <span class='ocrx_word' id='word_1_471' title='bbox 673 3397 785 3451; x_wconf 80' lang='lat' dir='ltr'><strong>Non</strong></span> <span class='ocrx_word' id='word_1_472' title='bbox 839 3398 967 3455; x_wconf 92' lang='lat' dir='ltr'><strong>licet</strong></span> <span class='ocrx_word' id='word_1_473' title='bbox 1016 3401 1145 3454; x_wconf 93' lang='lat' dir='ltr'><strong>mihi</strong></span> <span class='ocrx_word' id='word_1_474' title='bbox 1183 3401 1371 3456; x_wconf 90' lang='lat' dir='ltr'><strong>tollere</strong></span> <span class='ocrx_word' id='word_1_475' title='bbox 1408 3403 1708 3457; x_wconf 89' lang='lat' dir='ltr'><strong>membrum</strong></span> <span class='ocrx_word' id='word_1_476' title='bbox 1736 3402 1961 3469; x_wconf 90' lang='lat' dir='ltr'><strong>Christi,</strong></span> <span class='ocrx_word' id='word_1_477' title='bbox 2017 3419 2073 3458; x_wconf 89' lang='lat' dir='ltr'><strong>et</strong></span> 
     </span>
    </p>
   </div>
   <div class='ocr_carea' id='block_1_63' title="bbox 498 3483 2071 3566">
    <p class='ocr_par' dir='ltr' id='par_1_63' title="bbox 498 3483 2071 3566">
     <span class='ocr_line' id='line_1_63' title="bbox 498 3483 2071 3566; baseline 0.008 -28"><span class='ocrx_word' id='word_1_478' title='bbox 498 3483 682 3541; x_wconf 78' lang='lat' dir='ltr'><strong>facere</strong></span> <span class='ocrx_word' id='word_1_479' title='bbox 734 3490 1032 3544; x_wconf 87' lang='lat' dir='ltr'><strong>membrum</strong></span> <span class='ocrx_word' id='word_1_480' title='bbox 1062 3493 1387 3549; x_wconf 88' lang='lat' dir='ltr'><strong>meretricis.</strong></span> <span class='ocrx_word' id='word_1_481' title='bbox 1427 3493 1522 3549; x_wconf 91' lang='lat' dir='ltr'><strong>Dic</strong></span> <span class='ocrx_word' id='word_1_482' title='bbox 1554 3496 1625 3561; x_wconf 90' lang='lat' dir='ltr'><strong>ei,</strong></span> <span class='ocrx_word' id='word_1_483' title='bbox 1656 3496 1782 3565; x_wconf 90' lang='lat' dir='ltr'><strong>quia</strong></span> <span class='ocrx_word' id='word_1_484' title='bbox 1812 3497 2071 3566; x_wconf 90' lang='lat' dir='ltr'><strong>templum</strong></span> 
     </span>
    </p>
   </div>
   <div class='ocr_carea' id='block_1_64' title="bbox 498 3576 2071 3656">
    <p class='ocr_par' dir='ltr' id='par_1_64' title="bbox 498 3576 2071 3656">
     <span class='ocr_line' id='line_1_64' title="bbox 498 3576 2071 3656; baseline 0.007 -26"><span class='ocrx_word' id='word_1_485' title='bbox 498 3576 595 3632; x_wconf 91' lang='lat' dir='ltr'><strong>Dei</strong></span> <span class='ocrx_word' id='word_1_486' title='bbox 631 3578 858 3636; x_wconf 84' lang='lat' dir='ltr'><strong>ell&#39;ectus</strong></span> <span class='ocrx_word' id='word_1_487' title='bbox 886 3596 1027 3645; x_wconf 90' lang='lat' dir='ltr'><strong>sum,</strong></span> <span class='ocrx_word' id='word_1_488' title='bbox 1057 3598 1161 3638; x_wconf 92' lang='lat' dir='ltr'><strong>non</strong></span> <span class='ocrx_word' id='word_1_489' title='bbox 1188 3583 1317 3637; x_wconf 92' lang='lat' dir='ltr'><strong>mihi</strong></span> <span class='ocrx_word' id='word_1_490' title='bbox 1344 3584 1467 3639; x_wconf 92' lang='lat' dir='ltr'><strong>licet</strong></span> <span class='ocrx_word' id='word_1_491' title='bbox 1501 3584 1838 3640; x_wconf 90' lang='lat' dir='ltr'><strong>immundum</strong></span> <span class='ocrx_word' id='word_1_492' title='bbox 1869 3587 2071 3656; x_wconf 89' lang='lat' dir='ltr'><strong>aliquid</strong></span> 
     </span>
    </p>
   </div>
   <div class='ocr_carea' id='block_1_65' title="bbox 499 3669 2070 3748">
    <p class='ocr_par' dir='ltr' id='par_1_65' title="bbox 499 3669 2070 3748">
     <span class='ocr_line' id='line_1_65' title="bbox 499 3669 2070 3748; baseline 0.006 -25"><span class='ocrx_word' id='word_1_493' title='bbox 499 3669 628 3726; x_wconf 92' lang='lat' dir='ltr'><strong>illuc</strong></span> <span class='ocrx_word' id='word_1_494' title='bbox 681 3672 957 3739; x_wconf 88' lang='lat' dir='ltr'><strong>inducere,</strong></span> <span class='ocrx_word' id='word_1_495' title='bbox 988 3689 1087 3730; x_wconf 91' lang='lat' dir='ltr'><strong>nec</strong></span> <span class='ocrx_word' id='word_1_496' title='bbox 1143 3674 1229 3730; x_wconf 88' lang='lat' dir='ltr'><strong>l&#39;as</strong></span> <span class='ocrx_word' id='word_1_497' title='bbox 1275 3684 1359 3729; x_wconf 91' lang='lat' dir='ltr'><strong>est</strong></span> <span class='ocrx_word' id='word_1_498' title='bbox 1395 3676 1527 3730; x_wconf 90' lang='lat' dir='ltr'><strong>mihi</strong></span> <span class='ocrx_word' id='word_1_499' title='bbox 1569 3677 1778 3732; x_wconf 91' lang='lat' dir='ltr'><strong>violare</strong></span> <span class='ocrx_word' id='word_1_500' title='bbox 1814 3680 2070 3748; x_wconf 90' lang='lat' dir='ltr'><strong>templum</strong></span> 
     </span>
    </p>
   </div>
   <div class='ocr_carea' id='block_1_66' title="bbox 497 3760 2069 3840">
    <p class='ocr_par' dir='ltr' id='par_1_66' title="bbox 497 3760 2069 3840">
     <span class='ocr_line' id='line_1_66' title="bbox 497 3760 2069 3840; baseline 0.005 -25"><span class='ocrx_word' id='word_1_501' title='bbox 497 3760 595 3818; x_wconf 88' lang='lat' dir='ltr'><strong>Dei</strong></span> <span class='ocrx_word' id='word_1_502' title='bbox 630 3782 641 3816; x_wconf 93' lang='lat'>:</span> <span class='ocrx_word' id='word_1_503' title='bbox 677 3767 771 3820; x_wconf 86' lang='lat' dir='ltr'><strong>sed</strong></span> <span class='ocrx_word' id='word_1_504' title='bbox 802 3776 857 3821; x_wconf 89' lang='lat' dir='ltr'><strong>et</strong></span> <span class='ocrx_word' id='word_1_505' title='bbox 903 3767 1033 3821; x_wconf 87' lang='lat' dir='ltr'><strong>illud</strong></span> <span class='ocrx_word' id='word_1_506' title='bbox 1067 3769 1223 3834; x_wconf 88' lang='lat' dir='ltr'><strong>adde,</strong></span> <span class='ocrx_word' id='word_1_507' title='bbox 1254 3770 1512 3838; x_wconf 83' lang='lat' dir='ltr'><strong>quoniam</strong></span> <span class='ocrx_word' id='word_1_508' title='bbox 1552 3790 1570 3821; x_wconf 74' lang='grc' dir='ltr'><strong>ι</strong></span> <span class='ocrx_word' id='word_1_509' title='bbox 1609 3770 1703 3840; x_wconf 92' lang='lat' dir='ltr'><strong>qui</strong></span> <span class='ocrx_word' id='word_1_510' title='bbox 1746 3770 2069 3835; x_wconf 84' lang='lat' dir='ltr'><strong>fornicatur,</strong></span> 
     </span>
    </p>
   </div>
   <div class='ocr_carea' id='block_1_67' title="bbox 498 3850 2075 3932">
    <p class='ocr_par' dir='ltr' id='par_1_67' title="bbox 498 3850 2075 3932">
     <span class='ocr_line' id='line_1_67' title="bbox 498 3850 2075 3932; baseline 0.008 -27"><span class='ocrx_word' id='word_1_511' title='bbox 498 3850 555 3905; x_wconf 87' lang='lat' dir='ltr'><strong>in</strong></span> <span class='ocrx_word' id='word_1_512' title='bbox 604 3868 803 3921; x_wconf 88' lang='lat' dir='ltr'><strong>corpus</strong></span> <span class='ocrx_word' id='word_1_513' title='bbox 835 3870 995 3909; x_wconf 87' lang='lat' dir='ltr'><strong>suum</strong></span> <span class='ocrx_word' id='word_1_514' title='bbox 1038 3869 1224 3925; x_wconf 89' lang='lat' dir='ltr'><strong>peccat</strong></span> <span class='ocrx_word' id='word_1_515' title='bbox 1254 3859 1341 3914; x_wconf 73' lang='lat' dir='ltr'>“z</span> <span class='ocrx_word' id='word_1_516' title='bbox 1388 3878 1407 3912; x_wconf 76' lang='grc' dir='ltr'><strong>ι</strong></span> <span class='ocrx_word' id='word_1_517' title='bbox 1443 3876 1547 3915; x_wconf 91' lang='lat' dir='ltr'><strong>non</strong></span> <span class='ocrx_word' id='word_1_518' title='bbox 1598 3862 1653 3915; x_wconf 92' lang='lat' dir='ltr'><strong>in</strong></span> <span class='ocrx_word' id='word_1_519' title='bbox 1696 3862 1838 3916; x_wconf 88' lang='lat' dir='ltr'><strong>istud</strong></span> <span class='ocrx_word' id='word_1_520' title='bbox 1874 3877 2075 3932; x_wconf 82' lang='lat' dir='ltr'><strong>corpus</strong></span> 
     </span>
    </p>
   </div>
   <div class='ocr_carea' id='block_1_68' title="bbox 502 3942 2071 4017">
    <p class='ocr_par' dir='ltr' id='par_1_68' title="bbox 502 3942 2071 4017">
     <span class='ocr_line' id='line_1_68' title="bbox 502 3942 2071 4017; baseline 0.008 -23"><span class='ocrx_word' id='word_1_521' title='bbox 502 3942 701 4007; x_wconf 81' lang='lat' dir='ltr'><strong>solum,</strong></span> <span class='ocrx_word' id='word_1_522' title='bbox 748 3946 889 4012; x_wconf 89' lang='lat' dir='ltr'><strong>quod</strong></span> <span class='ocrx_word' id='word_1_523' title='bbox 933 3949 1193 4017; x_wconf 89' lang='lat' dir='ltr'><strong>templum</strong></span> <span class='ocrx_word' id='word_1_524' title='bbox 1228 3951 1319 4005; x_wconf 87' lang='lat' dir='ltr'><strong>Dei</strong></span> <span class='ocrx_word' id='word_1_525' title='bbox 1353 3951 1605 4007; x_wconf 76' lang='lat' dir='ltr'><strong>effectura</strong></span> <span class='ocrx_word' id='word_1_526' title='bbox 1639 3961 1744 4017; x_wconf 90' lang='lat' dir='ltr'><strong>est,</strong></span> <span class='ocrx_word' id='word_1_527' title='bbox 1774 3957 1868 4008; x_wconf 89' lang='lat' dir='ltr'><strong>sed</strong></span> <span class='ocrx_word' id='word_1_528' title='bbox 1914 3963 1969 4008; x_wconf 91' lang='lat' dir='ltr'><strong>et</strong></span> <span class='ocrx_word' id='word_1_529' title='bbox 2018 3954 2071 4007; x_wconf 92' lang='lat' dir='ltr'><strong>in</strong></span> 
     </span>
    </p>
   </div>
   <div class='ocr_carea' id='block_1_69' title="bbox 499 4034 2073 4116">
    <p class='ocr_par' dir='ltr' id='par_1_69' title="bbox 499 4034 2073 4116">
     <span class='ocr_line' id='line_1_69' title="bbox 499 4034 2073 4116; baseline 0.01 -29"><span class='ocrx_word' id='word_1_530' title='bbox 499 4034 632 4087; x_wconf 83' lang='lat' dir='ltr'><strong>illud</strong></span> <span class='ocrx_word' id='word_1_531' title='bbox 674 4040 817 4104; x_wconf 89' lang='lat' dir='ltr'><strong>quod</strong></span> <span class='ocrx_word' id='word_1_532' title='bbox 869 4038 1088 4104; x_wconf 91' lang='lat' dir='ltr'><strong>dicitur,</strong></span> <span class='ocrx_word' id='word_1_533' title='bbox 1156 4044 1283 4111; x_wconf 78' lang='lat' dir='ltr'><strong>quia</strong></span> <span class='ocrx_word' id='word_1_534' title='bbox 1350 4046 1532 4100; x_wconf 91' lang='lat' dir='ltr'><strong>omnis</strong></span> <span class='ocrx_word' id='word_1_535' title='bbox 1586 4046 1826 4101; x_wconf 88' lang='lat' dir='ltr'><strong>Ecclesia</strong></span> <span class='ocrx_word' id='word_1_536' title='bbox 1876 4061 2073 4116; x_wconf 87' lang='lat' dir='ltr'><strong>corpus</strong></span> 
     </span>
    </p>
   </div>
   <div class='ocr_carea' id='block_1_70' title="bbox 500 4130 2074 4198">
    <p class='ocr_par' dir='ltr' id='par_1_70' title="bbox 500 4130 2074 4198">
     <span class='ocr_line' id='line_1_70' title="bbox 500 4130 2074 4198; baseline 0.009 -14"><span class='ocrx_word' id='word_1_537' title='bbox 500 4130 703 4185; x_wconf 81' lang='lat' dir='ltr'><strong>Christi</strong></span> <span class='ocrx_word' id='word_1_538' title='bbox 730 4144 811 4186; x_wconf 85' lang='lat' dir='ltr'><strong>est</strong></span> <span class='ocrx_word' id='word_1_539' title='bbox 839 4134 881 4165; x_wconf 74' lang='grc'><strong>³⁸</strong></span> <span class='ocrx_word' id='word_1_540' title='bbox 915 4154 926 4188; x_wconf 92' lang='lat'>:</span> <span class='ocrx_word' id='word_1_541' title='bbox 960 4145 1015 4190; x_wconf 92' lang='lat' dir='ltr'><strong>et</strong></span> <span class='ocrx_word' id='word_1_542' title='bbox 1041 4137 1092 4190; x_wconf 89' lang='lat' dir='ltr'><strong>in</strong></span> <span class='ocrx_word' id='word_1_543' title='bbox 1126 4152 1340 4193; x_wconf 89' lang='lat' dir='ltr'><strong>omnem</strong></span> <span class='ocrx_word' id='word_1_544' title='bbox 1385 4140 1684 4196; x_wconf 87' lang='lat' dir='ltr'><strong>Ecclesiam</strong></span> <span class='ocrx_word' id='word_1_545' title='bbox 1717 4144 1933 4197; x_wconf 90' lang='lat' dir='ltr'><strong>videtur</strong></span> <span class='ocrx_word' id='word_1_546' title='bbox 1979 4146 2074 4198; x_wconf 90' lang='lat' dir='ltr'><strong>de-</strong></span> 
     </span>
    </p>
   </div>
   <div class='ocr_carea' id='block_1_71' title="bbox 501 4223 2076 4310">
    <p class='ocr_par' dir='ltr' id='par_1_71' title="bbox 501 4223 2076 4310">
     <span class='ocr_line' id='line_1_71' title="bbox 501 4223 2076 4310; baseline 0.013 -35"><span class='ocrx_word' id='word_1_547' title='bbox 501 4223 779 4289; x_wconf 82' lang='lat' dir='ltr'><strong>linquere,</strong></span> <span class='ocrx_word' id='word_1_548' title='bbox 812 4230 903 4297; x_wconf 91' lang='lat' dir='ltr'><strong>qui</strong></span> <span class='ocrx_word' id='word_1_549' title='bbox 956 4244 1154 4301; x_wconf 90' lang='lat' dir='ltr'><strong>corpus</strong></span> <span class='ocrx_word' id='word_1_550' title='bbox 1182 4248 1338 4287; x_wconf 87' lang='lat' dir='ltr'><strong>suum</strong></span> <span class='ocrx_word' id='word_1_551' title='bbox 1386 4235 1766 4302; x_wconf 87' lang='lat' dir='ltr'><strong>maculaverit,</strong></span> <span class='ocrx_word' id='word_1_552' title='bbox 1802 4239 1928 4307; x_wconf 88' lang='lat' dir='ltr'><strong>quia</strong></span> <span class='ocrx_word' id='word_1_553' title='bbox 1978 4256 2076 4310; x_wconf 92' lang='lat' dir='ltr'><strong>per</strong></span> 
     </span>
    </p>
   </div>
   <div class='ocr_carea' id='block_1_72' title="bbox 501 4322 2077 4398">
    <p class='ocr_par' dir='ltr' id='par_1_72' title="bbox 501 4322 2077 4398">
     <span class='ocr_line' id='line_1_72' title="bbox 501 4322 2077 4398; baseline 0.011 -29"><span class='ocrx_word' id='word_1_554' title='bbox 501 4334 668 4373; x_wconf 85' lang='lat' dir='ltr'><strong>ltllllm</strong></span> <span class='ocrx_word' id='word_1_555' title='bbox 728 4322 1030 4378; x_wconf 88' lang='lat' dir='ltr'><strong>membrum</strong></span> <span class='ocrx_word' id='word_1_556' title='bbox 1066 4325 1276 4382; x_wconf 77' lang='lat' dir='ltr'><strong>macula</strong></span> <span class='ocrx_word' id='word_1_557' title='bbox 1304 4327 1356 4381; x_wconf 94' lang='lat' dir='ltr'><strong>in</strong></span> <span class='ocrx_word' id='word_1_558' title='bbox 1390 4343 1550 4383; x_wconf 92' lang='lat' dir='ltr'><strong>omne</strong></span> <span class='ocrx_word' id='word_1_559' title='bbox 1579 4344 1776 4398; x_wconf 88' lang='lat' dir='ltr'><strong>corpus</strong></span> <span class='ocrx_word' id='word_1_560' title='bbox 1820 4329 2077 4385; x_wconf 65' lang='lat' dir='ltr'><strong>diﬂ‘undio</strong></span> 
     </span>
    </p>
   </div>
   <div class='ocr_carea' id='block_1_73' title="bbox 501 4412 2074 4491">
    <p class='ocr_par' dir='ltr' id='par_1_73' title="bbox 501 4412 2074 4491">
     <span class='ocr_line' id='line_1_73' title="bbox 501 4412 2074 4491; baseline 0.01 -27"><span class='ocrx_word' id='word_1_561' title='bbox 501 4422 611 4465; x_wconf 93' lang='lat' dir='ltr'><strong>tur.</strong></span> <span class='ocrx_word' id='word_1_562' title='bbox 641 4412 737 4467; x_wconf 86' lang='lat' dir='ltr'><strong>Est</strong></span> <span class='ocrx_word' id='word_1_563' title='bbox 781 4424 835 4469; x_wconf 88' lang='lat' dir='ltr'><strong>et</strong></span> <span class='ocrx_word' id='word_1_564' title='bbox 868 4414 999 4471; x_wconf 89' lang='lat' dir='ltr'><strong>illud</strong></span> <span class='ocrx_word' id='word_1_565' title='bbox 1030 4419 1379 4487; x_wconf 90' lang='lat' dir='ltr'><strong>opprobrium</strong></span> <span class='ocrx_word' id='word_1_566' title='bbox 1411 4419 1655 4491; x_wconf 66' lang='lat' dir='ltr'><strong>Egypti,</strong></span> <span class='ocrx_word' id='word_1_567' title='bbox 1689 4422 1857 4491; x_wconf 91' lang='lat' dir='ltr'><strong>quod,</strong></span> <span class='ocrx_word' id='word_1_568' title='bbox 1884 4422 1929 4478; x_wconf 91' lang='lat' dir='ltr'><strong>si</strong></span> <span class='ocrx_word' id='word_1_569' title='bbox 1978 4438 2074 4478; x_wconf 86' lang='lat' dir='ltr'><strong>ne-</strong></span> 
     </span>
    </p>
   </div>
   <div class='ocr_carea' id='block_1_74' title="bbox 501 4500 2074 4583">
    <p class='ocr_par' dir='ltr' id='par_1_74' title="bbox 501 4500 2074 4583">
     <span class='ocr_line' id='line_1_74' title="bbox 501 4500 2074 4583; baseline 0.008 -29"><span class='ocrx_word' id='word_1_570' title='bbox 501 4500 763 4569; x_wconf 79' lang='lat' dir='ltr'><strong>glexeris.</strong></span> <span class='ocrx_word' id='word_1_571' title='bbox 812 4505 977 4560; x_wconf 90' lang='lat' dir='ltr'><strong>etiam</strong></span> <span class='ocrx_word' id='word_1_572' title='bbox 1026 4517 1147 4578; x_wconf 85' lang='lat' dir='ltr'><strong>post</strong></span> <span class='ocrx_word' id='word_1_573' title='bbox 1189 4507 1445 4565; x_wconf 71' lang='lat' dir='ltr'><strong>Iordanis</strong></span> <span class='ocrx_word' id='word_1_574' title='bbox 1491 4512 1806 4581; x_wconf 87' lang='lat' dir='ltr'><strong>transitum,</strong></span> <span class='ocrx_word' id='word_1_575' title='bbox 1848 4524 1901 4567; x_wconf 91' lang='lat' dir='ltr'><strong>et</strong></span> <span class='ocrx_word' id='word_1_576' title='bbox 1947 4524 2074 4583; x_wconf 90' lang='lat' dir='ltr'><strong>post</strong></span> 
     </span>
    </p>
   </div>
   <div class='ocr_carea' id='block_1_75' title="bbox 499 4592 2072 4671">
    <p class='ocr_par' dir='ltr' id='par_1_75' title="bbox 499 4592 2072 4671">
     <span class='ocr_line' id='line_1_75' title="bbox 499 4592 2072 4671; baseline 0.008 -24"><span class='ocrx_word' id='word_1_577' title='bbox 499 4592 755 4664; x_wconf 85' lang='lat' dir='ltr'><strong>baptismi</strong></span> <span class='ocrx_word' id='word_1_578' title='bbox 800 4601 1092 4654; x_wconf 83' lang='lat' dir='ltr'><strong>secundam</strong></span> <span class='ocrx_word' id='word_1_579' title='bbox 1143 4602 1642 4671; x_wconf 88' lang='lat' dir='ltr'><strong>circumcisionem,</strong></span> <span class='ocrx_word' id='word_1_580' title='bbox 1677 4615 1904 4661; x_wconf 75' lang='lat' dir='ltr'><strong>vetusta:</strong></span> <span class='ocrx_word' id='word_1_581' title='bbox 1936 4621 2072 4662; x_wconf 78' lang='lat' dir='ltr'><strong>con-</strong></span> 
     </span>
    </p>
   </div>
   <div class='ocr_carea' id='block_1_76' title="bbox 504 4690 2079 4769">
    <p class='ocr_par' dir='ltr' id='par_1_76' title="bbox 504 4690 2079 4769">
     <span class='ocr_line' id='line_1_76' title="bbox 504 4690 2079 4769; baseline 0.009 -27"><span class='ocrx_word' id='word_1_582' title='bbox 504 4690 807 4746; x_wconf 88' lang='lat' dir='ltr'><strong>suetudinis</strong></span> <span class='ocrx_word' id='word_1_583' title='bbox 842 4692 1113 4749; x_wconf 90' lang='lat' dir='ltr'><strong>inustione</strong></span> <span class='ocrx_word' id='word_1_584' title='bbox 1140 4696 1451 4767; x_wconf 82' lang='lat' dir='ltr'><strong>suggeritur</strong></span> <span class='ocrx_word' id='word_1_585' title='bbox 1479 4696 1615 4769; x_wconf 87' lang='lat'><strong>(68),</strong></span> <span class='ocrx_word' id='word_1_586' title='bbox 1646 4697 1939 4755; x_wconf 86' lang='lat' dir='ltr'><strong>observare</strong></span> <span class='ocrx_word' id='word_1_587' title='bbox 1983 4716 2079 4756; x_wconf 89' lang='lat' dir='ltr'><strong>au-</strong></span> 
     </span>
    </p>
   </div>
   <div class='ocr_carea' id='block_1_77' title="bbox 503 4782 2079 4853">
    <p class='ocr_par' dir='ltr' id='par_1_77' title="bbox 503 4782 2079 4853">
     <span class='ocr_line' id='line_1_77' title="bbox 503 4782 2079 4853; baseline 0.007 -19"><span class='ocrx_word' id='word_1_588' title='bbox 503 4782 677 4848; x_wconf 87' lang='lat' dir='ltr'><strong>guria,</strong></span> <span class='ocrx_word' id='word_1_589' title='bbox 705 4786 983 4853; x_wconf 89' lang='lat' dir='ltr'><strong>requirere</strong></span> <span class='ocrx_word' id='word_1_590' title='bbox 1005 4789 1283 4843; x_wconf 86' lang='lat' dir='ltr'><strong>stellarum</strong></span> <span class='ocrx_word' id='word_1_591' title='bbox 1312 4806 1525 4853; x_wconf 83' lang='lat' dir='ltr'><strong>cursus.</strong></span> <span class='ocrx_word' id='word_1_592' title='bbox 1554 4801 1608 4844; x_wconf 89' lang='lat' dir='ltr'><strong>et</strong></span> <span class='ocrx_word' id='word_1_593' title='bbox 1647 4803 1876 4848; x_wconf 88' lang='lat' dir='ltr'><strong>eventus</strong></span> <span class='ocrx_word' id='word_1_594' title='bbox 1913 4807 1980 4847; x_wconf 75' lang='lat' dir='ltr'><strong>ex</strong></span> <span class='ocrx_word' id='word_1_595' title='bbox 2011 4792 2079 4846; x_wconf 88' lang='lat' dir='ltr'><strong>iis</strong></span> 
     </span>
    </p>
   </div>
   <div class='ocr_carea' id='block_1_78' title="bbox 504 4870 2077 4951">
    <p class='ocr_par' dir='ltr' id='par_1_78' title="bbox 504 4870 2077 4951">
     <span class='ocr_line' id='line_1_78' title="bbox 504 4870 2077 4951; baseline 0.007 -27"><span class='ocrx_word' id='word_1_596' title='bbox 504 4870 809 4928; x_wconf 79' lang='lat' dir='ltr'><strong>futurorum</strong></span> <span class='ocrx_word' id='word_1_597' title='bbox 843 4878 1054 4941; x_wconf 89' lang='lat' dir='ltr'><strong>rimari,</strong></span> <span class='ocrx_word' id='word_1_598' title='bbox 1097 4894 1318 4935; x_wconf 83' lang='lat' dir='ltr'><strong>servare</strong></span> <span class='ocrx_word' id='word_1_599' title='bbox 1365 4882 1573 4935; x_wconf 91' lang='lat' dir='ltr'><strong>somnia</strong></span> <span class='ocrx_word' id='word_1_600' title='bbox 1608 4882 1932 4951; x_wconf 69' lang='lat' dir='ltr'><strong>creterisque</strong></span> <span class='ocrx_word' id='word_1_601' title='bbox 1974 4881 2077 4935; x_wconf 82' lang='lat' dir='ltr'><strong>hu-</strong></span> 
     </span>
    </p>
   </div>
   <div class='ocr_carea' id='block_1_79' title="bbox 498 4967 2076 5041">
    <p class='ocr_par' dir='ltr' id='par_1_79' title="bbox 498 4967 2076 5041">
     <span class='ocr_line' id='line_1_79' title="bbox 498 4967 2076 5041; baseline 0.007 -22"><span class='ocrx_word' id='word_1_602' title='bbox 498 4967 739 5041; x_wconf 86' lang='lat' dir='ltr'><strong>jusmodi</strong></span> <span class='ocrx_word' id='word_1_603' title='bbox 760 4970 1239 5038; x_wconf 83' lang='lat' dir='ltr'><strong>superstitionibus</strong></span> <span class='ocrx_word' id='word_1_604' title='bbox 1267 4973 1556 5041; x_wconf 84' lang='lat' dir='ltr'><strong>implicari.</strong></span> <span class='ocrx_word' id='word_1_605' title='bbox 1580 4973 2076 5030; x_wconf 76' lang='lat' dir='ltr'><strong>Idololatriaznam-</strong></span> 
     </span>
    </p>
   </div>
   <div class='ocr_carea' id='block_1_80' title="bbox 575 5106 1828 5181">
    <p class='ocr_par' dir='ltr' id='par_1_80' title="bbox 575 5106 1828 5181">
     <span class='ocr_line' id='line_1_80' title="bbox 575 5106 1828 5181; baseline 0.013 -27"><span class='ocrx_word' id='word_1_606' title='bbox 575 5107 627 5181; x_wconf 32' lang='lat' dir='ltr'>&quot;ﬁ</span> <span class='ocrx_word' id='word_1_607' title='bbox 649 5106 811 5181; x_wconf 72' lang='lat' dir='ltr'><strong>Ilelir.</strong></span> <span class='ocrx_word' id='word_1_608' title='bbox 844 5124 895 5173; x_wconf 73' lang='grc' dir='ltr'>ι,</span> <span class='ocrx_word' id='word_1_609' title='bbox 917 5109 1007 5173; x_wconf 74' lang='grc'><strong>29.</strong></span> <span class='ocrx_word' id='word_1_610' title='bbox 1133 5113 1215 5166; x_wconf 86' lang='grc' dir='ltr'><strong>¹³Ι</strong></span> <span class='ocrx_word' id='word_1_611' title='bbox 1256 5114 1380 5168; x_wconf 87' lang='lat' dir='ltr'><strong>Cor.</strong></span> <span class='ocrx_word' id='word_1_612' title='bbox 1411 5129 1487 5181; x_wconf 90' lang='lat' dir='ltr'><strong>vt,</strong></span> <span class='ocrx_word' id='word_1_613' title='bbox 1514 5115 1601 5180; x_wconf 81' lang='grc'><strong>19,</strong></span> <span class='ocrx_word' id='word_1_614' title='bbox 1629 5131 1708 5181; x_wconf 86' lang='lat' dir='ltr'><strong>ttt,</strong></span> <span class='ocrx_word' id='word_1_615' title='bbox 1748 5117 1828 5170; x_wconf 85' lang='lat' dir='ltr'><strong>l7.</strong></span> 
     </span>
    </p>
   </div>
   <div class='ocr_carea' id='block_1_81' title="bbox 505 5176 744 5244">
    <p class='ocr_par' dir='ltr' id='par_1_81' title="bbox 505 5176 744 5244">
     <span class='ocr_line' id='line_1_81' title="bbox 505 5176 744 5244; baseline -0.004 -13"><span class='ocrx_word' id='word_1_616' title='bbox 505 5194 557 5239; x_wconf 79' lang='grc' dir='ltr'><strong>ν,</strong></span> <span class='ocrx_word' id='word_1_617' title='bbox 598 5176 653 5244; x_wconf 90' lang='grc'><strong>8,</strong></span> <span class='ocrx_word' id='word_1_618' title='bbox 695 5178 744 5230; x_wconf 88' lang='lat'><strong>9.</strong></span> 
     </span>
    </p>
   </div>
   <div class='ocr_carea' id='block_1_82' title="bbox 572 5318 1571 5386">
    <p class='ocr_par' dir='ltr' id='par_1_82' title="bbox 572 5318 1571 5386">
     <span class='ocr_line' id='line_1_82' title="bbox 572 5318 1571 5386; baseline -0.001 -11"><span class='ocrx_word' id='word_1_619' title='bbox 572 5318 683 5386; x_wconf 66' lang='grc'>(64)</span> <span class='ocrx_word' id='word_1_620' title='bbox 716 5320 875 5375; x_wconf 90' lang='lat' dir='ltr'><strong>Iidem</strong></span> <span class='ocrx_word' id='word_1_621' title='bbox 910 5336 1067 5381; x_wconf 78' lang='lat' dir='ltr'><strong>mss.,</strong></span> <span class='ocrx_word' id='word_1_622' title='bbox 1097 5340 1116 5373; x_wconf 72' lang='grc' dir='ltr'><strong>ι</strong></span> <span class='ocrx_word' id='word_1_623' title='bbox 1154 5323 1517 5378; x_wconf 85' lang='lat' dir='ltr'><strong>revolventur.</strong></span> <span class='ocrx_word' id='word_1_624' title='bbox 1555 5344 1571 5374; x_wconf 75' lang='grc' dir='ltr'><strong>ι</strong></span> 
     </span>
    </p>
   </div>
   <div class='ocr_carea' id='block_1_83' title="bbox 576 5391 1475 5463">
    <p class='ocr_par' dir='ltr' id='par_1_83' title="bbox 576 5391 1475 5463">
     <span class='ocr_line' id='line_1_83' title="bbox 576 5391 1475 5463; baseline -0.002 -16"><span class='ocrx_word' id='word_1_625' title='bbox 576 5392 688 5463; x_wconf 84' lang='grc'>(65)</span> <span class='ocrx_word' id='word_1_626' title='bbox 720 5391 883 5446; x_wconf 92' lang='lat' dir='ltr'><strong>lidem</strong></span> <span class='ocrx_word' id='word_1_627' title='bbox 923 5408 1078 5455; x_wconf 89' lang='lat' dir='ltr'><strong>mss.,</strong></span> <span class='ocrx_word' id='word_1_628' title='bbox 1111 5413 1129 5443; x_wconf 75' lang='grc' dir='ltr'><strong>ι</strong></span> <span class='ocrx_word' id='word_1_629' title='bbox 1163 5394 1419 5462; x_wconf 91' lang='lat' dir='ltr'><strong>polluere.</strong></span> <span class='ocrx_word' id='word_1_630' title='bbox 1458 5414 1475 5445; x_wconf 77' lang='grc' dir='ltr'><strong>ι</strong></span> 
     </span>
    </p>
   </div>
   <div class='ocr_carea' id='block_1_84' title="bbox 599 5463 1368 5521">
    <p class='ocr_par' dir='ltr' id='par_1_84' title="bbox 599 5463 1368 5521">
     <span class='ocr_line' id='line_1_84' title="bbox 599 5463 1368 5521; baseline -0.001 -4"><span class='ocrx_word' id='word_1_631' title='bbox 599 5465 687 5521; x_wconf 83' lang='grc'><strong>66)</strong></span> <span class='ocrx_word' id='word_1_632' title='bbox 721 5463 884 5516; x_wconf 85' lang='lat' dir='ltr'><strong>Iidem</strong></span> <span class='ocrx_word' id='word_1_633' title='bbox 922 5480 1052 5518; x_wconf 83' lang='lat' dir='ltr'><strong>mss.</strong></span> <span class='ocrx_word' id='word_1_634' title='bbox 1086 5483 1103 5514; x_wconf 73' lang='grc' dir='ltr'><strong>ι</strong></span> <span class='ocrx_word' id='word_1_635' title='bbox 1137 5477 1315 5521; x_wconf 66' lang='lat' dir='ltr'><strong>term.</strong></span> <span class='ocrx_word' id='word_1_636' title='bbox 1351 5484 1368 5516; x_wconf 75' lang='grc' dir='ltr'><strong>ι</strong></span> 
     </span>
    </p>
   </div>
   <div class='ocr_carea' id='block_1_85' title="bbox 600 5532 2077 5599">
    <p class='ocr_par' dir='ltr' id='par_1_85' title="bbox 600 5532 2077 5599">
     <span class='ocr_line' id='line_1_85' title="bbox 600 5532 2077 5599; baseline 0.001 -10"><span class='ocrx_word' id='word_1_637' title='bbox 600 5535 691 5599; x_wconf 89' lang='grc'><strong>67)</strong></span> <span class='ocrx_word' id='word_1_638' title='bbox 731 5532 891 5589; x_wconf 86' lang='lat' dir='ltr'><strong>Pene.</strong></span> <span class='ocrx_word' id='word_1_639' title='bbox 930 5535 1089 5589; x_wconf 88' lang='lat' dir='ltr'><strong>Deest</strong></span> <span class='ocrx_word' id='word_1_640' title='bbox 1125 5537 1175 5589; x_wconf 89' lang='lat' dir='ltr'><strong>in</strong></span> <span class='ocrx_word' id='word_1_641' title='bbox 1223 5532 1487 5589; x_wconf 89' lang='lat' dir='ltr'><strong>Gemetic.</strong></span> <span class='ocrx_word' id='word_1_642' title='bbox 1512 5544 1567 5589; x_wconf 91' lang='lat' dir='ltr'><strong>et</strong></span> <span class='ocrx_word' id='word_1_643' title='bbox 1601 5551 1706 5589; x_wconf 92' lang='lat' dir='ltr'><strong>uno</strong></span> <span class='ocrx_word' id='word_1_644' title='bbox 1737 5536 2077 5593; x_wconf 88' lang='lat' dir='ltr'><strong>Ebroicensi.</strong></span> 
     </span>
    </p>
   </div>
   <div class='ocr_carea' id='block_1_86' title="bbox 578 5604 1791 5675">
    <p class='ocr_par' dir='ltr' id='par_1_86' title="bbox 578 5604 1791 5675">
     <span class='ocr_line' id='line_1_86' title="bbox 578 5604 1791 5675; baseline 0 -19"><span class='ocrx_word' id='word_1_645' title='bbox 578 5606 696 5671; x_wconf 71' lang='grc'>,(68)</span> <span class='ocrx_word' id='word_1_646' title='bbox 732 5604 898 5659; x_wconf 87' lang='lat' dir='ltr'><strong>Iidem</strong></span> <span class='ocrx_word' id='word_1_647' title='bbox 942 5622 1067 5659; x_wconf 89' lang='lat' dir='ltr'><strong>mss.</strong></span> <span class='ocrx_word' id='word_1_648' title='bbox 1111 5626 1127 5657; x_wconf 72' lang='grc' dir='ltr'><strong>ι</strong></span> <span class='ocrx_word' id='word_1_649' title='bbox 1171 5606 1369 5659; x_wconf 89' lang='lat' dir='ltr'><strong>iuuslio</strong></span> <span class='ocrx_word' id='word_1_650' title='bbox 1399 5617 1448 5659; x_wconf 91' lang='lat' dir='ltr'><strong>te</strong></span> <span class='ocrx_word' id='word_1_651' title='bbox 1470 5608 1730 5675; x_wconf 76' lang='lat' dir='ltr'><strong>suggerit.</strong></span> <span class='ocrx_word' id='word_1_652' title='bbox 1770 5626 1791 5658; x_wconf 47' lang='grc' dir='ltr'>ιη</span> 
     </span>
    </p>
   </div>
   <div class='ocr_carea' id='block_1_87' title="bbox 581 5675 2074 5743">
    <p class='ocr_par' dir='ltr' id='par_1_87' title="bbox 581 5675 2074 5743">
     <span class='ocr_line' id='line_1_87' title="bbox 581 5675 2074 5743; baseline 0.001 -14"><span class='ocrx_word' id='word_1_653' title='bbox 581 5677 689 5743; x_wconf 81' lang='grc'>(69)</span> <span class='ocrx_word' id='word_1_654' title='bbox 738 5676 850 5730; x_wconf 90' lang='lat' dir='ltr'><strong>Duo</strong></span> <span class='ocrx_word' id='word_1_655' title='bbox 880 5675 1231 5730; x_wconf 78' lang='lat' dir='ltr'><strong>Ehroiceuses</strong></span> <span class='ocrx_word' id='word_1_656' title='bbox 1261 5694 1274 5729; x_wconf 89' lang='lat'><strong>:</strong></span> <span class='ocrx_word' id='word_1_657' title='bbox 1310 5694 1328 5727; x_wconf 72' lang='grc' dir='ltr'><strong>ι</strong></span> <span class='ocrx_word' id='word_1_658' title='bbox 1375 5676 1659 5731; x_wconf 88' lang='lat' dir='ltr'><strong>Dominum</strong></span> <span class='ocrx_word' id='word_1_659' title='bbox 1698 5687 1939 5730; x_wconf 85' lang='lat' dir='ltr'><strong>nostrum</strong></span> <span class='ocrx_word' id='word_1_660' title='bbox 1985 5676 2074 5730; x_wconf 83' lang='lat' dir='ltr'><strong>Je-</strong></span> 
     </span>
    </p>
   </div>
   <div class='ocr_carea' id='block_1_88' title="bbox 506 5746 2065 5803">
    <p class='ocr_par' dir='ltr' id='par_1_88' title="bbox 506 5746 2065 5803">
     <span class='ocr_line' id='line_1_88' title="bbox 506 5746 2065 5803; baseline 0.001 -4"><span class='ocrx_word' id='word_1_661' title='bbox 506 5763 623 5800; x_wconf 75' lang='lat' dir='ltr'><strong>sum</strong></span> <span class='ocrx_word' id='word_1_662' title='bbox 650 5746 940 5799; x_wconf 87' lang='lat' dir='ltr'><strong>Christum.</strong></span> <span class='ocrx_word' id='word_1_663' title='bbox 986 5768 1005 5798; x_wconf 73' lang='grc' dir='ltr'><strong>ι</strong></span> <span class='ocrx_word' id='word_1_664' title='bbox 1045 5747 1307 5803; x_wconf 81' lang='lat' dir='ltr'><strong>Gemetic.</strong></span> <span class='ocrx_word' id='word_1_665' title='bbox 1347 5764 1364 5797; x_wconf 77' lang='grc' dir='ltr'><strong>ι</strong></span> <span class='ocrx_word' id='word_1_666' title='bbox 1409 5747 1575 5801; x_wconf 87' lang='lat' dir='ltr'><strong>Deum</strong></span> <span class='ocrx_word' id='word_1_667' title='bbox 1611 5756 1851 5801; x_wconf 86' lang='lat' dir='ltr'><strong>nostrum</strong></span> <span class='ocrx_word' id='word_1_668' title='bbox 1880 5746 2065 5802; x_wconf 80' lang='lat' dir='ltr'><strong>Jesum</strong></span> 
     </span>
    </p>
   </div>
   <div class='ocr_carea' id='block_1_89' title="bbox 506 5816 2059 5888">
    <p class='ocr_par' dir='ltr' id='par_1_89' title="bbox 506 5816 2059 5888">
     <span class='ocr_line' id='line_1_89' title="bbox 506 5816 2059 5888; baseline 0.003 -22"><span class='ocrx_word' id='word_1_669' title='bbox 506 5818 801 5888; x_wconf 74' lang='lat' dir='ltr'><strong>tlhristum.</strong></span> <span class='ocrx_word' id='word_1_670' title='bbox 856 5836 872 5868; x_wconf 75' lang='grc' dir='ltr'><strong>ι</strong></span> <span class='ocrx_word' id='word_1_671' title='bbox 921 5816 1037 5869; x_wconf 76' lang='grc' dir='ltr'>Μοι</span> <span class='ocrx_word' id='word_1_672' title='bbox 1081 5821 1246 5873; x_wconf 81' lang='lat' dir='ltr'><strong>codex</strong></span> <span class='ocrx_word' id='word_1_673' title='bbox 1305 5821 1591 5888; x_wconf 76' lang='lat' dir='ltr'><strong>Sangernt.</strong></span> <span class='ocrx_word' id='word_1_674' title='bbox 1625 5837 1643 5868; x_wconf 72' lang='grc' dir='ltr'><strong>ι</strong></span> <span class='ocrx_word' id='word_1_675' title='bbox 1699 5816 1849 5880; x_wconf 80' lang='lat' dir='ltr'><strong>cuius</strong></span> <span class='ocrx_word' id='word_1_676' title='bbox 1894 5828 1994 5873; x_wconf 85' lang='lat' dir='ltr'><strong>est.</strong></span> <span class='ocrx_word' id='word_1_677' title='bbox 2043 5838 2059 5870; x_wconf 76' lang='grc' dir='ltr'><strong>ι</strong></span> 
     </span>
    </p>
   </div>
   <div class='ocr_carea' id='block_1_90' title="bbox 508 5887 2065 5949">
    <p class='ocr_par' dir='ltr' id='par_1_90' title="bbox 508 5887 2065 5949">
     <span class='ocr_line' id='line_1_90' title="bbox 508 5887 2065 5949; baseline 0.002 -8"><span class='ocrx_word' id='word_1_678' title='bbox 508 5887 660 5948; x_wconf 81' lang='lat' dir='ltr'><strong>Lihh.</strong></span> <span class='ocrx_word' id='word_1_679' title='bbox 714 5896 868 5943; x_wconf 78' lang='lat' dir='ltr'><strong>antea</strong></span> <span class='ocrx_word' id='word_1_680' title='bbox 906 5889 1033 5943; x_wconf 82' lang='lat' dir='ltr'><strong>editi</strong></span> <span class='ocrx_word' id='word_1_681' title='bbox 1070 5909 1080 5941; x_wconf 90' lang='lat'>:</span> <span class='ocrx_word' id='word_1_682' title='bbox 1120 5907 1136 5940; x_wconf 75' lang='grc' dir='ltr'><strong>ι</strong></span> <span class='ocrx_word' id='word_1_683' title='bbox 1188 5890 1271 5944; x_wconf 89' lang='lat' dir='ltr'><strong>cui</strong></span> <span class='ocrx_word' id='word_1_684' title='bbox 1321 5887 1438 5945; x_wconf 57' lang='lat' dir='ltr'><strong>est.</strong></span> <span class='ocrx_word' id='word_1_685' title='bbox 1470 5908 1487 5941; x_wconf 75' lang='grc' dir='ltr'><strong>ι</strong></span> <span class='ocrx_word' id='word_1_686' title='bbox 1530 5887 1679 5948; x_wconf 88' lang='lat' dir='ltr'><strong>Unus</strong></span> <span class='ocrx_word' id='word_1_687' title='bbox 1724 5888 2065 5949; x_wconf 78' lang='lat' dir='ltr'><strong>Ebt‘oiceusis</strong></span> 
     </span>
    </p>
   </div>
   <div class='ocr_carea' id='block_1_91' title="bbox 1946 5116 2422 5181">
    <p class='ocr_par' dir='ltr' id='par_1_91' title="bbox 1946 5116 2422 5181">
     <span class='ocr_line' id='line_1_91' title="bbox 1946 5116 2422 5181; baseline 0.004 -13"><span class='ocrx_word' id='word_1_688' title='bbox 1946 5116 1989 5147; x_wconf 65' lang='grc'><strong>’³</strong></span> <span class='ocrx_word' id='word_1_689' title='bbox 2022 5116 2036 5168; x_wconf 96' lang='lat' dir='ltr'><strong>l</strong></span> <span class='ocrx_word' id='word_1_690' title='bbox 2067 5116 2191 5172; x_wconf 84' lang='lat' dir='ltr'><strong>Cor.</strong></span> <span class='ocrx_word' id='word_1_691' title='bbox 2228 5132 2300 5181; x_wconf 87' lang='lat' dir='ltr'><strong>vl,</strong></span> <span class='ocrx_word' id='word_1_692' title='bbox 2344 5117 2422 5170; x_wconf 92' lang='lat' dir='ltr'><strong>l8.</strong></span> 
     </span>
    </p>
   </div>
   <div class='ocr_carea' id='block_1_92' title="bbox 2179 3295 3739 3372">
    <p class='ocr_par' dir='ltr' id='par_1_92' title="bbox 2179 3295 3739 3372">
     <span class='ocr_line' id='line_1_92' title="bbox 2179 3295 3739 3372; baseline -0.009 -13"><span class='ocrx_word' id='word_1_693' title='bbox 2179 3305 2395 3372; x_wconf 82' lang='lat' dir='ltr'><strong>penitus</strong></span> <span class='ocrx_word' id='word_1_694' title='bbox 2431 3302 2780 3372; x_wconf 90' lang='lat' dir='ltr'><strong>derelinquit.</strong></span> <span class='ocrx_word' id='word_1_695' title='bbox 2834 3301 2980 3356; x_wconf 84' lang='lat' dir='ltr'><strong>Misit</strong></span> <span class='ocrx_word' id='word_1_696' title='bbox 3012 3303 3156 3355; x_wconf 88' lang='lat' dir='ltr'><strong>enim</strong></span> <span class='ocrx_word' id='word_1_697' title='bbox 3185 3297 3398 3361; x_wconf 70' lang='lat' dir='ltr'><strong>Iesum,</strong></span> <span class='ocrx_word' id='word_1_698' title='bbox 3445 3295 3536 3366; x_wconf 87' lang='lat' dir='ltr'><strong>qui</strong></span> <span class='ocrx_word' id='word_1_699' title='bbox 3566 3308 3739 3348; x_wconf 70' lang='lat' dir='ltr'><strong>om</strong></span> 
     </span>
    </p>
   </div>
   <div class='ocr_carea' id='block_1_93' title="bbox 2177 3390 3733 3466">
    <p class='ocr_par' dir='ltr' id='par_1_93' title="bbox 2177 3390 3733 3466">
     <span class='ocr_line' id='line_1_93' title="bbox 2177 3390 3733 3466; baseline -0.01 -15"><span class='ocrx_word' id='word_1_700' title='bbox 2177 3396 2337 3451; x_wconf 90' lang='lat' dir='ltr'><strong>simul</strong></span> <span class='ocrx_word' id='word_1_701' title='bbox 2390 3396 2581 3466; x_wconf 84' lang='lat' dir='ltr'><strong>dignos</strong></span> <span class='ocrx_word' id='word_1_702' title='bbox 2635 3394 3049 3449; x_wconf 89' lang='lat' dir='ltr'><strong>circumcideret</strong></span> <span class='ocrx_word' id='word_1_703' title='bbox 3098 3401 3154 3446; x_wconf 92' lang='lat' dir='ltr'><strong>et</strong></span> <span class='ocrx_word' id='word_1_704' title='bbox 3208 3390 3482 3454; x_wconf 80' lang='lat' dir='ltr'><strong>indignos,</strong></span> <span class='ocrx_word' id='word_1_705' title='bbox 3535 3398 3591 3441; x_wconf 94' lang='lat' dir='ltr'><strong>et</strong></span> <span class='ocrx_word' id='word_1_706' title='bbox 3643 3400 3733 3437; x_wconf 72' lang='lat' dir='ltr'><strong>non</strong></span> 
     </span>
    </p>
   </div>
   <div class='ocr_carea' id='block_1_94' title="bbox 2179 3480 3738 3553">
    <p class='ocr_par' dir='ltr' id='par_1_94' title="bbox 2179 3480 3738 3553">
     <span class='ocr_line' id='line_1_94' title="bbox 2179 3480 3738 3553; baseline -0.01 -9"><span class='ocrx_word' id='word_1_707' title='bbox 2179 3491 2346 3544; x_wconf 86' lang='lat' dir='ltr'><strong>lilium</strong></span> <span class='ocrx_word' id='word_1_708' title='bbox 2374 3489 2519 3543; x_wconf 85' lang='lat' dir='ltr'><strong>Nave</strong></span> <span class='ocrx_word' id='word_1_709' title='bbox 2548 3488 2758 3553; x_wconf 83' lang='lat' dir='ltr'><strong>Jesum,</strong></span> <span class='ocrx_word' id='word_1_710' title='bbox 2799 3504 2903 3542; x_wconf 90' lang='lat' dir='ltr'><strong>non</strong></span> <span class='ocrx_word' id='word_1_711' title='bbox 2938 3488 3081 3542; x_wconf 90' lang='lat' dir='ltr'><strong>enim</strong></span> <span class='ocrx_word' id='word_1_712' title='bbox 3111 3499 3239 3539; x_wconf 84' lang='lat' dir='ltr'><strong>vera</strong></span> <span class='ocrx_word' id='word_1_713' title='bbox 3276 3493 3330 3537; x_wconf 93' lang='lat' dir='ltr'><strong>et</strong></span> <span class='ocrx_word' id='word_1_714' title='bbox 3369 3481 3611 3551; x_wconf 82' lang='lat' dir='ltr'><strong>perfecta</strong></span> <span class='ocrx_word' id='word_1_715' title='bbox 3642 3480 3738 3531; x_wconf 57' lang='lat' dir='ltr'><strong>circ</strong></span> 
     </span>
    </p>
   </div>
   <div class='ocr_carea' id='block_1_95' title="bbox 2178 3569 3734 3651">
    <p class='ocr_par' dir='ltr' id='par_1_95' title="bbox 2178 3569 3734 3651">
     <span class='ocr_line' id='line_1_95' title="bbox 2178 3569 3734 3651; baseline -0.009 -16"><span class='ocrx_word' id='word_1_716' title='bbox 2178 3583 2512 3637; x_wconf 90' lang='lat' dir='ltr'><strong>cumcisionc</strong></span> <span class='ocrx_word' id='word_1_717' title='bbox 2561 3583 2651 3636; x_wconf 91' lang='lat' dir='ltr'><strong>ille</strong></span> <span class='ocrx_word' id='word_1_718' title='bbox 2700 3580 2954 3651; x_wconf 89' lang='lat' dir='ltr'><strong>pupulum</strong></span> <span class='ocrx_word' id='word_1_719' title='bbox 3004 3575 3375 3636; x_wconf 86' lang='lat' dir='ltr'><strong>circumcidit.</strong></span> <span class='ocrx_word' id='word_1_720' title='bbox 3428 3573 3522 3626; x_wconf 81' lang='lat' dir='ltr'><strong>sed</strong></span> <span class='ocrx_word' id='word_1_721' title='bbox 3565 3569 3734 3624; x_wconf 65' lang='lat' dir='ltr'><strong>leam</strong></span> 
     </span>
    </p>
   </div>
   <div class='ocr_carea' id='block_1_96' title="bbox 2177 3667 3734 3735">
    <p class='ocr_par' dir='ltr' id='par_1_96' title="bbox 2177 3667 3734 3735">
     <span class='ocr_line' id='line_1_96' title="bbox 2177 3667 3734 3735; baseline -0.006 -6"><span class='ocrx_word' id='word_1_722' title='bbox 2177 3676 2455 3730; x_wconf 89' lang='lat' dir='ltr'><strong>Christum</strong></span> <span class='ocrx_word' id='word_1_723' title='bbox 2498 3676 2780 3730; x_wconf 87' lang='lat' dir='ltr'><strong>Domimun</strong></span> <span class='ocrx_word' id='word_1_724' title='bbox 2824 3688 2877 3729; x_wconf 91' lang='lat' dir='ltr'><strong>et</strong></span> <span class='ocrx_word' id='word_1_725' title='bbox 2940 3674 3280 3728; x_wconf 87' lang='lat' dir='ltr'><strong>Salvatorem</strong></span> <span class='ocrx_word' id='word_1_726' title='bbox 3330 3681 3571 3727; x_wconf 72' lang='lat' dir='ltr'><strong>nosnum</strong></span> <span class='ocrx_word' id='word_1_727' title='bbox 3613 3667 3734 3735; x_wconf 64' lang='lat' dir='ltr'><strong>{72L</strong></span> 
     </span>
    </p>
   </div>
   <div class='ocr_carea' id='block_1_97' title="bbox 2181 3760 3735 3837">
    <p class='ocr_par' dir='ltr' id='par_1_97' title="bbox 2181 3760 3735 3837">
     <span class='ocr_line' id='line_1_97' title="bbox 2181 3760 3735 3837; baseline -0.007 -17"><span class='ocrx_word' id='word_1_728' title='bbox 2181 3767 2279 3823; x_wconf 91' lang='lat' dir='ltr'><strong>llic</strong></span> <span class='ocrx_word' id='word_1_729' title='bbox 2305 3768 2447 3822; x_wconf 89' lang='lat' dir='ltr'><strong>enim</strong></span> <span class='ocrx_word' id='word_1_730' title='bbox 2489 3778 2597 3833; x_wconf 85' lang='lat' dir='ltr'><strong>est,</strong></span> <span class='ocrx_word' id='word_1_731' title='bbox 2650 3767 2745 3837; x_wconf 91' lang='lat' dir='ltr'><strong>qui</strong></span> <span class='ocrx_word' id='word_1_732' title='bbox 2780 3782 2907 3822; x_wconf 89' lang='lat' dir='ltr'><strong>vere</strong></span> <span class='ocrx_word' id='word_1_733' title='bbox 2941 3781 2969 3819; x_wconf 92' lang='lat' dir='ltr'><strong>a</strong></span> <span class='ocrx_word' id='word_1_734' title='bbox 2998 3767 3152 3820; x_wconf 90' lang='lat' dir='ltr'><strong>nobis</strong></span> <span class='ocrx_word' id='word_1_735' title='bbox 3185 3764 3538 3834; x_wconf 81' lang='lat' dir='ltr'><strong>pollutionem</strong></span> <span class='ocrx_word' id='word_1_736' title='bbox 3565 3760 3735 3812; x_wconf 69' lang='lat' dir='ltr'><strong>abstn-</strong></span> 
     </span>
    </p>
   </div>
   <div class='ocr_carea' id='block_1_98' title="bbox 2180 3854 3734 3931">
    <p class='ocr_par' dir='ltr' id='par_1_98' title="bbox 2180 3854 3734 3931">
     <span class='ocr_line' id='line_1_98' title="bbox 2180 3854 3734 3931; baseline -0.004 -18"><span class='ocrx_word' id='word_1_737' title='bbox 2180 3862 2238 3915; x_wconf 92' lang='lat' dir='ltr'><strong>lit</strong></span> <span class='ocrx_word' id='word_1_738' title='bbox 2269 3862 2451 3916; x_wconf 89' lang='lat' dir='ltr'><strong>carnis</strong></span> <span class='ocrx_word' id='word_1_739' title='bbox 2484 3872 2539 3916; x_wconf 91' lang='lat' dir='ltr'><strong>et</strong></span> <span class='ocrx_word' id='word_1_740' title='bbox 2572 3862 2801 3916; x_wconf 79' lang='lat' dir='ltr'><strong>abscidit</strong></span> <span class='ocrx_word' id='word_1_741' title='bbox 2835 3859 2970 3931; x_wconf 78' lang='lat'><strong>(73),</strong></span> <span class='ocrx_word' id='word_1_742' title='bbox 3013 3868 3070 3914; x_wconf 91' lang='lat' dir='ltr'><strong>et</strong></span> <span class='ocrx_word' id='word_1_743' title='bbox 3122 3875 3152 3913; x_wconf 87' lang='lat' dir='ltr'><strong>a</strong></span> <span class='ocrx_word' id='word_1_744' title='bbox 3181 3859 3346 3913; x_wconf 89' lang='lat' dir='ltr'><strong>corde</strong></span> <span class='ocrx_word' id='word_1_745' title='bbox 3378 3866 3539 3925; x_wconf 86' lang='lat' dir='ltr'><strong>atque</strong></span> <span class='ocrx_word' id='word_1_746' title='bbox 3567 3854 3734 3906; x_wconf 72' lang='lat' dir='ltr'><strong>anim</strong></span> 
     </span>
    </p>
   </div>
   <div class='ocr_carea' id='block_1_99' title="bbox 2182 3946 3734 4022">
    <p class='ocr_par' dir='ltr' id='par_1_99' title="bbox 2182 3946 3734 4022">
     <span class='ocr_line' id='line_1_99' title="bbox 2182 3946 3734 4022; baseline -0.006 -15"><span class='ocrx_word' id='word_1_747' title='bbox 2182 3964 2361 4009; x_wconf 88' lang='lat' dir='ltr'><strong>nostra</strong></span> <span class='ocrx_word' id='word_1_748' title='bbox 2398 3961 2744 4022; x_wconf 89' lang='lat' dir='ltr'><strong>peccatorum</strong></span> <span class='ocrx_word' id='word_1_749' title='bbox 2802 3953 3211 4021; x_wconf 88' lang='lat' dir='ltr'><strong>inquinamenta</strong></span> <span class='ocrx_word' id='word_1_750' title='bbox 3261 3948 3533 4019; x_wconf 82' lang='lat' dir='ltr'><strong>purgavit.</strong></span> <span class='ocrx_word' id='word_1_751' title='bbox 3586 3946 3734 4001; x_wconf 83' lang='lat' dir='ltr'><strong>Deni-</strong></span> 
     </span>
    </p>
   </div>
   <div class='ocr_carea' id='block_1_100' title="bbox 2178 4037 3735 4116">
    <p class='ocr_par' dir='ltr' id='par_1_100' title="bbox 2178 4037 3735 4116">
     <span class='ocr_line' id='line_1_100' title="bbox 2178 4037 3735 4116; baseline -0.005 -17"><span class='ocrx_word' id='word_1_752' title='bbox 2178 4062 2285 4116; x_wconf 90' lang='lat' dir='ltr'><strong>que</strong></span> <span class='ocrx_word' id='word_1_753' title='bbox 2315 4046 2437 4100; x_wconf 88' lang='lat' dir='ltr'><strong>audi</strong></span> <span class='ocrx_word' id='word_1_754' title='bbox 2472 4046 2601 4114; x_wconf 92' lang='lat' dir='ltr'><strong>quid</strong></span> <span class='ocrx_word' id='word_1_755' title='bbox 2631 4045 2761 4100; x_wconf 90' lang='lat' dir='ltr'><strong>dicit</strong></span> <span class='ocrx_word' id='word_1_756' title='bbox 2791 4044 3075 4114; x_wconf 89' lang='lat' dir='ltr'><strong>Scriptura</strong></span> <span class='ocrx_word' id='word_1_757' title='bbox 3110 4042 3179 4096; x_wconf 91' lang='lat' dir='ltr'><strong>de</strong></span> <span class='ocrx_word' id='word_1_758' title='bbox 3232 4042 3300 4097; x_wconf 89' lang='lat' dir='ltr'><strong>iis</strong></span> <span class='ocrx_word' id='word_1_759' title='bbox 3334 4042 3425 4110; x_wconf 88' lang='lat' dir='ltr'><strong>qui</strong></span> <span class='ocrx_word' id='word_1_760' title='bbox 3463 4055 3557 4109; x_wconf 85' lang='lat' dir='ltr'><strong>per</strong></span> <span class='ocrx_word' id='word_1_761' title='bbox 3604 4037 3735 4091; x_wconf 60' lang='lat' dir='ltr'><strong>Nave</strong></span> 
     </span>
    </p>
   </div>
   <div class='ocr_carea' id='block_1_101' title="bbox 2177 4136 3733 4209">
    <p class='ocr_par' dir='ltr' id='par_1_101' title="bbox 2177 4136 3733 4209">
     <span class='ocr_line' id='line_1_101' title="bbox 2177 4136 3733 4209; baseline -0.008 -12"><span class='ocrx_word' id='word_1_762' title='bbox 2177 4142 2345 4197; x_wconf 86' lang='lat' dir='ltr'><strong>ﬁlium</strong></span> <span class='ocrx_word' id='word_1_763' title='bbox 2380 4139 2884 4209; x_wconf 62' lang='lat' dir='ltr'><strong>praeﬁgurabantur.</strong></span> <span class='ocrx_word' id='word_1_764' title='bbox 2939 4157 2958 4190; x_wconf 75' lang='grc' dir='ltr'><strong>ι</strong></span> <span class='ocrx_word' id='word_1_765' title='bbox 2995 4136 3317 4195; x_wconf 87' lang='lat' dir='ltr'><strong>Circumcisi</strong></span> <span class='ocrx_word' id='word_1_766' title='bbox 3357 4144 3561 4195; x_wconf 87' lang='lat' dir='ltr'><strong>autem,</strong></span> <span class='ocrx_word' id='word_1_767' title='bbox 3600 4152 3619 4185; x_wconf 78' lang='grc' dir='ltr'><strong>ι</strong></span> <span class='ocrx_word' id='word_1_768' title='bbox 3658 4136 3733 4185; x_wconf 79' lang='lat' dir='ltr'><strong>in-</strong></span> 
     </span>
    </p>
   </div>
   <div class='ocr_carea' id='block_1_102' title="bbox 2179 4230 3732 4305">
    <p class='ocr_par' dir='ltr' id='par_1_102' title="bbox 2179 4230 3732 4305">
     <span class='ocr_line' id='line_1_102' title="bbox 2179 4230 3732 4305; baseline -0.001 -17"><span class='ocrx_word' id='word_1_769' title='bbox 2179 4235 2298 4305; x_wconf 92' lang='lat' dir='ltr'><strong>quit</strong></span> <span class='ocrx_word' id='word_1_770' title='bbox 2332 4234 2395 4297; x_wconf 81' lang='lat'><strong>&quot;,</strong></span> <span class='ocrx_word' id='word_1_771' title='bbox 2435 4252 2454 4285; x_wconf 72' lang='grc' dir='ltr'><strong>ι</strong></span> <span class='ocrx_word' id='word_1_772' title='bbox 2507 4232 2599 4287; x_wconf 84' lang='lat' dir='ltr'><strong>lilii</strong></span> <span class='ocrx_word' id='word_1_773' title='bbox 2650 4232 2816 4287; x_wconf 82' lang='lat' dir='ltr'><strong>Israel</strong></span> <span class='ocrx_word' id='word_1_774' title='bbox 2855 4234 3249 4302; x_wconf 88' lang='lat' dir='ltr'><strong>requieverunt</strong></span> <span class='ocrx_word' id='word_1_775' title='bbox 3291 4233 3345 4286; x_wconf 92' lang='lat' dir='ltr'><strong>in</strong></span> <span class='ocrx_word' id='word_1_776' title='bbox 3379 4233 3565 4285; x_wconf 82' lang='lat' dir='ltr'><strong>eodem</strong></span> <span class='ocrx_word' id='word_1_777' title='bbox 3605 4230 3732 4287; x_wconf 80' lang='lat' dir='ltr'><strong>loc0.</strong></span> 
     </span>
    </p>
   </div>
   <div class='ocr_carea' id='block_1_103' title="bbox 2177 4326 3733 4394">
    <p class='ocr_par' dir='ltr' id='par_1_103' title="bbox 2177 4326 3733 4394">
     <span class='ocr_line' id='line_1_103' title="bbox 2177 4326 3733 4394; baseline -0.008 -10"><span class='ocrx_word' id='word_1_778' title='bbox 2177 4328 2428 4384; x_wconf 82' lang='lat' dir='ltr'><strong>sedentes</strong></span> <span class='ocrx_word' id='word_1_779' title='bbox 2460 4326 2512 4379; x_wconf 93' lang='lat' dir='ltr'><strong>iu</strong></span> <span class='ocrx_word' id='word_1_780' title='bbox 2546 4326 2743 4379; x_wconf 88' lang='lat' dir='ltr'><strong>castris</strong></span> <span class='ocrx_word' id='word_1_781' title='bbox 2784 4339 2953 4394; x_wconf 89' lang='lat' dir='ltr'><strong>usque</strong></span> <span class='ocrx_word' id='word_1_782' title='bbox 2987 4326 3112 4378; x_wconf 89' lang='lat' dir='ltr'><strong>dum</strong></span> <span class='ocrx_word' id='word_1_783' title='bbox 3157 4332 3505 4385; x_wconf 81' lang='lat' dir='ltr'><strong>sanarentur,</strong></span> <span class='ocrx_word' id='word_1_784' title='bbox 3538 4332 3593 4375; x_wconf 85' lang='lat' dir='ltr'><strong>et</strong></span> <span class='ocrx_word' id='word_1_785' title='bbox 3624 4334 3733 4373; x_wconf 74' lang='lat' dir='ltr'><strong>tunc</strong></span> 
     </span>
    </p>
   </div>
   <div class='ocr_carea' id='block_1_104' title="bbox 2178 4417 3729 4479">
    <p class='ocr_par' dir='ltr' id='par_1_104' title="bbox 2178 4417 3729 4479">
     <span class='ocr_line' id='line_1_104' title="bbox 2178 4417 3729 4479; baseline -0.007 -2"><span class='ocrx_word' id='word_1_786' title='bbox 2178 4424 2313 4477; x_wconf 83' lang='lat' dir='ltr'><strong>dixit</strong></span> <span class='ocrx_word' id='word_1_787' title='bbox 2336 4422 2594 4477; x_wconf 89' lang='lat' dir='ltr'><strong>Dominus</strong></span> <span class='ocrx_word' id='word_1_788' title='bbox 2624 4420 2690 4473; x_wconf 89' lang='lat' dir='ltr'><strong>ad</strong></span> <span class='ocrx_word' id='word_1_789' title='bbox 2718 4418 2900 4475; x_wconf 81' lang='lat' dir='ltr'><strong>Jesum</strong></span> <span class='ocrx_word' id='word_1_790' title='bbox 2941 4440 2951 4473; x_wconf 94' lang='lat'>:</span> <span class='ocrx_word' id='word_1_791' title='bbox 2987 4417 3269 4474; x_wconf 84' lang='lat' dir='ltr'><strong>Hodierno</strong></span> <span class='ocrx_word' id='word_1_792' title='bbox 3300 4419 3388 4473; x_wconf 93' lang='lat' dir='ltr'><strong>die</strong></span> <span class='ocrx_word' id='word_1_793' title='bbox 3410 4417 3609 4471; x_wconf 84' lang='lat' dir='ltr'><strong>abstuli</strong></span> <span class='ocrx_word' id='word_1_794' title='bbox 3642 4432 3729 4479; x_wconf 54' lang='lat' dir='ltr'><strong>op-</strong></span> 
     </span>
    </p>
   </div>
   <div class='ocr_carea' id='block_1_105' title="bbox 2180 4508 3731 4585">
    <p class='ocr_par' dir='ltr' id='par_1_105' title="bbox 2180 4508 3731 4585">
     <span class='ocr_line' id='line_1_105' title="bbox 2180 4508 3731 4585; baseline -0.007 -16"><span class='ocrx_word' id='word_1_795' title='bbox 2180 4516 2462 4585; x_wconf 87' lang='lat' dir='ltr'><strong>probrium</strong></span> <span class='ocrx_word' id='word_1_796' title='bbox 2497 4512 2713 4583; x_wconf 67' lang='lat' dir='ltr'><strong>Egypti</strong></span> <span class='ocrx_word' id='word_1_797' title='bbox 2739 4527 2769 4565; x_wconf 88' lang='lat' dir='ltr'><strong>a</strong></span> <span class='ocrx_word' id='word_1_798' title='bbox 2796 4511 2969 4566; x_wconf 89' lang='lat' dir='ltr'><strong>vobis.</strong></span> <span class='ocrx_word' id='word_1_799' title='bbox 3013 4530 3031 4563; x_wconf 74' lang='grc' dir='ltr'><strong>ι</strong></span> <span class='ocrx_word' id='word_1_800' title='bbox 3074 4510 3190 4565; x_wconf 78' lang='lat' dir='ltr'><strong>Non</strong></span> <span class='ocrx_word' id='word_1_801' title='bbox 3240 4510 3386 4564; x_wconf 91' lang='lat' dir='ltr'><strong>enim</strong></span> <span class='ocrx_word' id='word_1_802' title='bbox 3428 4508 3621 4563; x_wconf 76' lang='lat' dir='ltr'><strong>sufﬁcit</strong></span> <span class='ocrx_word' id='word_1_803' title='bbox 3646 4524 3731 4558; x_wconf 77' lang='lat' dir='ltr'><strong>uo-</strong></span> 
     </span>
    </p>
   </div>
   <div class='ocr_carea' id='block_1_106' title="bbox 2181 4602 3731 4672">
    <p class='ocr_par' dir='ltr' id='par_1_106' title="bbox 2181 4602 3731 4672">
     <span class='ocr_line' id='line_1_106' title="bbox 2181 4602 3731 4672; baseline -0.004 -11"><span class='ocrx_word' id='word_1_804' title='bbox 2181 4607 2265 4661; x_wconf 91' lang='lat' dir='ltr'><strong>bis</strong></span> <span class='ocrx_word' id='word_1_805' title='bbox 2296 4605 2635 4667; x_wconf 90' lang='lat' dir='ltr'><strong>circumeidi,</strong></span> <span class='ocrx_word' id='word_1_806' title='bbox 2671 4605 2765 4659; x_wconf 90' lang='lat' dir='ltr'><strong>sed</strong></span> <span class='ocrx_word' id='word_1_807' title='bbox 2797 4612 2848 4658; x_wconf 89' lang='lat' dir='ltr'><strong>et</strong></span> <span class='ocrx_word' id='word_1_808' title='bbox 2893 4613 3012 4672; x_wconf 91' lang='lat' dir='ltr'><strong>post</strong></span> <span class='ocrx_word' id='word_1_809' title='bbox 3048 4603 3518 4658; x_wconf 83' lang='lat' dir='ltr'><strong>circumcisionem</strong></span> <span class='ocrx_word' id='word_1_810' title='bbox 3539 4602 3731 4655; x_wconf 80' lang='lat' dir='ltr'><strong>sanari.</strong></span> 
     </span>
    </p>
   </div>
   <div class='ocr_carea' id='block_1_107' title="bbox 2181 4693 3728 4766">
    <p class='ocr_par' dir='ltr' id='par_1_107' title="bbox 2181 4693 3728 4766">
     <span class='ocr_line' id='line_1_107' title="bbox 2181 4693 3728 4766; baseline -0.006 -13"><span class='ocrx_word' id='word_1_811' title='bbox 2181 4699 2232 4753; x_wconf 91' lang='lat' dir='ltr'><strong>id</strong></span> <span class='ocrx_word' id='word_1_812' title='bbox 2258 4710 2343 4753; x_wconf 91' lang='lat' dir='ltr'><strong>est</strong></span> <span class='ocrx_word' id='word_1_813' title='bbox 2372 4712 2656 4766; x_wconf 90' lang='lat' dir='ltr'><strong>usquequo</strong></span> <span class='ocrx_word' id='word_1_814' title='bbox 2685 4699 2849 4751; x_wconf 90' lang='lat' dir='ltr'><strong>etiam</strong></span> <span class='ocrx_word' id='word_1_815' title='bbox 2878 4696 3195 4752; x_wconf 87' lang='lat' dir='ltr'><strong>cicatricem</strong></span> <span class='ocrx_word' id='word_1_816' title='bbox 3251 4696 3424 4765; x_wconf 81' lang='lat' dir='ltr'><strong>ipsam</strong></span> <span class='ocrx_word' id='word_1_817' title='bbox 3458 4693 3728 4748; x_wconf 73' lang='lat' dir='ltr'><strong>circumci-</strong></span> 
     </span>
    </p>
   </div>
   <div class='ocr_carea' id='block_1_108' title="bbox 2178 4784 3729 4858">
    <p class='ocr_par' dir='ltr' id='par_1_108' title="bbox 2178 4784 3729 4858">
     <span class='ocr_line' id='line_1_108' title="bbox 2178 4784 3729 4858; baseline -0.01 -10"><span class='ocrx_word' id='word_1_818' title='bbox 2178 4792 2351 4848; x_wconf 92' lang='lat' dir='ltr'><strong>sionis</strong></span> <span class='ocrx_word' id='word_1_819' title='bbox 2405 4791 2604 4845; x_wconf 88' lang='lat' dir='ltr'><strong>vulnus</strong></span> <span class='ocrx_word' id='word_1_820' title='bbox 2654 4790 2912 4845; x_wconf 86' lang='lat' dir='ltr'><strong>obducat.</strong></span> <span class='ocrx_word' id='word_1_821' title='bbox 2964 4788 3197 4855; x_wconf 85' lang='lat' dir='ltr'><strong>Quando</strong></span> <span class='ocrx_word' id='word_1_822' title='bbox 3255 4804 3385 4858; x_wconf 91' lang='lat' dir='ltr'><strong>ergo</strong></span> <span class='ocrx_word' id='word_1_823' title='bbox 3417 4788 3641 4841; x_wconf 75' lang='lat' dir='ltr'><strong>cicatrix</strong></span> <span class='ocrx_word' id='word_1_824' title='bbox 3686 4784 3729 4834; x_wconf 77' lang='lat' dir='ltr'><strong>ia</strong></span> 
     </span>
    </p>
   </div>
   <div class='ocr_carea' id='block_1_109' title="bbox 2178 4875 3729 4945">
    <p class='ocr_par' dir='ltr' id='par_1_109' title="bbox 2178 4875 3729 4945">
     <span class='ocr_line' id='line_1_109' title="bbox 2178 4875 3729 4945; baseline -0.007 -7"><span class='ocrx_word' id='word_1_825' title='bbox 2178 4884 2401 4939; x_wconf 90' lang='lat' dir='ltr'><strong>vulnere</strong></span> <span class='ocrx_word' id='word_1_826' title='bbox 2436 4893 2634 4939; x_wconf 74' lang='lat' dir='ltr'><strong>nostra:</strong></span> <span class='ocrx_word' id='word_1_827' title='bbox 2656 4881 3093 4937; x_wconf 89' lang='lat' dir='ltr'><strong>circumcisionis</strong></span> <span class='ocrx_word' id='word_1_828' title='bbox 3141 4880 3482 4935; x_wconf 79' lang='lat' dir='ltr'><strong>obducitur?</strong></span> <span class='ocrx_word' id='word_1_829' title='bbox 3538 4878 3647 4945; x_wconf 77' lang='lat' dir='ltr'><strong>Ego</strong></span> <span class='ocrx_word' id='word_1_830' title='bbox 3670 4875 3729 4927; x_wconf 66' lang='lat' dir='ltr'><strong>ita</strong></span> 
     </span>
    </p>
   </div>
   <div class='ocr_carea' id='block_1_110' title="bbox 2178 4972 3729 5047">
    <p class='ocr_par' dir='ltr' id='par_1_110' title="bbox 2178 4972 3729 5047">
     <span class='ocr_line' id='line_1_110' title="bbox 2178 4972 3729 5047; baseline -0.005 -18"><span class='ocrx_word' id='word_1_831' title='bbox 2178 4976 2438 5042; x_wconf 89' lang='lat' dir='ltr'><strong>arbitror,</strong></span> <span class='ocrx_word' id='word_1_832' title='bbox 2470 4978 2614 5047; x_wconf 87' lang='lat' dir='ltr'><strong>quod</strong></span> <span class='ocrx_word' id='word_1_833' title='bbox 2646 4976 2962 5032; x_wconf 82' lang='lat' dir='ltr'><strong>circumcidi</strong></span> <span class='ocrx_word' id='word_1_834' title='bbox 2998 4989 3095 5045; x_wconf 91' lang='lat' dir='ltr'><strong>per</strong></span> <span class='ocrx_word' id='word_1_835' title='bbox 3131 4972 3317 5028; x_wconf 84' lang='lat' dir='ltr'><strong>Jesum</strong></span> <span class='ocrx_word' id='word_1_836' title='bbox 3355 4986 3618 5033; x_wconf 77' lang='lat' dir='ltr'><strong>nostrum.</strong></span> <span class='ocrx_word' id='word_1_837' title='bbox 3644 4972 3729 5023; x_wconf 75' lang='lat' dir='ltr'><strong>hoc</strong></span> 
     </span>
    </p>
   </div>
   <div class='ocr_carea' id='block_1_111' title="bbox 2522 5109 3728 5180">
    <p class='ocr_par' dir='ltr' id='par_1_111' title="bbox 2522 5109 3728 5180">
     <span class='ocr_line' id='line_1_111' title="bbox 2522 5109 3728 5180; baseline -0.007 -8"><span class='ocrx_word' id='word_1_838' title='bbox 2522 5118 2563 5149; x_wconf 81' lang='grc'><strong>¹⁸</strong></span> <span class='ocrx_word' id='word_1_839' title='bbox 2592 5117 2799 5172; x_wconf 82' lang='lat' dir='ltr'><strong>Coloss.</strong></span> <span class='ocrx_word' id='word_1_840' title='bbox 2828 5132 2864 5179; x_wconf 85' lang='grc' dir='ltr'>ι,</span> <span class='ocrx_word' id='word_1_841' title='bbox 2902 5115 2995 5170; x_wconf 69' lang='grc'><strong>24.</strong></span> <span class='ocrx_word' id='word_1_842' title='bbox 3076 5116 3119 5147; x_wconf 79' lang='grc'>¹⁶</span> <span class='ocrx_word' id='word_1_843' title='bbox 3145 5114 3262 5171; x_wconf 80' lang='lat' dir='ltr'><strong>Jos.</strong></span> <span class='ocrx_word' id='word_1_844' title='bbox 3293 5130 3350 5180; x_wconf 88' lang='lat' dir='ltr'><strong>v,</strong></span> <span class='ocrx_word' id='word_1_845' title='bbox 3379 5114 3462 5169; x_wconf 82' lang='grc'><strong>16.</strong></span> <span class='ocrx_word' id='word_1_846' title='bbox 3548 5111 3595 5141; x_wconf 78' lang='grc'><strong>’⁷</strong></span> <span class='ocrx_word' id='word_1_847' title='bbox 3628 5109 3728 5163; x_wconf 61' lang='lat' dir='ltr'><strong>Jrs.</strong></span> 
     </span>
    </p>
   </div>
   <div class='ocr_carea' id='block_1_112' title="bbox 2194 5325 3703 5399">
    <p class='ocr_par' dir='ltr' id='par_1_112' title="bbox 2194 5325 3703 5399">
     <span class='ocr_line' id='line_1_112' title="bbox 2194 5325 3703 5399; baseline -0.003 -20"><span class='ocrx_word' id='word_1_848' title='bbox 2194 5325 2393 5399; x_wconf 74' lang='lat' dir='ltr'><strong>ibidem</strong></span> <span class='ocrx_word' id='word_1_849' title='bbox 2420 5326 2594 5399; x_wconf 64' lang='lat' dir='ltr'><strong>habet</strong></span> <span class='ocrx_word' id='word_1_850' title='bbox 2622 5344 2634 5379; x_wconf 93' lang='lat'><strong>:</strong></span> <span class='ocrx_word' id='word_1_851' title='bbox 2665 5344 2683 5375; x_wconf 77' lang='grc' dir='ltr'><strong>ι</strong></span> <span class='ocrx_word' id='word_1_852' title='bbox 2720 5326 2998 5399; x_wconf 71' lang='lat' dir='ltr'><strong>imperium</strong></span> <span class='ocrx_word' id='word_1_853' title='bbox 3026 5341 3147 5380; x_wconf 85' lang='lat' dir='ltr'><strong>cum</strong></span> <span class='ocrx_word' id='word_1_854' title='bbox 3180 5336 3367 5380; x_wconf 83' lang='lat' dir='ltr'><strong>sancto</strong></span> <span class='ocrx_word' id='word_1_855' title='bbox 3393 5325 3608 5399; x_wconf 66' lang='lat' dir='ltr'><strong>Spiritu.</strong></span> <span class='ocrx_word' id='word_1_856' title='bbox 3648 5342 3664 5370; x_wconf 78' lang='grc' dir='ltr'><strong>ι</strong></span> <span class='ocrx_word' id='word_1_857' title='bbox 3694 5393 3703 5399; x_wconf 79' lang='lat'>_</span> 
     </span>
    </p>
   </div>
   <div class='ocr_carea' id='block_1_113' title="bbox 2264 5395 3723 5463">
    <p class='ocr_par' dir='ltr' id='par_1_113' title="bbox 2264 5395 3723 5463">
     <span class='ocr_line' id='line_1_113' title="bbox 2264 5395 3723 5463; baseline -0.005 -14"><span class='ocrx_word' id='word_1_858' title='bbox 2264 5396 2543 5463; x_wconf 65' lang='lat' dir='ltr'><strong>(70LPost</strong></span> <span class='ocrx_word' id='word_1_859' title='bbox 2593 5412 2774 5449; x_wconf 86' lang='lat' dir='ltr'><strong>vocem</strong></span> <span class='ocrx_word' id='word_1_860' title='bbox 2826 5414 2843 5446; x_wconf 73' lang='grc' dir='ltr'><strong>ι</strong></span> <span class='ocrx_word' id='word_1_861' title='bbox 2891 5398 3118 5454; x_wconf 81' lang='lat' dir='ltr'><strong>Domini.</strong></span> <span class='ocrx_word' id='word_1_862' title='bbox 3166 5416 3184 5449; x_wconf 76' lang='grc' dir='ltr'><strong>ι</strong></span> <span class='ocrx_word' id='word_1_863' title='bbox 3227 5400 3278 5451; x_wconf 94' lang='lat' dir='ltr'><strong>in</strong></span> <span class='ocrx_word' id='word_1_864' title='bbox 3323 5398 3474 5450; x_wconf 76' lang='lat' dir='ltr'><strong>codd.</strong></span> <span class='ocrx_word' id='word_1_865' title='bbox 3514 5395 3723 5448; x_wconf 64' lang='lat' dir='ltr'><strong>Cerneti-</strong></span> 
     </span>
    </p>
   </div>
   <div class='ocr_carea' id='block_1_114' title="bbox 2189 5466 3719 5522">
    <p class='ocr_par' dir='ltr' id='par_1_114' title="bbox 2189 5466 3719 5522">
     <span class='ocr_line' id='line_1_114' title="bbox 2189 5466 3719 5522; baseline -0.003 -4"><span class='ocrx_word' id='word_1_866' title='bbox 2189 5467 2337 5521; x_wconf 86' lang='lat' dir='ltr'><strong>censi</strong></span> <span class='ocrx_word' id='word_1_867' title='bbox 2390 5477 2445 5521; x_wconf 90' lang='lat' dir='ltr'><strong>et</strong></span> <span class='ocrx_word' id='word_1_868' title='bbox 2493 5468 2810 5521; x_wconf 88' lang='lat' dir='ltr'><strong>Ebroicensi</strong></span> <span class='ocrx_word' id='word_1_869' title='bbox 2862 5482 2970 5522; x_wconf 91' lang='lat' dir='ltr'><strong>uno</strong></span> <span class='ocrx_word' id='word_1_870' title='bbox 2996 5468 3217 5521; x_wconf 85' lang='lat' dir='ltr'><strong>additur</strong></span> <span class='ocrx_word' id='word_1_871' title='bbox 3248 5482 3264 5521; x_wconf 90' lang='lat'><strong>:</strong></span> <span class='ocrx_word' id='word_1_872' title='bbox 3301 5488 3320 5520; x_wconf 74' lang='grc' dir='ltr'><strong>ι</strong></span> <span class='ocrx_word' id='word_1_873' title='bbox 3353 5479 3403 5522; x_wconf 92' lang='lat' dir='ltr'><strong>et</strong></span> <span class='ocrx_word' id='word_1_874' title='bbox 3449 5466 3671 5521; x_wconf 75' lang='lat' dir='ltr'><strong>Jericbo.</strong></span> <span class='ocrx_word' id='word_1_875' title='bbox 3704 5481 3719 5507; x_wconf 76' lang='grc' dir='ltr'><strong><em>ο</em></strong></span> 
     </span>
    </p>
   </div>
   <div class='ocr_carea' id='block_1_115' title="bbox 2187 5536 2661 5604">
    <p class='ocr_par' dir='ltr' id='par_1_115' title="bbox 2187 5536 2661 5604">
     <span class='ocr_line' id='line_1_115' title="bbox 2187 5536 2661 5604; baseline 0.006 -16"><span class='ocrx_word' id='word_1_876' title='bbox 2187 5536 2410 5604; x_wconf 77' lang='lat' dir='ltr'><strong>Reliqua</strong></span> <span class='ocrx_word' id='word_1_877' title='bbox 2445 5539 2661 5592; x_wconf 86' lang='lat' dir='ltr'><strong>desunt.</strong></span> 
     </span>
    </p>
   </div>
   <div class='ocr_carea' id='block_1_116' title="bbox 2256 5604 3716 5671">
    <p class='ocr_par' dir='ltr' id='par_1_116' title="bbox 2256 5604 3716 5671">
     <span class='ocr_line' id='line_1_116' title="bbox 2256 5604 3716 5671; baseline -0.011 0"><span class='ocrx_word' id='word_1_878' title='bbox 2256 5607 2367 5671; x_wconf 81' lang='grc' dir='ltr'><strong>(Ἠ)</strong></span> <span class='ocrx_word' id='word_1_879' title='bbox 2404 5607 2577 5662; x_wconf 86' lang='lat' dir='ltr'><strong>Iidem</strong></span> <span class='ocrx_word' id='word_1_880' title='bbox 2606 5623 2734 5663; x_wconf 90' lang='lat' dir='ltr'><strong>mss.</strong></span> <span class='ocrx_word' id='word_1_881' title='bbox 2770 5628 2787 5660; x_wconf 73' lang='grc' dir='ltr'><strong>ι</strong></span> <span class='ocrx_word' id='word_1_882' title='bbox 2826 5606 2930 5662; x_wconf 86' lang='lat' dir='ltr'><strong>Sed</strong></span> <span class='ocrx_word' id='word_1_883' title='bbox 2974 5616 3027 5661; x_wconf 83' lang='lat' dir='ltr'><strong>et</strong></span> <span class='ocrx_word' id='word_1_884' title='bbox 3057 5608 3486 5665; x_wconf 78' lang='lat' dir='ltr'><strong>incircumciSns.</strong></span> <span class='ocrx_word' id='word_1_885' title='bbox 3526 5604 3669 5667; x_wconf 75' lang='lat' dir='ltr'><strong>cuia.</strong></span> <span class='ocrx_word' id='word_1_886' title='bbox 3700 5620 3716 5647; x_wconf 82' lang='grc' dir='ltr'><strong><em>ο</em></strong></span> 
     </span>
    </p>
   </div>
   <div class='ocr_carea' id='block_1_117' title="bbox 2253 5673 3715 5749">
    <p class='ocr_par' dir='ltr' id='par_1_117' title="bbox 2253 5673 3715 5749">
     <span class='ocr_line' id='line_1_117' title="bbox 2253 5673 3715 5749; baseline -0.008 -13"><span class='ocrx_word' id='word_1_887' title='bbox 2253 5678 2391 5749; x_wconf 68' lang='grc'>(72)</span> <span class='ocrx_word' id='word_1_888' title='bbox 2451 5679 2612 5733; x_wconf 86' lang='lat' dir='ltr'><strong>Iidem</strong></span> <span class='ocrx_word' id='word_1_889' title='bbox 2674 5694 2803 5734; x_wconf 92' lang='lat' dir='ltr'><strong>mss.</strong></span> <span class='ocrx_word' id='word_1_890' title='bbox 2858 5697 2877 5729; x_wconf 70' lang='grc' dir='ltr'><strong>ι</strong></span> <span class='ocrx_word' id='word_1_891' title='bbox 2931 5677 3121 5734; x_wconf 78' lang='lat' dir='ltr'><strong>Jesum</strong></span> <span class='ocrx_word' id='word_1_892' title='bbox 3166 5677 3495 5734; x_wconf 76' lang='lat' dir='ltr'><strong>Nazarenam</strong></span> <span class='ocrx_word' id='word_1_893' title='bbox 3550 5673 3715 5727; x_wconf 79' lang='lat' dir='ltr'><strong>Donu—</strong></span> 
     </span>
    </p>
   </div>
   <div class='ocr_carea' id='block_1_118' title="bbox 2177 5766 2404 5804">
    <p class='ocr_par' dir='ltr' id='par_1_118' title="bbox 2177 5766 2404 5804">
     <span class='ocr_line' id='line_1_118' title="bbox 2177 5766 2404 5804; baseline -0.009 -1"><span class='ocrx_word' id='word_1_894' title='bbox 2177 5766 2324 5804; x_wconf 80' lang='grc' dir='ltr'>ιιυιη.</span> <span class='ocrx_word' id='word_1_895' title='bbox 2385 5769 2404 5801; x_wconf 76' lang='grc' dir='ltr'><strong>ι</strong></span> 
     </span>
    </p>
   </div>
   <div class='ocr_carea' id='block_1_119' title="bbox 2251 5819 3597 5891">
    <p class='ocr_par' dir='ltr' id='par_1_119' title="bbox 2251 5819 3597 5891">
     <span class='ocr_line' id='line_1_119' title="bbox 2251 5819 3597 5891; baseline 0.001 -18"><span class='ocrx_word' id='word_1_896' title='bbox 2251 5819 2553 5891; x_wconf 79' lang='lat' dir='ltr'><strong>(&#39;15)lidem</strong></span> <span class='ocrx_word' id='word_1_897' title='bbox 2589 5837 2603 5877; x_wconf 93' lang='lat'><strong>:</strong></span> <span class='ocrx_word' id='word_1_898' title='bbox 2650 5840 2666 5874; x_wconf 87' lang='grc'><strong>‹</strong></span> <span class='ocrx_word' id='word_1_899' title='bbox 2700 5820 3051 5890; x_wconf 80' lang='lat' dir='ltr'><strong>pollutionem</strong></span> <span class='ocrx_word' id='word_1_900' title='bbox 3088 5820 3271 5877; x_wconf 87' lang='lat' dir='ltr'><strong>carnis</strong></span> <span class='ocrx_word' id='word_1_901' title='bbox 3310 5819 3543 5876; x_wconf 79' lang='lat' dir='ltr'><strong>abscidit.</strong></span> <span class='ocrx_word' id='word_1_902' title='bbox 3578 5835 3597 5866; x_wconf 75' lang='grc' dir='ltr'><strong>ι</strong></span> 
     </span>
    </p>
   </div>
  </div>
