3798 6384
163 315 251 371 853
1105 303 1174 361 IN
1206 304 1465 362 LIBRUM
1496 301 1661 360 JESU
1698 299 1884 357 NAVE
1920 299 2205 356 IIOMlLlA
2242 300 2331 359 Vl.

3271 301 3375 359 85‘

165 448 236 495 est
270 433 403 489 vitiis
435 445 647 499 carere,
677 429 849 485 malas
897 430 1325 486 consuetudines
1377 437 1433 485 et
1464 428 1695 500 pessima
1727 431 1774 488 Α
1804 424 1903 480 bus
1934 434 2017 481 est
2043 439 2205 496 quem
2237 424 2306 481 de
2327 424 2561 498 Egypto
2589 434 2852 482 exeuntes
2880 425 3162 482 nobiscum
3192 436 3376 498 porta-

164 529 377 584 instituta
408 525 694 593 deponere,
750 524 928 579 fmdos
953 534 1007 579 et
1045 525 1352 581 inconditos
1392 538 1591 585 meres,
1643 528 1699 575 et

170 618 391 691 pridquid
439 618 505 672 ab
540 617 843 674 honestatis
872 626 923 673 et
953 619 1174 686 pietatis
1204 618 1388 690 regula
1438 616 1698 672 abhorret

160 711 468 765 abscindere.
510 709 617 765 Sed
667 712 770 765 hoc
800 724 923 763 cum
982 710 1035 765 in
1067 711 1237 767 initiis
1288 712 1541 777 facimus,
1581 710 1695 779 ipsa

160 805 385 861 novitatis
429 804 829 875 quodammodo
878 802 1197 860 difficultate
1248 804 1695 875 constringimur,

160 911 202 955 et
232 900 371 969 quasi
403 914 525 954 cum
583 897 771 952 labore
815 897 1050 967 quodam
1084 906 1141 953 et
1169 897 1357 953 dolore
1377 897 1569 963 animi,
1603 913 1695 953 ve-

159 992 268 1047 teris
303 988 707 1046 consuetudinis
743 987 931 1057 culpas
960 989 1173 1043 novella
1208 989 1548 1044 institutione
1576 1004 1693 1043 mu-

161 1097 330 1140 tamus.
360 1083 422 1137 Et
456 1082 576 1138 ideo
615 1090 719 1149 est,
747 1092 805 1137 ut
833 1083 967 1149 dixi,
1001 1081 1166 1155 410
1198 1083 1443 1152 quaedam
1471 1080 1697 1137 difﬁcul-

160 1187 227 1230 tas
274 1175 321 1228 in
355 1174 543 1239 initiis,
592 1183 648 1229 ut
676 1173 765 1228 vix
816 1188 1067 1244 aegreque
1102 1184 1385 1245 amputare
1431 1174 1698 1243 possimus

158 1268 304 1337 prima
333 1265 465 1338 (74),
506 1272 564 1319 et
614 1265 855 1320 secunda
891 1266 1189 1336 suscipere.
1232 1266 1349 1322 Hoc
1395 1279 1524 1337 ergo
1562 1267 1693 1322 mihi

160 1358 341 1412 videtur
368 1366 579 1426 tempus
608 1369 753 1422 esse,
790 1369 897 1424 quo
928 1354 1074 1412 velut
1100 1356 1154 1411 in
1186 1356 1376 1413 dolore
1402 1357 1694 1413 circumci-

156 1450 299 1507 sionis
342 1456 539 1504 nostra:
573 1448 810 1503 dicimur
837 1446 1097 1512 residere,
1133 1464 1417 1519 usquequo
1461 1450 1695 1505 obducta

157 1543 378 1599 cicatrice
405 1556 690 1597 sanemur.
748 1541 1083 1599 Obducimus
1123 1551 1304 1599 autem
1358 1544 1691 1609 cicatricem,

156 1652 254 1692 cum
276 1634 377 1705 iam
412 1652 548 1692 nova
588 1636 837 1691 instituta
872 1637 1080 1707 absque
1111 1635 1429 1694 difﬁcultate
1452 1637 1697 1706 comple-

155 1744 271 1792 mus,
292 1736 344 1783 et
384 1727 438 1783 in
468 1743 627 1783 usum
664 1728 820 1785 nobis
846 1730 1103 1792 vertitur,
1156 1733 1301 1798 quod
1332 1729 1482 1799 prius
1538 1727 1692 1799 quasi

154 1820 393 1877 insolitum
437 1836 501 1876 ac
548 1819 766 1876 difﬁcile
796 1822 1100 1877 videbatur.
1155 1822 1224 1877 Et
1262 1830 1389 1879 tunc
1418 1837 1547 1879 vere
1584 1821 1695 1890 jam

153 1916 299 1970 sanati
350 1914 603 1981 dicimur,
647 1930 773 1970 cum
821 1915 968 1970 vitiis
1014 1923 1264 1970 carentes
1293 1915 1525 1972 virtutes
1556 1932 1697 1974 novo

154 2021 235 2060 usu
254 2004 500 2060 vertimus
524 2005 580 2059 in
608 2014 884 2061 naturam.
914 2005 978 2060 Et
1009 2004 1082 2060 ita
1115 2005 1330 2061 demum
1382 2007 1580 2063 merito
1628 2009 1696 2065 ad

153 2115 234 2154 nos
274 2099 396 2154 dicit
446 2114 630 2155 sermo
676 2099 894 2155 divinus
947 2114 1008 2155 ea
1062 2115 1184 2169 qua:
1236 2110 1536 2171 sequuntur
1581 2101 1628 2133 ‘°
1681 2124 1692 2156 :

155 2209 171 2244 t
207 2191 451 2248 Hodierna
490 2192 583 2248 die
622 2191 820 2248 abstuli
873 2194 1228 2265 opprobrium
1265 2192 1489 2266 Egypti
1530 2211 1559 2248 a
1602 2210 1697 2252 vo-

150 2285 257 2340 bis:
291 2303 309 2337 »
340 2286 461 2355 quia
506 2295 870 2356 posteaquam
921 2285 1161 2341 ablatum
1204 2296 1289 2342 est
1340 2288 1693 2358 opprobrium

148 2374 355 2449 Egypti,
388 2386 513 2433 tunc
556 2377 767 2433 dicitur
795 2378 837 2411 η
871 2396 885 2432 :
924 2396 943 2430 ι
983 2378 1051 2432 Et
1093 2377 1347 2435 fecerunt
1378 2380 1476 2435 ﬁlii
1528 2381 1695 2437 Israel

148 2470 320 2539 pascha
354 2479 543 2540 quarta
580 2469 789 2524 decima
821 2469 907 2525 die
957 2470 1161 2525 mensis
1190 2470 1357 2541 primi
1402 2470 1692 2544 (75).:Non

149 2559 266 2615 enirn
294 2569 415 2616 ante
446 2561 928 2617 circumcisionem
969 2563 1167 2632 pascha
1200 2562 1382 2618 facere
1416 2573 1693 2634 poterant,

149 2655 223 2709 sed
255 2670 417 2724 neque
446 2656 639 2711 statim
674 2664 796 2725 post
840 2655 1312 2713 circumcisionem
1345 2671 1542 2713 carnes
1569 2658 1693 2724 agni

146 2747 412 2813 comedere,
444 2755 750 2815 antequam
798 2758 1146 2804 sanarentur.
1176 2747 1287 2804 Sed
1336 2760 1691 2821 posteaquam

146 2838 287 2893 sanati
310 2848 454 2905 sunt,
491 2839 702 2894 dicitur
727 2839 854 2909 quia
882 2838 1127 2896 fecerunt
1158 2842 1363 2911 pascha
1399 2842 1493 2897 lilii
1526 2843 1695 2897 Israel

146 2931 511 3002 quartadecima
572 2932 660 2987 die
708 2933 935 2988 mensis.
970 2933 1131 2989 Vides
1177 2947 1309 3005 ergo
1353 2935 1481 3005 quia
1534 2951 1694 2993 nemo

150 3024 419 3079 immundus
454 3023 597 3079 facit
642 3024 866 3093 pascha,
899 3039 1059 3079 neruo
1109 3025 1547 3093 incircumcisus,
1597 3028 1692 3083 sed

1805 518 1998 579 vimus,
2027 530 2193 586 parva
2223 519 2340 573 haec
2359 519 2591 573 eruditio
2624 518 2903 575 saecularis
2927 518 3064 588 (78),
3084 526 3178 572 aut
3209 520 3373 574 etiam

1798 611 1845 665 si
1868 610 1991 680 quis
2031 611 2173 667 forte
2199 611 2381 681 attigit
2430 611 2735 667 liberalium
2768 613 3073 670 litterarum
3102 613 3376 685 cognitio:-

1801 718 1927 758 nem
1961 704 2100 775 (79),
2134 719 2254 773 quae
2281 703 2537 775 exiguum
2572 705 2775 775 aliquid
2802 705 2996 774 juvare
3033 720 3129 761 nos
3175 713 3375 776 potest.

1798 793 1856 847 In
1885 807 2071 849 eremo
2114 810 2246 851 vero
2280 796 2467 866 positi,
2518 796 2571 851 id
2610 805 2716 863 est,
2746 798 2798 851 in
2840 798 2944 854 hoc
3001 797 3053 853 in
3094 812 3205 868 quo
3232 812 3377 851 nunc

1799 901 1988 942 sumus
2028 887 2152 943 vitae
2175 898 2345 954 statu,
2377 904 2572 944 manna
2624 890 2917 957 vescimur,
2944 906 3041 961 per
3082 891 3187 947 hoc
3232 889 3375 959 quod

1800 977 1996 1034 divinae
2045 977 2180 1051 legis
2237 980 2695 1037 instructionibus
2744 983 3048 1038 erudimur.
3092 981 3196 1050 Qui
3242 994 3378 1036 vero

1800 1072 2063 1128 meruerit
2096 1083 2298 1129 terram
2347 1076 2787 1145 repromissionis
2820 1076 3051 1142 intrare,
3083 1077 3135 1132 id
3175 1086 3279 1143 est,
3307 1090 3375 1131 ea

1800 1181 1922 1237 qua:
1960 1183 1990 1222 a
2044 1167 2328 1225 Salvatore
2377 1171 2710 1241 repromissa
2756 1181 2884 1227 sunt
2931 1172 3232 1243 consequi,
3283 1171 3375 1228 ille

1798 1259 1911 1315 edit
1948 1259 2157 1315 fructus
2185 1276 2215 1317 e
2258 1262 2483 1333 regione
2530 1263 2859 1332 palmarum.
2903 1263 3042 1319 Vere
3084 1263 3378 1337 enim‘f‘ru-

1798 1360 1945 1407 ctum
1977 1352 2171 1421 palma
2197 1355 2453 1417 inveniet,
2475 1354 2566 1423 qui
2591 1355 2804 1411 devicto
2829 1356 2983 1411 hoste
3010 1354 3076 1409 ad
3108 1356 3375 1424 promissa

1798 1446 2126 1515 pervenerit.
2170 1446 2388 1502 Certum
2422 1462 2657 1519 namque
2704 1458 2810 1513 est,
2861 1449 3003 1520 quod
3037 1456 3377 1521 quantacun-

1798 1552 1903 1608 que
1930 1537 2019 1592 illa
2051 1547 2197 1607 sunt,
2232 1554 2353 1608 quae
2382 1554 2527 1594 nunc
2555 1539 2610 1595 in
2652 1541 2772 1612 lege
2800 1542 2915 1606 Dei,
2941 1542 3023 1597 vel
3060 1541 3259 1598 divinis
3282 1542 3374 1595 lit-

1800 1631 1932 1687 teris
1958 1631 2266 1703 intelligere
2295 1648 2586 1704 possumus
2624 1644 2718 1690 aut
2741 1637 2965 1702 sentire,
2995 1635 3167 1691 multo
3207 1635 3376 1691 subli-

1800 1724 1972 1778 miora
2002 1732 2058 1779 et
2091 1724 2399 1780 excelsiora
2442 1737 2605 1783 erunt
2652 1727 2762 1792 illa,
2810 1744 2931 1798 quae
2956 1740 3217 1785 cessante
3240 1729 3377 1786 aani-

1799 1825 1981 1885 gtnate
2016 1815 2160 1872 facie
2190 1818 2258 1872 ad
2286 1816 2483 1873 faciem
2516 1806 2692 1875 sancti
2723 1820 2925 1890 quique
2958 1820 3143 1877 videre
3196 1835 3371 1877 mere-

1796 1907 2025 1975 buntur,
2065 1909 2194 1979 quia
2244 1924 2367 1979 qum
2425 1928 2443 1963 ι
2486 1910 2675 1966 oculus
2722 1926 2828 1967 non
2883 1912 3046 1977 vidit,
3094 1928 3197 1971 nec
3226 1914 3377 1968 auris

1797 2000 2023 2067 audivit,
2053 2016 2156 2057 nec
2183 2001 2237 2056 in
2265 2003 2611 2059 corhominis
2638 2004 2968 2073 ascendit“,
2995 2025 3014 2058 ι
3047 2006 3162 2062 haec
3188 2024 3208 2059 ε
3236 2021 3377 2077 pra:-

1797 2094 2014 2163 paravit
2060 2094 2203 2150 Deus
2254 2094 2321 2151 iis
2354 2097 2445 2165 qui
2476 2097 2705 2168 diligunt
2736 2111 2859 2152 eum
2896 2098 3031 2169 (80).
3071 2118 3090 2150 ι
3140 2098 3297 2167 Quod
3328 2100 3377 2155 si

1796 2187 2091 2242 secundum
2137 2188 2373 2245 litteram
2416 2191 2588 2247 solam
2638 2192 2985 2265 intelligenda
3034 2194 3104 2250 sit
3151 2194 3258 2258 lex,
3296 2195 3377 2249 in-

1797 2277 2090 2335 veniuntur
2117 2278 2232 2350 (8|)
2285 2279 2401 2336 sine
2431 2281 2595 2338 dubio
2619 2280 2711 2336 filii
2745 2281 2931 2351 Israel,
2976 2297 3099 2337 cum
3137 2282 3377 2338 meliori-

1763 2366 1899 2429 bus
1936 2382 2221 2429 uterentur
2269 2371 2495 2445 (manna
2534 2375 2734 2445 quippe
2781 2376 2848 2431 de
2889 2373 3030 2432 caelo
3061 2374 3372 2448 capiebant)

1794 2481 1861 2520 ex
1899 2465 2331 2536 repromissione
2355 2467 2629 2523 deteriora
2655 2468 2955 2540 accepisse,
3000 2469 3200 2540 quibus
3221 2473 3375 2541 prius

1793 2557 2146 2631 Egyptiacis
2197 2559 2582 2616 deficientibus
2617 2558 2779 2629 cibis,
2810 2561 3005 2617 melior
3036 2563 3222 2633 utique
3252 2580 3376 2619 sne-

1794 2660 2037 2706 cesserat
2083 2651 2239 2707 cibus
2284 2666 2480 2707 manna
2508 2652 2576 2707 de
2616 2654 2774 2709 caelo.
2808 2652 2875 2708 Et
2918 2655 3190 2723 quomodo
3233 2670 3377 2711 nunc

1794 2740 2072 2810 putabitur
2090 2740 2315 2795 meliore
2341 2740 2464 2796 cibo
2489 2751 2740 2797 cessante
2762 2745 3095 2800 successisse
3116 2745 3373 2810 deterior,

1793 2832 1898 2887 nisi
1931 2832 2056 2902 quia
2116 2832 2289 2901 major
2325 2840 2382 2888 et
2435 2821 2619 2888 verior
2659 2833 2800 2889 ratio
2832 2834 2885 2888 in
2912 2834 3142 2904 spiritali
3176 2837 3376 2891 intelli-

1792 2923 1994 2993 gentia,
2025 2937 2189 2994 quam
2229 2923 2283 2977 in
2325 2931 2473 2978 textu
2508 2923 2704 2980 litterae
2736 2924 3214 2995 deprehenditur?
3261 2926 3367 2982 Sed

1796 3015 2017 3071 interim
2058 3024 2415 3087 posteaquam
2464 3015 2766 3071 introduxit
2810 3014 2967 3071 Jesus
3007 3016 3265 3088 p0pulum
3322 3021 3374 3073 in

150 3116 418 3186 quicunque
456 3116 701 3172 mundus
739 3115 906 3173 fuerit
946 3125 999 3172 et
1052 3118 1433 3185 circumcisus,
1462 3122 1608 3177 sicut
1638 3131 1692 3178 et

1821 3120 2001 3162 erram
2035 3113 2309 3172 sanctam,
2355 3114 2483 3161 tunc
2506 3103 2832 3175 expugnatis
2862 3103 2973 3176 (82)
3003 3107 3256 3162 omnibus
3284 3121 3377 3162 ce-

148 3212 400 3283 Apostolus
428 3212 832 3283 interpretatur
850 3211 1041 3267 dicens
1062 3214 1109 3245 ²⁰
1142 3233 1153 3268 :
1188 3232 1207 3265 ι
1248 3213 1459 3269 Etenim
1490 3215 1689 3285 pascha

148 3316 357 3361 nostrum
396 3305 716 3361 immolatus
761 3315 846 3361 est
871 3305 1143 3364 Christus.
1191 3304 1384 3378 Itaque
1421 3308 1565 3364 diem
1606 3307 1689 3364 fe-

148 3409 269 3455 stum
298 3397 659 3466 celebremus,
694 3413 801 3453 non
834 3398 889 3453 in
918 3396 1186 3454 fermento
1217 3399 1411 3465 veteri,
1435 3413 1613 3470 neque
1639 3400 1691 3454 in

147 3493 377 3549 fermento
424 3493 656 3550 malitiae
696 3501 750 3547 et
799 3492 1057 3561 nequitia:
1085 3490 1223 3565 (76),
1259 3492 1355 3548 sed
1384 3492 1438 3548 in
1484 3493 1693 3565 azymis

145 3585 444 3642 sinceritatis
497 3596 562 3642 et
613 3585 882 3641 veritatis.
940 3602 960 3637 ι
1021 3584 1130 3640 Sed
1181 3592 1235 3640 et
1286 3595 1415 3641 tunc
1468 3587 1691 3658 quidem

148 3702 328 3769 quando
364 3703 495 3758 exiit
548 3701 780 3771 populus
821 3700 888 3756 de
939 3709 1084 3757 terra
1134 3699 1391 3774 Egypti,
1453 3704 1693 3774 portavit

146 3810 358 3863 sparsum
388 3796 441 3851 in
468 3794 816 3850 vestimentis
836 3793 972 3849 suis.
1008 3792 1144 3849 Cum
1194 3804 1375 3850 autem
1406 3795 1696 3854 defecisset

146 3901 384 3955 sparsum,
428 3898 484 3944 et
533 3903 708 3959 panes
747 3902 855 3943 non
904 3888 1192 3954 haberent,
1226 3887 1361 3958 pluit
1393 3889 1501 3946 illis
1548 3890 1693 3948 Deus

149 3996 333 4037 manna.
367 3982 502 4040 Cum
558 3991 743 4037 autem
773 3992 1041 4038 venerunt
1066 3982 1135 4037 ad
1189 3990 1390 4038 terram
1420 3992 1690 4052 sanctam,

146 4084 191 4127 et
222 4073 413 4131 fructus
452 4083 813 4146 perceperunt
854 4074 1155 4144 provincia:
1181 4075 1508 4145 palmarum,
1537 4077 1689 4134 defe-

146 4167 293 4224 citeis
312 4184 528 4234 manna,
564 4177 624 4222 et
656 4178 787 4223 tunc
819 4168 981 4223 edere
1008 4177 1297 4239 cmperunt
1322 4168 1389 4224 de
1423 4168 1695 4226 fructibus

146 4274 297 4317 terrae.
342 4263 532 4333 Itaque
578 4261 683 4316 tria
719 4275 921 4330 genera
984 4260 1096 4333 (77)
1152 4261 1401 4317 ciborum
1464 4278 1693 4333 genera-

147 4355 250 4411 liter
300 4357 702 4413 descrihuntur.
752 4352 928 4410 Unum
977 4354 1197 4424 quidem
1248 4369 1357 4425 quo
1418 4360 1695 4414 vescimur

144 4467 371 4511 exeuntes
401 4456 466 4510 de
491 4467 638 4510 terra
666 4450 916 4524 Egypti,
952 4452 1046 4508 sed
1075 4451 1180 4506 hoc
1208 4452 1276 4506 ad
1299 4466 1524 4520 parvum
1550 4462 1689 4507 tem-

148 4563 227 4616 pus
253 4547 456 4605 sullicit.
491 4548 620 4603 Post
647 4547 752 4601 hoc
786 4553 968 4599 autem
1019 4556 1220 4598 manna
1248 4543 1519 4600 succedit.
1556 4541 1691 4599 Ter-

150 4640 258 4694 tium
282 4657 401 4696 vero
451 4640 564 4709 iam
595 4639 663 4695 de
697 4649 842 4693 terra
877 4645 1067 4692 sancta
1117 4636 1367 4708 capimus
1424 4639 1686 4693 fructum.

148 4731 194 4784 ln
221 4733 404 4802 quibus
424 4730 749 4787 differentiis
778 4728 861 4800 (ut
887 4742 1022 4784 mere
1050 4728 1340 4798 parvitatis
1378 4727 1687 4785 intellectus

151 4828 444 4898 assequitur)
476 4824 606 4881 illud
631 4822 872 4878 arbitror
906 4820 1161 4886 indicari,
1183 4820 1328 4890 quod
1360 4821 1570 4892 primus
1608 4823 1692 4877 ci-

1798 3198 1977 3255 lebrat
1995 3196 2231 3255 Pascha.

1866 3338 1921 3393 5.
1955 3353 1974 3388 ι
2005 3336 2073 3392 Et
2100 3335 2303 3393 factum
2331 3346 2415 3394 est
2453 3351 2575 3392 cum
2607 3346 2754 3395 esset
2779 3338 2937 3396 Jesus
2966 3340 3017 3393 in
3054 3338 3275 3396 Jericho
3305 3341 3374 3405 “,

1796 3430 2103 3502 respiciens
2135 3429 2313 3486 oculis
2341 3431 2477 3487 vidit
2497 3431 2774 3487 hominem
2812 3439 3047 3487 stantem
3077 3439 3271 3488 contra
3294 3432 3373 3496 se',

1794 3533 1851 3580 et
1885 3523 2097 3596 gladius
2126 3524 2444 3594 evaginatus
2472 3536 2594 3580 erat
2638 3524 2692 3579 in
2733 3540 2894 3581 manu
2935 3524 3073 3592 ejus.
3124 3522 3193 3579 Et
3219 3539 3377 3580 acce-

1796 3619 1929 3673 dens
1964 3615 2123 3673 Jesus
2157 3616 2296 3673 dixit
2321 3617 2368 3672 ei
2406 3634 2419 3672 :
2448 3616 2644 3673 Noster
2668 3632 2748 3682 es,
2778 3632 2844 3672 an
2882 3616 3323 3673 adversariorum
3352 3617 3376 3672 ἲ

1796 3711 1866 3765 At
1907 3710 2000 3765 ille
2047 3711 2233 3767 dixit:
2271 3710 2382 3781 Ego
2433 3726 2553 3766 sum
2601 3711 2856 3781 princeps
2900 3710 3108 3766 militiae
3153 3711 3375 3767 virtutis

1797 3804 2009 3860 Domini
2042 3822 2055 3858 :
2086 3818 2229 3859 nunc
2254 3803 2445 3858 adveni
2473 3802 2608 3875 (85).
2638 3822 2656 3857 ι
2692 3803 3015 3874 Respiciens
3037 3818 3167 3875 ergo
3200 3805 3377 3861 oculis

1795 3896 1944 3951 videt
1985 3896 2288 3967 principem
2329 3893 2537 3950 militia:
2572 3896 2793 3951 virtutis
2836 3896 3075 3964 Domini,
3113 3907 3373 3968 tanquam

1799 3991 1892 4059 qui
1926 3990 2076 4059 prius
2102 4006 2206 4044 non
2243 3989 2571 4060 respexerit,
2603 3990 2698 4045 sed
2731 3999 2882 4055 tunc,
2918 4006 3040 4046 cum
3070 3991 3374 4061 principem

1798 4081 2007 4136 militia:
2044 4080 2254 4136 Domini
2286 4081 2504 4136 visurus
2535 4089 2699 4137 esset.
2741 4082 2911 4150 Quem
2937 4090 3114 4136 tamen
3140 4098 3263 4138 cum
3294 4082 3376 4136 vi~

1797 4179 1968 4237 disset
2011 4180 2194 4247 Iesus,
2248 4197 2352 4237 non
2383 4196 2507 4237 eum
2542 4178 2689 4235 velut
2719 4191 3063 4234 communem
3099 4177 3374 4231 hominem

1795 4274 1953 4340 vidit,
1987 4276 2081 4331 sed
2117 4274 2385 4330 intellexit
2422 4275 2676 4329 virtutem
2730 4285 2852 4327 esse
2879 4270 3192 4341 quamdam.
3224 4268 3371 4323 Non-

1802 4368 1929 4421 dum
1966 4367 2111 4422 enim
2139 4367 2254 4440 (84)
2291 4376 2477 4422 certus
2504 4376 2590 4423 est
2619 4382 2685 4421 ex
2728 4363 2925 4421 divinis
2952 4362 3265 4426 virtutibus,
3302 4377 3373 4416 an

1795 4474 1862 4514 ex
1885 4459 2176 4515 contrariis
2206 4474 2312 4514 una
2346 4459 2418 4514 sit
2449 4472 2568 4527 quae
2614 4457 2852 4521 videtur,
2888 4462 2942 4509 et
2980 4454 3103 4509 ideo
3132 4454 3372 4508 interro-

1799 4562 1911 4623 gat,
1944 4560 2000 4606 et
2045 4551 2312 4621 perquirit
2356 4551 2541 4607 dicens
2572 4567 2586 4605 :
2629 4567 2647 4601 ι
2682 4547 2879 4605 Noster
2912 4564 2994 4615 es,
3024 4562 3090 4600 an
3120 4546 3376 4602 adversa-

1800 4644 2052 4699 riorum?
2095 4662 2113 4695 ι
2160 4645 2226 4698 At
2254 4644 2342 4699 ille
2378 4643 2455 4698 ait
2482 4661 2495 4697 :
2528 4660 2547 4694 ί
2594 4642 2708 4713 Ego
2738 4657 2854 4698 sum
2883 4640 3137 4711 princeps
3170 4640 3376 4695 militia:

1798 4738 2015 4791 virtutis
2045 4737 2275 4803 Domini,
2306 4751 2447 4791 nunc
2485 4734 2700 4789 adveni.
2734 4750 2753 4784 ι
2793 4734 2861 4787 Ει
2889 4747 3014 4787 cum
3064 4732 3170 4789 hoc
3194 4734 3377 4788 audis-

1801 4840 1883 4884 set
1912 4827 2048 4899 (85),
2078 4827 2327 4883 adoravit
2352 4825 2530 4891 Jesus,
2546 4834 2602 4881 et
2629 4826 2766 4881 dixit
2789 4825 2837 4858 “
2871 4842 2884 4879 :
2921 4843 2939 4877 ι
2978 4823 3226 4893 Domine,
3246 4825 3377 4895 quid

206 4967 366 5024 “Jos.
392 4983 447 5035 v,
483 4967 539 5022 9.
615 4966 658 4998 "
685 4961 798 5020 Jos.
823 4979 877 5030 v,
909 4962 994 5019 l0.
1071 4963 1117 4994 ¹⁰
1141 4960 1162 5015 l
1186 4960 1308 5026 Cur,
1337 4978 1387 5028 v,
1432 4962 1483 5029 7,
1510 4963 1564 5019 8.
1634 4966 1677 4998 “

1819 4985 1880 5025 ir.
1915 4984 1977 5037 ll,
2002 4967 2057 5024 9.
2127 4968 2172 4999 “
2199 4965 2312 5023 Jos.
2348 4981 2401 5037 v,
2432 4966 2515 5032 15,
2552 4966 2637 5022 Η.
2713 4965 2758 4998 ³⁸
2790 4965 2904 5022 Jos.
2930 4964 3096 5029 v.14.

206 5088 306 5161 (74)
335 5087 544 5170 Iidem:
584 5104 603 5139 ι
648 5085 703 5141 in
738 5084 910 5141 initiis
952 5098 1154 5139 exuere
1196 5093 1357 5155 atque
1406 5095 1694 5154 amputare

151 5175 232 5213 nos
255 5175 404 5229 posse
429 5174 626 5227 prima.
676 5175 695 5208 ι
753 5226 767 5229 _
835 5224 864 5229 _
1044 5214 1051 5219 ,

207 5223 309 5301 (75)
340 5223 534 5301 Primi.
556 5229 719 5286 Deest
752 5226 806 5301 in
830 5224 1115 5301 Sangerm.
1151 5232 1207 5279 et
1222 5223 1617 5301 _(_;emeticeu_si.

212 5236 287 5301 (75
340 5236 534 5285 Primi.
556 5236 719 5286 Deest
754 5236 805 5280 in
830 5236 1115 5297 Sangerm.
1151 5236 1207 5279 et
1228 5236 1617 5280 Gemettceust.

212 5236 313 5384 (.76;
360 5300 553 5355 Mssxc
603 5299 881 5368 nequitiae.
917 5315 940 5350 ο
976 5295 1132 5351 Libb.
1166 5295 1300 5351 editi
1330 5313 1345 5350 :
1380 5315 1398 5348 ι
1444 5298 1687 5368 maligni-

156 5380 314 5511 ωιδῆ)
336 5391 514 5498 ἑοιιθι
551 5437 985 5500 Gemetieensis:
1021 5454 1043 5490 ι
1074 5437 1175 5494 tria
1205 5451 1431 5508 genera.
1475 5455 1496 5490 ι
1531 5436 1690 5494 Libb.

154 5512 263 5566 editi
293 5532 306 5568 :
342 5531 360 5565 ι
394 5525 503 5567 tres
525 5514 750 5582 species.
790 5531 809 5564 ι

183 5582 314 5661 ’(78)
359 5580 668 5639 chuldris.
718 5582 872 5639 Unus
925 5580 1272 5637 Ebroicensis
1321 5594 1338 5633 :

160 5667 192 5703 ll
226 5693 238 5706 .

198 5670 317 5794 s(79’)
345 5725 599 5782 Gcmetic.
619 5735 669 5781 et
705 5727 811 5780 duo
842 5722 1240 5783 Ebrnicenses:
1277 5740 1295 5774 ι
1329 5720 1636 5794 scientiam.
1670 5739 1688 5771 ι

215 5795 315 5864 (81))
342 5796 518 5852 (index
551 5798 812 5854 Gemetic.
850 5813 869 5848 ι
908 5796 1227 5858 ascendunt,
1263 5811 1280 5845 ι
1312 5802 1367 5849 et
1391 5793 1548 5864 paulo
1572 5800 1696 5860 post

1395 5597 1417 5632 ι
1467 5578 1657 5635 schola
1670 5609 1691 5620 -

1805 5106 1827 5142 ‹
1867 5087 2011 5143 Deus
2051 5085 2407 5157 diligentlbus
2436 5101 2515 5141 se.
2548 5104 2566 5138 ο

1872 5158 1983 5230 (8i)
2015 5157 2163 5230 idem
2196 5171 2212 5212 :
2244 5175 2263 5209 ‹
2307 5157 2669 5230 invenientur.
2710 5175 2730 5210 ι

1871 5226 1983 5298 (82)
2009 5227 2321 5298 Sangerm.,
2350 5227 2616 5284 Gemetic.
2636 5239 2690 5282 et
2719 5242 2858 5282 unus
2884 5226 3201 5283 Ebroicens.
3232 5248 3250 5281 σ
3275 5245 3373 5285 ex-

1798 5301 2068 5369 pugnatis.
2115 5317 2146 5371 r
2171 5298 2328 5355 Lihb.
2362 5299 2489 5354 editi
2537 5312 2553 5352 :
2603 5315 2621 5349 ι
2649 5299 2980 5371 expurgatis.
3011 5317 3031 5352 ι
3058 5298 3196 5353 lbid.
3226 5300 3372 5356 San-

1797 5385 1967 5441 germ.
2010 5369 2349 5441 t__celebrant
2378 5372 2599 5439 pascha.
2643 5389 2663 5423 ι

1864 5438 2190 5512 (85)7Nttnc
2236 5438 2445 5494 adveni.
2480 5441 2642 5496 Deest
2699 5439 2758 5512 i_n_
2795 5438 2927 5512 libb.
2980 5448 3138 5512 antea
3178 5439 3363 5507 editis,

1803 5507 1896 5565 sed
1926 5507 2157 5565 habetur
2180 5510 2233 5563 in
2262 5512 2517 5565 omnibus
2554 5527 2685 5567 tnss.
2711 5507 2829 5564 Mox
2864 5511 2916 5565 itt
2945 5511 3065 5563 cod.
3100 5509 3368 5569 Gemelic.

1802 5582 1952 5636 deest
1992 5600 2009 5633 t
2051 5582 2367 5649 t'estticietts.
2402 5600 2421 5633 ι

1870 5651 1983 5722 (84)
2040 5648 2395 5723 Sangertnau.
2455 5671 2473 5703 ι
2511 5651 2677 5709 enim.
2726 5669 2746 5703 ι
2798 5648 3163 5711 Libb.cdili-:
3221 5671 3240 5707 c
3286 5660 3374 5713 ta-

1805 5738 1949 5777 men.
2016 5742 2033 5775 1

1874 5792 1986 5865 (85)
2020 5792 2162 5849 Idem
2196 5810 2211 5852 :
2253 5812 2270 5846 ‹
2318 5793 2565 5849 dixisset.
2610 5812 2628 5846 ι
