3874 6506
483 305 588 362 853

1933 306 2252 365 ORIGENIS

3624 312 3714 364 διδ

486 423 736 495 praecipis
780 439 937 480 servo
985 427 1126 481 tuo?
1161 445 1178 479 ι
1228 427 1365 495 Quid
1404 431 1659 501 estquod
1706 446 1802 488 nos
1831 448 1927 503 per
1961 434 2062 487 hoc
2090 437 2133 492 Α
2163 433 2228 488 de
2265 433 2516 503 paradiso
2571 433 2623 490 in
2674 432 2832 502 hujus
2877 431 3060 488 mundi
3107 431 3356 486 exsilium
3417 439 3592 485 trusus
3625 448 3714 488 est.

481 518 675 572 edocet
717 517 914 572 Jesus?
958 517 1088 574 Illud
1133 520 1249 575 sine
1300 520 1464 576 dubio
1497 524 1639 588 quod
1675 523 1805 579 dicit
1832 536 2049 594 aposto-

483 608 568 666 lus
597 609 643 642 ”
673 627 686 663 :
725 629 743 661 ι
787 609 962 666 Nolite
989 612 1138 667 omni
1180 614 1392 684 spiritui
1422 615 1664 681 credere,
1701 618 1794 672 sed
1827 621 2050 684 probate

482 702 706 770 spiritus
738 704 780 758 si
809 720 872 758 cx
906 705 1012 761 Deo
1047 715 1190 760 sunt.
1234 726 1252 759 ι
1289 707 1548 778 COgnovit
1597 725 1726 780 ergo
1756 711 1913 766 Jesus
1946 729 2048 768 non

481 791 652 848 solum
691 795 831 863 quod
879 811 943 852 ex
991 796 1102 854 Deo
1150 807 1272 863 est,
1315 802 1408 854 sed
1447 801 1569 870 quia
1623 801 1762 858 Deus
1795 813 1895 859 est.
1933 803 2047 860 Non

480 887 624 942 enim
660 888 958 954 adorasset,
993 891 1094 946 nisi
1144 892 1451 961 agnovisset
1508 895 1692 950 Deum.
1735 896 1866 963 Quis
1903 899 2046 953 enim

479 979 618 1035 alius
674 991 757 1036 est
803 984 1053 1054 princeps
1107 985 1310 1042 militiae
1342 988 1606 1042 virtutum
1658 987 1892 1056 Domini,
1942 992 2045 1046 nisi

483 1074 740 1130 Dominus
793 1086 979 1132 noster
1029 1077 1186 1133 Jesus
1223 1076 1520 1134 Christus?
1575 1077 1765 1135 Omnis
1816 1098 2047 1152 namque

477 1165 598 1222 caeli
631 1167 844 1234 militia,
878 1169 992 1224 sive
1039 1172 1240 1241 angeli,
1278 1173 1390 1228 sive
1423 1173 1756 1243 archangeli,
1789 1176 1904 1232 sive
1933 1179 2044 1233 vir-

478 1267 643 1321 tutes,
672 1260 786 1316 sive
814 1260 1238 1328 dominationes,
1275 1265 1390 1320 sive
1423 1267 1784 1336 principatus,
1813 1271 1925 1324 sive
1950 1285 2046 1340 po-

477 1358 721 1415 testates,
755 1353 936 1406 omnia
967 1353 1082 1409 haec
1107 1370 1226 1424 qua:
1259 1372 1354 1425 per
1394 1357 1565 1426 ipsum
1599 1358 1737 1413 facta
1767 1370 1912 1426 sunt,
1945 1364 2043 1420 sub

477 1445 594 1512 ipso
630 1445 875 1515 principe
915 1448 1169 1516 militant,
1200 1451 1290 1520 qui
1318 1462 1400 1506 est
1430 1453 1733 1521 principum
1768 1459 2040 1525 princeps,

472 1544 527 1590 et
545 1536 635 1604 qui
657 1535 884 1608 largitur
904 1541 1235 1610 principibus
1257 1542 1640 1612 principatum.
1659 1547 1775 1613 Ipse
1797 1558 1876 1602 est
1897 1551 2040 1604 enim

476 1626 572 1692 qui
597 1627 727 1682 dicit
763 1628 815 1680 in
852 1629 1244 1700 Evangelia”:
1283 1651 1302 1683 ι
1345 1635 1469 1690 Esto
1495 1647 1813 1704 potestatem
1837 1640 2042 1700 habens

473 1734 629 1786 supra
669 1719 829 1792 41],
870 1723 1055 1779 decem
1092 1726 1356 1782 civitates.
1399 1747 1416 1780 ι
1445 1729 1510 1784 Et
1542 1731 1666 1787 alibi
1703 1752 1715 1788 :
1761 1752 1778 1785 r
1807 1734 1932 1789 Esto
1983 1745 2036 1790 tu

471 1821 788 1876 potestatem
812 1812 1015 1871 habens
1034 1830 1197 1886 supra
1227 1821 1464 1890 quinque
1484 1823 1754 1880 civitates.
1786 1846 1804 1879 ι
1836 1827 1933 1886 llic
1959 1837 2038 1885 est

469 1905 558 1972 qui
592 1918 817 1975 accepto
842 1921 1011 1975 regno
1042 1924 1319 1978 regressus
1346 1923 1449 1970 est.

537 1996 590 2050 5.
626 1995 730 2050 Sed
763 1997 979 2051 interim
1013 1999 1292 2056 videamus
1321 2017 1440 2071 quae
1462 2018 1702 2072 prtcsens
1725 2006 1883 2063 lectio
1910 2022 2039 2076 sug-

464 2091 628 2155 gerit.
651 2155 654 2158 .
675 2087 731 2142 in
781 2087 998 2146 Jericho
1030 2099 1111 2145 est
1140 2089 1320 2156 Jesus,
1355 2095 1528 2152 adhuc
1558 2095 1745 2152 hostes
1788 2099 2037 2154 obtinent

463 2182 764 2246 civitatem,
804 2185 1041 2241 nondum
1071 2187 1201 2241 victi
1238 2201 1386 2254 sunt,
1416 2198 1471 2244 et
1491 2192 1603 2258 jatn
1633 2201 1812 2259 tamen
1835 2193 2036 2248 dicitur

460 2272 526 2326 ad
551 2271 734 2329 Jesum
761 2277 807 2309 "
833 2293 876 2331 τι
915 2278 1076 2334 Solve
1104 2280 1534 2336 calceamentum
1565 2283 1632 2338 de
1654 2284 1878 2353 pedibus
1907 2287 2031 2353 tuis,

460 2363 612 2421 locus
646 2367 792 2422 enim
823 2369 875 2424 in
908 2386 1017 2440 quo
1050 2381 1166 2427 stas
1193 2381 1337 2430 terra
1377 2385 1566 2430 sancta
1592 2386 1696 2432 est.
1741 2395 1762 2430 ι
1793 2377 1860 2431 Ει
1900 2394 2056 2448 quo-'

461 2459 619 2516 modo
642 2459 862 2518 Jericbo
895 2473 1035 2519 terra
1069 2476 1256 2521 sancta
1282 2476 1388 2535 est,
1425 2483 1542 2538 quae
1577 2470 1645 2525 ab
1681 2471 1924 2527 hostibus
1957 2487 2037 2524 re-

461 2553 926 2614 tinetur?Se-dne
952 2557 1092 2613 forte
1135 2559 1234 2615 hoc
1271 2560 1340 2615 sit
1372 2562 1517 2630 quod
1563 2561 1853 2627 indicatur,
1906 2565 2031 2633 quia

457 2655 784 2714 quocunque
838 2647 1048 2700 venerit
1106 2649 1358 2719 princeps
1411 2650 1617 2705 militia:
1657 2653 1872 2709 virtutis
1920 2654 2031 2708 Do-

459 2733 613 2798 mini,
653 2737 962 2792 sauctiﬁcat
1000 2739 1202 2806 locum,
1231 2743 1356 2810 quia
1396 2758 1497 2797 uec
1543 2743 1656 2812 ipsa
1689 2743 1908 2800 Iericho
1951 2747 2030 2802 lo-

456 2842 554 2882 cus
581 2839 703 2884 erat
729 2839 952 2888 sanctus
984 2849 998 2887 :
1030 2833 1121 2888 sed
1147 2834 1271 2904 quia
1297 2835 1549 2906 princeps
1583 2837 1786 2892 militiae
1822 2839 2031 2894 Domini

454 2920 602 2974 venit
630 2920 778 2987 illuc,
807 2922 955 2978 locus
984 2924 1182 2980 dicitur
1207 2937 1448 2982 sanctus.
1481 2927 1596 3000 Ego
1616 2930 1779 2992 etiam
1802 2933 2030 3000 amplius

454 3010 659 3080 aliquid
684 3015 854 3070 audeo
881 3025 934 3073 et
963 3017 1108 3080 dico,
1129 3019 1253 3089 quia
1271 3018 1432 3074 etiam
1467 3021 1678 3094 Moyses
1713 3022 1801 3077 ubi
1829 3025 2024 3092 stabat,

2158 527 2264 581 Sed
2296 536 2351 582 et
2380 527 2506 582 cruci
2535 527 2580 560 ³ο
2604 527 2694 597 qui
2723 536 2880 582 erant
2915 529 2968 581 in
3010 524 3251 590 Jcricho,
3283 526 3348 579 ad
3398 541 3539 597 quos
3589 527 3718 580 venit

2156 612 2314 669 Jesus
2342 625 2400 670 ut
2454 615 2660 670 faceret
2692 630 2786 674 eos
2820 616 3022 679 videre,
3070 614 3301 669 formam
3342 618 3604 684 gerebant
3641 634 3717 669 ω-

2157 722 2272 762 rum
2307 708 2397 778 qui
2429 708 2478 762 in
2512 709 2614 763 hoc
2651 707 2852 762 mundo
2886 707 3129 761 cmcilate
3157 708 3481 777 ignorantia:
3517 724 3717 774 prem.»

2154 800 2371 864 bantur,
2401 802 2466 856 ad
2498 817 2633 872 quos
2665 801 2808 855 venit
2837 800 3006 855 Filius
3032 801 3146 854 Dei.
3181 800 3305 855 Haec
3331 817 3465 871 ergo
3487 797 3716 862 Iericho,

2153 893 2203 948 id
2233 905 2315 948 est
2363 896 2594 949 mundus
2642 895 2729 952 hic
2779 911 3005 950 casurus
3045 903 3148 949 est.
3183 895 3601 949 Consummatio
3647 909 3718 948 ct-

2150 986 2292 1039 enim
2313 985 2492 1042 saeculi
2519 984 2632 1052 jam
2662 987 2860 1040 dudum
2880 987 3085 1040 sanctis
3115 986 3484 1039 voluminibus
3517 985 3716 1053 penul-

2149 1089 2269 1149 gata
2309 1087 2410 1134 est.
2444 1079 2720 1145 Quomodo
2747 1094 2875 1148 ergo
2901 1079 2949 1132 ei
3004 1078 3406 1132 consummatio
3458 1077 3714 1130 dubitur’

2149 1171 2343 1242 quibus
2374 1172 2632 1241 organis?
2663 1170 2914 1236 Vocibus,
2952 1172 3148 1241 inquit,
3185 1173 3462 1225 tul-arum.
3492 1169 3714 1234 Quarum

2150 1264 2396 1320 tubarum
2419 1263 2656 1318 ?Pau|us
2691 1263 2782 1318 tibi
2811 1264 3003 1318 secreti
3032 1264 3188 1333 hujus
3219 1263 3415 1332 prodat
3447 1277 3712 1314 arcanum.

2145 1354 2286 1408 Audi
2319 1353 2432 1423 ipse
2473 1356 2601 1424 quid
2633 1355 2776 1410 dicat
2813 1370 2826 1406 :
2867 1374 2885 1406 t
2923 1352 3113 1421 Canet,
3173 1353 3349 1423 inquit
3388 1353 3460 1414 ³¹,
3504 1353 3650 1415 tuba,
3675 1363 3714 1403 t1

2147 1447 2346 1501 mortui
2384 1447 2475 1515 qui
2510 1449 2560 1502 in
2591 1447 2809 1502 Christo
2860 1457 3012 1511 sunt,
3053 1456 3343 1513 resurgunt
3394 1445 3708 1511 incorrupti.

2144 1550 2198 1592 et
2227 1540 2338 1608 ipse
2378 1539 2637 1594 Dominus
2667 1542 2718 1592 in
2748 1538 2924 1608 jussu,
2954 1538 3006 1591 in
3034 1552 3165 1593 voce
3211 1536 3559 1605 archangeli,
3591 1545 3642 1589 et
3671 1538 3710 1587 iu

2147 1631 2272 1684 tuba
2320 1629 2415 1686 Dei
2451 1631 2747 1685 descendet
2793 1631 2859 1687 de
2907 1630 3067 1688 casio.
3107 1644 3127 1678 ι
3171 1627 3326 1683 Tunc
3382 1644 3516 1698 ergo
3570 1626 3711 1681 Jesus

2146 1723 2404 1779 Dominus
2435 1735 2620 1780 noster
2647 1739 2766 1780 cum
2802 1724 2942 1779 tubis
2992 1724 3175 1780 vincet
3209 1721 3437 1777 Jericho
3501 1730 3558 1776 et
3604 1737 3714 1789 pro-

2144 1825 2352 1872 sternet
2376 1832 2518 1880 eatn,
2553 1817 2624 1872 ita
2653 1827 2712 1874 ut
2740 1833 2804 1872 ex
2837 1832 2900 1871 ea
2942 1817 3201 1872 meretrix
3232 1816 3347 1870 sola
3383 1816 3642 1880 salvetur,
3668 1828 3712 1867 et

2144 1908 2323 1964 omnis
2349 1909 2541 1970 domus
2568 1909 2704 1978 ejus.
2748 1907 2956 1973 Veniet,
2997 1909 3189 1980 inquit,
3239 1907 3514 1962 Dominus
3544 1919 3709 1961 noster

2139 2001 2320 2068 Jcsus,
2355 2012 2410 2056 et
2459 2001 2509 2055 iu
2545 2001 2797 2056 tubarum
2849 2016 2984 2058 voce
3031 2003 3228 2056 veniet.
3282 2001 3392 2056 Sed
3438 2000 3553 2068 jam
3589 2017 3708 2052 nunc

2141 2108 2359 2148 oremus
2385 2104 2442 2148 ut
2480 2093 2663 2148 veniat
2711 2101 2764 2146 et
2788 2091 3032 2146 destruat
3083 2093 3368 2154 mundum,
3407 2093 3498 2159 qui
3533 2093 3583 2143 iu
3613 2108 3708 2143 nt:-

2140 2184 2288 2255 ligno
2317 2186 2522 2256 positus
2552 2196 2634 2240 est
2664 2185 2729 2250 ³¹,
2763 2195 2816 2240 et
2843 2188 3022 2240 omnia
3075 2200 3195 2254 qnte
3236 2185 3289 2237 in
3337 2183 3545 2237 mundo
3576 2193 3703 2242 sunt,

2138 2279 2262 2349 quia
2303 2297 2320 2330 ι
2361 2293 2520 2333 omne
2566 2281 2710 2349 quod
2767 2278 2822 2333 in
2867 2279 3066 2332 mundo
3115 2286 3222 2341 est,
3281 2276 3703 2345 concupiscentia

2145 2369 2328 2424 carnis
2351 2379 2455 2434 est,
2486 2380 2539 2424 et
2571 2369 3016 2438 concupiscentia
3057 2369 3345 2423 oculorum
3379 2368 3479 2419 ³³.»
3500 2367 3595 2420 Ista
3623 2368 3702 2420 de-

2137 2471 2333 2526 struat,
2358 2463 2459 2517 ista
2482 2460 2816 2531 jamjamque
2841 2460 3128 2524 dissolvat,
3156 2461 3335 2517 salvet
3373 2470 3556 2514 autem
3584 2459 3702 2512 hanc

2138 2559 2306 2610 solam
2340 2569 2459 2624 quae
2489 2554 2864 2624 exploratores
2888 2554 3004 2625 ejus
3035 2556 3298 2625 suscepit,
3335 2569 3463 2624 qua:
3490 2555 3700 2621 Aposto-

2142 2649 2220 2704 los
2248 2649 2364 2718 ejus
2391 2650 2442 2700 iu
2474 2647 2577 2701 fide
2603 2657 2656 2701 et
2694 2648 3001 2703 obedientia
3057 2661 3334 2718 receptos,
3369 2648 3427 2700 in
3462 2648 3690 2715 superio-

2139 2741 2288 2795 ribus
2337 2738 2646 2806 collocavil,
2695 2749 2750 2793 et
2794 2739 3052 2808 adjungat
3079 2750 3134 2794 et
3162 2741 3341 2795 sev-iet
3375 2744 3697 2796 meretricem

2138 2835 2276 2889 hanc
2313 2849 2433 2887 cum
2492 2831 2654 2887 domo
2701 2831 2886 2888 Israel.
2947 2833 3051 2887 Sed
3095 2832 3206 2899 jam
3239 2849 3348 2889 non
3391 2846 3695 2905 repetamus,

2136 2941 2236 2981 nec
2276 2935 2596 2995 reputemus
2623 2923 2671 2978 ei
2701 2935 2938 2978 veterem
2969 2924 3204 2993 culpam.
3248 2925 3562 2995 Aliquando
3602 2945 3694 2981 rue-

2136 3019 2304 3074 relrix
2339 3015 2457 3084 fuit,
2490 3031 2632 3071 nunc
2680 3027 2858 3071 autem
2899 3017 2992 3070 uni
3037 3018 3152 3071 viro
3189 3030 3344 3074 casto
3373 3021 3527 3089 virgo
3561 3031 3689 3073 casta

453 3116 550 3169 per
578 3106 812 3174 seipsum
833 3123 936 3164 non
968 3120 1086 3166 erat
1120 3109 1273 3167 locus
1297 3120 1540 3180 sanctus,
1565 3114 1664 3176 sed
1679 3116 1802 3184 quia
1843 3115 2026 3170 Domi-
2054 3143 2098 3204 ο
2133 3113 2378 3182 capulata
2411 3121 2489 3164 est
2515 3108 2750 3163 Christo.
2788 3109 2927 3163 Audi
2973 3109 3291 3204 Aposmlum
3347 3113 3608 3204 dicentem
3638 3115 3692 3162 ds:

455 3211 555 3251 nus
578 3199 756 3254 stabat
777 3215 897 3256 cum
930 3200 1133 3273 Moyse,
1166 3206 1449 3274 praesentia
1481 3205 1687 3260 Domini
1721 3209 2029 3264 sanctiﬁca-

452 3299 606 3344 verat
653 3290 853 3356 locum.
902 3305 955 3350 et
1009 3295 1129 3350 ideo
1173 3297 1372 3351 dicitur
1397 3298 1462 3353 ad
1496 3315 1615 3353 eum
1653 3301 1696 3332 ³⁷
1730 3319 1746 3358 :
1786 3320 1804 3353 t
1865 3301 2027 3358 Solve

452 3379 742 3452 corrigiam
772 3384 1126 3441 caleeamcnti
1155 3387 1254 3452 tui,
1288 3387 1440 3444 locus
1474 3392 1616 3445 enim
1662 3392 1713 3446 in
1751 3407 1858 3463 quo
1911 3403 2025 3450 stas

452 3483 598 3530 terra
635 3487 822 3531 sancta
875 3489 978 3533 est.
1019 3483 1052 3546 if
1083 3481 1230 3537 Unde
1262 3492 1316 3536 et
1352 3499 1450 3537 nos
1493 3485 1537 3539 si
1567 3488 1674 3540 vita
1715 3496 1767 3542 et
1816 3492 2024 3546 meritis

447 3569 768 3623 accedamus
796 3570 860 3623 ad
893 3570 1080 3636 Deum,
1107 3582 1159 3627 et
1189 3574 1332 3643 digni
1369 3575 1668 3631 elliciamur
1709 3589 1763 3632 ut
1802 3582 2024 3636 assistat

449 3656 604 3712 nobis
632 3657 798 3725 Deus,
827 3661 1027 3715 dicitur
1050 3663 1213 3717 etiam
1249 3665 1313 3718 ad
1338 3680 1434 3720 nos
1460 3675 1517 3719 ut
1547 3667 1822 3723 solvamus
1861 3686 1890 3724 a
1924 3685 2018 3741 pe-

447 3750 822 3807 dihusauima’
858 3763 1078 3820 nostra),
1113 3757 1156 3808 si
1193 3757 1322 3825 quid
1357 3757 1408 3812 in
1435 3761 1514 3814 eis
1539 3760 1734 3816 vinculi
1778 3764 2019 3817 mortalis

445 3859 716 3897 annexum
748 3854 849 3901 est.
887 3844 979 3902 lsti
1008 3847 1149 3902 enim
1200 3861 1322 3904 sunt
1356 3853 1537 3920 pedes,
1569 3869 1705 3922 quos
1749 3856 1888 3909 lavat
1926 3854 2018 3911 Je-

444 3951 536 3992 sus
574 3937 644 4004 ”,
674 3954 809 4008 quos
855 3941 959 3995 nisi
1016 3943 1232 4009 laverit,
1277 3961 1381 3999 non
1433 3947 1754 4002 habebimus
1811 3960 2016 4019 partem

445 4046 566 4082 cum
597 4045 680 4083 eo.
715 4029 866 4097 Quod
893 4034 937 4086 si
968 4049 1096 4105 ergo
1133 4037 1199 4090 ab
1228 4038 1408 4091 anima
1450 4049 1630 4094 nostra
1663 4051 1716 4094 et
1766 4043 2016 4099 sensibus

443 4134 603 4172 onmc
628 4119 902 4174 vinculum
931 4138 1075 4177 cura!
1099 4127 1340 4181 mortalis
1365 4127 1478 4198 (86)
1506 4129 1859 4198 absolvimus,
1888 4151 2016 4189 cou-

444 4209 595 4263 tinuo
631 4211 863 4265 libenter
891 4213 1056 4268 etiam
1086 4215 1241 4271 nobis
1267 4218 1443 4272 aderit
1489 4229 1543 4274 et
1586 4222 1804 4276 assistet
1847 4223 2010 4282 Deus.

510 4301 562 4355 4.
590 4301 723 4369 Quae
757 4315 935 4359 autem
964 4316 1088 4361 sunt
1130 4308 1182 4360 in
1221 4314 1682 4380 consequentibus
1714 4317 2008 4374 videamus.

441 4390 826 4448 Circumdatur
870 4393 1112 4461 Jericlto,
1148 4403 1443 4470 expugnari
1495 4417 1612 4456 eam
1649 4419 1870 4461 necesse
1904 4421 2008 4465 est.

2131 3220 2192 3260 ea
2223 3205 2270 3237 "
2303 3223 2315 3260 :
2360 3225 2377 3257 ι
2411 3203 2582 3260 Statui
2613 3213 2792 3256 autem
2829 3204 2931 3256 hoc
2959 3203 3152 3272 ipsum,
3183 3203 3275 3256 uni
3305 3204 3428 3257 viro
3451 3202 3686 3274 virginei.

2129 3309 2332 3355 castam
2361 3314 2455 3352 vos
2483 3297 2739 3352 exhibere
2769 3294 3006 3351 Christo.
3045 3315 3065 3347 ι
3108 3293 3185 3348 Ex
3217 3296 3333 3364 ipsa
3364 3307 3487 3350 erat
3520 3306 3573 3351 et
3615 3297 3691 3349 ille

2128 3392 2242 3462 ipse
2273 3391 2363 3460 qui
2393 3390 2605 3445 diccbat
2633 3388 2677 3420 ³⁵
2711 3407 2723 3442 :
2757 3406 2773 3438 r
2814 3386 3038 3441 Fuimus
3063 3390 3208 3440 enim
3232 3397 3285 3442 et
3307 3403 3412 3442 nos
3427 3389 3688 3456 aliquando

2127 3485 2462 3556 insipientes,
2499 3482 2782 3543 increduli.
2819 3495 3090 3541 errantes,
3139 3481 3457 3536 servientes
3501 3482 3686 3536 deside-

2126 3579 2221 3633 riis
2248 3587 2300 3632 et
2338 3576 2709 3646 voluptatibus
2737 3575 2920 3628 variis.
2951 3594 2966 3624 ι
2995 3573 3086 3628 \‘is
3115 3573 3296 3628 adhuc
3320 3575 3592 3644 cepiosius
3618 3576 3684 3626 di-

2122 3685 2296 3736 scere,
2323 3670 2592 3738 quomodo
2644 3665 2902 3722 meretrix
2951 3667 3068 3736 jam
3117 3683 3225 3720 non
3279 3667 3352 3720 sit
3409 3667 3683 3720 meretrix?

2121 3765 2258 3819 Audi
2287 3766 2462 3818 adhuc
2498 3762 2721 3817 Paulum
2758 3763 3024 3818 dicentem
3059 3762 3104 3793 ⁸⁸
3136 3781 3149 3816 :
3190 3781 3207 3813 t
3239 3762 3307 3817 Et
3337 3765 3458 3818 hrrc
3491 3763 3680 3832 quidem

2122 3857 2323 3920 fuistis,
2352 3855 2445 3910 sed
2503 3855 2673 3910 abluti
2706 3855 2861 3919 estis;
2904 3853 2996 3908 sed
3047 3854 3382 3908 sanctiﬁcati
3422 3856 3552 3907 estis
3581 3851 3677 3916 t87l

2121 3951 2171 4004 in
2201 3949 2416 4003 nomine
2445 3948 2656 4002 Domini
2701 3947 2874 4004 nostri
2909 3946 3034 4001 Jesu
3063 3948 3295 4013 Christi,
3324 3957 3380 4002 et
3413 3949 3465 4000 in
3498 3946 3675 4016 Spiritu

2119 4043 2214 4097 Dei
2244 4024 2541 4098 nostriallt
2569 4043 2714 4097 enim
2757 4052 2941 4112 posset
2967 4041 3220 4105 evadere,
3267 4055 3338 4095 ne
3390 4055 3512 4094 cum
3559 4037 3676 4092 Jeri-

2116 4138 2220 4191 cho
2251 4138 2524 4200 interiret,
2584 4136 2976 4191 validissimum
3025 4136 3092 4189 ab
3138 4133 3575 4203 exploratoribus
3607 4131 3671 4184 si-

2116 4243 2278 4297 gnum
2338 4228 2532 4282 salutis
2583 4230 2828 4298 accepit,
2889 4239 3130 4298 spartum
3193 4228 3534 4281 coccineum.
3586 4224 3670 4278 Per

2115 4318 2315 4374 Christi
2344 4320 2550 4374 etenim
2599 4321 2919 4391 sanguinem
2978 4319 3222 4374 Ecclesia
3280 4320 3398 4375 haec
3445 4320 3666 4372 universa

2115 4412 2380 4479 salvatnr,
2418 4412 2468 4466 in
2506 4413 2624 4481 ipso
2659 4411 2786 4467 Jesu
2831 4413 3049 4469 Christo
3093 4413 3323 4468 Domino
3366 4423 3567 4474 nostro,
3593 4409 3665 4462 cui

439 4484 723 4548 Quomodo
752 4502 887 4562 ergo
945 4503 1290 4559 expugnatur
1319 4490 1586 4550 Jcrit-ho?
1633 4497 1854 4554 Gladius
1899 4517 2006 4558 non
2043 4497 2085 4553 D
2114 4512 2198 4558 est
2225 4503 2396 4574 gloria
2431 4514 2487 4560 et.
2528 4506 2814 4574 imperium
2855 4507 2968 4579 (88)
3018 4509 3070 4562 in
3116 4507 3316 4562 saecula
3350 4506 3659 4561 saeculorum.

435 4575 684 4631 educitur
707 4579 968 4636 adversus
992 4599 1133 4648 eam,
1165 4585 1305 4641 aries
1333 4603 1436 4641 non
1468 4589 1736 4660 dirigitur,
1773 4609 1871 4648 nec
1901 4597 2003 4650 tela

435 4669 744 4737 vibrantur,
779 4674 918 4728 tubae
957 4674 1297 4734 solummodo
1336 4682 1701 4738 sacerdotales
1739 4686 2002 4742 adhiben-

438 4770 545 4827 tur,
575 4772 629 4815 ct
656 4764 736 4818 his
769 4761 988 4822 Iericho
1017 4771 1154 4822 muri
1187 4771 1542 4830 subruuntur.
1579 4774 1635 4829 lu
1665 4776 1829 4847 ﬁgura
1861 4782 2003 4834 enim

436 4855 616 4907 mundi
644 4857 768 4923 poni
806 4855 1023 4913 Jericho
1057 4864 1108 4914 in
1153 4863 1448 4934 Scripturis
1491 4866 1806 4938 frequenter
1855 4873 2005 4927 inve-

433 4946 632 4998 nimus.
661 4946 797 5001 ‘Nam
836 4959 888 5003 et
929 4951 980 5004 in
1014 4952 1306 5023 Evangelio
1344 4956 1389 4987 ¹⁹
1437 4960 1578 5028 quod
1612 4961 1808 5016 dicitur
1841 4967 2002 5021 homo

430 5042 498 5092 de
521 5037 820 5094 Jerusalem
855 5043 905 5095 in
933 5042 1156 5099 Jericho
1193 5048 1536 5106 descendisse
1585 5063 1639 5106 et
1668 5054 1718 5108 in
1763 5054 2002 5112 latrones

431 5133 748 5200 incurrisse,
791 5134 964 5188 forma
1013 5139 1130 5194 sine
1179 5141 1341 5196 dubio
1393 5154 1514 5199 erat
1550 5146 1692 5200 illius
1726 5150 1874 5216 Adre,
1911 5153 2003 5221 qui

448 5225 582 5302 -"_"_l
624 5225 780 5283 Joan.
821 5243 904 5302 tv.
949 5231 995 5284 1.
1111 5233 1154 5264 ’⁵
1185 5234 1312 5290 Luc.
1346 5253 1457 5300 χιχ,
1501 5239 1694 5302 17,20.

1808 5244 1852 5275 ³⁸
1884 5243 1996 5298 los.
2020 5262 2070 5303 v,
2109 5248 2192 5300 15.

2110 4595 2304 4652 Amen.

2691 4688 2966 4744 llOMiLlA
3010 4689 3118 4746 Vll.

2116 4777 2191 4832 De
2216 4778 2428 4832 Iericho
2455 4781 2717 4850 quomodo
2745 4792 2898 4847 capta
2940 4793 3034 4834 est.
3095 4780 3161 4833 Et
3191 4782 3268 4833 uti
3309 4781 3541 4848 precept]
3582 4777 3656 4829 Je-

2184 4868 2274 4902 διεδ
2319 4850 2445 4917 [iliis
2493 4849 2686 4928 Israel,
2744 4863 2801 4903 ut
2853 4854 2915 4910 de
2966 4857 3305 4928 anathemate
3361 4866 3652 4928 "cunilth

2187 4933 2296 4971 rem
2325 4921 2458 4986 (89).
2508 4919 2572 4971 Et
2607 4921 2752 4974 llaab
2797 4926 3057 4989 quomodo
3087 4923 3292 4974 salt-ato
3318 4936 3413 4974 est.
3446 4919 3505 4972 lit
3530 4926 3582 4971 ἀν
3604 4936 3651 4968 τυ

2178 4994 2264 5059 qui
2294 4991 2502 5055 [ttrultts
2515 5001 2591 5043 est
2607 5007 2672 5044 ex
2696 4992 3026 5047 anathemate
3049 4995 3288 5062 linguam
3313 5009 3516 5045 aureum
3537 4995 3650 5059 tW),

2178 5072 2224 5112 et
2253 5063 2508 5113 dextra/ta
2538 5077 2691 5130 pura.

2181 5154 2232 5206 l.
2263 5151 2485 5208 Jeticho
2541 5155 2684 5209 tubis
2735 5155 3018 5209 subruitur
3067 5156 3438 5210 sacerdotum.
3481 5154 3642 5208 Statim

2299 5248 2342 5278 ³⁷
2392 5249 2560 5302 Exod.
2595 5264 2682 5311 ιιι,
2706 5250 2760 5303 5.
2873 5249 2919 5281 ³⁸
2939 5247 3099 5304 Joau.
3128 5265 3249 5303 xm.
3372 5250 3416 5280 ¹’
3453 5247 3562 5301 Luc.
3594 5261 3636 5295 ι.

428 5294 471 5387 ξς
501 5297 695 5387 piatur.
727 5315 820 5387 x5.
962 5303 985 5387 Ι.
1007 5306 1128 5387 Cor.
1159 5321 1245 5368 xv,
1394 5294 1495 5362 et'l
1527 5294 1722 5366 Thess.
1759 5329 1830 5376 tv,
1856 5294 1909 5370 5.
1953 5294 2026 5347 ’ξ’

2146 5298 2271 5374 ean.
2306 5335 2356 5383 v,
2410 5322 2491 5373 l9.
2572 5320 2615 5350 ³³
2733 5319 2890 5384 Joau.
2925 5337 2985 5387 ιι,
3023 5322 3108 5374 lti.
3189 5320 3234 5349 ³⁸
3265 5318 3304 5373 ll
3329 5319 3450 5375 Cor.
3482 5336 3535 5380 tt,
3568 5318 3635 5370 ll.

427 5365 469 5396 ⁸⁸
501 5370 604 5422 Tit.
648 5386 729 5436 nr,
756 5371 812 5425 5.
889 5373 932 5404 ³⁵
970 5373 987 5426 l
1019 5374 1142 5429 Cor.
1177 5365 1250 5438 vr.
1291 5365 1378 5432 ll.

496 5462 608 5530 (86)
641 5465 784 5518 ldern
818 5478 833 5518 :
876 5485 893 5516 ι
926 5467 1294 5522 mortalitatis.
1332 5489 1351 5520 ι

497 5533 608 5606 (87)
647 5534 748 5588 Sed
794 5537 1114 5606 sanctiﬁcati
1163 5541 1303 5594 eatis.
1347 5540 1470 5596 ilrec
1503 5545 1696 5598 desunt
1750 5547 1800 5600 in
1839 5548 1992 5603 libris

425 5603 608 5685 eduis,
640 5608 731 5659 SCll
773 5603 1022 5685 legrmtur
1061 5611 1111 5662 in
1145 5612 1318 5685 tribus
1353 5629 1483 5668 mss.
1535 5614 1849 5685 Saugerm.,
1885 5622 1992 5674 Ce-

427 5677 603 5726 ιιιςιιὶιτ.
641 5688 691 5728 et
723 5693 828 5730 uno
863 5679 1198 5735 Ehroicensi.

496 5745 606 5816 (88)
633 5745 763 5801 l’ost
791 5752 1062 5818 imperium
1092 5768 1229 5808 unus
1252 5753 1597 5812 Elll‘OlCCllSlS
1614 5757 1760 5812 addit
1794 5778 1844 5813 ιι
1873 5777 1992 5815 cum

2103 5479 2306 5550 Spiritu
2342 5491 2550 5536 sancto.
2601 5500 2618 5532 ι

2175 5553 2288 5615 (89)
2322 5552 2387 5605 Et
2431 5555 2504 5606 uti
2547 5555 2787 5621 prtrcepit
2810 5553 2968 5608 Iesus
2994 5555 3123 5624 ﬁliis
3156 5555 3346 5618 Israel,
3376 5561 3504 5610 atde
3523 5572 3630 5608 lu-

2103 5622 2328 5674 themute
2375 5641 2477 5676 nou
2517 5635 2799 5680 sumerent.
2834 5624 2956 5680 llaec
2994 5622 3385 5682 idesiderantnr
3411 5632 3454 5680 in
3487 5627 3628 5680 tribus

2105 5695 2623 5762 Iuss.Satrgerrrr:rtr.,
2666 5695 2927 5750 Gernetic.
2957 5708 3006 5750 ct
3041 5715 3147 5749 uno
3177 5699 3497 5753 Ebroiceusi.

2175 5763 2284 5828 (90)
2325 5764 2604 5836 Sangerm.
2648 5784 2667 5818 t
2707 5769 2942 5834 regulam
2977 5785 3218 5825 auream.
3257 5790 3275 5820 ι
