3874 6518
109 376 179 435 357
1056 366 1120 419 IN
1163 363 1418 419 LIBRUM
1453 360 1617 418 JESU
1652 360 1835 415 NAV‘E
1859 360 2144 417 IIOMILIA
2176 360 2288 415 ΥΠ.

3207 364 3310 420 853

110 499 217 553 mam
241 500 291 547 ut
321 487 568 542 tubarum
595 486 818 556 clangor
844 487 1134 557 increpuit,
1176 502 1454 542 nmrorum
1492 486 1642 553 deje-
1673 490 1714 545 Α
1745 484 1837 538 sed
1875 500 2039 538 unum
2073 482 2441 537 tantummodo
2465 482 2737 539 hominem
2770 482 2897 539 facit
2930 484 3168 542 beatum.
3218 490 3309 544 Sic

107 580 201 643 rtus
222 594 295 640 est
322 581 572 635 auibitus.
604 580 921 634 Dixeramus
964 581 1126 634 etiam
1171 589 1226 634 et
1275 581 1448 650 prius,
1493 579 1635 648 quod

108 677 288 736 Iericho
310 675 530 726 formam
555 671 733 726 szeculi
763 673 1047 741 praesentis
1074 672 1340 735 obtineat,
1364 672 1515 736 cujus
1552 685 1637 725 ro-

108 780 188 827 bur
209 779 258 824 et
283 765 609 820 munimenta
632 765 1057 820 sacerdotalibus
1090 765 1231 818 tubis
1252 763 1495 817 videmus
1518 777 1637 816 esse

108 869 365 927 lestructa.
411 857 669 913 Firmitas
726 873 960 926 namque
991 866 1043 911 et
1071 856 1403 911 munimenta
1440 856 1636 923 quibus

108 958 222 1012 :elut
248 952 412 1007 muris
447 953 677 1005 mundus
710 951 809 1006 iste
854 950 1130 1005 nitebatur
1183 948 1319 1019 (91),
1371 948 1632 1001 idolorum

108 1052 249 1103 :ultus
282 1056 417 1110 erat,
465 1045 858 1099 divinationum
907 1043 1123 1098 fallacia
1170 1052 1287 1096 arte
1330 1042 1631 1094 daemonum

106 1140 396 1198 uiuistrata,
435 1150 699 1205 augurum
745 1144 905 1203 atque
943 1132 1283 1201 aruspicum,
1328 1143 1635 1198 magorum-

105 1247 177 1285 vue
200 1236 518 1294 commenta,
546 1228 739 1297 quibus
762 1227 1011 1281 oumibus
1041 1226 1189 1289 velut
1214 1224 1382 1279 muris
1414 1221 1633 1275 validis-

106 1324 219 1378 imis
246 1321 590 1376 ambiebatur
628 1322 713 1376 hic
766 1320 1019 1374 nmndus.
1062 1318 1285 1388 Insuper
1326 1320 1488 1373 ctiam
1547 1319 1629 1374 di-

107 1420 233 1475 ersis
265 1416 703 1486 philosophorum
726 1414 887 1485 512
921 1413 1265 1483 dogmatibus
1308 1423 1361 1467 et
1390 1412 1632 1467 eminen-

106 1511 287 1566 ssimis
324 1508 716 1563 assertionibus
739 1520 801 1560 ac
829 1504 1285 1574 disputationibus
1320 1505 1456 1576 (9‘2),
1489 1505 1631 1560 velut

105 1602 303 1658 roceris
360 1601 678 1671 quibusdam
723 1609 776 1654 et
817 1599 1050 1654 robustis
1084 1598 1325 1654 turribus
1374 1599 1629 1653 firmaba-

104 1710 161 1747 ιε’.
196 1690 436 1745 Veniens
477 1706 609 1746 vero
659 1691 921 1746 Dominus
950 1699 1134 1746 noster
1165 1689 1323 1746 Iesus
1353 1690 1625 1758 Christus,

110 1786 209 1854 ijus
235 1784 323 1838 ille
366 1782 517 1852 prior
551 1782 696 1838 filius
746 1782 892 1838 Nave
939 1782 1262 1854 designabat
1308 1783 1625 1849 adventum,

1739 577 1881 632 enim
1922 577 2057 632 dicit
2086 576 2130 608 ⁸ο
2169 592 2181 627 :
2214 593 2232 627 ι
2277 576 2475 630 Beatus
2501 577 2584 630 vir
2614 578 2706 645 qui
2755 577 2906 634 timet
2942 579 3247 637 Dominum.
3283 603 3302 634 ι

1739 668 1878 723 Alibi
1905 669 2069 723 etiam
2096 668 2278 739 plures
2303 666 2438 722 fiunt
2470 668 2611 724 beati
2647 669 2716 737 “,
2747 672 2884 726 sicut
2905 688 3167 743 pauperes
3195 675 3307 744 spi-

1738 761 1865 825 ritu,
1905 761 1989 815 vel
2038 759 2329 826 mans’ueti,
2380 761 2465 816 vel
2520 763 2755 830 pacifici,
2790 764 2873 817 vel
2902 766 3087 820 mundi
3121 766 3307 821 corde.

1742 853 1837 908 Hic
1861 862 2042 907 autem
2074 853 2356 909 beatitudo
2390 856 2612 923 profusa
2641 865 2745 920 est,
2788 866 2842 911 et
2891 867 3041 912 tanta
3086 858 3173 913 hic
3212 876 3309 915 ne—
3358 886 3366 897 ι

1737 951 1852 1003 scio
1888 964 2007 1017 qua:
2041 962 2205 1002 causa
2238 948 2590 1002 beatitudinis
2637 949 2930 1017 indicatur,
2977 960 3034 1004 ut
3083 952 3307 1007 univer—

1736 1056 1853 1095 smn
1909 1041 2114 1109 pariter
2156 1041 2411 1109 populum
2466 1040 2631 1097 faciat
2690 1043 2926 1108 beatum,
2970 1044 3060 1113 qui
3123 1054 3305 1100 tamen

1737 1133 1926 1187 scierit
1973 1132 2375 1200 jubilationem.
2439 1132 2593 1189 Unde
2640 1135 2769 1188 mihi
2804 1136 3014 1189 videtur
3059 1136 3309 1204 jubilatio

1737 1224 1842 1278 ista
1879 1223 2121 1279 indicare
2164 1227 2453 1294 quemdam
2494 1228 2804 1281 concordiae
2848 1238 2901 1282 et
2938 1228 3308 1283 unanimitatis

1733 1316 2010 1372 allectum.
2037 1317 2137 1383 Qui
2169 1318 2212 1373 si
2246 1318 2445 1374 incidat
2479 1320 2533 1374 in
2562 1320 2699 1375 duos
2730 1319 2817 1374 vel
2846 1329 2957 1375 tres
2991 1320 3189 1375 Christi
3227 1323 3308 1376 di-

1732 1410 1989 1477 scipulos,
2010 1410 2191 1465 omnia
2220 1426 2555 1481 quacunque
2584 1402 2920 1481 petierintin
2954 1415 3169 1468 nomine
3196 1414 3309 1468 Sal-

1732 1504 1959 1569 vatoris,
1995 1512 2217 1573 praestat
2259 1505 2339 1559 eis
2375 1504 2536 1559 Pater
2560 1504 2820 1561 coelestis.
2865 1505 2922 1560 Si
2972 1522 3100 1562 vero
3158 1515 3304 1560 tanta

1733 1596 1895 1651 fuerit
1926 1598 2222 1662 beatitudo,
2276 1606 2335 1652 ut
2388 1599 2674 1653 universus
2722 1599 2952 1669 populus
3001 1614 3227 1656 concors
3252 1608 3307 1655 et

1733 1690 2006 1746 unanimis
2043 1700 2284 1756 maneat,
2321 1698 2375 1743 ut
2406 1691 2592 1746 eadem
2620 1692 2807 1746 dicant
2834 1693 3090 1747 omnesin
3115 1695 3303 1748 eodem

1733 1794 1898 1836 sensu
1956 1792 2119 1852 atque
2153 1784 2205 1837 in
2249 1782 2437 1837 eadem
2473 1786 2738 1837 sententia
2770 1795 3170 1854 permanentes,
3206 1786 3306 1839 isto

110 1850 214 1931 ittit
260 1850 574 1929 sacerdotes
627 1875 898 1943 apostolos
950 1850 1083 1931 suos
1128 1887 1408 1946 portantes
1471 1880 1629 1933 tubas
1664 1850 1703 1905 Β
1737 1874 1824 1929 tali
1859 1850 2053 1944 pOpulo
2088 1890 2279 1930 vocem
2314 1875 2645 1929 unanimiter
2672 1850 2943 1943 elevante,
2975 1877 3064 1932 liet
3094 1877 3206 1946 (95)
3238 1878 3303 1931 il-

105 1968 313 2028 tctiles,
368 1965 773 2034 praedicationis
827 1962 1173 2034 magnificam
1238 1968 1629 2037 caelestemque

104 2059 375 2113 ictriuam.
436 2057 779 2112 Sacerdotali
829 2060 954 2113 tuba
989 2060 1198 2126 primus
1239 2061 1290 2113 in
1328 2062 1627 2132 Evangelia

108 2167 139 2204 o
178 2150 473 2205 Matthmus
506 2152 799 2221 increpuit.
834 2151 1046 2207 Marcus
1101 2167 1337 2224 quoque,
1364 2154 1539 2210 Lucas
1568 2166 1626 2211 et

105 2258 274 2297 annes
326 2242 445 2297 suis
470 2242 867 2313 singulistubis
917 2246 1353 2299 sacerdotalibus
1406 2247 1625 2301 cecine-

108 2350 179 2393 ut.
217 2339 423 2394 Petrus
444 2341 607 2394 etiam
641 2342 849 2396 duabus
876 2340 988 2413 (95)
1008 2342 1372 2413 Epistolarum
1403 2360 1624 2400 suarum

109 2442 299 2487 rsonat
323 2434 498 2487 tubis.
527 2432 764 2489 Jacobus
791 2451 1007 2505 quoque
1034 2445 1091 2490 et
1116 2436 1303 2491 Judas.
1333 2439 1497 2493 Addit
1542 2440 1625 2492 ui-

102 2525 332 2578 ctiiinus
366 2526 549 2580 adhuc
576 2535 632 2581 et
678 2527 916 2583 Joannes
944 2529 1071 2582 tuba
1121 2544 1320 2583 canere
1367 2546 1463 2599 per
1496 2531 1622 2600 Epi-

102 2620 195 2670 ilas
237 2633 376 2672 suas
420 2630 474 2673 et
520 2620 925 2691 Apocalypsim,
957 2631 1012 2675 et
1039 2621 1213 2677 Lucas
1254 2623 1620 2691 apostolorum

99 2716 175 2758 sta
214 2708 565 2763 describens.
601 2708 911 2764 Novissime
936 2722 1117 2764 autem
1144 2711 1233 2765 ille
1263 2714 1506 2778 veniens,
1531 2714 1619 2782 qui

99 2798 167 2851 rit
201 2798 247 2833 ³⁷
296 2818 308 2851 :
357 2818 379 2850 ι
426 2799 561 2855 Puto
595 2811 778 2855 autem
808 2817 908 2857 nos
942 2802 1083 2857 Deus
1119 2804 1445 2859 novissimos
1490 2822 1622 2875 apo-

99 2889 195 2944 llOS
224 2893 501 2961 ostendit,
535 2914 553 2946 ι
593 2905 647 2949 et
690 2897 741 2949 in
789 2898 1206 2966 quatuordeeim
1262 2899 1615 2966 epistolarum

100 2998 247 3037 arum
291 2984 596 3043 fulminatus
623 2990 785 3055 tubis,
828 3005 1013 3045 muros
1048 2989 1289 3056 Jcricho,
1334 3001 1388 3045 et
1428 3008 1619 3047 omnes

99 3075 363 3133 del-atria:
428 3082 730 3143 machinas,
781 3091 837 3136 et
879 3082 1327 3151 philosophorum
1364 3086 1614 3153 dogmata

101 3187 192 3238 pie
236 3172 310 3225 ad
345 3170 702 3229 fundamenta
729 3174 946 3244 deiecit.

97 3264 137 3315 ξ.
168 3262 362 3320 Movet
396 3279 482 3317 me
504 3280 634 3321 sane
663 3267 822 3321 etiam
856 3268 1140 3339 illudquod
1169 3270 1395 3325 historia
1427 3270 1614 3337 refert,

106 3372 135 3408 a
172 3372 287 3410 non
327 3357 511 3413 solum
550 3361 861 3415 sacerdotes
886 3362 1029 3415 tubis
1050 3362 1388 3426 cecinerunt,
1427 3372 1481 3416 ut
1523 3378 1616 3417 ea-

98 3460 201 3504 ἐιη
238 3451 395 3505 muri
439 3448 677 3517 Jerieho,
708 3454 799 3507 sed
827 3464 881 3508 et
920 3456 1104 3510 audita
1148 3470 1281 3511 voce
1313 3457 1452 3510 tuba:
1483 3457 1617 3510 dici-

125 3542 445 3596 universus
477 3544 704 3612 populus
742 3545 978 3601 ululasse
1012 3547 1219 3601 ululatu
1252 3563 1470 3615 magno,
1510 3550 1614 3613 vel,

98 3645 145 3687 ιι
184 3635 242 3687 in
279 3634 420 3689 aliis
450 3638 854 3706 exeinplaribus
879 3640 1134 3702 habetur,
1157 3639 1420 3707 jubilasse
1449 3641 1620 3709 jubilo

97 3741 227 3795 gno.
275 3725 344 3779 Et
380 3729 636 3796 quamvis
662 3731 760 3783 iste
789 3744 969 3785 sermo
995 3730 1291 3801 imprOprie
1331 3734 1621 3788 translatus

98 3835 117 3873 δ
148 3820 453 3885 videatur,
478 3820 793 3893 ἀλαλαγμός
824 3824 965 3878 enim
1020 3826 1073 3879 in
1120 3825 1311 3881 Graeco
1357 3829 1616 3896 scriptum

98 3910 295 3976 ,ψιοά
359 3924 542 3978 neque
579 3911 832 3979 jubilum,
882 3930 1058 3984 neque
1107 3915 1366 3969 ululatum
1406 3920 1620 3986 proprie

103 4001 319 4062 tilicat,
358 4001 463 4054 sed
491 4000 638 4055 illam
664 4004 838 4073 magis
862 4007 1094 4060 ostendit
1123 4022 1330 4069 vocem,
1359 4025 1462 4077 qua
1495 4009 1617 4063 belli

98 4108 255 4162 ipore
286 4095 583 4149 exercitus
606 4095 898 4151 clamorem
922 4113 1216 4154 consonum
1252 4100 1468 4162 tollens,
1498 4118 1622 4154 una-

98 4187 226 4241 iiter
253 4201 401 4242 sese
433 4188 706 4243 cohortari
737 4191 802 4243 ad
834 4190 1075 4258 praelium
1104 4192 1240 4246 solet
1270 4211 1283 4246 :
1322 4202 1500 4246 tamen
1533 4195 1619 4248 hic

98 4296 186 4333 mo
222 4281 282 4333 in
327 4281 639 4350 Scripturis
677 4282 933 4349 jubilatio
968 4285 1141 4350 magis
1187 4302 1345 4354 quam
1398 4286 1622 4341 ululatio

98 4373 300 4427 suevit
331 4373 591 4438 inscribi,
621 4385 679 4427 ut
703 4374 774 4429 ibi
801 4374 887 4427 ³⁹;
922 4393 941 4427 ‹
976 4374 1210 4431 Jubilate
1229 4377 1480 4442 Domino,
1506 4394 1622 4433 om-

128 4476 329 4520 tcrra.
378 4484 402 4517 ›
438 4464 502 4519 Et
556 4466 755 4521 iterum
803 4468 846 4498 ³⁸
893 4484 907 4520 :
946 4486 965 4519 ι
1023 4467 1221 4523 Beatus
1276 4470 1503 4538 populus
1530 4472 1617 4538 qui

1730 1970 1819 2024 lud
1850 1969 1990 2039 quod
2019 1968 2284 2037 scriptum
2321 1977 2405 2022 est
2447 1970 2498 2021 in
2548 1968 2779 2023 Actibus
2817 1970 3189 2039 apostolorum
3236 1972 3305 2037 δ’,

1728 2062 1859 2132 quia
1888 2071 2047 2116 terra:
2086 2070 2263 2116 motus
2289 2061 2464 2116 factus
2491 2071 2575 2117 est
2600 2076 2846 2132 magnus.
2880 2064 2969 2118 ubi
3010 2073 3135 2119 tunc
3170 2081 3305 2117 tma-

1730 2153 1904 2207 nimes
1944 2150 2176 2206 orabant
2212 2151 2437 2221 apostoli
2487 2166 2609 2206 cum
2655 2152 2996 2217 mulieribus,
3032 2162 3086 2207 et
3136 2153 3303 2207 Maria

1730 2254 1901 2298 matre
1939 2242 2063 2299 Jcsu
2097 2258 2111 2295 :
2143 2252 2197 2297 et
2236 2253 2394 2297 terrae
2444 2252 2597 2298 motu
2645 2242 2793 2299 facto
2834 2246 3198 2310 destruentur,
3250 2255 3306 2301 et

1728 2340 1924 2394 cadent
1954 2339 2133 2391 omnia
2183 2353 2304 2408 qua:
2341 2347 2557 2393 terrena
2588 2346 2736 2405 sunt,
2786 2354 2851 2393 ac
2898 2340 3130 2395 mundus
3189 2342 3305 2410 ipse

1728 2433 2099 2486 subvertetur.
2128 2430 2269 2484 Audi
2296 2431 2529 2499 denique
2554 2431 2843 2485 Dominum
2876 2439 2929 2486 et
2961 2431 3301 2489 Salvatorem

1726 2537 1973 2581 nosmtm
2009 2524 2075 2579 ad
2116 2524 2218 2578 hoc
2252 2524 2426 2593 ipsum
2480 2538 2609 2577 suos
2658 2522 2859 2577 milites
2902 2524 3303 2593 cohortantem,

1725 2619 1995 2689 quomodo
2030 2617 2160 2673 dicit
2182 2616 2267 2668 "z
2306 2634 2323 2666 ι
2373 2615 2665 2680 Confidite,
2690 2630 2791 2683 ego
2816 2615 2920 2669 vici
2953 2617 3232 2671 mundum.
3279 2638 3300 2672 ο

1722 2713 1818 2767 lllo
1847 2728 1976 2783 ergo
2008 2712 2140 2765 duce
2170 2709 2281 2775 jam
2318 2710 2473 2764 nobis
2497 2710 2671 2763 victus
2688 2717 2772 2762 est
2800 2708 3056 2771 mundus,
3080 2718 3135 2762 et
3164 2712 3302 2764 muri

1722 2807 1836 2875 ejus
1860 2805 2081 2875 collapsi
2117 2814 2265 2868 sunt,
2299 2802 2495 2872 quibus
2547 2801 2793 2854 homines
2822 2800 3008 2855 srcculi
3056 2800 3305 2855 niteban-

1723 2907 1831 2953 tur.
1882 2897 1988 2952 Sed
2021 2905 2076 2952 et
2108 2896 2476 2965 unusquisque
2513 2904 2757 2948 nostrmn
2809 2894 2971 2947 debet
3017 2894 3067 2946 in
3102 2902 3302 2948 semet-

1723 2993 1838 3060 ipso
1888 2993 1987 3045 ista
2030 2990 2322 3060 complere.
2370 2988 2547 3041 llabcs
2586 2987 2643 3040 in
2674 2995 2725 3039 te
2752 2984 2936 3039 Jesum
2980 2986 3169 3040 ducem
3208 3000 3304 3054 per

1723 3086 1904 3151 fidem,
1931 3086 2016 3155 fac
2042 3083 2133 3138 tibi
2167 3084 2324 3137 tubas
2353 3080 2607 3144 ductiles,
2662 3080 2702 3133 si
2759 3079 3018 3133 sacerdos
3052 3092 3142 3143 es;
3196 3078 3304 3132 imo

1647 3196 1690 3256 ς
1724 3180 1848 3249 quia
1876 3178 2129 3233 sacerdos
2164 3191 2224 3231 es
2262 3174 2416 3245 (gens
2445 3174 2590 3229 enim
2629 3172 2824 3241 regalis
2869 3171 3094 3226 ell‘ectus
3121 3186 3199 3236 es,
3236 3179 3291 3225 et

1725 3273 2091 3329 sacerdotium
2140 3280 2440 3326 sanctum:
2492 3268 2557 3321 de
2594 3277 2643 3322 te
2695 3267 2837 3321 enim
2885 3266 3145 3334 scriptum
3199 3265 3302 3335 est)

1727 3368 1809 3421 fac
1862 3365 1955 3420 tibi
2009 3366 2163 3419 tubas
2214 3363 2444 3418 ductiles
2479 3360 2592 3431 (96)
2625 3376 2692 3414 ex
2738 3359 3040 3427 Scripturis
3080 3358 3300 3425 sanctis,

1728 3460 1851 3513 inde
1877 3460 1982 3514 duc
2004 3472 2221 3525 sensus,
2248 3456 2377 3511 inde
2402 3468 2703 3516 sermones,
2740 3462 3017 3520 propterea
3045 3452 3188 3505 enim
3221 3459 3304 3503 tu-

1729 3555 1809 3608 ba:
1851 3550 2077 3607 ductiles
2121 3548 2482 3619 appellantur.
2515 3545 2571 3600 In
2626 3544 2756 3614 ipsis
2803 3558 2975 3605 cane,
3022 3542 3075 3596 id
3125 3551 3207 3596 est
3249 3542 3301 3594 in

1729 3644 1955 3716 psalmis
1989 3653 2044 3699 et
2073 3642 2309 3713 hymnis,
2339 3642 2393 3695 in
2424 3639 2657 3695 canticis
2685 3634 3025 3706 spiritalibus
3061 3648 3216 3698 cane,
3244 3635 3295 3686 in

1729 3737 2057 3808 propheticis
2074 3733 2449 3798 sacramentis,
2472 3734 2526 3787 in
2546 3731 2822 3803 mysteriis
2838 3728 2992 3797 legis,
3017 3727 3067 3779 in
3088 3740 3304 3794 aposto-

1729 3832 1847 3887 licis
1896 3828 2240 3902 dogmatibus
2282 3842 2436 3882 caue.
2490 3827 2555 3880 Et
2589 3827 2635 3881 si
2686 3828 2739 3881 in
2794 3826 2997 3881 talibus
3030 3825 3302 3880 cet-iueris

1730 3923 1893 3986 tubis,
1920 3931 1973 3974 et
2000 3920 2199 3989 septies
2226 3934 2409 3972 arcam
2437 3917 2766 3973 Testameuti
2793 3915 3211 3979 circnmtuleris,
3248 3914 3299 3966 id

1728 4027 1832 4082 est,
1863 4015 1908 4068 si
1960 4013 2093 4082 legis
2142 4011 2369 4081 mystica
2408 4020 2672 4078 praecepta
2720 4009 2788 4062 ab
2835 4006 3163 4075 evangelicis
3196 4020 3301 4057 non

1727 4122 1947 4177 separes
1978 4105 2122 4159 tubis
2154 4119 2166 4156 :
2196 4106 2240 4157 si
2268 4103 2429 4155 etiam
2452 4100 2792 4170 jubilatiouis
2826 4108 3149 4153 concentum
3178 4095 3291 4164 (97)

1728 4202 1793 4256 de
1820 4200 2102 4267 tetnetipso
2133 4198 2341 4266 exigas,
2370 4198 2419 4250 id
2443 4207 2527 4249 est
2555 4193 2941 4262 cogitationum
2967 4202 3018 4245 et
3044 4204 3301 4245 sensuum

1733 4306 1943 4349 tuorum
1973 4291 2199 4362 populus
2227 4292 2316 4358 qui
2344 4290 2483 4343 intra
2519 4297 2568 4342 te
2606 4296 2710 4350 est,
2734 4286 3054 4341 concordem
3090 4300 3303 4354 semper

1728 4397 1784 4441 et
1820 4398 2117 4441 consonam
2146 4380 2386 4451 proferat
2421 4395 2627 4444 vocem,
2659 4388 2712 4433 et
2742 4395 2847 4432 non
2879 4375 3168 4445 aliquando
3213 4390 3302 4429 vc-

1733 4492 1850 4530 rum
1884 4475 2057 4536 dicas,
2115 4471 2406 4541 aliquando
2464 4484 2709 4539 personae
2756 4467 2993 4536 potentis
3054 4466 3305 4519 adulatus

139 4559 585 4628 jubilationem.
624 4579 642 4612 »
694 4562 845 4628 Quod
873 4563 1034 4617 etiam
1096 4579 1179 4617 mc
1227 4574 1503 4632 permovet
1531 4564 1617 4618 di-

1729 4568 2011 4624 mendacio
2044 4565 2359 4625 maculcris,
2397 4564 2439 4617 si
2472 4579 2575 4616 non
2610 4572 2661 4617 te
2701 4560 2998 4630 aliquando
3046 4557 3303 4612 blandum

98 4670 157 4715 n,
196 4653 354 4723 quid
420 4652 560 4707 istud
594 4663 800 4708 tantum
831 4656 902 4709 sit
942 4655 1120 4723 operis
1149 4657 1259 4725 (9i)
1290 4656 1432 4724 quod
1487 4656 1611 4709 bea-

122 4746 429 4817 populum
462 4745 645 4800 faciat.
680 4747 793 4801 Non
833 4749 987 4809 dixit,
1018 4748 1141 4816 quia
1170 4751 1359 4802 beatus
1386 4749 1613 4818 populus

97 4840 218 4892 scit
248 4837 561 4907 mysteria,
592 4838 674 4893 vel
698 4839 787 4907 qui
816 4839 917 4894 scit
946 4839 1065 4894 (εωιί
1102 4855 1164 4893 ac
1205 4848 1361 4893 terrae
1387 4850 1441 4894 et
1470 4841 1615 4894 side-

128 4932 451 4987 rationem
486 4949 498 4983 :
551 4936 643 4986 sed
679 4951 697 4984 ι
750 4932 963 4999 beatus,
1018 4933 1216 5001 inquit,
1259 4936 1488 5002 populus
1526 4936 1619 5004 qui

103 5024 564 5091 jubilationem.
602 5042 621 5076 ι
651 5022 706 5078 In
738 5025 858 5081 aliis
898 5027 1059 5080 timor
1088 5024 1179 5079 Dei
1217 5026 1428 5080 beatum
1458 5027 1607 5091 facit,

110 5194 305 5251 lCor.
340 5206 430 5255 tv,
456 5190 510 5246 9.
574 5191 618 5222 ³⁸
641 5189 784 5244 Psal.
812 5206 862 5256 ε,
889 5190 939 5243 l.

113 5357 164 5425 Ι)
206 5353 347 5408 Iste
387 5352 669 5425 nitebatur.
702 5352 851 5408 Unus
885 5353 1260 5411 Ebroiccusis:
1303 5373 1321 5406 ι
1363 5354 1462 5408 iste
1491 5365 1609 5409 utc-

97 5424 170 5477 ir’.
222 5444 245 5475 ι
293 5424 717 5477 Getneticcnsis
756 5442 819 5477 τι
864 5424 1271 5481 instituebatur.
1305 5445 1323 5476 ι

98 5496 165 5558 2)
206 5495 433 5549 Codex
479 5493 870 5549 Gemeticensis
905 5510 1025 5547 cum
1080 5511 1185 5547 uno
1231 5496 1552 5548 libroiecnsi
1596 5516 1607 5547 τ

98 5564 491 5618 sertimiibus
521 5565 966 5631 disputationum.
1004 5584 1023 5616 ι
1079 5566 1201 5619 Mox
1238 5567 1381 5618 idem
1408 5565 1607 5619 Geme-

105 5656 125 5684 ε
182 5636 368 5689 velut
416 5637 750 5699 proceribus.
795 5653 814 5687 ο

98 5708 158 5769 5)
201 5705 485 5757 Duabus.
514 5703 905 5759 Gcirteticertsis
938 5723 949 5757 :
989 5724 1005 5755 ‹
1043 5721 1106 5757 ex
1137 5706 1324 5760 tribus.
1368 5725 1386 5757 ι

98 5778 163 5848 4)
207 5778 397 5848 idem
440 5789 450 5823 :
486 5792 502 5824 ι
541 5776 674 5848 tanti
704 5776 777 5848 s_i_t
805 5776 1003 5848 operis.
1044 5795 1060 5826 ι

201 5847 386 5901 Idem
430 5860 441 5896 Σ
486 5862 505 5897 ι
539 5844 627 5900 isti
664 5844 826 5901 ltili...
860 5845 1093 5901 (:lct'itttli
1126 5846 1233 5901 fiet.
1277 5866 1295 5899 ι

1717 4662 1966 4718 remissio
1991 4660 2175 4721 faciat,
2224 4658 2518 4727 aliquando
2570 4657 2849 4710 iracundia
2896 4652 3295 4712 truculentum,

1719 4756 1761 4809 si
1799 4770 1903 4807 non
1940 4767 2205 4819 arrogans
2233 4764 2357 4818 erga
2386 4748 2649 4813 modicos,
2670 4756 2724 4801 et
2746 4747 2883 4816 apud
2908 4746 3173 4813 superbos
3206 4743 3303 4795 hu-

1724 4849 1864 4901 milis
1898 4845 2215 4908 inveniaris,
2259 4843 2491 4909 denique
2524 4842 2566 4894 si
2598 4856 2699 4893 non
2727 4855 2901 4909 pugna
2940 4840 3082 4891 intra
3114 4848 3165 4891 te
3207 4852 3303 4905 ge-

1730 4943 1888 5003 ritur,
1915 4941 2040 4991 dum
2092 4937 2429 5004 concupiscit
2469 4948 2597 4987 caro
2640 4936 2900 4986 adversus
2938 4932 3209 5000 spiritum,
3245 4935 3300 4982 et

1723 5030 1947 5100 spiritus
1970 5029 2227 5083 adversus
2251 5042 2469 5082 carnem
2498 5043 2512 5081 :
2550 5026 2592 5080 si
2628 5027 2739 5079 haec
2775 5024 2913 5077 intra
2952 5031 3003 5076 te
3026 5021 3135 5089 jam
3169 5036 3303 5073 con-

1006 5191 1049 5221 ”
1073 5189 1218 5245 Psal.
1240 5207 1462 5259 uxxrx,
1494 5192 1579 5247 16.

1729 5193 1829 5247 ‘sal.
1856 5208 1990 5247 exn.
2020 5194 2071 5246 l.
2130 5193 2171 5223 “
2200 5190 2389 5246 Matth.
2412 5206 2464 5246 v.
2526 5191 2570 5222 δ’
2591 5192 2710 5245 Act.
2738 5206 2776 5244 ι.
2834 5190 2879 5220 ⁸³
2895 5188 3051 5244 Joen.
3074 5203 3182 5250 va,
3206 5184 3299 5240 55.

1793 5356 1904 5423 (96)
1945 5354 2001 5408 Si
2045 5357 2291 5408 sacerdos
2322 5370 2395 5417 es,
2437 5354 2541 5406 imo
2589 5353 2712 5423 quia
2760 5354 3003 5405 sacerdos
3054 5367 3127 5413 es,
3170 5365 3294 5423 gens
3340 5374 3345 5389 ε

1720 5420 1854 5478 enim
1888 5420 2085 5493 regalis
2120 5425 2331 5493 olfactu:
2372 5441 2448 5486 es,
2478 5436 2524 5476 et
2548 5420 2897 5477 sacerdotium
2921 5429 3195 5493 ,ςίιιιιῄιιιηιίΔ
3230 5420 3294 5472 de

1719 5506 1767 5547 te
1793 5496 1932 5548 enim
1956 5489 2229 5561 scriptum
2254 5504 2330 5547 est
2357 5514 2375 5550 :
2403 5493 2515 5546 Fac
2551 5495 2645 5547 tibi
2692 5495 2843 5546 tubas
2892 5490 3130 5544 ductiles.
3161 5489 3287 5542 lbet:

1717 5568 1895 5617 ouinia
1931 5566 2306 5618 desiderantur
2338 5567 2388 5618 in
2423 5565 2577 5619 libris
2605 5575 2763 5618 antea
2798 5563 2988 5626 editis,
3017 5561 3110 5614 sed
3140 5574 3290 5629 repe-

1719 5637 1936 5689 riuutur
1970 5637 2019 5689 iu
2050 5636 2305 5689 omnibus
2336 5651 2464 5691 mss.

1789 5707 1900 5775 (97)
1935 5706 2141 5760 Gemct.
2200 5718 2252 5760 et
2310 5723 2448 5759 unus
2501 5704 2841 5758 Ebroieensis
2876 5720 2886 5755 :
2927 5720 2945 5753 ς
2995 5705 3088 5755 sed
3126 5701 3295 5775 etiam

1695 5772 2032 5842 jubilatiouis
2062 5779 2126 5830 de
2165 5777 2450 5843 temetipso
2473 5778 2660 5840 exigas
2696 5784 3040 5831 concentum.
3083 5792 3100 5824 ι
3127 5772 3286 5825 Libb.

1702 5848 1830 5901 editi
1862 5864 1959 5917 pro
1993 5866 2011 5901 c
2044 5858 2385 5907 concentum,
2410 5866 2426 5897 ι
2464 5847 2661 5899 habent
2704 5864 2721 5896 ι
2760 5861 3108 5899 consensum.
3148 5865 3169 5896 ι
