3874 6496
493 335 598 389 839

1982 330 2071 388 ΟΠ

2181 331 2305 390 INIS
3655 354 3741 414 86η

495 459 693 507 stmant
738 459 793 505 et
841 450 1200 517 concordant,
1234 461 1423 506 vocem
1466 449 1814 522 jubilalionis
1857 453 2069 515 emitte,
2099 453 2144 506 A
2175 453 2360 507 thema
2397 454 2476 524 (5)
2507 456 2558 510 in
2594 457 2871 518 Ecclesias
2903 461 3284 524 introducunt.
3316 468 3424 538 Qui
3482 471 3554 528 de
3593 487 3744 532 astro-

495 546 752 614 qunniam
792 545 886 600 tibi
920 547 1232 602 destructus
1278 557 1333 601 et
1391 547 1638 617 deiectus
1687 555 1774 602 est
1818 549 2072 602 mundus.

497 639 671 704 Talis,
700 641 912 709 Opinor,
942 652 1058 696 erat
1087 641 1196 705 ille,
1236 641 1326 710 qui
1358 640 1697 696 conﬁdenter
1726 641 1948 697 dicebat
1979 642 2024 672 “
2058 659 2071 695 :

501 751 520 784 ι
557 733 686 788 Mihi
727 747 907 790 autem
955 735 1100 791 absit
1125 737 1376 806 gloriari,
1421 736 1524 792 nisi
1572 736 1626 790 in
1656 751 1827 791 cruce.
1863 735 2074 791 Domini

493 829 668 882 ποειτί
702 828 812 900 (98)
855 829 982 885 Jesu
1030 829 1255 896 Christi,
1317 848 1414 900 per
1446 846 1608 902 quem
1659 829 1790 884 mihi
1842 832 2077 886 mundus

495 920 790 976 crucifixus
821 929 926 987 est,
950 931 1007 977 et
1030 937 1130 995 ego
1156 925 1376 978 mundo.
1415 943 1434 975 υ

563 1009 615 1065 5.
654 1011 847 1066 Adhuc
880 1028 966 1067 me
997 1021 1175 1068 tamen
1223 1022 1405 1069 movet
1435 1015 1642 1086 aliquid
1694 1018 1745 1073 in
1805 1017 1946 1082 loco,
1977 1032 2077 1087 pa-

496 1119 615 1158 rum
649 1104 780 1159 mihi
834 1107 1076 1162 sensisse
1123 1107 1313 1162 videor
1351 1108 1419 1162 de
1451 1109 1801 1177 jubilatione,
1848 1113 2074 1168 humilia

493 1197 701 1253 dixisse
735 1200 800 1254 de
843 1201 1078 1271 magnis.
1123 1200 1180 1257 ln
1230 1204 1464 1259 adventu
1495 1203 1624 1261 Jesu
1675 1205 1812 1260 muri
1857 1204 2076 1262 Jericbu

493 1292 742 1348 subversi
781 1304 928 1359 sunt,
966 1294 1020 1348 in
1059 1297 1290 1352 adventu
1320 1299 1421 1354 mei
1455 1299 1666 1354 Domini
1689 1299 1816 1356 Iesu
1846 1299 2077 1356 mundus

495 1386 753 1441 vincitur.
776 1385 1057 1454 Quomodo
1076 1400 1254 1446 tamen
1283 1393 1521 1448 vincitur
1541 1395 1797 1460 mundus,
1824 1395 1965 1450 scire
1985 1410 2076 1450 ve-

496 1478 590 1532 lim
609 1479 974 1548 manifestius,
1003 1492 1057 1538 et
1084 1482 1316 1540 lucidius
1337 1485 1641 1556 intelligere
1660 1501 1781 1556 qua:
1795 1487 2072 1545 dicuntur.

489 1570 656 1644 413
690 1573 820 1628 νοιο
843 1589 972 1646 ergo
993 1590 1093 1647 ego
1119 1577 1236 1647 ipse
1273 1581 1362 1645 qui
1413 1579 1580 1635 doceo
1614 1595 1736 1644 vos,
1780 1581 2056 1637 vobiscum

494 1665 704 1732 pariter
745 1667 978 1722 discere.
1028 1668 1462 1730 Paulumnobis
1503 1678 1871 1733 communiter
1923 1678 2080 1732 adhi-

493 1755 716 1811 beamus
747 1759 1086 1828 magistrum.
1125 1760 1242 1832 Ipse
1268 1773 1352 1818 est
1399 1767 1544 1822 enim
1599 1779 1930 1842 symmystes
1963 1769 2074 1842 (99)

490 1846 714 1913 Christi,
742 1851 836 1920 qui
856 1851 1014 1906 nobis
1045 1853 1218 1923 possit
1242 1853 1485 1912 iudicare
1513 1860 1787 1928 quomodo
1818 1860 2076 1916 Christus

493 1939 687 1995 vicerit
731 1943 1012 1998 mundum.
1063 1945 1380 2017 Audi‘ergo
1445 1951 1621 2021 ipsum
1671 1953 1939 2009 dicentem
1973 1953 2018 1986 "
2058 1971 2070 2006 :

497 2051 516 2084 ι
549 2033 702 2101 Quod
727 2046 847 2090 erat
869 2039 1208 2095 contrarium
1244 2045 1427 2110 nobis,
1462 2046 1585 2100 tulit
1625 2047 1753 2100 illud
1783 2049 1848 2102 de
1873 2048 2072 2110 medio.

489 2124 711 2196 aﬂigens
751 2128 883 2184 illud
907 2133 1056 2187 cruci
1088 2149 1200 2190 sua:
1225 2177 1239 2203 ,
1267 2147 1323 2192 et
1378 2153 1584 2194 exuens
1630 2141 1967 2212 principatus
2021 2151 2077 2196 et

489 2227 787 2286 potestates
844 2225 1202 2295 transduxit,
1243 2229 1417 2286 libere
1482 2233 1824 2302 triumphans
1874 2249 1971 2288 eos
2018 2233 2072 2288 in

487 2316 634 2389 ligno
658 2319 864 2374 crucis.
903 2341 922 2374 ι
956 2322 1032 2378 Ex
1083 2326 1168 2381 bis
1199 2342 1332 2398 ergo
1387 2329 1571 2385 verbis
1630 2330 1760 2386 illud
1810 2332 2072 2406 intelligo,

485 2411 629 2479 quod
659 2413 906 2470 videntes
930 2431 1164 2488 pugnam
1197 2419 1324 2477 Jesu
1351 2422 1606 2478 caelestes
1631 2424 1882 2492 virtutes,
1924 2428 2076 2496 prin-

487 2504 700 2571 cipatus
728 2514 783 2562 et
812 2518 1112 2577 potestates
1151 2516 1460 2570 contrarias
1483 2525 1679 2574 exutas
1711 2521 2076 2588 potestatibus

486 2597 628 2663 suis,
661 2598 940 2670 alligatum
971 2601 1190 2671 fortem,
1250 2617 1304 2661 et
1344 2623 1472 2663 vasa
1509 2611 1627 2680 ejus
1661 2611 1852 2682 diripi,
1893 2615 2076 2672 incre-

486 2701 723 2760 puerunt
757 2695 904 2750 tubis
940 2697 1057 2753 suis
1091 2701 1433 2768 caelestibus,
1485 2705 1611 2774 quia
1658 2705 1879 2777 alligato
1923 2709 2078 2779 prin-

485 2783 608 2852 cipe
634 2784 794 2852 hujus
837 2790 1042 2856 mundi,
1085 2790 1264 2847 victus
1296 2805 1380 2848 est
1440 2797 1698 2862 mundus,
1765 2809 1820 2854 et
1883 2814 2072 2856 vocem

482 2873 828 2942 jubilatiouis
852 2883 929 2952 (l)
962 2882 1013 2938 in
1056 2885 1333 2957 triumpho
1357 2887 1564 2946 Christi
1595 2892 1837 2948 caelestis
1863 2895 2078 2949 exerci-

489 2979 576 3027 tus
597 2973 765 3029 dedit.
803 2975 941 3032 Vere
972 2993 1104 3049 ergo
1141 2980 1335 3037 beatus
1377 2993 1462 3039 est
1511 2985 1745 3056 populus
1809 2990 2073 3058 gentium,

486 3063 578 3132 qui
608 3066 756 3119 novit
789 3069 950 3123 talem
984 3070 1123 3125 hanc
1151 3071 1530 3140 juhilationem
1579 3077 1821 3136 cmlestis
1864 3084 2074 3139 exerci-

487 3161 594 3218 tus,
623 3163 679 3210 et
709 3159 801 3226 qui
829 3162 1086 3230 mysteria
1113 3166 1358 3234 agnoscit
1387 3176 1442 3221 et
1473 3170 1674 3226 credit.

559 3245 617 3303 4.
674 3247 782 3304 Sed
812 3251 1098 3310 videamus
1130 3257 1260 3326 quid
1307 3267 1391 3314 est
1421 3261 1563 3330 quod
1619 3261 1671 3316 in
1707 3265 2069 3334 sequentibus

490 3335 782 3396 indicatur.
825 3343 964 3400 Dicit
993 3347 1136 3402 enim
1161 3347 1319 3405 .lesus
1341 3350 1386 3382 “
1418 3370 1432 3406 :
1483 3371 1502 3404 ‹
1532 3352 1811 3411 Custodite
1861 3373 1955 3415 vos
2004 3359 2071 3415 ab

489 3433 867 3504 anathemate,
899 3452 969 3493 ne
1016 3439 1156 3496 forte
1181 3443 1584 3513 concupiscatis
1640 3458 1696 3503 et
1737 3449 1941 3507 tollatis
2000 3453 2072 3507 ab

485 3525 855 3597 anathemate,
889 3541 943 3586 et
973 3531 1188 3589 faciatis
1229 3546 1408 3592 castra
1447 3539 1682 3595 filiorum
1733 3541 1892 3599 lsrael
1937 3559 2075 3599 ana-

487 3613 693 3690 thema,
720 3631 775 3677 et
799 3627 1094 3682 conteratis
1125 3643 1226 3684 nos
1267 3637 1321 3682 et
1347 3646 1563 3688 omnem
1599 3651 1928 3709 synagOgam
1963 3638 2072 3694 Do-

487 3713 641 3769 mini.
676 3733 697 3768 ι
731 3715 862 3774 Tale
890 3723 1143 3790 estquod
1173 3722 1449 3779 indicatur
1483 3725 1534 3781 in
1577 3727 1665 3784 his
1705 3731 1928 3788 verbis:
1979 3733 2075 3788 Vi-

487 3803 613 3862 dete
649 3821 716 3862 ne
739 3809 871 3879 quid
912 3811 965 3865 in
992 3813 1148 3868 vobis
1175 3815 1432 3872 saaculare
1455 3817 1726 3889 habeatis,
1751 3839 1820 3878 ne
1849 3827 2076 3882 sarcula-

489 3913 578 3952 res
613 3914 815 3967 mores,
849 3917 917 3960 ne
952 3905 1106 3972 vitia,
1136 3924 1202 3962 ne
1229 3911 1738 3979 tergiversationem
1783 3920 1850 3974 de
1875 3922 2075 3978 sarculo

489 3991 776 4049 vobiscum
812 3998 878 4052 ad
910 3997 1210 4054 Ecclesiam
1239 4003 1515 4060 deieratis.
1551 4007 1658 4065 Sed
1684 4012 1974 4068 anathema
2005 4015 2076 4070 sit

498 4085 655 4140 vobis
681 4089 862 4143 omnis
883 4095 1228 4149 conversatio
1287 4099 1582 4156 sa-cularis.
1639 4100 1817 4159 Nolite
1873 4104 2074 4162 divinis

493 4181 765 4234 mundana
793 4182 1047 4249 miscere,
1099 4186 1268 4242 nolite
1329 4191 1543 4257 negotia
1592 4196 1774 4250 saeculi
1821 4195 2074 4256 Ecclesia:

490 4270 718 4326 secretis
747 4271 1011 4330 inserere.
1039 4274 1154 4332 Hoc
1188 4289 1272 4333 est
1312 4283 1455 4349 quod
1478 4291 1533 4338 et
1576 4283 1815 4342 Joannes
1861 4289 2075 4358 Episto-

489 4363 552 4417 las
585 4378 695 4419 sua:
731 4378 986 4434 personat
1017 4369 1142 4423 tuba
1181 4371 1373 4428 dicens
1397 4371 1441 4405 ⁸⁷
1489 4394 1501 4429 :
1571 4395 1590 4428 ι
1623 4376 1800 4435 Nolite
1845 4381 2073 4450 diligere

489 4459 775 4524 mundum,
809 4475 987 4530 neque
1013 4477 1076 4518 ea
1104 4478 1222 4532 qua=
1252 4465 1302 4519 in
1335 4467 1538 4523 mundo
1567 4482 1745 4526 sunt.»
1776 4472 1842 4527 Et
1871 4473 2074 4532 Paulus

489 4550 740 4608 similiter
780 4552 826 4586 ⁸⁸
875 4570 888 4606 :
950 4573 968 4608 ι
1021 4557 1238 4624 Nolite,
1283 4561 1491 4633 inquit,
1555 4567 1891 4624 conformari
1945 4571 2074 4628 huic

490 4644 708 4698 mundo.
751 4665 769 4698 ι
799 4645 902 4714 Qui
933 4650 1076 4705 enim
1104 4653 1217 4709 haec
1247 4653 1474 4721 faciunt,
1513 4660 1794 4729 accipiunt
1820 4663 1887 4719 de
1937 4681 2073 4719 ana-

492 4733 751 4792 themate.
785 4737 893 4795 Sed
927 4751 983 4796 et
1030 4743 1106 4798 illi
1149 4747 1265 4815 qui,
1299 4749 1452 4803 verbi
1495 4765 1682 4815 causa,
1739 4770 1862 4810 cum
1910 4757 2071 4814 Chri-

494 4827 660 4884 stiani
689 4831 819 4897 sint,
845 4834 1217 4894 solemnitates
1248 4843 1492 4910 gentium
1519 4843 1593 4916 (2)
1624 4846 2072 4915 celebrant,ana-

2182 561 2301 602 rum
2331 551 2586 608 cursibus
2612 554 2783 609 vitam
2817 555 3099 615 hominum
3132 570 3187 617 et
3224 573 3377 634 gesta
3427 570 3746 638 perquirunt,

2179 640 2270 710 qui
2308 642 2522 700 volatus
2556 647 2734 703 avium
2762 661 2818 704 et
2850 660 3047 706 caetera
3072 651 3384 722 huiusmodi
3423 673 3548 727 quae
3576 661 3629 715 in
3663 680 3748 716 ςι-

2179 733 2302 788 culo
2353 738 2506 806 prius
2552 741 3011 812 observabantur,
3063 746 3372 816 inquirunt,
3430 751 3504 805 de
3555 751 3751 811 Iericho

2180 829 2471 882 anathema
2504 829 2746 887 inferunt
2770 835 2822 888 in
2857 834 3181 903 Ecclesiam,
3212 851 3267 895 et
3299 842 3554 911 polluant
3592 859 3748 902 castra

2182 919 2419 982 Domini.
2444 935 2496 977 et
2525 924 2665 980 vinci
2699 926 2908 983 faciunt
2933 931 3188 1001 p0pulum
3233 933 3349 989 Dei.
3384 935 3494 992 Sed
3523 948 3578 993 et
3604 941 3752 994 multa

2181 1010 2285 1064 alia
2317 1025 2541 1080 peccata
2570 1027 2695 1072 sunt
2736 1036 2833 1089 per
2862 1038 2983 1088 qua
3013 1027 3302 1080 anathema
3334 1029 3403 1083 de
3434 1028 3657 1086 Iericho
3681 1035 3752 1087 in—

2180 1103 2488 1160 troducitur
2537 1110 2589 1164 in
2642 1111 2946 1169 Ecclesiam
2986 1135 3001 1182 ;
3060 1135 3158 1189 per
3205 1137 3327 1192 qua:
3384 1125 3625 1195 populus
3673 1126 3752 1184 Dei

2178 1199 2417 1254 vincitur
2439 1200 2516 1274 (4)
2551 1211 2606 1258 et
2630 1208 3004 1274 prosternitur
3029 1212 3098 1267 ab
3121 1214 3382 1272 inimicis.
3411 1219 3523 1271 Aut
3569 1234 3671 1273 non
3706 1231 3752 1277 et

2178 1291 2474 1360 Apostolus
2509 1297 2623 1352 haec
2651 1301 2843 1356 eadem
2878 1306 3145 1377 praecipit,
3174 1325 3298 1366 cum
3321 1313 3455 1368 dicit
3484 1313 3533 1347 δ’
3563 1333 3576 1367 :
3605 1336 3624 1368 ς
3655 1317 3752 1371 lo-

2180 1383 2358 1438 dicum
2388 1385 2717 1444 fermentum
2751 1401 2922 1449 totam
2950 1413 3184 1453 massam
3215 1405 3522 1472 corrumpit
3549 1405 3573 1457 2
3607 1424 3625 1455 ι

2253 1475 2307 1530 5.
2340 1477 2447 1533 Sed
2478 1480 2760 1540 videamus
2789 1487 2902 1556 jam
2941 1505 3086 1544 nunc
3118 1507 3239 1560 qua:
3264 1505 3596 1563 sequuntur.
3630 1496 3750 1550 Sub-

2181 1585 2339 1625 versa
2378 1570 2630 1642 Iericho,
2658 1576 2811 1633 Raab
2849 1583 3108 1636 meretrix
3170 1584 3423 1640 salvator
3473 1588 3613 1641 sola.
3668 1587 3742 1644 Sic

2142 1666 2146 1676 '
2181 1662 2326 1717 enim
2367 1664 2633 1736 scriptum
2658 1680 2737 1724 est
2762 1672 2830 1726 de
2852 1688 2914 1728 ea
2939 1674 2984 1706 ”
3019 1693 3032 1728 :
3062 1693 3080 1726 ι
3111 1676 3175 1729 Et
3213 1677 3363 1732 Raab
3421 1683 3746 1735 meretricem

2185 1766 2238 1809 et
2261 1771 2477 1812 omnem
2503 1759 2722 1817 domum
2758 1766 2930 1833 patris
2961 1767 3077 1837 eju's
3132 1770 3434 1826 vivificavit
3479 1771 3658 1838 Iesus,
3703 1790 3747 1828 et

2181 1850 2391 1920 adiecta
2415 1854 2589 1908 estad
2617 1857 2782 1911 Israel
2829 1874 3004 1928 usque
3053 1862 3106 1916 in
3162 1862 3494 1917 hodiernum
3547 1865 3740 1917 diem.»

2183 1943 2382 1999 Vellem
2416 1949 2698 2016 requirere
2719 1963 2749 2003 a
2778 1948 2998 2017 Judwis,
3025 1965 3080 2008 et
3117 1956 3187 2010 ab
3223 1956 3295 2011 iis
3346 1957 3440 2024 qui
3471 1956 3742 2013 Christiai

2176 2037 2395 2106 quidem
2423 2038 2698 2106 dicuntur,
2744 2044 2837 2098 sed
2891 2044 2944 2098 in
2980 2045 3282 2116 Scripturis
3316 2049 3500 2104 adhuc
3551 2067 3742 2105 sensiu-

2175 2129 2459 2186 Judaicum
2490 2144 2736 2199 servant,
2763 2140 3034 2206 quomodo
3055 2152 3336 2209 exponant
3387 2141 3543 2197 Raab
3588 2159 3740 2198 mere-

2181 2225 2371 2281 tricem
2397 2224 2664 2295 adjectam
2689 2243 2810 2284 esse
2834 2231 3015 2285 domui
3050 2230 3212 2286 Israel
3252 2249 3433 2303 usque
3460 2236 3518 2289 in
3553 2235 3744 2289 hodier-

2179 2333 2304 2371 num
2352 2318 2518 2374 diem.
2574 2318 2857 2385 Quomodo
2902 2322 3053 2378 llaab
3110 2340 3287 2394 usque
3333 2326 3390 2380 in
3445 2325 3743 2382 hodierna:

2177 2413 2323 2466 diem
2368 2411 2578 2480 adjecta
2621 2426 2742 2468 esse
2799 2415 3046 2470 dicitur?
3095 2415 3212 2472 Hoc
3268 2417 3421 2472 enim
3469 2417 3743 2488 Scriptura

2177 2517 2380 2562 sancta:
2407 2508 2576 2577 moris
2598 2517 2676 2562 est
2700 2509 2889 2563 dicere
2913 2509 2978 2563 de
3020 2510 3087 2565 iis
3118 2525 3242 2579 qua:
3272 2525 3453 2580 usque
3482 2513 3554 2566 ad
3597 2512 3738 2566 tinea

2177 2599 2261 2656 vel
2295 2599 2420 2655 vitte
2464 2599 2550 2655 vel
2589 2602 2770 2656 saeculi
2826 2613 3168 2672 permanent.
3235 2604 3404 2658 Verbi
3458 2619 3645 2668 causa.
3685 2619 3733 2660 It

2177 2694 2256 2749 ait
2290 2693 2335 2725 “
2365 2710 2380 2746 :
2417 2712 2435 2745 ι
2470 2693 2568 2750 llic
2593 2705 2750 2764 pater
2775 2703 2860 2748 est
2895 2693 3261 2751 Moabitarum
3313 2711 3494 2764 usque
3553 2699 3603 2752 in
3653 2699 3738 2753 hoc

2177 2787 2430 2843 diernum
2462 2786 2628 2853 diem,
2675 2807 2696 2841 ι
2738 2786 2885 2856 quod
2949 2787 3226 2859 signiﬁcat
3263 2805 3440 2860 usque
3497 2793 3552 2846 in
3603 2791 3743 2846 tinea

2177 2881 2390 2937 saeculi.
2428 2881 2493 2935 Et
2520 2882 2719 2936 iterum
2753 2881 2953 2937 dicitur
2975 2881 3028 2936 in
3060 2881 3359 2953 Evangelia
3385 2887 3454 2949 ",
3481 2887 3608 2954 quia
3663 2887 3744 2939 dil-

2179 2975 2414 3032 famatus
2441 2984 2525 3030 est
2554 2988 2736 3030 sermo
2778 2974 2866 3030 hic
2895 2975 3036 3045 apud
3073 2973 3298 3032 Judaeos
3339 2993 3520 3048 usque
3573 2981 3624 3034 in
3663 2981 3744 3032 bo-

2176 3070 2428 3125 diernum
2485 3069 2651 3135 diem,
2709 3067 2761 3122 id
2821 3076 2905 3123 cst
2984 3083 3268 3140 usquequo
3313 3073 3572 3127 saxulum
3631 3085 3736 3128 stat.

2097 3177 2140 3234 ο
2178 3163 2328 3220 Raab
2381 3177 2512 3218 vero
2556 3161 2818 3216 meretrix
2858 3163 2937 3234 (5)
2961 3163 3233 3233 quomodo
3295 3164 3511 3231 adjecta
3559 3167 3738 3222 dicitur

2179 3250 2357 3312 domui
2392 3255 2559 3312 Israel
2583 3271 2751 3327 usque
2785 3256 2838 3310 in
2871 3256 3191 3312 hodiernum
3241 3257 3391 3313 diem
3425 3258 3447 3312 ἓ
3513 3258 3738 3329 Nunquid

2180 3349 2340 3405 matri
2380 3349 2659 3404 successio
2695 3347 3034 3418 posteritatis
3077 3349 3394 3414 ascribitur,
3424 3362 3483 3406 ut
3523 3353 3740 3406 videatur

2181 3440 2235 3494 in
2266 3440 2472 3496 sobolis
2502 3439 2849 3510 reparatione
2882 3440 3089 3496 servari
3119 3440 3143 3494 ?
3169 3441 3252 3495 An
3302 3441 3432 3496 illud
3481 3444 3646 3508 magis
3673 3444 3740 3495 ia-

2184 3533 2531 3605 tclligendum
2566 3531 2838 3601 est,quod
2868 3547 2999 3588 vero
3031 3530 3218 3586 lsraeli
3261 3533 3519 3600 adjuncta
3547 3550 3607 3589 ac
3659 3549 3735 3590 so-

2180 3627 2323 3682 ciata
2351 3637 2434 3681 est
2461 3639 2631 3694 usque
2660 3623 2713 3677 in
2746 3624 3070 3679 hodiernum
3097 3623 3244 3679 diem
3274 3623 3299 3678 2
3348 3623 3416 3678 Et
3444 3625 3493 3678 si
3531 3626 3604 3678 vis
3642 3641 3736 3678 m-

2182 3719 2430 3776 nifestius
2469 3720 2655 3774 videre
2685 3719 2960 3790 quomodo
2996 3719 3184 3773 llabab
3206 3719 3524 3790 adjungitur
3552 3719 3730 3785 lsraeli,

2183 3818 2397 3872 intuere
2421 3812 2694 3886 quomodo
2729 3827 2912 3866 ramus
2943 3811 3166 3867 oleastri
3192 3812 3455 3868 inseritur
3514 3815 3566 3867 in
3609 3814 3732 3866 radi-

2181 3927 2299 3967 cem
2334 3911 2492 3966 bonae
2525 3907 2685 3963 oliva:
2715 3907 2784 3971 ⁵³,
2812 3915 2866 3961 et
2893 3906 3165 3976 intelliges
3186 3907 3460 3977 quomodo
3491 3908 3525 3961 ii
3555 3909 3639 3978 qui
3663 3909 3732 3960 in-

2181 4006 2314 4062 serti
2352 4015 2478 4060 sunt
2515 4003 2638 4058 fidei
2680 4001 2912 4056 Abrahae
2939 4010 2994 4055 et
3052 3999 3207 4055 Isaac
3256 4009 3316 4054 et
3366 3999 3534 4054 Jacob
3562 4041 3576 4064 ,
3610 4011 3732 4054 recte

2181 4101 2412 4172 appositi
2443 4098 2700 4154 dicuntur
2723 4105 2778 4150 et
2801 4095 2997 4165 adjecti
3040 4095 3106 4147 ad
3147 4092 3317 4149 Israel
3353 4109 3521 4164 usque
3554 4096 3601 4147 in
3653 4096 3731 4145 lio-

2182 4197 2431 4250 diernum
2473 4191 2614 4246 diem
2645 4206 2658 4242 :
2690 4188 2817 4259 quia
2859 4188 2912 4242 in
2948 4187 3168 4242 illorum
3231 4188 3468 4244 radicem
3524 4188 3596 4256 (6)
3647 4203 3728 4239 nos

2185 4286 2319 4344 rami
2354 4270 2576 4340 oleastri
2615 4297 2679 4338 ex
2717 4281 2969 4352 gentibus
3007 4281 3294 4352 assumpti,
3327 4282 3420 4350 qui
3469 4281 3729 4350 aliquando

2184 4379 2692 4439 meretricabamur,
2718 4376 2925 4442 lignum
2959 4383 3014 4428 et
3065 4374 3300 4444 lapidem
3351 4390 3450 4444 pro
3499 4374 3726 4430 Deorem

2185 4475 2261 4548 (7)
2292 4473 2559 4537 colentes,
2591 4470 2826 4542 appositi
2856 4484 3046 4524 sumus
3087 4485 3261 4540 usque
3322 4471 3378 4525 in
3433 4471 3722 4526 hodiern-

2107 4549 2151 4606 ί)
2181 4571 2321 4625 diem
2351 4587 2364 4624 :
2392 4576 2447 4624 et
2477 4565 2610 4621 facti
2669 4577 2858 4620 sumus
2904 4573 3124 4632 propter
3185 4563 3346 4617 fidem
3404 4563 3596 4618 Christi
3644 4576 3724 4614 nos

2181 4679 2424 4727 sursum,
2451 4660 2538 4716 ille
2571 4667 2750 4714 autem
2791 4655 3023 4727 populus
3090 4657 3182 4725 qui
3236 4657 3536 4724 permansit
3573 4656 3722 4708 inere-

2181 4758 2340 4814 dulus
2371 4755 2473 4828 (8),
2503 4756 2757 4810 deorsmn
2779 4795 2796 4822 ,
2825 4755 3118 4808 secundum
3171 4748 3567 4805 Deuteronomii
3622 4763 3719 4849 pro:

2182 4851 2448 4924 pbetiam.
2479 4848 2538 4902 Si
2573 4848 2696 4918 quis
2734 4861 2867 4916 ergo
2901 4846 3064 4900 habet
3098 4844 3150 4898 iu
3201 4859 3262 4899 se
3306 4842 3593 4909 Christum,
3645 4842 3716 4910 qui

563 4972 744 5062 ‘I‘Gal.
776 4978 894 5062 uti“!
911 4978 961 5033 ι.
990 4979 1312 5062 ““nCuloss.
1347 4986 1524 5062 tt_._M,
1546 4988 1757 5062 “15.16.
1827 4991 1873 5023 "
1896 4990 2073 5050 Jos.vl

2181 4997 2210 5054 l.
2289 4993 2332 5026 ⁵⁷
2364 4990 2563 5046 lJoan.
2597 5005 2658 5054 ιι,
2687 4989 2775 5044 15.
2843 4986 2888 5020 ⁸⁸
2915 4985 3268 5055 Βοηιμιιιβ.
3346 4985 3394 5018 δ’
3417 4985 3432 5039 l
3454 4985 3571 5040 Cor.
3599 4998 3649 5048 ν,
3671 4980 3714 5036 ε.

495 5043 540 5075 ⁸⁸
568 5043 682 5101 Jos.
713 5062 788 5111 vt,
819 5048 910 5103 25.
988 5051 1032 5082 ⁶¹
1062 5051 1198 5108 Gen.
1232 5070 1346 5123 xtx,
1372 5057 1462 5111 57.
1516 5043 1588 5092 ’⁵⁸
1612 5043 1802 5116 Matth.
1829 5043 2009 5131 xxvii,

2181 5043 2210 5098 l5
2243 5043 2501 5120 Ιὶοιιίίίι.

566 5185 680 5260 (98)
707 5187 992 5260 Sangerm.
1027 5209 1046 5242 ι
1087 5195 1278 5248 nostri.
1318 5213 1336 5247 ι
1372 5195 1528 5256 Libb.
1560 5201 1690 5254 editi
1725 5217 1781 5253 τε
1825 5202 1953 5257 mei.
1993 5222 2013 5257 ι

567 5259 862 5338 (99)_ldem
893 5278 1016 5343 cum
1050 5279 1160 5343 uno
1190 5264 1506 5343 Ehroicensi
1530 5285 1548 5343 _:
1608 5291 1626 5324 ε
1661 5281 2010 5343 symmystes.
2049 5293 2067 5328 ι

494 5331 764 5388 Gemeu'c.
826 5351 844 5384 ι
904 5334 1282 5390 subminister.
1332 5355 1351 5390 ι
1422 5339 1580 5395 Libb.
1629 5331 1807 5398 editi:
1837 5331 1876 5398 ’ί
1912 5331 2074 5402 uini-

492 5417 942 5555 ωἷίὶῖἶςθηιοιίο.
988 5490 1114 5557 (ex
1168 5490 1309 5557 νᾳθῇ
1371 5477 1735 5549 iubilationis,
1772 5501 1794 5536 ι
1845 5494 1902 5542 et
1949 5497 2075 5557 post

506 5563 526 5598 ι
560 5546 836 5600 exercitus
865 5565 881 5598 ι
909 5549 1110 5601 omittit
1140 5565 1160 5600 ι
1191 5546 1413 5605 deditas

502 5688 534 5739 Γ
571 5615 650 5686 (2)
679 5617 964 5690 Sangertn.
998 5638 1017 5671 ι
1051 5621 1313 5691 gentium.
1357 5641 1377 5675 ι
1425 5622 1584 5680 Libb.
1615 5625 1746 5681 editi
1783 5642 1797 5680 :
1844 5645 1859 5680 ι
1888 5628 2080 5685 Genti-

521 5703 652 5739 tum.
686 5706 704 5739 ο

521 5703 652 5742 tum.
686 5706 704 5739 υ

575 5758 648 5882 (i5)
680 5758 829 5826 Mss.,
881 5779 900 5815 ‹
935 5764 1247 5824 anathema.
1282 5787 1301 5823 ι
1357 5766 1515 5823 Libh.
1565 5766 1693 5822 editi
1729 5784 1740 5821 :
1801 5788 1819 5822 ε
1850 5771 2082 5828 anathe-

575 5845 592 5882 I
622 5845 671 5882 a.
709 5851 727 5882 ι

512 5845 671 5883 'nata.
709 5851 727 5884 ι

2255 5203 2332 5277 (4)
2363 5202 2427 5277 ιη
2453 5200 2748 5277 Ecclesium
2773 5242 2787 5277 ε
2833 5216 2928 5269 per
2963 5215 3081 5270 qua:
3104 5198 3328 5277 pepulit:
3369 5196 3462 5277 Dei
3504 5195 3707 5277 ducitur.

2183 5270 2322 5331 lltec'
2356 5276 2553 5329 desunt
2594 5274 2645 5326 in
2695 5272 2827 5327 libb.
2857 5282 3013 5325 antea
3066 5270 3253 5337 editis,
3305 5271 3396 5325 sed
3442 5275 3634 5323 exstant
3666 5270 3706 5315 in

2181 5345 2434 5421 omnibus
2461 5360 2592 5400 mss.
2761 5413 2792 5421 _
2949 5411 2961 5421 ,
3102 5411 3114 5421 ,
3369 5410 3401 5421 ..

2255 5417 2331 5484 (5)
2357 5415 2645 5486 Sangerm.
2672 5425 2727 5469 et
2753 5411 3146 5493 Gemeticensis
3166 5429 3240 5493 at
3276 5410 3479 5493 mulier.
3513 5429 3532 5461 ι

2255 5481 2332 5558 (6)
2365 5481 2650 5555 Sangerm.
2700 5504 2718 5538 ι
2767 5484 3024 5539 radicem.
3061 5502 3081 5535 ι
3119 5481 3277 5538 Libb.
3315 5482 3438 5536 editi
3475 5498 3490 5535 :
3533 5498 3550 5531 σ
3583 5481 3702 5534 ral-

2175 5573 2290 5613 CCS.
2335 5577 2355 5610 ι

2257 5629 2333 5700 (7)
2382 5625 2538 5681 Vero.
2576 5625 2740 5682 Deest
2770 5625 2823 5680 in
2855 5623 3012 5680 libris
3049 5625 3246 5692 editis,
3287 5632 3454 5679 exstat
3494 5637 3605 5677 vero
3655 5621 3698 5674 ὴ

2184 5701 2436 5773 omnibus
2462 5713 2596 5773 mss.
2788 5767 2818 5773 __
3162 5770 3171 5773 A
3305 5771 3308 5773 Α
3338 5771 3347 5773 _
3391 5767 3402 5773 ,
3563 5760 3611 5773 ..

2261 5769 2337 5840 (8)
2381 5768 2645 5840 Gemetic.
2685 5777 2737 5822 et
2784 5767 3068 5840 Sangerm.
3105 5787 3123 5821 ι
3160 5767 3481 5830 incredulus.
3515 5783 3533 5817 ι
3559 5760 3690 5821 ωδ

2191 5839 2325 5899 editi
2362 5858 2373 5896 :
2414 5857 2432 5894 ι
2480 5839 2531 5895 in
2567 5839 2963 5898 incredulitate.
2998 5858 3018 5892 ι
