3798 6384
141 414 239 471 861

138 547 221 593 est
244 532 496 591 omnium
528 535 711 601 caput,
741 524 831 582 hic
860 519 1092 579 efficitur
1117 517 1170 573 in
1226 522 1411 583 caput.

140 636 487 701 negaverunt
510 623 795 680 Christum
824 618 1033 679 Jesum,
1066 623 1120 670 et
1146 608 1321 667 effecti
1349 616 1478 662 sunt
1505 605 1558 660 in
1590 617 1723 658 cau-

137 727 296 791 dam,
326 731 386 778 et
411 721 506 794 qui
531 727 690 774 erant
715 713 900 784 primi,
932 709 1059 763 facti
1096 714 1225 761 sunt
1254 699 1555 758 novissimi.

209 788 289 873 6.
319 788 516 872 Sed-et
572 811 706 866 illud
739 822 845 861 non
902 803 1074 859 otiose
1106 799 1180 871 (9)
1244 788 1728 852 transcurrendum

139 924 251 975 est,
277 910 427 983 quod
455 923 565 964 uno
593 911 856 976 peccante
889 899 969 953 ira
1007 911 1171 963 super
1219 904 1436 947 onmem
1472 883 1730 957 populum

142 980 324 1062 venit.
363 1005 476 1060 lloc
500 1000 716 1072 quando
740 996 937 1052 accidit
972 988 1132 1062 (10)?
1160 986 1374 1057 quando
1421 980 1735 1037 sacerdotes

138 1103 237 1170 qui
284 1100 486 1171 populo
508 1103 769 1167 przesunt,
805 1104 933 1159 erga
976 1087 1352 1154 delinquentes
1383 1075 1603 1145 benigni
1633 1089 1732 1127 vo-

141 1197 271 1250 lunt
299 1193 506 1258 videri,
534 1178 588 1247 et
613 1195 868 1243 verentes
897 1180 1240 1254 peccantium
1265 1174 1478 1243 linguas
1507 1184 1574 1223 ne
1598 1167 1737 1220 forte

142 1289 294 1343 male
317 1288 387 1341 de
420 1286 503 1340 eis
531 1284 845 1353 loquantur,
899 1269 1254 1331 sacerdotalis
1304 1261 1610 1322 severitatis
1641 1260 1742 1314 im-

144 1396 457 1438 memores.
487 1376 677 1433 nolunt
733 1372 959 1441 implere
1006 1365 1149 1437 quod
1207 1361 1470 1432 scriptum
1525 1364 1611 1411 est
1651 1354 1737 1407 “z

147 1495 168 1526 ι
214 1475 554 1530 Peccantem
581 1482 764 1524 coram
795 1465 1048 1519 omnibus
1083 1472 1283 1529 argue,
1315 1464 1373 1510 ut
1410 1450 1589 1508 cieteri
1624 1463 1742 1503 me-

145 1579 270 1623 tum
296 1566 413 1636 (11)
446 1564 701 1625 habeant,
741 1580 759 1612 ι
798 1567 851 1613 et
877 1558 1072 1611 iterum
1101 1553 1146 1585 "
1181 1570 1195 1606 :
1228 1569 1245 1603 ι
1276 1547 1503 1605 Auferte
1540 1542 1741 1598 malum

142 1678 216 1717 ex
243 1662 404 1715 vobis
430 1659 587 1727 ipsis.
624 1674 644 1707 ι
688 1654 798 1709 Nec
829 1651 944 1707 zelo
972 1648 1064 1703 Dei
1105 1642 1357 1703 succensi
1394 1639 1507 1713 (12)
1532 1636 1747 1693 imitan-

150 1769 247 1811 tur
282 1749 606 1823 Apostolum
649 1748 920 1802 dicentem
946 1744 993 1775 ”
1036 1760 1052 1798 :
1114 1758 1131 1791 σ
1166 1735 1388 1792 Tradidi
1430 1727 1746 1801 huiusmodi

149 1844 693 1905 bominem‘Satanze
724 1841 775 1895 in
812 1837 1094 1894 interitum
1146 1831 1352 1893 carnis,
1398 1836 1459 1880 ut
1523 1822 1742 1893 spiritus

151 1941 348 1996 salvus
381 1939 495 1993 fiat.
530 1956 551 1991 ι
588 1935 775 2003 Neque
805 1931 934 1987 illud
976 1926 1349 1997 evangelicum
1380 1919 1605 1989 implere
1631 1923 1749 1971 stu-

150 2037 316 2099 dent,
349 2031 519 2105 414
546 2040 605 2085 ιιι
627 2030 671 2084 si
708 2026 1298 2095 viderintpeccantem,
1329 2015 1505 2087 primo
1536 2016 1751 2067 secrete

150 2103 515 2187 conveniant,
550 2132 679 2194 post
703 2121 872 2175 etiam
916 2118 1128 2174 duobus
1150 2113 1236 2169 vel
1286 2111 1462 2167 tribus
1497 2103 1746 2161 arbitris.

149 2222 314 2289 Quod
339 2221 386 2276 si
412 2216 827 2286 contempserit,
871 2222 929 2271 et
968 2221 1092 2282 post
1144 2205 1411 2265 Ecclesia}
1447 2199 1753 2270 correptio-

152 2331 287 2371 nem
315 2314 430 2387 (15)
466 2328 571 2368 non
609 2308 778 2365 fuerit
805 2305 1153 2366 emendatus.
1189 2303 1256 2357 de
1290 2296 1533 2354 Ecclesia
1568 2290 1754 2362 expul-

152 2424 281 2463 sum
304 2406 458 2462 velut
490 2403 745 2476 gentilem
768 2401 1008 2455 habeant
1042 2413 1106 2452 ac
1130 2395 1502 2465 publicanum.
1531 2389 1597 2444 Et
1626 2389 1752 2441 dum

156 2501 260 2555 uni
287 2508 546 2570 parcunt,
599 2496 867 2550 universa!
910 2490 1171 2546 Ecclesia;
1211 2486 1509 2541 moliuntur
1561 2477 1754 2535 interi-

161 2604 285 2647 tum
318 2592 460 2662 (M).
495 2589 625 2656 Qua:
665 2589 766 2643 ista
794 2585 1013 2641 bonitas
1042 2583 1067 2637 Ἰ
1095 2596 1217 2652 qua!
1251 2580 1355 2635 ista
1380 2570 1754 2632 misericordia

154 2693 270 2747 est,
295 2685 390 2738 uni
421 2696 665 2754 parcere,
705 2691 760 2735 et
793 2693 981 2734 omnes
1023 2676 1075 2731 in
1107 2674 1404 2729 discrimen
1437 2663 1757 2723 adducere?

161 2775 448 2831 Polluitur
481 2777 629 2830 enim
670 2789 737 2829 ex
771 2787 878 2827 uno
904 2778 1186 2842 peccatore
1213 2766 1464 2836 populus.
1499 2761 1654 2817 Sicut
1687 2773 1754 2812 ex

162 2886 275 2923 una
305 2883 411 2925 ove
442 2868 688 2923 morbida
718 2880 850 2939 grex
878 2863 1165 2920 universus
1195 2860 1454 2923 inficitur,
1481 2855 1560 2912 sic
1589 2853 1755 2908 etiam

161 2976 282 3016 uno
317 2960 404 3015 vel
437 2959 770 3021 fornicante,
814 2955 898 3009 vel
929 2953 1073 3008 aliud
1110 2949 1473 3020 quodcunque
1534 2942 1761 3017 sceleris

160 3048 708 3120 committente(l5),
740 3046 893 3118 plebs
925 3045 1181 3100 universa
1218 3041 1501 3113 polluitur.
1532 3038 1597 3093 Et
1637 3037 1760 3092 ideo

161 3148 537 3201 observemus
565 3157 666 3197 nos
699 3140 959 3205 invicem,
984 3145 1039 3193 et
1072 3132 1507 3201 uniuscujusque
1536 3143 1763 3184 conver-

163 3240 317 3295 satio
341 3248 475 3293 nota
502 3235 593 3300 sit,
633 3232 878 3287 maxime
937 3225 1316 3284 sacerdotibus
1360 3232 1416 3278 et
1471 3220 1755 3276 ministris.
1787 3222 1829 3278 C
1867 3207 1991 3278 εθιίί
2049 3216 2144 3273 1⁸⁸8

166 3332 290 3386 Nec
317 3336 518 3399 putent
554 3341 614 3381 se
641 3332 792 3379 recte
825 3322 1031 3381 dicere,
1054 3316 1191 3382 Quid
1219 3316 1324 3370 hoc
1374 3314 1442 3367 ad
1498 3326 1583 3366 me
1636 3326 1758 3380 spe-

167 3434 290 3480 ctat
321 3423 370 3479 si
397 3420 538 3476 alius
567 3418 708 3474 male
732 3416 893 3487 agit?
920 3413 1033 3469 Hoc
1058 3411 1346 3466 estdicere
1379 3416 1541 3476 caput
1566 3406 1632 3459 ad
1664 3420 1760 3473 pe-

168 3519 297 3581 des,
314 3514 456 3584 Quid
478 3512 548 3569 ad
579 3528 664 3567 me
697 3510 930 3581 pertinet
964 3508 1009 3562 si
1039 3503 1265 3560 dolent?
1305 3500 1360 3555 Si
1392 3498 1533 3554 male
1560 3498 1765 3552 habent

172 3614 348 3683 pedes
379 3609 505 3672 mei,
533 3622 641 3662 non
679 3620 798 3660 mea
850 3604 1117 3665 interest,
1173 3594 1465 3651 dummodo
1507 3599 1668 3661 caput
1708 3590 1763 3644 in

171 3703 420 3760 sanitate
446 3699 722 3771 perduret.
753 3698 861 3752 Aut
898 3695 942 3751 si
984 3694 1131 3749 dicat
1157 3689 1348 3745 oculus
1390 3684 1597 3740 manui.
1648 3678 1764 3736 Non

176 3794 407 3863 indigeo
437 3770 604 3864 opera
632 3799 743 3858 tua,
773 3787 903 3859 quid
933 3786 1000 3841 ad
1047 3799 1135 3841 me
1166 3781 1401 3851 pertinet
1457 3776 1502 3833 si
1569 3772 1719 3828 doles
1747 3770 1771 3826 ‘l

176 3890 243 3946 Si
274 3888 561 3943 vulnerata
592 3900 653 3941 es
672 3925 693 3955 ,
766 3880 1012 3951 nunquid
1038 3894 1142 3951 ego
1172 3874 1363 3931 oculus
1403 3867 1771 3928 conturbabor

178 3997 258 4039 ex
293 3979 622 4052 aegritudine
648 3975 889 4033 manus?
940 3974 1072 4030 Tale
1097 3986 1226 4041 ergo
1254 3977 1338 4024 est
1359 3965 1504 4037 quod
1539 3968 1705 4033 agunt
1741 3957 1777 4013 ii

180 4076 281 4146 qui
314 4073 581 4130 Ecelesiis
617 4077 891 4141 praesunt,
917 4082 1026 4123 non
1069 4065 1373 4136 cogitantes
1427 4055 1554 4128 quia
1604 4065 1771 4108 unum

183 4183 393 4238 corpus
423 4181 613 4222 smnus
664 4179 859 4221 omnes
895 4162 987 4232 qui
1032 4160 1329 4222 credimus,
1375 4166 1545 4209 unum
1599 4147 1772 4202 Deum

186 4262 484 4325 habentes,
519 4259 612 4328 qui
647 4273 747 4313 nos
775 4258 828 4311 in
856 4255 1069 4310 unitate
1097 4247 1426 4320 constringit
1482 4252 1538 4299 et
1600 4238 1775 4296 conti-

268 4420 361 4479 “l
393 4421 536 4477 Tim.
564 4436 616 4488 v,
644 4420 735 4476 20.
812 4420 858 4452 ⁸⁸
889 4416 911 4475 Ι
938 4418 1068 4483 Cor.
1106 4431 1157 4485 v,
1181 4415 1271 4469 13.
1346 4412 1395 4445 ⁸⁸
1416 4410 1551 4466 ibid.
1583 4408 1637 4462 5.
1715 4404 1758 4436 "

1901 4420 1927 4453 ι.
1951 4411 2044 4452 xv.
2119 4392 2165 4426 ⁸⁸
2199 4387 2395 4445 Matth.
2427 4400 2482 4451 v,
2511 4381 2602 4438 '50.

270 4585 349 4654 (9)
379 4582 488 4640 Sed
518 4592 567 4636 et
599 4581 734 4633 illud
765 4596 866 4654 non
897 4578 1088 4654 otiose,
1118 4583 1228 4654 etc.
1258 4573 1474 4654 Citatur
1501 4570 1596 4654 hic
1631 4568 1785 4654 locus
1819 4570 1860 4627 ι)
1930 4558 2070 4654 ’(16)
2118 4555 2251 4611 Mss.
2294 4570 2315 4605 ι
2352 4548 2649 4607 Christum.
2704 4560 2725 4595 ι
2780 4538 2937 4594 Libb.
2982 4533 3115 4587 editi

198 4640 440 4739 ab‘Jona
468 4652 848 4739 Aurelianensi
875 4640 1134 4721 episcopo
1165 4646 1262 4702 lib.
1293 4660 1313 4700 ι
1348 4644 1425 4698 De
1454 4640 1786 4697 institutione

196 4727 403 4789 laicali,
432 4740 554 4793 cap.
590 4724 680 4778 18.

270 4820 388 4891 (10)
423 4816 691 4891 Cemetic.
730 4833 749 4868 ι
791 4810 1147 4891 hoc_quan_d_o
1177 4806 1411 4891 accidit?
1445 4806 1784 4891 iISangcrtn.

204 4913 233 5014 ἑ
266 4874 666 5016 Ξρξξὲιιιοιιιοάυ
690 4874 1160 4949 acciditft'iLibh.
1186 4880 1316 4936 editi
1355 4896 1369 4933 :
1408 4895 1427 4931 ι
1482 4876 1589 4932 hoc
1616 4874 1793 4944 ,modo

240 4984 265 5016 Ε
308 4981 337 5016 Iw
368 4979 378 5015 Ι
418 5000 431 5014 ο
465 4979 485 5011 ι
1309 4968 1317 4975 “

208 5032 407 5160 regl)’
454 5028 613 5096 Mss.,
656 5047 675 5081 ι
720 5038 955 5084 metum.
1013 5042 1033 5078 ι
1077 5021 1234 5078 Libb.
1284 5019 1415 5075 editi
1471 5034 1483 5071 :

278 5193 396 5266 (19.)
421 5191 636 5266 Codex_
670 5186 1073 5266 Gemeticensis
1109 5204 1123 5240 :
1179 5202 1197 5234 ι
1252 5178 1521 5238 succensi.
1558 5197 1575 5230 ι
1638 5174 1795 5230 Libb.

209 5261 339 5322 editi
376 5261 391 5319 ἐ
434 5281 456 5315 ι
491 5261 815 5317 succincti.»

280 5317 398 5407 (15)
436 5332 641 5407 omnes
679 5346 809 5407 mss.
846 5348 865 5380 ι
904 5336 963 5382 et
1021 5334 1144 5398 post
1199 5317 1797 5407 Ecclesiaalcorreptio-

215 5392 393 5465 uein.’
415 5425 437 5461 ι
483 5404 641 5461 Libh.
667 5402 797 5457 editi
832 5418 846 5455 :
883 5416 905 5451 ι
938 5407 994 5453 et
1026 5392 1166 5469 'post
1209 5396 1324 5451 haec
1359 5392 1617 5449 Ecclesia:
1677 5404 1798 5445 cor-

220 5480 490 5550 reptione.
515 5494 536 5528 ι

287 5529 882 5619 itii—Cerneticensis:
940 5560 961 5595 ι
996 5540 1348 5619 et_dum_non
1390 5540 1623 5606 purgant
1674 5529 1799 5584 uni-

221 5610 404 5684 versa,
440 5618 697 5673 Ecclesia:
727 5614 1029 5671 moliuntur
1056 5610 1357 5666 interitum.
1397 5627 1417 5661 ι

1545 5034 1565 5067 ι
1629 5015 1791 5069 timo-

294 5716 409 5785 ft5)
441 5715 582 5769 Idem
616 5730 628 5765 :
668 5729 685 5785 ς
722 5712 802 5766 sic
832 5711 996 5785 etiam
1034 5719 1131 5776 per
1177 5717 1357 5785 unum.
1391 5700 1474 5756 vel
1540 5695 1808 5781 fornicano

231 5770 338 5842 tem
388 5770 481 5840 [vel
542 5781 699 5865 aliud
740 5770 1103 5853 quodcunque
1164 5772 1390 5833 sceleris
1460 5770 1806 5829 committen-

233 5870 357 5913 tem.
398 5877 418 5911 ι

1153 390 1219 448 IN
1257 381 1520 443 Ltsnun
1552 375 1717 437 δεδι]
1754 354 1944 430 Nave
1974 360 2262 424 HOMILIA
2286 356 2397 415 vn.

1447 508 1527 565 Illi
1584 505 1728 562 enim
1759 504 1803 561 Α
1833 505 1945 561 net,
1982 489 2261 547 Christum
2292 480 2428 553 (16),
2457 476 2613 546 cujus
2641 469 2884 543 corporis
2920 478 2997 535 tu,
3029 462 3119 534 qui
3150 458 3409 517 Ecclesiae

3302 333 3408 390 8(ιὲ

1834 585 2115 662 praesides,
2140 576 2331 636 oculus
2355 589 2436 638 es,
2469 577 2754 641 propterea
2783 563 2970 632 utique
2996 568 3056 614 ut
3074 555 3256 613 omnia
3295 551 3407 605 cir-

1838 675 2193 747 cumspicias,
2237 667 2421 725 omnia
2463 658 2898 718 circumlustres,
2960 652 3125 709 etiam
3180 654 3408 705 ventura

1836 772 2159 846 praevidens.
2185 766 2379 820 Pastor
2406 775 2486 824 es,
2513 754 2663 810 vides
2683 750 2923 808 oviculas
2953 742 3161 802 Domini
3195 740 3415 810 ignaras

1837 844 2061 939 periculi
2093 861 2220 915 ferri
2273 857 2340 911 ad
2382 847 2713 924 prtecipitia,
2750 852 2804 899 et
2842 857 2939 913 per
2984 844 3250 911 praerupta
3280 844 3415 902 pen-

1838 964 1967 1017 dere
1999 956 2132 1031 (l7),
2169 968 2275 1008 non
2296 945 2543 1006 occurris
2574 943 2597 996 ?
2625 956 2731 996 non
2779 933 3043 992 revocas?
3076 946 3181 985 non
3221 926 3414 983 saltem

1840 1070 1971 1111 voce
2030 1050 2254 1108 cohibes
2288 1043 2401 1118 (18)
2442 1050 2497 1095 et
2545 1032 2909 1105 correptionis
2947 1029 3184 1083 clamore
3232 1021 3414 1075 deter-

1842 1150 1979 1209 res?
2007 1147 2102 1203 Sic
2125 1144 2410 1200 immemor
2433 1153 2491 1191 es
2520 1133 2632 1206 (19)
2675 1124 2945 1186 Dominici
2990 1114 3321 1177 sacramenti
3344 1109 3416 1174 ⁸⁷,

1844 1254 1903 1301 ιιι
1938 1257 2062 1297 cum
2086 1238 2175 1294 ille
2197 1233 2478 1293 derelictis
2518 1227 2815 1295 nonaginta
2852 1232 3041 1275 novem
3069 1215 3122 1268 in
3179 1206 3418 1266 cmlesu-

1845 1339 1968 1403 bus,
2017 1339 2240 1403 propter
2278 1341 2437 1382 unam
2501 1319 2772 1379 oviculam
2825 1327 2945 1384 qua:
3000 1312 3301 1370 erraverat,
3354 1301 3422 1353 ad

1850 1443 2051 1485 terram
2082 1424 2192 1497 (20)
2227 1416 2595 1501 descenderit,
2623 1422 2680 1469 et
2704 1411 2981 1465 inventam
3009 1397 3308 1457 vectaverit
3331 1395 3426 1448 litt-

1850 1522 2015 1579 meris
2040 1518 2155 1574 suis
2185 1493 2260 1571 ad.
2286 1511 2511 1573 ccelum,
2541 1522 2641 1562 nos
2662 1506 2717 1560 in
2748 1500 2895 1557 nullo
2938 1507 3166 1568 prorsus
3216 1490 3271 1543 in
3323 1501 3423 1539 cu-

1850 1615 2039 1672 randis
2060 1609 2288 1669 oviculis
2316 1603 2563 1675 magistri
2592 1596 2825 1670 pastoris
2881 1600 3175 1660 sequamur
3234 1594 3427 1636 exem-

1852 1710 1996 1779 plum
2026 1706 2049 1761 ?
2076 1703 2200 1759 Haec
2235 1715 2341 1755 non
2373 1671 2496 1752 ideo
2548 1690 2802 1753 dicimus,
2854 1693 2914 1740 ut
2960 1696 3059 1752 pro
3112 1676 3215 1732 levi
3271 1671 3428 1741 culpa

1855 1800 2053 1872 aliquis
2079 1793 2430 1853 abscindatur
2457 1786 2577 1856 (21)
2616 1802 2631 1838 :
2662 1782 2756 1838 sed
2786 1780 2830 1836 si
2881 1777 3023 1832 forte
3065 1766 3434 1828 commonitus

1852 1897 1976 1968 quis
1998 1902 2052 1950 et
2080 1896 2364 1959 correptus
2410 1897 2511 1954 pro
2544 1878 2741 1935 delicto
2790 1870 2959 1931 semel
2994 1879 3047 1925 et
3101 1867 3296 1921 iterum
3365 1873 3434 1915 ac

1857 1966 2037 2053 tertio,
2082 1985 2219 2042 nihil
2273 1974 2678 2037 emendationis
2707 1966 3035 2029 ostenderit,
3062 1972 3279 2017 utamur
3325 1970 3434 2010 me-

1855 2086 1961 2142 dici
1989 2050 2297 2153 disciplina.
2335 2074 2395 2131 Si
2424 2073 2547 2128 oleo
2578 2064 2935 2140 perunximus
2962 2101 2980 2127 ,
3026 2057 3071 2113 si
3118 2050 3433 2123 emplastris

1855 2179 2245 2250 mitigavimns,
2274 2173 2318 2228 si
2341 2169 2670 2238 malagmate
2698 2158 3035 2218 mollivimus
3054 2192 3070 2217 ,
3102 2162 3202 2203 nec
3249 2154 3433 2199 tamen

1856 2275 2001 2332 cedit
2035 2264 2445 2327 medicamentis
2473 2256 2707 2314 tumoris
2730 2250 2957 2316 duritia,
2982 2245 3158 2302 solum
3189 2246 3435 2308 superest

1860 2367 2160 2426 remedium
2190 2356 2502 2418 desecandi.
2531 2352 2624 2408 Sic
2668 2349 2814 2405 enim
2869 2340 3133 2399 Dominus
3187 2334 3319 2389 dicit
3344 2330 3390 2362 ³⁸
3420 2347 3435 2383 :

1866 2484 1884 2517 ι
1917 2462 1974 2519 Si
2001 2463 2224 2517 dextera
2255 2466 2448 2510 manus
2475 2459 2567 2504 tua
2600 2434 3058 2500 scandalizaverit
3091 2439 3142 2486 te
3164 2470 3180 2497 ,
3218 2424 3441 2481 abscide

1860 2573 2006 2622 eam,
2031 2562 2084 2609 et
2122 2548 2327 2622 projice
2351 2544 2448 2598 abs
2484 2551 2558 2597 te.
2591 2556 2612 2591 ι
2645 2532 3031 2603 Nunquidnam
3088 2535 3281 2578 manus
3316 2533 3443 2573 cor»

1861 2651 2010 2723 poris
2036 2643 2205 2701 nostri
2238 2636 2529 2709 aliquando
2573 2627 2909 2687 scandalizat
2946 2636 3067 2685 nos,
3122 2626 3181 2670 ut
3219 2615 3285 2669 de
3339 2613 3443 2667 hac

1865 2709 2023 2800 manu
2057 2734 2303 2809 corporis
2334 2726 2687 2797 Evangelium
2716 2721 2864 2775 dicat
2915 2734 2930 2770 ι
2984 2733 3002 2767 ι
3039 2709 3274 2767 Abscide
3318 2719 3443 2760 eam

1861 2798 1931 2893 et
1952 2798 2282 2905 projiceiahs
2322 2823 2411 2879 te?
2445 2841 2462 2873 ›
2494 2819 2601 2875 Sed
2623 2817 2727 2871 hoc
2756 2821 2841 2868 est
2867 2808 2979 2882 (22)
3015 2803 3157 2876 quod
3189 2798 3356 2865 dicit,
3384 2803 3449 2851 ut

1862 2945 1963 3001 ego
1990 2926 2080 2997 qui
2107 2923 2295 2978 videor
2326 2916 2421 2972 tibi
2456 2926 2647 2967 manus
2674 2919 2796 2963 esse
2820 2905 3068 2963 dextera,
3103 2906 3159 2953 et
3200 2890 3436 2964 presby-

1868 2981 1955 3001 νσ-
2007 2981 2023 2997 .

1865 3032 1946 3077 ter
1971 3017 2243 3081 nominor,
2269 3020 2324 3067 et
2371 3008 2598 3062 verbum
2650 3000 2745 3054 Dei
2796 2996 2983 3050 videor
3027 2988 3350 3061 prredicare,
3399 2981 3446 3036 si

1866 3111 2069 3185 aliquid
2098 3076 2289 3166 contra
2318 3095 2747 3158 ecclesiasticam
2774 3085 3112 3157 disciplinam
3141 3120 3156 3145 ,
3181 3087 3236 3133 et
3265 3076 3448 3152 Evan-

2150 3200 2295 3254 ulam
2362 3206 2607 3263 gessero,
2658 3188 2732 3243 ita
2774 3193 2835 3238 ut
2885 3174 3199 3236 scandalum
3262 3169 3359 3223 tibi
3396 3176 3453 3221 et

1868 3299 2126 3357 Ecclesia:
2155 3290 2272 3363 (ἳό)
2336 3287 2556 3349 faciam,
2602 3283 2657 3337 in
2710 3292 2820 3333 uno
2883 3284 3148 3329 consensu
3205 3262 3450 3320 Ecclesia

1870 3395 2127 3450 universa
2157 3384 2485 3454 conspirans
2511 3376 2730 3433 excidat
2758 3386 2845 3427 me
2870 3370 3151 3424 dexteram
3177 3375 3330 3415 suam
3357 3397 3372 3421 ,
3395 3366 3453 3411 et

1871 3447 2174 3559 projiciata
2202 3447 2550 3544 seIExpedit
2591 3469 2735 3524 enim
2791 3462 2886 3518 tibi
2937 3468 2994 3515 et
3043 3452 3303 3511 Ecclesia:
3337 3447 3452 3520 (21)

1873 3580 2077 3646 absque
2109 3588 2196 3627 me
2228 3582 2391 3624 manu
2437 3576 2550 3627 tua,
2583 3575 2702 3631 quae
2734 3554 2873 3611 male
2900 3551 3113 3625 agendo
3139 3542 3452 3603 scandalum

1874 3673 2002 3737 feci,
2027 3666 2265 3725 introire
2302 3663 2356 3717 in
2403 3671 2629 3729 regnum
2669 3652 2970 3712 caelorum,
3016 3657 3177 3714 quam
3240 3650 3452 3691 mecum

1877 3770 1957 3823 ire
1987 3766 2042 3819 in
2069 3762 2397 3833 gehennam.
2419 3753 2545 3807 llaec
2586 3748 2793 3804 idcirco
2825 3743 3078 3800 diximus,
3127 3733 3251 3805 quia
3311 3729 3457 3782 vide-

1882 3873 2005 3915 mus
2061 3856 2115 3910 in
2163 3848 2467 3920 Scripturis
2521 3841 2728 3900 sanctis
2786 3834 3004 3899 referri,
3049 3827 3190 3901 quod
3234 3829 3458 3895 promer

1883 3966 2051 4007 unum
2083 3952 2398 4019 peccantem
2436 3937 2723 3992 anathema
2778 3929 2907 3985 facti
2959 3933 3089 3983 sunt
3134 3920 3228 3975 filii
3270 3914 3457 3979 Israel,

1886 4046 1959 4101 ita
1985 4051 2044 4098 ut
2078 4041 2427 4095 vincerentur
2454 4030 2524 4085 ab
2550 4026 2822 4082 hostibus.

1950 4136 2006 4190 7.
2042 4132 2153 4189 Sed
2182 4129 2465 4185 videamus
2496 4131 2551 4177 et
2591 4122 2765 4191 ipsum
2813 4122 3099 4186 peccatum
3148 4108 3265 4177 ejus
3300 4100 3463 4172 quale

1882 4232 1955 4287 sit
1986 4245 2001 4281 :
2031 4227 2269 4284 Furatus
2298 4230 2404 4288 est,
2436 4216 2614 4288 inquit
2636 4216 2704 4281 ⁸⁸,
2730 4213 2968 4281 linguam
2995 4219 3240 4267 auream,
3272 4212 3327 4254 et
3365 4210 3463 4265 po-

2686 4380 2731 4453 "_
2753 4376 2866 4433 Jos.
2892 4390 2988 4438 vit,
3019 4371 3109 4425 21.

3169 4547 3185 4585 :
3239 4548 3257 4581 ι
3298 4526 3467 4581 Chri-

1896 4642 2034 4687 stus.
2074 4647 2092 4680 ι

1968 4672 2513 4769 fﬁjGerpetieensis
2554 4705 2568 4741 ε
2608 4704 2635 4769 ι.
2692 4680 2761 4769 ad
2812 4684 3077 4769 praerupit}
3146 4672 3405 4741 pendere.
3438 4688 3458 4723 ι

1896 4747 2427 4827 υιῖιῖέΙΕὶῖιῙόῖέόιιείε
2454 4777 2470 4812 :
2518 4777 2538 4810 ι
2570 4756 2635 4827 ad
2661 4747 2927 4823 praerupta
2954 4747 3194 4801 tendere.
3234 4761 3254 4795 ι

1968 4839 2084 4911 (18)
2114 4834 2387 4911 Cemetic.
2424 4848 2445 4883 ι
2485 4826 2762 4911 prohibes.
2799 4840 2819 4874 ι

2111 4882 2542 4963 ofﬁﬁéé'iiss.‘i
2578 4898 2658 4953 sic
2686 4895 2971 4949 immemor
2997 4900 3080 4941 es.
3115 4903 3135 4938 ι
3169 4882 3325 4940 Libb.
3366 4882 3473 4938 edi-

1902 4983 1939 5039 ti
1969 5000 1981 5035 :
2020 5001 2037 5031 ι
2076 4980 2153 5034 sic
2187 4989 2398 5032 memor
2434 4988 2516 5027 es.
2552 4988 2571 5022 ι

1971 5021 2523 5123 iaof'éa:{.§§éﬁiatif§
2554 5021 2626 5093 ad
2640 5044 2883 5123 [terram
2925 5048 2944 5083 ι
2973 5026 3126 5111 Libb.
3154 5023 3285 5123 editi
3310 5037 3326 5077 :
3349 5040 3371 5075 ‹
3402 5021 3470 5075 ad

1900 5100 2100 5180 territas.
2134 5100 2388 5173 {ibidem
2416 5113 2588 5168 codex
2638 5103 2905 5164 Gemetic.
2964 5118 2981 5151 ι
3012 5100 3287 5154 inventam
3318 5109 3471 5149 revo-

1900 5193 2117 5252 caverit
2148 5187 2393 5244 humeris
2420 5184 2552 5239 suis.
2585 5199 2606 5234 ι

1974 5262 2087 5335 (it)
2117 5232 2610 5328 Sangermane-risis
2633 5263 2752 5306 cum
2774 5262 2883 5304 uno
2898 5238 3248 5300 Ebroicensi:
3273 5253 3292 5287 ι
3334 5232 3475 5291 exci-

1900 5336 2093 5477 dalérinl
2119 5351 2480 5477 Lib_b._antea
2512 5392 2645 5477 editi
2679 5412 2692 5447 ε
2730 5386 2962 5477 ("anilla-
3135 5373 3479 5477 Tltiflluz:.di:
3512 5350 3517 5357 δ

1907 5449 2509 5532 citi—Abscindeheam
2550 5472 2606 5518 et
2641 5461 2841 5530 projice
2868 5457 2966 5510 abs
3004 5453 3101 5507 te?
3150 5449 3264 5507 Hoc
3305 5455 3410 5502 est.
3449 5461 3473 5498 ι

1910 5548 2016 5603 Sed
2045 5559 2236 5601 omnes
2267 5555 2399 5596 mss.
2434 5548 2495 5592 ut
2525 5535 2576 5589 in
2604 5536 2987 5603 nostro_testu_.

1983 5586 2495 5689 ξῖῑὲἶδῇῖιέὲζᾘιξῐ
2526 5586 2544 5658 ὶ
2581 5586 2754 5661 tihiet
2773 5597 3050 5656 Ecclesiae.
3079 5613 3097 5645 ι
3159 5590 3319 5650 Libb.
3364 5586 3482 5642 etii.

1914 5690 1954 5745 ti
1986 5680 2002 5743 Ξ
2038 5708 2057 5741 ι
2082 5680 2202 5742 ἰἰιιί
2239 5680 2516 5739 Ecclesiae.
2546 5693 2567 5728 ι

1990 5731 2502 5833 '(e'tfti'mﬁe'é'iﬁss'.
2553 5747 2751 5803 iterum
2786 5761 2803 5800 :
2837 5760 2855 5794 ι
2904 5737 3002 5795 tibi
3054 5744 3108 5792 et
3140 5731 3413 5789 Ecclesia.
3455 5745 3476 5781 ι

1916 5826 2073 5895 Lihh.
2088 5826 2094 5829 ’
2112 5826 2244 5886 editi
2273 5834 2330 5879 ut
2366 5836 2555 5892 supra.
