3874 6494
482 341 588 393 ξδῦ

1985 352 2307 410 ORIGENIS

3647 374 3730 431 865

485 457 594 512 suit
633 478 752 516 eam
788 462 838 516 in
875 462 1222 520 tabernaculo
1248 479 1368 520 suo.
1406 466 1520 522 Non
1557 477 1685 538 puto
1737 469 1786 524 in
1818 468 1908 526 illo
1935 470 2074 526 furto
2105 478 2150 533 Α
2185 482 2273 525 tur
2319 473 2507 527 audire
2557 489 2654 544 pro
2695 488 2761 529 eo
2796 477 2941 546 quod
2994 479 3172 535 minus
3209 482 3545 541 delectabilis
3573 504 3729 546 eorum

495 555 657 616 parvi
699 554 816 608 auri
861 564 1066 608 tantam
1099 557 1206 611 vim
1242 558 1410 614 fuisse
1436 561 1668 629 peccati,
1705 572 1763 616 ut
1815 571 1922 618 tam
1979 581 2073 619 nu-

495 656 772 698 merosam
811 644 1020 699 Domini
1054 645 1356 702 Ecclesium
1401 650 1718 709 macularet.
1762 649 1868 707 Sed
1899 654 2074 707 videa-

491 751 613 792 mus
641 753 708 791 ne
743 737 882 793 forte
933 740 1212 795 interioris
1249 742 1620 814 intelligentiae
1687 746 1760 801 sit
1822 758 1968 801 tanta
2016 760 2073 825 et

494 839 602 884 tam
638 833 822 900 gravis
853 836 1126 888 acerbitas
1163 835 1264 890 ista
1296 839 1529 906 peccati.
1560 838 1756 894 Multus
1784 842 1946 895 decor
1992 853 2073 897 est

489 922 544 977 in
571 925 774 991 verbis,
799 936 851 980 et
889 926 1058 981 multa
1085 929 1136 983 in
1177 929 1623 1002 philosophorum
1653 934 1736 990 vel
1790 935 2069 990 rhetorum

485 1019 832 1075 sermonibus
889 1020 1234 1091 pulchritudo
1269 1065 1283 1090 ,
1341 1026 1431 1095 qui
1483 1043 1675 1084 omnes
1720 1029 1787 1084 de
1851 1030 2071 1086 civitate

485 1122 612 1164 sunt
649 1110 895 1179 Jericho,
931 1116 981 1168 id
1011 1125 1116 1181 est,
1147 1118 1304 1188 hujus
1328 1121 1515 1176 mundi
1550 1121 1821 1177 homines.
1854 1123 1910 1177 Si
1941 1139 2068 1194 ergo

485 1195 738 1260 invenias
767 1210 909 1277 apud
948 1211 1296 1282 pitilOSOpllOS
1344 1231 1598 1286 perversa
1630 1217 1878 1286 dogmata
1916 1218 2067 1274 lucu~

484 1295 612 1353 lenti
639 1303 909 1356 sermonis
953 1304 1343 1361 assertionibus
1379 1311 1673 1374 decorata,
1703 1313 1802 1365 ista
1834 1321 1914 1364 est
1967 1312 2066 1367 lin-

482 1405 584 1461 gua
611 1409 800 1448 aurea.
839 1395 946 1452 Sed
975 1398 1096 1454 vide
1127 1415 1195 1454 ne
1219 1411 1270 1455 te
1298 1402 1531 1472 decipiat
1565 1402 1737 1473 fulgor
1763 1404 1964 1473 aperis,
1999 1421 2065 1461 ne

482 1493 536 1540 te
571 1487 748 1556 rapiat
781 1492 1050 1546 sermonis
1103 1493 1254 1548 aurei
1304 1495 1649 1565 pulchritudo
1697 1512 1710 1549 :
1759 1509 2058 1565 memento,

479 1579 606 1648 quia
639 1579 803 1637 Jesus
830 1585 1124 1639 anathema
1145 1586 1305 1654 jussit
1335 1603 1454 1644 esse
1482 1605 1645 1645 omne
1674 1607 1866 1645 aurum
1918 1594 2062 1661 quod

479 1671 533 1725 in
556 1671 778 1729 Jericho
815 1675 977 1731 fuerit
1004 1678 1304 1735 inventum.
1344 1680 1397 1735 Si
1443 1692 1657 1752 poetam
1709 1683 1906 1751 legeris
1949 1702 2060 1741 mo-

479 1764 680 1821 dulatis
705 1768 973 1835 versibus,
1014 1779 1066 1823 ct
1091 1772 1404 1842 prichulgido
1434 1755 1679 1830 carmine
1727 1777 1856 1832 deos
1905 1778 2059 1834 deas-

2182 564 2396 618 videtur
2431 580 2553 621 esse
2598 570 2866 623 narratio.
2912 569 3070 626 Scire
3109 575 3310 628 etenim
3351 578 3563 633 debetis
3596 584 3731 652 digna

2179 657 2398 726 quidem
2430 672 2553 712 esse
2592 660 2769 714 sancti
2794 660 3032 731 Spiritus
3062 665 3282 735 eloquio
3313 684 3436 738 qua:
3466 670 3728 740 leguntur:

2176 750 2270 803 sed
2314 751 2379 803 ad
2421 751 2761 820 explananda
2813 769 2876 808 ea
2929 756 3235 827 indigemus
3297 762 3469 830 gratia
3498 763 3734 834 Spiritus

2178 842 2374 904 sancti,
2412 843 2500 896 illa
2557 860 2718 913 quam
2766 846 2900 901 dicit
2942 851 3233 917 Apostolus
3257 853 3300 883 ⁸³
3327 872 3340 908 :
3371 873 3389 905 ε
3422 856 3526 910 Alii
3577 870 3732 914 autem

2174 950 2270 1004 per
2314 936 2574 1004 Spiritum
2627 939 2786 992 datur
2836 955 3019 997 sermo
3067 945 3375 1013 sapientim,
3430 949 3524 1001 alii
3581 967 3733 1006 sermo

2172 1028 2413 1082 scientia:
2452 1029 2752 1083 secundum
2803 1034 3053 1088 eumdem
3099 1035 3391 1103 Spiritum.
3417 1060 3435 1091 ι
3469 1040 3573 1096 Ista
3600 1045 3732 1113 igitur

2170 1119 2334 1174 etiam
2375 1136 2472 1176 nos
2497 1123 2549 1175 in
2597 1122 2728 1178 locis
2777 1125 3140 1192 prazsentibus
3176 1129 3511 1201 indigemus,
3548 1135 3598 1188 in
3629 1141 3729 1204 qui-

2170 1212 2270 1267 bus
2303 1212 2540 1267 refertur
2582 1216 2727 1285 quod
2777 1215 2938 1272 Jesus
2985 1221 3252 1277 successit
3304 1223 3523 1296 Moysi,
3557 1240 3609 1282 et
3639 1233 3730 1301 ipse

2167 1306 2424 1376 pepulum
2461 1309 2631 1376 ducit,
2671 1320 2725 1363 et
2767 1310 3124 1368 adumbratur
3151 1315 3202 1368 in
3234 1321 3490 1385 prazsenti
3528 1321 3728 1379 lectione

2169 1401 2290 1455 talis
2319 1402 2566 1470 quaedam
2602 1403 2852 1457 historia.
2880 1405 2984 1470 Qui
3030 1407 3348 1463 habitabant
3407 1410 3523 1484 Ilay
3559 1416 3723 1470 civita-

2165 1502 2298 1558 tem,
2349 1495 2525 1564 primo
2573 1497 2793 1566 quidem
2847 1499 2946 1553 visi
2995 1510 3121 1554 sunt
3180 1501 3404 1558 vincere
3449 1517 3505 1559 et
3538 1522 3724 1566 vertere

2166 1586 2304 1640 filios
2361 1588 2523 1642 Israel
2569 1601 2793 1660 propter
2846 1602 3128 1660 peccatum
3190 1597 3332 1665 quod
3382 1599 3715 1657 admiserant.

2161 1677 2354 1735 Postea
2407 1697 2537 1736 vero
2583 1700 2746 1753 quam
2797 1684 3034 1739 ablatum
3079 1697 3164 1742 est
3216 1689 3422 1745 malum
3471 1694 3541 1748 de
3572 1699 3720 1750 media

2163 1774 2427 1842 ipsorum,
2461 1774 2687 1846 jubetur
2715 1792 2743 1829 a
2788 1777 2896 1831 Deo
2931 1778 3033 1832 dux
3082 1782 3266 1850 populi
3316 1781 3481 1840 Jesus
3523 1787 3575 1839 iu
3609 1793 3718 1844 duas

478 1872 582 1926 que
611 1867 902 1924 texentem,
933 1876 1001 1915 ne
1053 1863 1338 1921 delecteris
1390 1867 1717 1937 eloquentia:
1765 1872 2032 1926 suavitate

2161 1875 2344 1933 partes
2381 1842 2624 1922 dividere
2672 1868 2952 1937 populum,
2999 1880 3055 1923 ut
3092 1887 3218 1940 pars
3271 1875 3498 1934 simulet
3544 1879 3714 1951 fugam.

476 1948 684 2020 Lingua
719 1967 882 2005 aurea
907 1964 990 2007 est
1016 1970 1030 2006 :
1059 1956 1102 2009 si
1133 1971 1252 2012 eam
1301 1961 1590 2017 sustuleris
1611 1972 1666 2019 et
1714 1966 1961 2033 posueris
1998 1966 2051 2020 in

475 2043 830 2100 tabernaculo
864 2055 1000 2102 tuo:
1059 2049 1104 2103 si
1146 2050 1515 2111 introduxeris
1567 2057 1620 2112 in
1665 2075 1762 2133 cor
1810 2071 1957 2115 tuum
1990 2074 2050 2115 ea

471 2151 595 2204 qua:
621 2139 691 2192 ab
713 2139 819 2193 illis
850 2152 1192 2208 asseruntur,
1243 2147 1450 2214 pollues
1477 2163 1696 2204 omnem
1753 2152 2050 2208 Ecclesiam

468 2227 702 2286 Domini.
741 2231 854 2289 Hoc
887 2234 1015 2289 fecit
1043 2234 1234 2292 infelix
1277 2238 1613 2307 Valentinus,
1659 2252 1712 2298 et
1759 2245 2046 2312 Basilides,

468 2323 573 2379 hoc
599 2326 726 2380 fecit
752 2339 803 2381 et
830 2328 1068 2388 Marcion
1103 2335 1390 2392 haereticus
1415 2337 1548 2408 (25).
1588 2339 1770 2393 Furati
1806 2353 1932 2396 sunt
1961 2343 2046 2398 isti

467 2413 680 2486 linguas
725 2435 921 2476 aureas
948 2424 1013 2478 de
1052 2424 1291 2493 Iericho,
1351 2437 1406 2483 et
1455 2430 1898 2502 philosophorum
1949 2452 2047 2490 no-

465 2509 550 2564 bis
575 2525 680 2566 non
713 2524 892 2568 rectas
922 2516 971 2569 in
1005 2516 1277 2574 Ecclesias
1317 2521 1667 2579 introducere
1717 2529 1894 2580 conati
1922 2538 2046 2583 sunt

465 2612 669 2668 seetas,
697 2613 752 2658 et
776 2605 1016 2672 polluere
1051 2623 1268 2665 onmem
1315 2613 1613 2669 Ecclesiam
1653 2616 1884 2672 Domini.
1939 2621 2044 2675 Sed

465 2708 565 2747 nos
589 2697 908 2763 praecedens
958 2697 1179 2754 Patrum
1213 2717 1507 2772 sequamur
1554 2709 1895 2780 exemplum,
1934 2713 2045 2767 dis-

465 2788 733 2843 cutiamus
776 2790 1094 2859 diligentius
1135 2811 1202 2850 ne
1253 2798 1376 2865 quis
1425 2801 1802 2857 absconditam
1860 2805 1911 2858 in
1963 2815 2044 2860 ta-

462 2875 758 2935 bernaculo
824 2898 922 2938 suo
981 2885 1177 2942 habeat
1223 2887 1611 2948 Jerichontiain
1658 2895 1926 2966 linguam,
1988 2908 2056 2954 et'

464 2968 782 3038 abjiciamus
815 2976 1014 3030 malum
1062 2993 1127 3032 ex
1185 2980 1344 3034 nobis
1392 2983 1547 3051 ipsis,
1609 2988 1740 3054 quia
1782 2989 1944 3043 etiam
1992 2993 2037 3046 si

459 3081 560 3122 nos
596 3083 876 3125 cessamus
905 3111 920 3136 ,
967 3085 1158 3143 arguet
1213 3076 1393 3143 Deus,
1437 3081 1510 3132 ita
1566 3091 1623 3134 ut
1685 3083 1798 3152 ipse
1844 3095 2038 3154 sponte

2155 1970 2283 2024 pars
2333 1968 2513 2018 autem
2548 1959 2810 2013 subsistat
2865 1961 2919 2014 in
2967 1963 3178 2019 insidiis
3217 1969 3425 2036 quibus
3453 1972 3716 2042 deripiatrr

2157 2048 2292 2119 llay,
2337 2064 2457 2103 eum
2496 2052 2820 2120 prmceperit
2851 2051 3028 2107 Jesus.
3071 2055 3288 2122 Quibus
3331 2061 3407 2114 ita
3446 2064 3713 2134 dispositis,

2157 2157 2246 2195 rex
2281 2139 2395 2212 Ilay
2434 2142 2621 2197 videns
2642 2142 2825 2198 Jesum
2859 2155 2914 2199 et
2948 2146 3088 2202 filios
3135 2149 3305 2206 Israel
3343 2155 3581 2220 eminus,
3609 2174 3710 2215 col-

2150 2235 2354 2288 citatur
2383 2236 2672 2290 adversum
2721 2253 2817 2292 eos
2854 2238 2907 2292 in
2961 2241 3229 2308 praelium.
3271 2244 3385 2301 Illis
3418 2264 3549 2303 vero
3575 2253 3713 2306 simu-

2151 2314 2650 2398 lantibus°fugam,
2691 2329 2783 2383 isti
2835 2332 3018 2398 acrius
3071 2335 3450 2404 insectantur,
3507 2354 3561 2396 et
3593 2347 3710 2400 velut

2149 2419 2318 2489 spolia
2358 2421 2571 2475 ducturi
2624 2423 2692 2476 de
2749 2423 3020 2488 hostibus,
3063 2443 3256 2485 omnes
3296 2433 3467 2488 simul
3515 2453 3578 2490 ex
3609 2442 3712 2495 urbe

2151 2513 2473 2580 procedunt,
2509 2513 2579 2566 ita
2623 2523 2697 2576 ut,
2740 2516 2883 2570 sicut
2937 2517 3219 2587 Scriptura
3280 2524 3446 2591 dicit,
3473 2530 3710 2601 relinque-

2148 2612 2268 2658 rent
2305 2619 2529 2660 vacuam
2581 2606 2884 2663 civitatem.
2913 2607 3018 2665 Sed
3049 2622 3412 2685 posteaquam
3450 2620 3502 2674 in
3533 2629 3706 2679 euasti.

2149 2708 2319 2751 tutum
2342 2699 2612 2768 progressi
2639 2706 2763 2752 sunt
2785 2700 2985 2767 locum,
3014 2720 3320 2765 conversus
3343 2709 3510 2768 Jesus
3529 2717 3708 2786 signum

2144 2790 2316 2858 dedit,
2343 2799 2404 2844 ut
2434 2801 2794 2861 exsurgerent
2827 2795 2918 2863 qui
2959 2796 3011 2850 in
3037 2797 3254 2856 insidiis
3287 2813 3472 2868 erant,
3506 2815 3559 2861 et
3580 2811 3707 2864 dorsa

2145 2882 2390 2937 hostium
2424 2883 2701 2938 crederent
2728 2901 2741 2936 :
2767 2896 2821 2940 et
2853 2887 2925 2940 ita
2960 2887 3036 2941 illi
3069 2892 3383 2958 novissimi,
3413 2907 3467 2949 et
3498 2897 3584 2953 isti
3622 2904 3710 2969 pri-

2142 2976 2214 3028 mi
2253 2977 2459 3032 medios
2491 2979 2676 3034 hostes
2717 2980 3004 3036 conclusos
3045 2980 3373 3039 interimunt
3429 2991 3704 3046 universas

2139 3065 2209 3120 Et
2254 3069 2356 3123 hoc
2401 3071 2559 3125 modo
2589 3073 2751 3128 victis
2782 3073 2850 3128 iis
2879 3073 2970 3143 qui
3007 3074 3336 3132 habitabant
3379 3077 3524 3151 llay,
3551 3099 3702 3154 rege

460 3154 790 3210 confiteatur
813 3167 867 3213 et
895 3162 1108 3216 dicat"
1145 3182 1158 3219 :
1200 3165 1434 3222 Furatus
1478 3183 1596 3222 sum
1652 3170 1886 3242 linguam
1942 3192 2037 3228 an-

2147 3160 2382 3231 ipsormn
2414 3166 2813 3233 suspenderunt
2845 3167 2896 3220 in
2931 3166 3073 3237 ligno
3095 3170 3334 3239 gemino.

461 3258 606 3299 ream
659 3258 714 3302 et
739 3251 1003 3307 dextralia
1051 3273 1202 3326 pura.
1254 3260 1414 3317 Vides
1472 3260 1777 3330 cuiusmodi
1829 3267 2035 3326 furatus

453 3335 618 3410 415
653 3352 736 3397 est
771 3343 1009 3402 furtum?
1031 3349 1269 3422 linguam
1305 3353 1520 3410 furatur
1553 3367 1607 3412 et
1637 3361 1901 3416 dextralia
1933 3380 2031 3434 pu-

456 3445 536 3485 ra.
567 3432 706 3488 Pura
743 3449 925 3494 autem
957 3442 1221 3498 dextralia
1258 3457 1387 3502 sunt
1414 3465 1582 3519 opera
1612 3452 1666 3507 in
1710 3455 1911 3523 quibus
1934 3432 2035 3512 _di-

454 3522 638 3579 vinum
688 3528 820 3584 nihil
869 3533 1154 3600 miscetur,
1188 3539 1281 3593 sed
1317 3547 1483 3594 totum
1528 3547 1827 3600 secundum
1855 3549 2031 3603 homi-

451 3627 576 3668 nem
627 3619 858 3688 geritur.
899 3625 1138 3695 Denique
1177 3639 1230 3684 et
1262 3633 1464 3688 nostris
1487 3634 1540 3688 in
1574 3637 2034 3706 disputationibus

452 3708 622 3763 moris
653 3719 736 3766 cst
767 3715 977 3779 dicere,
1017 3721 1141 3786 quia
1168 3721 1444 3778 Christum
1483 3741 1591 3780 non
1620 3743 1814 3798 purum
1850 3731 2029 3785 homi-

451 3815 575 3853 nem
621 3802 872 3872 dicimus,
904 3811 996 3863 sed
1032 3811 1198 3867 Deum
1242 3825 1297 3870 et
1356 3818 1630 3872 hominem
1679 3821 2027 3883 confitemur.

449 3886 586 3944 Illud
623 3887 803 3950 autem
859 3903 1000 3967 quod
1032 3903 1097 3955 de
1130 3903 1350 3960 Jericho
1396 3907 1631 3974 furatur,
1673 3927 1864 3980 purum
1907 3929 2029 3970 esse

448 3983 675 4050 dicitur,
718 3989 768 4042 id
815 4002 899 4044 est
949 3995 1066 4049 sine
1097 3995 1231 4063 Deo,
1260 4016 1382 4068 qum
1415 4003 1603 4071 utique
1634 4005 1836 4060 furanti
1861 4010 2029 4065 exsti-

450 4075 514 4128 Iit
543 4089 703 4132 causa
749 4086 978 4149 peccati.
1015 4087 1081 4141 Et
1119 4089 1242 4144 ideo
1279 4108 1376 4146 nos
1427 4095 1564 4148 nihil
1605 4114 1796 4164 purum
1838 4113 1892 4154 et
1919 4103 2023 4156 bu—

457 4181 676 4224 manum
727 4174 794 4228 de
844 4175 1060 4233 Christo
1109 4183 1429 4249 sentiamus,
1473 4188 1568 4241 sed
1610 4189 1772 4243 Deum
1819 4195 2026 4263 pariter

453 4268 615 4328 atque
667 4263 940 4321 hominem
989 4270 1280 4338 fateamur,
1321 4279 1451 4346 quia
1510 4293 1566 4336 et
1613 4285 1878 4351 sapientia
1933 4289 2022 4343 Dei

445 4353 725 4424 multiplex
763 4358 990 4427 dicitur,
1033 4373 1090 4418 ut
1136 4380 1230 4434 per
1273 4367 1386 4423 haec
1435 4385 1746 4427 mereamur
1800 4377 2021 4444 partici-

444 4442 589 4509 pium
619 4461 839 4505 sumere
870 4453 1155 4523 sapientia:
1197 4458 1314 4525 Dei,
1352 4462 1444 4530 qui
1473 4473 1558 4518 est
1584 4464 1834 4522 Christus
1863 4467 2021 4525 Jesus

2210 3252 2265 3307 2.
2311 3253 2404 3309 llis
2441 3255 2642 3311 auditis
2693 3258 2991 3313 verisimile
3042 3269 3126 3316 est
3177 3263 3464 3320 auditores
3527 3267 3699 3331 dicere.

2126 3351 2242 3417 Quo
2283 3349 2414 3402 mihi
2463 3350 2614 3406 lucc?
2651 3352 2784 3420 quid
2833 3353 2962 3408 mihi
3020 3358 3236 3412 confert
3299 3361 3344 3414 si
3399 3376 3698 3433 cognoscam

2136 3439 2279 3508 quod
2318 3440 2445 3494 victi
2475 3451 2604 3496 sunt
2627 3443 2662 3496 ii
2687 3444 2777 3512 qui
2809 3445 3055 3502 habitant
3085 3449 3217 3521 llay,
3248 3453 3412 3520 quasi
3449 3470 3553 3508 non
3582 3456 3699 3510 simi-

2136 3529 2236 3594 lia,
2273 3541 2365 3584 aut
2395 3532 2560 3586 etiam
2590 3535 2893 3603 potentiora
2929 3538 3092 3603 bella,
3141 3540 3226 3595 vel
3257 3554 3417 3612 gesta
3465 3545 3592 3610 sint,
3632 3549 3698 3600 rel

2136 3624 2436 3690 gerantur?
2459 3624 2581 3680 Ila-e
2611 3625 2713 3680 fuit
2741 3643 2874 3682 cura
2900 3630 3140 3700 Spiritus
3174 3635 3379 3700 sancti,
3417 3648 3473 3690 ut
3511 3639 3694 3694 relictis

2137 3724 2213 3768 tot
2239 3725 2293 3769 et
2320 3725 2593 3770 tantarmn
2629 3717 2888 3773 nobilium
2918 3724 3149 3778 excidiis
3176 3725 3425 3791 urbium,
3456 3731 3694 3797 praediui-

2134 3807 2372 3863 civitatis
2397 3807 2507 3879 IIay
2532 3811 2798 3881 scriptum
2831 3814 2942 3886 (‘27)
2967 3817 3138 3870 sacris
3161 3817 3536 3876 voluminibus
3565 3839 3698 3876 nian-

2133 3901 2392 3956 daretur?
2423 3902 2802 3960 Temerarium
2857 3907 3091 3964 fortasse
3143 3912 3216 3966 sit
3273 3916 3422 3981 quod
3468 3915 3694 3976 facimus,

2134 4001 2242 4046 tam
2285 3997 2450 4049 ardua
2486 4007 2540 4052 et
2585 4010 2692 4053 tam
2739 3999 2984 4054 difﬁcilia
3033 3999 3338 4071 Scriptum:
3364 4015 3570 4059 sancta:
3598 4006 3692 4058 lora

2129 4086 2422 4154 explanare
2455 4100 2718 4156 conantes
2744 4107 2758 4144 :
2784 4093 2876 4147 sed
2911 4093 2956 4147 si
2997 4108 3096 4147 nos
3141 4095 3488 4152 orationibus
3519 4111 3692 4152 vestris

2122 4179 2348 4248 juvetis,
2409 4199 2511 4237 non
2561 4185 2735 4240 solum
2794 4188 3006 4256 culpam
3069 4187 3401 4260 effugiemus
3445 4195 3686 4254 audacit.

2131 4287 2316 4329 verum
2377 4285 2434 4331 et
2485 4278 2827 4333 devotionem
2901 4289 3143 4336 nostram
3207 4284 3499 4353 amplexus
3555 4287 3692 4340 Pater

2132 4366 2289 4424 Verbi
2317 4370 2458 4426 Deus
2481 4372 2634 4427 dabit
2654 4375 2877 4427 verbum
2906 4375 2958 4427 in
2985 4376 3342 4444 adapertione
3375 4381 3490 4433 oris
3516 4384 3687 4442 nostri,

2126 4476 2234 4530 quo
2265 4473 2318 4517 et
2349 4478 2444 4518 vos
2477 4466 2842 4531 :edificeniini,
2876 4476 2930 4521 et
2965 4478 3063 4522 nos
3095 4484 3199 4522 non
3249 4469 3490 4525 indevoti
3517 4487 3680 4542 parea-

442 4533 708 4594 Dominus
757 4553 966 4610 noster,
999 4548 1085 4601 cui
1117 4557 1202 4604 est
1233 4551 1404 4621 gloria
1434 4562 1490 4610 et
1519 4554 1806 4625 imperium
1839 4559 1890 4614 in
1927 4576 2021 4615 sae-
2051 4567 2096 4627 ι)
2127 4570 2265 4610 Inus.
2311 4555 2544 4614 Orantes
2591 4573 2722 4630 ergo
2780 4570 2836 4614 οι
2865 4561 3059 4616 intenti
3109 4563 3313 4619 animis
3353 4564 3473 4638 (28)
3503 4571 3686 4622 audita

437 4629 562 4683 cula
601 4636 947 4693 saeculorum.
985 4642 1182 4696 Amen.

1003 4757 1282 4815 IIOMILIA
1325 4759 1456 4818 VIII.

439 4831 519 4889 De
545 4836 752 4920 iisqitre
791 4843 1132 4932 igle‘veraimte
1183 4847 1300 4919 Ηυξ]
1337 4864 1482 4920 gesta
1522 4866 1670 4932 sunt,
1709 4871 1756 4911 et
1795 4861 1859 4914 de
1903 4878 2018 4932 rege

650 4910 762 4977 ejus
796 4912 930 4983 (2(5),
955 4933 1020 4969 ea:
1041 4931 1210 4984 parte,
1236 4910 1290 4974 εἷ
1312 4910 1374 4975 tie
1396 4926 1601 4992 gemino
1632 4910 1799 4998 ligno.

509 4997 559 5051 Ι.
606 4999 974 5070 Deprecamur
1008 5023 1121 5072 vos,
1159 5025 1191 5063 0
1225 5011 1503 5068 auditores
1535 5031 1818 5072 sacrorum
1857 5020 2007 5073 volu-

433 5089 662 5156 minum,
696 5110 802 5150 non
847 5114 968 5153 cum
1003 5102 1162 5155 tredio
1201 5102 1284 5156 vel
1315 5103 1538 5164 fastidio
1568 5125 1630 5164 ea
1667 5126 1788 5181 quae
1823 5112 2012 5184 legun-

502 5257 547 5290 “
570 5257 683 5315 Jos.
722 5276 819 5326 vn,
851 5261 940 5317 2|.
1021 5265 1064 5296 ⁶¹
1094 5265 1114 5320 l
1150 5267 1278 5322 Cor.
1313 5286 1408 5336 xii,
1444 5271 1498 5325 8.

497 5396 610 5460 (25)
652 5398 1002 5454 Ebroiccnsis
1030 5419 1169 5455 unus
1201 5423 1212 5457 :
1243 5424 1260 5455 ‹
1295 5407 1605 5464 hzeretiens.
1638 5428 1655 5461 ›
1696 5410 1854 5468 Libb.
1886 5414 1999 5467 ecli-

426 5470 506 5520 ti:
547 5487 565 5518 ι
597 5471 861 5551 haeretici.
901 5490 921 5524 ι
959 5471 1261 5544 Utrumque
1291 5478 1636 5535 desideratur
1663 5483 1714 5536 in
1760 5481 2000 5554 Saugcr-

425 5553 689 5595 manensi.

425 5676 455 5689 Β
498 5607 610 5676 (26)
642 5609 801 5666 Gesta
852 5626 984 5689 sunt
1015 5616 1161 5689 et‘de
1216 5634 1330 5687 rege
1385 5619 1523 5689 ejus,
1560 5631 1666 5678 etc.
1696 5623 1790 5679 Sic.
1818 5627 1992 5681 codex

422 5676 933 5767 Sangermanensis.
968 5684 1035 5767 In.
1053 5676 1426 5767 Cenieticensi
1451 5676 1664 5758 tle'est,—i
1688 5676 1991 5767 etdeligno

421 5750 657 5831 gemino.
685 5752 896 5831 {Libb.
951 5757 1082 5831 eiiti
1135 5758 1361 5831 habent,
1397 5780 1414 5811 r
1446 5750 1616 5831 gesta.
1654 5774 1802 5830 sunt,
1839 5750 1991 5822 elude

421 5817 568 5885 ligno
595 5823 828 5891 gemino,
858 5836 908 5879 ct
936 5827 1000 5881 de
1039 5844 1163 5900 rege
1188 5829 1325 5899 ejus,
1350 5817 1882 5904 veluquomodoieam
1910 5840 1992 5894 iii--

2124 4646 2310 4703 Primo
2336 4659 2555 4724 propter
2582 4663 2801 4722 peccata
2844 4655 2970 4708 victi
3002 4671 3212 4720 sumus,
3243 4669 3300 4712 et
3338 4661 3373 4714 ii
3425 4661 3517 4730 qui
3552 4662 3687 4715 habi—

2123 4740 2313 4793 tabant
2356 4741 2470 4812 IIay
2517 4731 2950 4812 quamplurimos
2981 4761 3046 4801 ex
3089 4749 3248 4804 nobis
3283 4752 3680 4809 interfecerunt.

2118 4831 2231 4904 lIay
2264 4835 2659 4902 interpretatur
2700 4838 2858 4893 chaos
2895 4841 3029 4913 (29).
3067 4843 3249 4898 Chaos
3305 4855 3484 4901 autem
3521 4850 3680 4904 locum

2117 4926 2199 4977 vel
2229 4926 2600 4982 habitaculum
2642 4929 2771 4984 esse
2808 4932 3056 4985 novimus
3085 4935 3491 4990 contrariarum
3522 4938 3681 4991 virtu-

2115 5025 2250 5081 tum,
2281 5033 2513 5087 qnarum
2549 5036 2641 5075 rex
2683 5032 2737 5076 et
2788 5023 3040 5091 princeps
3069 5023 3325 5079 diabolus
3350 5040 3450 5080 est.
3479 5028 3674 5079 Adver-

2113 5127 2206 5165 sus
2255 5113 2398 5167 hunc
2429 5112 2651 5169 veniens
2687 5113 2868 5182 Iesus,
2907 5117 2959 5170 in
2988 5118 3124 5172 duas
3147 5128 3339 5186 partes
3367 5120 3544 5174 dividit
3585 5134 3673 5188 [io-

2081 5404 2304 5471 icendio
2336 5418 2547 5474 dederit
2570 5418 2749 5484 Iesus,
2775 5432 2954 5478 utnon
2986 5424 3268 5479 habitetur
3294 5425 3346 5479 in
3365 5439 3654 5479 motuum.-

2155 5487 2510 5570 .(27).Codex
2551 5490 2862 5560 Sangerm.,
2911 5513 2930 5545 ε
2956 5495 3242 5563 scriptum.
3273 5516 3292 5548 ι
3334 5497 3483 5551 Libb.
3519 5497 3656 5554 editi,

2115 5576 2132 5609 t
2157 5570 2498 5626 tnscrrplnnt.
2525 5580 2544 5612 ι

2131 5699 2140 5709 ⁸
2180 5628 2290 5710 (28)
2328 5631 2496 5711 Idem,
2541 5651 2560 5683 ι
2587 5633 2775 5687 intenti
2809 5634 3026 5691 animis.
3053 5657 3071 5689 ι
3100 5636 3258 5692 Libb.
3291 5639 3436 5700 editi,
3459 5657 3473 5687 ι
3494 5638 3655 5689 ίηιειιο

2107 5709 2173 5752 tts
2197 5709 2413 5756 animis.
2440 5723 2459 5752 ii

2172 5769 2284 5840 (³29)
2318 5769 2438 5844 "ay
2495 5775 2874 5845 interpretatur
2935 5776 3110 5834 chaos,
3144 5779 3228 5835 Ab
3265 5790 3326 5847 ἰτ
3373 5775 3647 5840 «cumulus,

2100 5856 2350 5897 acervus.
2383 5862 2400 5895 δ
