3798 6384
103 313 185 371 555
1041 293 1106 348 IN
1150 290 1407 348 LIBRUM
1432 290 1596 347 JESU
1628 290 1816 345 NAVE
1845 288 2126 344 HOMILIA
2157 288 2293 345 Vlll.

3191 290 3297 345 866

103 428 269 495 pulum,
300 430 345 475 et
377 418 505 473 alios
555 412 771 486 quidem
817 414 872 465 in
929 411 1119 483 primis
1147 412 1361 474 statuit,
1389 410 1525 464 alios
1558 410 1610 463 in
1644 414 1689 470 Α
1720 410 1845 479 quia
1873 418 1927 463 et
1959 409 2045 462 hic
2075 408 2366 477 Apostolus
2395 408 2507 477 (34)
2533 407 2803 478 duplicem
2849 407 3025 461 crucis
3058 410 3296 477 prodidit

100 514 461 589 posterioribus,
490 509 580 578 qui
632 521 692 561 ex
732 506 1008 575 insperato
1041 514 1166 572 post
1210 514 1362 573 terga
1402 503 1622 557 veniant

101 612 411 666 inimicorum.
443 603 506 657 Et
538 601 658 654 vide
700 600 743 653 si
794 615 899 651 non
952 598 1127 668 prima
1160 612 1288 666 pars
1316 606 1399 651 est
1438 595 1619 664 populi

100 712 167 766 illa
204 707 259 759 de
286 718 378 772 qua
409 700 533 754 dicit
560 698 602 728 ⁶¹
630 714 643 749 :
674 714 692 746 ι
718 693 834 747 Νυη
875 693 996 746 veni
1046 693 1146 746 nisi
1176 694 1241 744 ad
1281 707 1410 746 oves
1445 690 1624 760 perdi-

101 810 164 848 tas
190 794 359 845 donius
403 784 599 846 Israel;
643 803 661 835 »
700 783 842 835 etde
884 796 990 848 qua
1030 781 1165 835 dicit
1198 779 1618 850 Paulus”(30):

103 882 295 937 «Gratia
350 887 521 931 autem
569 884 623 928 et
683 887 784 941 pax
817 872 965 926 onmi
1006 871 1211 925 homini
1241 873 1488 940 operanti
1522 871 1621 925 bo-

100 992 197 1031 num
233 970 440 1026 :Jmlzeo
487 968 739 1035 primum,
778 976 902 1019 tunc
959 965 1123 1019 etiam
1178 976 1233 1020 et
1281 964 1494 1029 Graeco,
1520 985 1537 1018 »
1568 965 1621 1019 id

95 1081 157 1126 est
192 1046 354 1138 gentili
401 1060 711 1132 posteriori.
744 1058 853 1115 Iste
882 1073 1011 1129 ergo
1050 1057 1282 1130 populus
1325 1059 1530 1127 estqui
1568 1060 1619 1112 in

94 1164 247 1233 primis
273 1158 537 1218 statuitur,
576 1164 627 1207 et
654 1153 808 1223 quasi
853 1151 1069 1223 fugiens
1100 1167 1223 1204 cum
1254 1147 1407 1204 Jesu.
1435 1149 1623 1205 Poste-

95 1258 182 1306 rior
203 1266 314 1303 vero
343 1249 564 1318 populus
581 1252 687 1312 est,
718 1246 807 1314 qui
839 1259 906 1299 ex
936 1241 1192 1313 gentibus
1224 1253 1617 1319 congregatur;

95 1349 255 1415 quique
272 1360 331 1397 ex
377 1343 653 1408 insperato
704 1322 987 1393 venientes
1013 1338 1161 1407 (quis
1194 1336 1339 1391 enim
1373 1347 1621 1405 speraret

94 1451 240 1509 gentes
267 1436 474 1506 salvari)
506 1434 689 1490 acrius
726 1444 848 1502 post
875 1443 1085 1504 tergum
1131 1432 1476 1487 adversarios
1513 1447 1617 1484 cte-

93 1536 219 1595 dunl;
242 1540 288 1583 et
324 1528 399 1581 sic
430 1538 659 1594 uterque
707 1524 939 1593 populus
993 1522 1228 1575 mediam
1263 1531 1493 1575 turmam
1522 1521 1622 1576 da:-

94 1637 270 1675 lllOlllllll
315 1618 622 1673 conclusam
675 1615 871 1670 sternit
904 1622 956 1669 et
999 1614 1185 1668 vincit.
1230 1612 1337 1668 Sed
1389 1614 1621 1670 fortasse

92 1690 209 1767 dii-1s
248 1712 389 1776 mihi,
414 1710 696 1779 Quomodo
748 1722 880 1778 ergo
932 1708 1089 1777 quad
1142 1706 1354 1774 fugiens
1396 1707 1618 1776 ponitur

1726 498 2013 552 rationem.
2057 496 2172 552 Duo
2223 497 2365 551 enim
2405 498 2505 551 sibi
2551 497 2822 552 (‘ottlt'arin
2851 499 2985 551 dixit
3018 516 3138 553 esse
3171 516 3296 555 cru-

1725 588 1907 651 cifixa.
1937 605 1997 644 se
2028 599 2277 644 sanctum
2333 598 2387 642 et
2442 599 2781 658 peccatorem
2826 588 3107 654 mundum,
3138 592 3204 647 ad
3236 593 3299 647 il-

1723 679 1826 735 lam
1886 679 2113 735 formam
2167 682 2285 735 sine
2340 680 2501 735 dubio
2554 697 2716 750 quam
2779 684 3028 753 superius
3060 684 3296 741 diximus

1722 774 1922 830 Christi
1953 784 2009 830 et
2056 776 2278 829 diaboli.
2324 775 2431 829 Nos
2459 778 2602 831 enim
2655 779 2856 833 mundo
2898 779 3290 849 crucifigimur,

1724 878 1848 921 tunc
1905 884 2025 920 cum
2062 869 2283 923 veniens
2329 870 2585 938 princeps
2635 871 2795 937 hujus
2827 872 3009 925 mundi
3048 874 3099 925 in
3140 875 3297 927 nobis

1722 974 1825 1012 non
1874 958 2080 1012 invenit
2121 960 2440 1028 quidquam.
2479 960 2542 1013 Et
2578 960 2732 1014 nobis
2758 960 2991 1017 mundus
3018 962 3295 1032 crucifigi-

1725 1058 1831 1113 tur,
1890 1064 2013 1101 cum
2078 1052 2290 1119 peccati
2349 1051 2842 1119 concupiscentiam
2918 1069 3023 1107 non
3087 1055 3297 1124 recepi-

1721 1158 1840 1197 inus
1862 1142 1991 1213 (35).

1789 1233 1842 1288 4.
1888 1232 1992 1287 Sed
2029 1231 2072 1287 si
2112 1233 2235 1302 quis
2264 1234 2403 1289 forte
2427 1245 2514 1289 est
2553 1235 2810 1289 attentior
2843 1236 3171 1302 auditorum,
3201 1254 3297 1309 po-

1724 1336 1823 1380 test
1854 1326 2033 1381 dicere
2063 1341 2076 1377 :
2105 1325 2301 1380 Forma
2325 1327 2540 1395 quidem
2580 1340 2758 1379 rerum
2786 1337 3056 1398 gestarum
3087 1328 3299 1384 videtur

1719 1432 1842 1472 esse
1889 1419 2241 1484 conveniens,
2268 1418 2362 1473 sed
2395 1420 2572 1472 adhuc
2600 1418 2729 1472 illud
2784 1436 2868 1474 me
2919 1433 3120 1488 movet,
3151 1422 3296 1491 quod

1719 1510 1966 1566 diabolus
1999 1523 2055 1566 et
2092 1510 2370 1566 exercitus
2422 1526 2578 1576 suus,
2624 1521 2883 1580 quantum
2940 1513 3005 1568 ad
3055 1515 3299 1570 historia:

1722 1603 1944 1673 figuram
1996 1603 2325 1667 ostenditur,
2386 1604 2747 1675 interemptus
2780 1614 2863 1659 est
2897 1623 2910 1658 :
2941 1615 2995 1661 et
3025 1608 3298 1675 quomodo

1722 1697 1964 1749 videmus
2013 1696 2187 1749 adhuc
2219 1704 2273 1749 et
2303 1695 2597 1760 diabolum,
2631 1706 2686 1751 et
2727 1699 3033 1752 contrarias
3062 1709 3301 1768 potesta-

92 1804 277 1872 populus
304 1803 486 1873 prior?
520 1802 691 1857 Valde
716 1812 1137 1872 consequenter.
1170 1799 1383 1868 Fugere
1411 1801 1612 1855 etenim
1650 1782 1689 1835 Β
1723 1797 1802 1843 tes
1829 1788 2101 1842 intautum
2131 1787 2314 1841 valere
2352 1788 2639 1841 adversum
2671 1804 2863 1844 servos
2891 1791 3004 1852 Dei,
3038 1803 3092 1846 ut
3128 1794 3295 1848 etiam

91 1900 166 1952 visi
193 1908 300 1952 sunt
325 1897 411 1966 qui
450 1908 755 1967 sequuntur
774 1896 983 1962 Iesum,
1019 1913 1044 1949 a
1076 1895 1338 1967 legalibus
1361 1896 1616 1953 oneribus

91 2001 129 2041 et
162 1988 435 2056 praeceptis,
465 1988 534 2041 ab
576 1988 962 2041 observatione
1010 1986 1258 2049 Sabbati,
1308 2002 1335 2039 a
1371 1987 1615 2041 circum-

92 2082 255 2134 cisione
304 2081 501 2145 carnis,
534 2096 563 2133 a
590 2078 937 2147 jngulatione
986 2080 1310 2134 hostiarum.
1350 2078 1456 2135 Sed
1512 2080 1613 2135 ite-

93 2190 179 2226 rum
204 2187 296 2226 non
330 2173 459 2242 fugit
490 2174 582 2242 qui
613 2184 837 2229 secutus
876 2184 957 2228 est
984 2172 1284 2239 Christum,
1327 2173 1619 2244 perfectio-

91 2279 182 2317 nem
206 2274 251 2316 et
275 2263 660 2332 plenitudinem
692 2263 847 2332 legis.

138 2355 180 2408 3.
208 2353 320 2408 Post
360 2355 539 2409 omnia
588 2365 793 2418 autem,
822 2354 987 2409 etiam
1046 2369 1139 2408 rex
1198 2355 1314 2429 [lay
1353 2357 1408 2411 in
1458 2356 1618 2428 ligno

96 2447 270 2511 gemino
296 2446 490 2502 dicitur
525 2463 653 2502 esse
689 2462 1009 2517 suspensus.
1048 2447 1161 2503 Hoc
1193 2450 1243 2502 in
1274 2449 1389 2504 loco
1418 2463 1619 2524 myste-

88 2536 193 2587 rium
222 2537 406 2605 tegitur
440 2536 558 2607 (3|)
599 2536 1037 2607 quamplurimos
1084 2538 1257 2594 latens
1286 2560 1297 2593 :
1325 2542 1421 2596 sed
1454 2558 1620 2597 oran-

86 2627 195 2682 tibus
220 2628 359 2684 vobis
390 2628 729 2684 tentabimus
775 2629 910 2695 haec,
954 2645 1060 2684 non
1111 2634 1313 2687 nostris
1342 2634 1614 2701 opinioni-

88 2721 176 2784 ints,
218 2721 297 2774 sed
343 2721 538 2777 divinae
579 2721 883 2790 Scriptura:
940 2724 1267 2777 testimoniis
1302 2726 1531 2793 aperire.
1563 2724 1618 2781 In

84 2814 400 2881 superioribus
420 2816 669 2870 diximus
702 2830 883 2885 regem
915 2815 1031 2886 llay
1058 2816 1274 2872 diabolo
1309 2834 1469 2889 posse
1491 2835 1622 2874 cou-

87 2904 209 2956 ferri:
233 2906 309 2960 hic
345 2909 626 2977 quomodo
659 2909 712 2964 in
763 2908 915 2980 ligno
939 2912 1155 2979 gemino
1180 2928 1474 2983 suspensus
1507 2902 1625 2987 (52)

88 2996 154 3057 sit,
179 3012 335 3068 aperte
362 3002 604 3069 pretium
644 3012 726 3057 est
763 3018 1018 3059 noscere.
1060 3004 1205 3058 Crux
1258 3005 1472 3060 Domini
1519 3023 1619 3061 no~

86 3091 157 3141 stri
186 3088 295 3145 Jesu
320 3091 481 3165 416
502 3095 713 3149 Christi
759 3097 973 3166 gemina
1022 3095 1140 3149 fuit.
1172 3094 1339 3151 Mirus
1377 3099 1470 3153 tibi
1503 3114 1621 3154 ser-

89 3198 152 3233 inn
174 3182 373 3238 fortasse
404 3198 456 3240 et
488 3202 670 3241 novus
702 3188 937 3253 videtur,
958 3189 1101 3256 quod
1134 3188 1256 3242 dico
1284 3204 1417 3243 crux
1453 3193 1622 3259 gemi-

88 3293 135 3327 ω
162 3278 241 3331 fuit
270 3297 281 3331 :
309 3282 403 3335 hoc
426 3292 536 3346 est,
573 3283 786 3350 gemina
815 3284 1023 3339 ratione
1051 3294 1267 3339 constat
1296 3297 1349 3339 et
1378 3288 1577 3357 duplici
1606 3305 1619 3342 :

87 3369 181 3433 quia
224 3371 496 3427 visibiliter
527 3375 756 3441 quidem
806 3374 977 3431 Filius
1013 3376 1108 3431 Dei
1144 3377 1197 3431 in
1235 3394 1402 3435 carne
1442 3382 1622 3437 cruci-

86 3460 195 3515 fixus
223 3474 330 3519 est:
358 3465 719 3520 invisibiliter
773 3482 903 3523 vero
943 3469 995 3523 in
1050 3485 1111 3525 ea
1167 3486 1332 3525 cruce
1376 3472 1623 3529 diabolus

85 3559 176 3597 eum
221 3552 618 3623 principatibus
660 3555 776 3610 suis
809 3565 865 3610 et
895 3561 1259 3627 potestatibus
1307 3562 1497 3618 affixus
1539 3573 1624 3620 est

84 3634 215 3689 cruci.
253 3637 360 3693 Non
401 3640 495 3695 tibi
523 3642 634 3696 hoc
661 3643 936 3697 videbitur
976 3662 1187 3714 verum,
1226 3651 1271 3704 si
1299 3652 1394 3707 tibi
1426 3654 1621 3708 horum

84 3728 239 3778 testem
269 3729 582 3796 produxero
630 3732 933 3800 apostolum
987 3734 1256 3791 Paulum?
1302 3739 1440 3793 Audi
1496 3757 1625 3810 ergo

82 3813 132 3866 de
154 3818 205 3871 iis
231 3822 352 3889 quid
397 3824 514 3894 ipse
560 3824 878 3892 pronuntiat
907 3843 920 3880 :
954 3844 971 3877 ι
998 3827 1150 3893 Quod
1196 3840 1335 3895 erat,
1361 3831 1535 3900 inquit
1558 3832 1622 3897 “.

83 3915 366 3968 contrarium
399 3917 589 3981 nobis,
614 3917 738 3970 tulit
768 3917 897 3971 illud
917 3919 983 3972 de
1013 3920 1209 3983 medio,
1232 3922 1453 3993 affigens
1476 3927 1625 3981 cruri

85 4015 186 4065 sua,
214 4020 406 4063 exuens
456 4009 803 4080 priuetpatus
833 4021 887 4066 et
926 4022 1227 4082 potestates
1271 4018 1527 4082 traduxit,
1563 4018 1628 4072 li-

84 4094 182 4148 bere
206 4099 535 4170 triumphans
587 4119 680 4157 cas
716 4104 769 4158 in
803 4104 949 4175 ligno
972 4109 1185 4175 erucis;
1214 4129 1232 4162 »
1267 4108 1390 4165 licet
1425 4113 1476 4165 in
1506 4112 1626 4168 aliis

81 4190 434 4259 exemplaribus
494 4196 769 4250 habeatur
829 4215 841 4250 :
904 4219 921 4251 ι
952 4200 1293 4269 trintuphans
1339 4203 1391 4256 in
1428 4214 1625 4259 semet-

86 4279 233 4347 ipso,»
271 4290 359 4343 sed
402 4291 551 4359 apud
584 4290 806 4347 Grtecos
834 4293 1085 4360 habetur,
1128 4314 1147 4346 ι
1178 4297 1227 4349 in
1278 4297 1441 4368 ligno.
1468 4318 1484 4350 »
1528 4299 1627 4353 Er-

82 4388 132 4441 go
172 4377 349 4447 duplex
410 4382 559 4437 ratio
610 4382 905 4438 Dominica:
961 4384 1179 4439 crucis:
1214 4402 1317 4439 una
1369 4387 1459 4441 illa
1522 4405 1624 4458 qua

1722 1879 2001 1948 apostolus
2032 1879 2224 1933 Petrus
2261 1895 2383 1933 cum
2438 1880 2640 1950 iungenti
2694 1883 2905 1937 cautela
2942 1895 3297 1953 pi'zeinoneat,

1720 1984 1774 2029 et
1824 1974 1969 2028 dicat
2022 1974 2426 2027 observandum
2483 1974 2686 2041 esse",
2737 1976 2862 2044 quia
2901 1994 2918 2027 ι
2950 1980 3299 2034 adversarius

1724 2077 1912 2121 noster
1956 2065 2233 2129 diabolus,
2257 2066 2396 2120 sicut
2431 2065 2513 2121 leo
2563 2067 2782 2137 rugiens
2810 2069 3025 2135 circuit,
3050 2085 3299 2139 qumrens

1722 2175 1881 2230 quem
1926 2168 2258 2214 transvoret.
2285 2177 2302 2210 »
2333 2158 2625 2214 Videamus
2654 2174 2782 2230 ergo
2817 2161 2861 2214 si
2888 2170 2941 2214 et
2985 2162 3038 2215 in
3086 2164 3186 2216 hoc
3216 2162 3300 2217 di-

1721 2269 1884 2324 gnum
1922 2252 2128 2321 aliquid
2163 2252 2341 2305 sancti
2397 2250 2634 2319 Spiritus
2658 2252 2887 2321 eloquiis
2918 2255 3187 2321 possimus
3216 2255 3301 2308 in-

1721 2345 1932 2399 venire.
1963 2343 2247 2397 Adventus
2280 2342 2483 2396 Christi
2548 2359 2687 2396 unus
2728 2344 2944 2412 quidem
2984 2346 3035 2398 in
3076 2346 3298 2402 humili-

1724 2448 1834 2491 tate
1878 2435 2185 2502 completus
2226 2443 2331 2500 est,
2358 2434 2498 2487 alius
2544 2451 2671 2490 vero
2707 2447 2962 2506 speratur
2990 2439 3237 2508 ingloria
3274 2456 3288 2493 :

1722 2540 1778 2586 et
1822 2530 1909 2584 hic
1946 2529 2157 2598 primus
2208 2528 2474 2581 adventus
2511 2529 2561 2581 in
2592 2544 2755 2584 carne
2792 2531 3023 2599 mystico
3061 2532 3301 2599 quodam

1723 2637 1973 2679 sermone
2004 2621 2056 2675 in
2093 2620 2400 2691 Scripturis
2423 2623 2632 2675 sanctis
2665 2624 2853 2675 mnbra
2900 2622 3017 2688 ejus
3061 2624 3304 2694 appella-

1720 2728 1831 2781 tur,
1865 2719 2005 2772 sicut
2031 2727 2086 2772 ct
2110 2715 2376 2772 Jeremias
2400 2715 2669 2785 pr0pheta
2697 2714 3004 2781 denuntiat,
3031 2718 3299 2772 dicens":

1730 2828 1749 2862 ι
1777 2810 2019 2880 Spiritus
2049 2809 2231 2864 vultus
2260 2810 2431 2863 nostri
2467 2807 2719 2864 Christus
2774 2809 3059 2874 Dominus,
3089 2811 3171 2864 cui
3206 2825 3308 2865 nos

1725 2904 1964 2959 diximus
1995 2921 2008 2957 :
2036 2903 2090 2958 In
2118 2903 2307 2957 umbra
2345 2903 2463 2972 ejus
2492 2902 2726 2956 vivimus
2761 2901 2814 2955 in
2845 2902 3118 2973 gentibus.
3144 2921 3162 2954 »
3196 2901 3305 2958 Sed

1724 3005 1779 3050 et
1808 2995 2028 3052 Gabriel
2061 3011 2181 3050 cum
2216 2995 2621 3066 evangelizaret
2673 2993 2855 3046 Mariae
2884 2992 3022 3065 (56),
3062 2995 3129 3049 de
3159 2996 3305 3047 nati-

1726 3090 1896 3144 vitate
1926 3088 2045 3157 ejus
2076 3088 2205 3143 dicit
2230 3088 2273 3120 ⁸³
2305 3105 2319 3144 :
2357 3107 2375 3139 ι
2415 3088 2605 3141 Virtus
2635 3085 2900 3140 Altissimi
2955 3086 3306 3142 obumbrabit

1731 3181 1849 3235 tibi.
1871 3198 1890 3231 »
1928 3179 2161 3250 Propter
2181 3182 2325 3249 quod
2356 3179 2732 3249 intelligimus,
2767 3180 3161 3249 quamplurima
3189 3181 3306 3249 pri-

1728 3289 1817 3329 mo
1850 3280 1953 3327 hoc
1990 3276 2224 3329 adventu
2252 3273 2371 3342 ejus
2403 3272 2744 3337 adumbrari,
2775 3288 3008 3343 quorum
3038 3273 3307 3342 adimple-

1731 3367 1805 3419 tio
1830 3374 1994 3434 atque
2034 3364 2299 3435 perfectio
2361 3366 2414 3419 in
2473 3366 2717 3420 secundo
2759 3376 3169 3419 consunnuetur
3195 3366 3306 3437 (57)

1728 3458 1994 3514 adventu.
2025 3455 2094 3511 Et
2132 3457 2411 3527 apostolus
2452 3456 2654 3511 Paulus
2682 3458 2815 3512 dicit
2838 3458 2913 3521 η,
2938 3458 3065 3525 quia
3102 3475 3122 3508 ι
3148 3472 3307 3511 resu-

1728 3550 1944 3604 scitavit
1978 3565 2077 3603 nos
2104 3564 2225 3603 cum
2280 3563 2367 3614 eo,
2422 3548 2694 3618 simulque
2727 3550 2915 3604 sedere
2950 3549 3079 3603 fecit
3107 3551 3161 3603 in
3190 3566 3308 3604 cte-

1728 3640 1979 3694 lestibus.
2026 3657 2044 3690 »
2094 3638 2161 3693 Et
2202 3638 2391 3709 utique
2434 3638 2673 3693 nondum
2721 3639 2967 3693 videmus
2999 3642 3305 3706 credentes,

1730 3743 1823 3787 aut
1874 3733 2231 3788 resuscitatos
2264 3748 2387 3789 esse
2406 3732 2543 3803 jam,
2569 3731 2738 3787 autin
2769 3730 3081 3787 coelestibus
3110 3748 3309 3789 consc-

1730 3827 1914 3881 disse:
1948 3826 2042 3879 sed
2075 3826 2399 3879 adumbrata
2453 3833 2583 3879 sunt
2624 3823 2841 3894 quidem
2878 3825 2990 3891 haec
3037 3841 3181 3880 nunc
3214 3841 3310 3895 per

1732 3920 1913 3982 fidem,
1954 3918 2078 3987 quia
2129 3928 2308 3973 mente
2366 3931 2421 3973 et
2461 3933 2557 3987 spe
2601 3933 2630 3972 a
2684 3917 2919 3973 terrenis
2974 3926 3029 3971 et
3084 3921 3312 3975 mortuis

1732 4011 1991 4082 Operibus
2035 4011 2335 4076 elevamur,
2370 4021 2424 4066 et
2457 4009 2700 4080 quotidie
2730 4025 2825 4063 cor
2852 4022 3098 4065 nostrum
3144 4012 3311 4081 erigi-

1731 4118 1852 4158 mus
1885 4104 1951 4158 ad
1980 4103 2222 4160 C(elestia
2266 4113 2320 4158 et
2365 4114 2568 4158 {eterna
2596 4123 2607 4157 ε
2641 4103 2957 4173 implebitur
2993 4113 3169 4159 autem
3210 4105 3313 4161 hoc

1730 4197 1784 4252 in
1835 4199 2078 4253 secundo
2123 4199 2240 4266 ejus
2284 4200 2542 4263 adventu,
2580 4209 2637 4252 ut
2672 4214 2733 4254 ea
2774 4214 2895 4267 qua:
2938 4215 3080 4254 nunc
3113 4198 3217 4254 fide
3257 4211 3313 4254 et

1732 4304 1826 4359 spe
1868 4292 2343 4360 praesumpsimus,
2386 4300 2513 4345 tunc
2553 4293 2714 4345 etiam
2746 4307 2928 4345 rerum
2958 4290 3153 4345 effectu
3186 4308 3310 4347 cor-

1731 4384 1996 4452 poraliter
2040 4391 2340 4437 teneamus.
2376 4382 2446 4438 Ita
2476 4398 2604 4454 ergo
2638 4394 2692 4439 et
2744 4384 2811 4439 de
2850 4382 3069 4437 diabolo
3112 4383 3312 4438 intelli-

82 4463 184 4518 dicit
211 4473 479 4539 apostolus
531 4472 815 4542 Petrus“,
845 4475 991 4545 quod
1035 4474 1287 4531 Christus
1330 4478 1625 4533 crucifixus
1658 4488 1700 4541 ι)
1732 4475 1961 4543 gendum
2005 4484 2112 4540 est,
2142 4472 2284 4543 quod
2319 4473 2492 4528 victus
2524 4474 2742 4542 quidem
2794 4481 2847 4526 et
2876 4472 3173 4527 crucifixus
3206 4483 3311 4538 est,

84 4558 206 4617 nobis
234 4564 445 4635 reliquit
474 4568 785 4636 exemplum
813 4585 825 4620 :
850 4576 905 4620 et
937 4568 1050 4622 haec
1074 4571 1331 4632 secunda,
1359 4584 1460 4638 qua
1494 4586 1629 4626 crux

83 4650 151 4703 illa
179 4665 422 4727 trepamin
462 4662 532 4715 de
585 4662 802 4717 diabolo
836 4662 949 4732 (35)
988 4663 1109 4728 fuit,
1154 4664 1207 4717 in
1263 4679 1368 4733 quo
1398 4673 1450 4718 et
1500 4678 1627 4719 cru-

82 4744 240 4803 cilixus
266 4761 346 4806 est
371 4762 424 4808 et
453 4754 843 4823 triumphatus.
870 4754 1001 4810 Ideo
1032 4756 1264 4824 denique
1310 4764 1364 4809 et
1410 4765 1620 4824 aposto-

83 4833 147 4889 lus
172 4838 353 4899 l'aulus
393 4847 618 4900 dicebat
641 4847 685 4877 “
720 4864 733 4901 :
772 4865 790 4899 ‹
827 4846 955 4900 Mihi
989 4856 1165 4901 autem
1203 4847 1346 4901 absit
1377 4847 1621 4915 gloriari,

82 4927 162 4981 nisi
201 4931 245 4986 in
277 4949 440 4989 cruce
492 4936 708 4989 Domini
761 4938 866 4992 mei
895 4937 1022 4992 Jesu
1064 4936 1291 5003 Christi,
1325 4951 1420 5006 per
1458 4951 1619 5005 quem

81 5022 188 5075 :nihi
218 5028 446 5082 mundus
478 5028 784 5084 crucifixus
815 5039 919 5094 est,
947 5040 1004 5085 et
1037 5045 1139 5101 ego
1167 5031 1389 5086 mundo.
1417 5048 1436 5081 »
1471 5030 1627 5083 Vides

136 5138 175 5211 ‘f
199 5139 382 5198 Matth.
420 5161 513 5209 xv,
540 5146 633 5201 ‘24.
692 5147 736 5177 ⁸³
764 5146 922 5201 Rom.
960 5147 1118 5211 ΠΛΟ.

83 5207 115 5235 "‘
138 5209 415 5281 Tliren.tv,
448 5207 543 5270 20.
622 5218 665 5249 ⁸⁸
703 5218 829 5271 Luc.
871 5235 909 5281 ι.
940 5207 1029 5274 55.

140 5304 237 5379 (ξο)
266 5305 429 5379 idem,
478 5328 498 5360 ι
524 5309 743 5364 Paulus.
775 5330 794 5363 »
835 5310 989 5365 Libb.
1024 5312 1178 5376 editi,
1221 5330 1237 5362 ι
1263 5311 1573 5379 Apostolus.
1607 5328 1627 5362 »

263 5378 425 5442 Idem,
456 5398 474 5431 ι
501 5384 729 5448 geritur.
757 5401 776 5434 »

264 5447 429 5521 idem,
452 5470 471 5502 ι
489 5445 802 5521 suspensus.
821 5471 839 5505 »
874 5450 1033 5506 Libh.
1061 5453 1215 5517 editi,
1240 5454 1627 5509 «crucifixus.»

139 5515 237 5591 (ᾗῇ)
260 5518 413 5591 Mss...
457 5540 477 5572 ι
503 5522 570 5576 de
589 5515 827 5577 diabolo.
858 5543 875 5575 »
926 5523 1082 5577 Lilib.
1116 5515 1268 5591 edi-ti,
1303 5542 1321 5575 ι
1355 5525 1578 5578 diaboli.
1609 5544 1626 5575 »

140 5586 241 5665 3:34)
269 5588 634 5665 S_angerman.
660 5605 715 5650 et
741 5594 1032 5658 Gctnetic.,
1068 5586 1443 5664 «Apostolus.»
1472 5594 1629 5650 Libb.

83 5655 256 5717 edizin
279 5655 501 5716 Pan—lus.
526 5682 545 5713 »

140 5727 241 5799 (55)
281 5729 440 5787 Libb.
500 5735 650 5798 editi,
705 5736 1221 5804 «concupiscentias
1271 5752 1377 5791 non
1428 5736 1633 5805 recepi-

86 5811 248 5856 mus.»
286 5804 471 5861 Codex
518 5819 642 5863 vero
683 5808 1175 5877 Sangermanensis
1222 5818 1281 5863 ut
1336 5808 1391 5863 in
1446 5804 1633 5863 nostro

1194 5147 1239 5178 ⁸⁸
1262 5147 1468 5202 Coloss.
1495 5162 1559 5210 ll,
1595 5146 1686 5204 ll.
1711 5146 1796 5200 15.

1108 5218 1151 5249 ⁷⁰
1183 5219 1380 5287 Epltcs.
1413 5234 1471 5282 II,
1504 5217 1570 5272 6.·
1602 5218 1645 5248 ⁷³
1676 5216 1843 5273 lCOl'.
1874 5234 1966 5283 XV.
1994 5217 2086 5272 22-

1735 4569 1830 4622 sed
1861 4568 1924 4622 iis
1948 4567 2037 4636 qui
2073 4583 2196 4621 cum
2233 4567 2451 4621 Christo
2478 4565 2724 4620 crucifixi
2758 4576 2905 4632 sunt,
2934 4567 3189 4623 omnibus
3218 4583 3317 4622 au-

1734 4664 1839 4711 tem
1876 4656 2251 4720 credentibus,
2293 4667 2351 4709 et
2405 4656 2678 4710 universis
2714 4658 2917 4725 pariter
2948 4657 3161 4727 populis
3189 4668 3317 4713 tunc

1735 4748 1843 4801 erit
1876 4748 2196 4813 crucifixus,
2241 4763 2367 4802 cum
2422 4748 2787 4817 complebitur
2826 4749 2955 4804 illud
3001 4751 3144 4820 quod
3184 4752 3317 4806 dicit

1734 4839 2111 4909 Apostolus“,
2152 4842 2282 4909 quia
2319 4857 2338 4890 ε
2362 4840 2503 4895 sicut
2538 4840 2591 4893 in
2629 4840 2799 4894 Adam
2838 4855 3031 4896 omnes
3071 4842 3315 4896 moriun-

1740 4943 1850 4999 tur,
1884 4934 1958 4987 ita
1998 4942 2049 4987 et
2096 4933 2146 4986 in
2188 4932 2409 4987 Christo
2455 4949 2646 4988 omnes
2707 4933 3192 4989 vivificabuntur.»
3228 4935 3319 4988 Est

1735 5043 1867 5099 ergo
1892 5028 2004 5099 (58)
2032 5028 2086 5081 in
2114 5028 2220 5082 hoc
2242 5028 2407 5082 etiam
2440 5027 2867 5082 resurrectionis
2893 5027 3087 5081 futurae
3115 5039 3319 5101 mystc-

1874 5147 1921 5178 "
1948 5146 1966 5199 l
2004 5147 2144 5200 Petr.
2175 5161 2235 5212 ll,
2259 5146 2349 5200 22.
2429 5147 2475 5178 "
2497 5146 2701 5214 Gal.vt,
2729 5146 2816 5204 H.
2894 5146 2937 5177 ⁸⁷
2963 5145 3146 5205 lPetr.
3184 5161 3238 5215 ν,
3261 5146 3314 5202 8.

1742 5320 1913 5365 textu.

1811 5382 1923 5451 (Titi)
1976 5381 2147 5437 Codd.
2214 5380 2504 5452 Sangerm.
2564 5380 2961 5438 Gcmeticensis
3020 5395 3141 5433 cum
3205 5395 3317 5452 uno

1738 5450 2073 5513 EbroiCeusi,
2126 5472 2146 5504 ι
2170 5450 2368 5508 Mariae.
2402 5473 2421 5505 »
2457 5452 2609 5507 Alter
2645 5453 3013 5516 Ebroicensis,
3044 5470 3066 5501 ι
3090 5453 3155 5505 ad
3197 5451 3312 5506 Ma-

1739 5525 1897 5577 riam.
1929 5543 1947 5575 »
1979 5523 2134 5577 Libb.
2170 5525 2324 5589 editi,
2364 5545 2380 5576 ι
2403 5522 2652 5578 Mariam.
2686 5542 2705 5574 »

1810 5593 1919 5666 (37)
1948 5597 2234 5665 Sangerm.
2261 5609 2313 5651 et
2342 5598 2446 5649 duo
2507 5593 2753 5666 Ebroic.,
2798 5609 2817 5643 ‹
2847 5602 3315 5646 consummetur.»

1745 5664 1909 5719 Libb.
1937 5664 2094 5728 editi,
2137 5686 2154 5717 ι
2182 5665 2673 5719 censummahitur.
2702 5683 2720 5714 ι

1814 5738 1928 5805 (58)
1956 5736 2121 5808 Ergo.
2159 5738 2317 5792 Deest
2373 5737 2424 5790 iu
2479 5734 2608 5791 libb.
2639 5732 2825 5798 editis,
2864 5735 2959 5789 sed
3003 5734 3234 5790 habetur
3267 5734 3321 5789 in

1743 5805 2029 5875 Sangerm.
