3874 6494
476 291 581 346 867

1946 277 2104 335 01ης
2117 277 2270 333 lile

3626 279 3718 331 ὃὸ

479 405 644 460 rium.
672 403 806 458 Nam
835 410 890 458 et
923 413 1050 458 tunc
1073 401 1344 458 dividetur
1369 399 1598 471 papulus
1625 399 1678 453 in
1699 398 1830 452 duas
1855 408 2056 467 partes,
2091 406 2131 458 Α
2165 397 2332 465 fugite
2378 394 2634 449 invidiam
2683 403 2738 450 et
2783 394 3031 458 livorem,
3076 391 3248 464 fugite
3288 392 3647 448 detractiones
3675 404 3722 443 ιι

484 503 642 550 erunt
694 504 749 548 et
780 503 906 549 tunc
935 493 1155 563 quidam
1201 492 1387 564 primi,
1417 500 1471 546 et
1502 491 1593 545 alii
1632 490 1916 562 postremi,
1954 490 2045 557 qui

479 602 602 641 cum
628 586 739 658 (59)
775 587 842 640 ad
881 583 1064 640 Jesum
1106 586 1158 640 in
1211 600 1379 639 unum
1429 584 1889 654 conspiraveriut,
1930 582 2046 652 jam

481 690 610 734 tunc
640 679 776 734 ultra
811 678 1033 734 omnino
1064 693 1170 734 non
1207 679 1313 732 erit
1346 677 1614 742 diabolus,
1645 677 1770 747 quia
1800 675 1910 745 jam
1943 692 2048 730 non

477 772 585 827 erit
621 785 787 824 mors.
822 770 916 825 Vis
964 770 1057 825 tibi
1114 772 1277 826 etiam
1331 772 1447 827 hzec
1483 771 1682 826 divinis
1714 769 2048 824 testimoniis

478 861 932 932 comprobemus?
965 863 1102 917 Audi
1138 864 1453 933 Apostolum
1482 862 1813 918 dicentem"
1841 879 1855 914 :
1888 880 1906 912 ι
1941 860 2052 916 lloc

476 954 625 1009 enim
673 956 828 1010 vobis
883 956 1121 1012 dicimus
1182 956 1235 1009 in
1284 957 1450 1012 verbo
1502 956 1740 1022 Domini,
1770 955 1894 1024 quia
1951 969 2050 1010 nos

478 1048 570 1116 qui
624 1049 879 1114 vivimus,
922 1050 1013 1119 qui
1064 1049 1253 1119 reliqui
1305 1066 1515 1116 sumus,
1576 1051 1630 1105 in
1674 1051 1906 1106 adventu
1954 1051 2054 1104 Do-

483 1141 613 1195 mini
659 1157 764 1196 non
812 1141 1206 1210 praaveniemus
1261 1157 1356 1197 eos
1401 1142 1491 1212 qui
1537 1142 1896 1208 dormierunt,
1925 1142 2050 1210 quia

480 1233 597 1303 ipse
632 1232 894 1300 Dominus
936 1233 988 1288 in
1018 1232 1172 1301 jussu
1209 1243 1264 1289 et
1294 1235 1347 1288 in
1388 1249 1521 1290 voce
1553 1233 1868 1304 archangeli
1902 1243 1957 1287 et
1999 1234 2052 1287 in

483 1325 608 1380 tuba
637 1325 730 1380 Dei
765 1328 1058 1382 descendet
1087 1328 1154 1382 de
1178 1328 1336 1392 cado,
1366 1338 1420 1384 et
1452 1327 1648 1382 mortui
1680 1312 1769 1396 qui
1808 1329 1862 1381 in
1893 1325 2051 1381 Chri-

481 1425 568 1470 sto
609 1425 758 1481 sunt,
793 1426 1076 1489 resurgent
1105 1419 1285 1488 primi.
1321 1419 1520 1474 Deinde
1551 1433 1650 1473 nos
1671 1417 1763 1489 qui
1799 1417 2050 1481 vivimus.

481 1507 576 1575 qui
610 1508 803 1579 reliqui
847 1527 1055 1574 smnus,
1091 1511 1256 1565 simul
1285 1512 1556 1582 rapiemur
1585 1526 1709 1566 cum
1736 1511 1841 1566 illis
1875 1511 1930 1566 in
1964 1527 2058 1564 nu-

480 1597 640 1654 bibus
661 1601 874 1655 obviam
899 1600 1114 1656 Christo
1139 1601 1190 1655 in
1215 1615 1363 1666 aera,
1390 1610 1444 1657 et
1467 1603 1546 1657 sic
1565 1615 1780 1670 semper
1805 1616 1929 1656 cum
1951 1601 2056 1655 Do-

483 1691 630 1746 mino
644 1693 903 1748 erimus.»
931 1694 1004 1748 De
1023 1693 1240 1749 diabolo
1265 1703 1445 1749 autem
1466 1697 1674 1758 dicens,
1702 1695 1842 1750 ait"
1869 1711 1883 1748 :
1912 1693 2053 1748 «Νο-

479 1784 734 1842 vissimus
763 1787 1012 1842 inimicus
1037 1788 1346 1844 destruetur
1377 1802 1542 1855 mors,
1569 1808 1588 1838 ι
1615 1789 1742 1858 quia
1777 1803 1902 1844 vere
1930 1798 2058 1843 tunc
2089 1764 2128 1819 Β

482 1880 732 1936 vincetur
753 1896 918 1946 mors,
948 1895 1071 1936 cum
1097 1885 1326 1937 mortale
1353 1882 1455 1937 hoc
1474 1881 1860 1937 absorbebitur
1877 1896 1908 1936 a
1924 1882 2055 1937 vita.

547 2015 604 2073 5.
645 2015 750 2072 Sed
795 2017 1070 2072 videamus
1120 2031 1244 2087 quae
1288 2017 1341 2070 in
1403 2017 1803 2088 posterioribus
1859 2032 2056 2074 conse-

477 2109 896 2179 qtttlttltlr:tEl
949 2111 1214 2172 incendit,
1281 2110 1544 2180 inquit“,
1594 2108 1754 2166 Jesus
1802 2109 1938 2183 "ay,
1999 2121 2052 2167 et

478 2201 668 2258 effecta
717 2213 798 2257 est
841 2203 970 2259 urbs
1019 2220 1140 2274 qua:
1172 2220 1276 2258 non
1317 2205 1594 2259 habitetur
1625 2203 1678 2257 in
1711 2214 1997 2260 mternum.
2024 2226 2042 2258 ι

477 2292 643 2351 Vides
666 2295 790 2364 quia
825 2295 939 2350 base
973 2310 1094 2364 quae
1130 2305 1452 2365 sequuntur,
1489 2295 1663 2366 magis
1712 2295 1777 2349 ad
1813 2296 2056 2367 mysterii

477 2402 640 2457 quam
675 2386 740 2440 ad
793 2386 1039 2441 historiae
1088 2387 1362 2456 pertinent
1403 2387 1712 2441 veritatem.
1745 2385 1864 2441 Non
1909 2388 2053 2441 enim

480 2489 590 2534 tam
626 2479 714 2532 ille
747 2479 898 2533 locus
928 2487 1088 2533 terra:
1137 2479 1508 2534 inhabitabilis
1548 2489 1632 2534 est
1675 2481 1729 2532 in
1771 2489 2055 2542 aeternum,

477 2585 642 2640 quinm
686 2571 834 2625 locus
865 2571 1172 2624 dmmonum
1215 2570 1593 2625 inhabitabilis
1629 2573 1756 2638 erit,
1785 2582 1912 2626 tunc
1935 2587 2057 2626 cum

473 2664 586 2732 jam
621 2678 781 2718 nemo
814 2664 1080 2733 peccabit,
1113 2680 1290 2734 neque
1323 2667 1570 2734 regnabit
1601 2668 1655 2721 in
1702 2666 1883 2736 aliquo
1930 2683 2056 2737 pec-

479 2765 682 2822 catum,
713 2767 838 2810 cum
871 2756 1118 2810 diabolus
1155 2765 1214 2810 et
1247 2756 1423 2826 angeli
1455 2755 1571 2826 ejus
1615 2757 1728 2827 igni
1771 2757 2059 2812 tradentur

480 2858 704 2912 :cterno,
731 2848 959 2903 Domino
991 2857 1178 2903 nostro
1218 2845 1346 2902 Jesu
1395 2846 1618 2904 Christo
1665 2850 1890 2904 sedente
1931 2865 2058 2921 rege

478 2947 536 2994 et
563 2937 764 3006 judice,
797 2947 852 2994 et
887 2941 1104 2994 dicente
1146 2939 1213 2992 iis
1239 2939 1330 3008 qui
1363 2941 1575 3007 priores
1623 2951 1678 2995 et
1723 2942 2058 3010 p05teriores

479 3037 732 3089 vicerunt
758 3033 805 3065 "
831 3031 943 3104 (40)
997 3050 1010 3087 :
1052 3050 1070 3083 ι
1105 3032 1319 3099 Venite,
1380 3033 1647 3089 benedicti
1695 3033 1871 3089 Patris
1923 3037 2056 3100 mei,

486 3127 754 3197 percipite
801 3141 1024 3193 regnum
1071 3124 1214 3194 quod
1259 3124 1408 3179 vobis
1442 3135 1691 3193 paratum
1725 3135 1808 3181 est
1833 3141 1862 3180 a
1893 3126 2053 3181 Patre
2083 3125 2126 3182 C

483 3236 604 3275 meo
624 3220 757 3288 (Μ).
788 3237 806 3270 ι
831 3218 963 3272 Aliis
995 3227 1172 3272 autem
1205 3217 1346 3272 dicet
1372 3219 1450 3270 ’σε
1480 3235 1499 3269 ι
1521 3218 1597 3272 lte
1624 3218 1678 3273 in
1699 3220 1877 3290 ignem
1906 3229 2063 3274 arter-

489 3328 644 3376 nuut,
673 3327 832 3381 quem
875 3311 1199 3380 praeparavit
1224 3311 1337 3378 (42)
1373 3311 1512 3367 Deus
1548 3311 1760 3366 diabolo
1801 3321 1856 3366 et
1899 3311 2061 3384 417

481 3403 694 3472 angelis
743 3401 881 3469 ejus,
910 3421 930 3455 ι
967 3406 1140 3456 donec
1173 3403 1320 3456 omni
1373 3403 1567 3457 anima:
1592 3405 1790 3473 quibus
1821 3405 1934 3474 ipse
1966 3423 2062 3460 no-

478 3497 557 3550 vit
601 3495 856 3550 remediis
885 3494 1154 3560 consulat,
1190 3505 1246 3550 et
1289 3495 1469 3550 omnis
1505 3495 1669 3551 Israel
1703 3497 1887 3554 salvus
1941 3500 2057 3554 fiat.

550 3631 601 3686 6.
648 3631 752 3686 Sed
791 3641 843 3686 et
881 3631 1026 3685 aliud
1076 3630 1206 3685 mihi
1253 3634 1494 3687 occurrit
1547 3632 1599 3688 in
1645 3631 1768 3688 loco
1815 3634 2061 3689 conside-

481 3729 621 3781 ranti
650 3725 835 3783 Jesuin
870 3725 1164 3798 fugientem
1193 3742 1219 3778 a
1253 3725 1394 3782 facie
1426 3727 1703 3783 exercitus
1734 3725 1872 3798 llay.
1917 3727 2057 3795 Quid

481 3831 639 3889 putas
671 3830 752 3874 est
793 3822 940 3890 quod
980 3818 1141 3875 Jesus
1190 3820 1400 3887 fugiens
1442 3821 1810 3891 designabat?
1859 3819 2058 3876 Videa-

480 3927 602 3965 tnus
628 3927 695 3966 ne
723 3911 861 3965 forte
885 3912 956 3966 sit
981 3912 1186 3980 aliquid
1211 3913 1353 3981 quod
1385 3912 1640 3980 fugiendo
1672 3915 1974 3980 vincamus,
2005 3923 2060 3968 et

480 4009 567 4056 est
599 4002 776 4070 aliqua
811 4001 1055 4070 perfecta
1085 4002 1259 4056 virtus
1291 4002 1340 4055 in
1371 4003 1519 4071 fuga.
1552 4003 1750 4058 Paulus
1789 4019 1888 4059 nos
1929 4019 2061 4073 apo-

481 4095 657 4149 stolus
698 4096 854 4148 docet
909 4095 1094 4150 dicens
1118 4095 1208 4148 7':
1255 4114 1270 4146 ι
1319 4095 1512 4163 Fugite
1555 4096 1989 4152 fornicatiOnetn.
2034 4114 2053 4148 ι

481 4176 650 4236 Vides
704 4195 835 4252 ergo
881 4196 1006 4236 esse
1064 4185 1352 4252 quemdam
1397 4183 1646 4253 spiritum
1680 4186 2060 4241 fornicationis

483 4288 648 4344 quem
690 4272 876 4343 fugere
927 4273 1209 4341 debemus,
1256 4275 1569 4346 quicunque
1610 4287 1761 4332 caste
1793 4286 1849 4332 et
1891 4278 1978 4347 pie
2006 4279 2058 4332 in

481 4365 698 4419 Christo
745 4379 808 4419 ac
859 4365 1058 4435 pudice
1105 4365 1351 4419 volumus
1394 4382 1736 4436 permanere.
1781 4367 1886 4422 lsta
1933 4385 2061 4440 ergo

486 4459 609 4529 fuga
634 4467 716 4511 est
742 4473 862 4528 qua:
894 4458 1057 4514 habet
1083 4459 1342 4525 salutem,
1377 4461 1477 4514 ista
1520 4460 1644 4532 fuga
1700 4462 1923 4516 virtutis
1949 4474 2055 4528 est,

484 4549 584 4603 ista
621 4550 740 4619 luga
774 4549 886 4621 (43)
918 4551 1310 4606 beatitudinem
1343 4553 1578 4609 confert.
1625 4552 1692 4608 Et
1733 4569 1838 4608 non
1881 4555 2055 4610 solum

485 4643 865 4701 fornicationis
894 4649 1118 4716 spiritus
1145 4647 1430 4718 fugiendus
1457 4657 1562 4714 est,
1588 4650 1682 4704 sed
1708 4649 1870 4704 simili
1899 4651 2057 4705 modo

483 4735 626 4790 sicut
658 4739 860 4794 dictum
904 4751 1011 4805 est,
1048 4761 1067 4793 ι
1107 4742 1277 4812 fugite
1329 4742 1771 4810 fornicationem,
1809 4763 1827 4795 ι
1869 4744 2057 4798 audia-

485 4842 607 4883 mus
652 4830 756 4884 dici
799 4833 864 4886 ad
911 4849 1039 4888 nos:
1077 4832 1268 4903 Fugite
1315 4834 1475 4900 iram,
1526 4834 1698 4902 fugite
1739 4835 2051 4901 avaritiam,

554 4971 602 5004 ⁷³
633 4970 650 5024 Ι
680 4972 873 5028 Thess.
935 4989 1005 5039 Iv,
1036 4975 1122 5034 M.
1156 4975 1242 5038 15,
1294 4975 1380 5029 l6.
1484 4975 1529 5006 ⁷³
1559 4975 1574 5027 1
1607 4973 1731 5028 Cor.
1770 4990 1859 5038 xv,
1893 4975 1984 5028 26.

2075 4974 2124 5006 ‘"
2151 4973 2265 5027 Jos.
2296 4990 2406 5028 vnt.
2435 4972 2527 5027 28.

2156 485 2503 556 Inaleloqnia.
2561 486 2691 552 Qua:
2738 494 2918 540 tamen
2963 485 3148 540 nescio
3194 484 3240 539 si
3299 486 3425 554 quis
3477 483 3720 554 effugiat,

2154 579 2339 632 nescio
2370 579 2414 632 si
2446 578 2570 647 quis
2601 577 2817 632 evadat.
2849 577 2958 632 Iste
2985 576 3107 630 talis
3151 585 3273 630 erat
3315 578 3592 631 exercitus
3624 579 3723 648 lla;

2153 685 2313 738 quem
2343 668 2505 725 Jesus
2538 669 2853 738 fugiendum
2903 667 3137 723 docebat
3171 669 3376 723 milites
3411 685 3563 732 suos,
3591 675 3725 724 etde

2155 762 2222 815 iis
2251 761 2482 817 fortasse
2517 761 2740 814 mandat
2786 761 3066 830 discipulis
3117 761 3234 816 suis
3277 761 3472 816 dicens
3497 761 3582 815 "z
3618 779 3638 812 ι
3674 763 3722 815 Si

2153 870 2252 910 vos
2321 863 2725 925 persequuntur
2799 853 2852 906 in
2941 853 3041 908 hac
3105 855 3365 919 civitate,
3441 854 3619 926 fugite
3679 856 3724 909 is

2156 952 2363 1018 aliam;
2413 952 2556 1022 quod
2600 950 2647 1005 si
2709 950 2759 1004 in
2809 950 2952 1016 alia,
3002 949 3168 1022 fugite
3211 954 3266 1006 in
3311 952 3480 1006 aliam
3539 953 3664 1020 (ιι).
3703 973 3720 1002 ι

2157 1043 2283 1098 Vult
2336 1045 2479 1100 enim
2546 1059 2645 1098 nos
2706 1043 2897 1112 fugere
2956 1045 3025 1098 ab
3090 1043 3399 1112 hujusmodi
3459 1045 3723 1108 hostibus,

2157 1138 2272 1192 vult
2317 1152 2416 1193 nos
2468 1136 2626 1206 longe
2669 1136 2806 1193 effici
2852 1138 2922 1192 ab
2972 1139 3281 1208 hujusmodi
3339 1137 3544 1192 malis:
3593 1150 3645 1192 et
3688 1140 3724 1191 si

2158 1235 2494 1305 potuerimus
2539 1232 2760 1286 interim
2803 1231 3041 1285 evadere
3083 1232 3278 1284 horum
3328 1230 3604 1284 malorum
3651 1229 3724 1283 fu-

2155 1327 2354 1398 giendo
2381 1326 2651 1395 contagia,
2687 1332 2816 1376 tunc
2847 1323 3096 1377 videntes
3123 1322 3506 1386 devotionem,
3539 1333 3592 1374 et
3617 1336 3725 1388 pro-

2157 1420 2395 1488 positum
2427 1419 2623 1471 mentis
2648 1427 2847 1470 nosme
2875 1421 3078 1470 sancta!
3097 1428 3326 1484 qumque
3352 1413 3608 1472 virtutes.
3633 1412 3720 1465 illa:

2157 1511 2387 1566 fortasse
2423 1511 2490 1565 de
2528 1510 2726 1580 quibus
2767 1507 2902 1563 dicit
2933 1507 3214 1577 apostolus
3266 1505 3471 1562 Paulus
3498 1507 3610 1578 (45)
3646 1511 3720 1559 ηε

2162 1625 2182 1658 ‹
2222 1605 2414 1660 Nonne
2441 1620 2630 1659 omnes
2669 1613 2799 1658 sunt
2831 1602 3220 1657 ministeriales
3252 1602 3481 1670 spiritus
3535 1604 3590 1657 in
3638 1607 3723 1656 mi-

2158 1697 2446 1752 nisterium
2511 1695 2658 1749 missi
2707 1705 2928 1765 propter
2971 1707 3064 1748 eos
3105 1693 3196 1761 qui
3246 1693 3721 1748 hereditatemca-

2158 1793 2314 1863 piunt
2340 1788 2580 1844 salutis?
2616 1807 2635 1840 ι
2687 1788 2780 1857 qui
2837 1789 3076 1843 fortasse
3118 1798 3247 1842 sunt
3303 1789 3482 1841 sancti
3526 1788 3719 1854 angeli:

2158 1883 2250 1952 qui
2277 1882 2524 1937 videntes
2551 1895 2649 1936 nos
2681 1880 3097 1936 insectationem
3129 1879 3441 1933 daemonum
3489 1881 3623 1949 pati,
3655 1882 3723 1935 ie-

2159 1984 2388 2047 surgunt
2412 1975 2675 2030 adversus
2702 1989 2797 2029 eos
2817 1973 2909 2043 qui
2940 1987 3039 2027 nos
3064 1971 3435 2034 insectantur,
3465 1984 3521 2026 et
3551 1989 3720 2030 omnes

2158 2084 2255 2125 eos
2298 2077 2418 2139 post
2461 2077 2668 2140 tergum
2703 2068 2978 2122 credentes
3013 2066 3357 2121 interimunt.
3395 2063 3556 2120 Jesus
3590 2068 3716 2120 enirn

2158 2173 2245 2218 est
2297 2179 2422 2218 cum
2477 2162 2547 2216 iis
2604 2162 2695 2232 qui
2751 2161 3140 2219 insectationes
3199 2163 3522 2232 patiuntur,
3570 2165 3719 2228 magis

2160 2271 2320 2325 quam
2357 2269 2477 2308 cum
2512 2253 2619 2308 illis
2655 2257 2747 2322 qui
2777 2264 3198 2324 persequuntur.
3240 2255 3306 2308 Et
3346 2256 3549 2308 merito
3575 2269 3717 2321 :qtna

2161 2350 2462 2403 delectatur
2490 2362 2610 2400 csse
2647 2343 2807 2400 Jesus
2841 2361 2964 2400 cum
2999 2347 3065 2401 iis
3095 2348 3190 2417 qui
3239 2348 3456 2418 fugiunt
3499 2346 3717 2402 forata-

2163 2442 2388 2504 tionem,
2442 2440 2533 2509 qui
2578 2438 2796 2510 fugiunt
2840 2437 2952 2510 (46)
3001 2441 3341 2510 superbiam,
3388 2441 3480 2509 qui
3537 2439 3720 2509 fugiunt

2160 2531 2366 2596 dolum,
2411 2537 2466 2585 et
2501 2530 2592 2600 qui
2632 2529 2848 2600 fugiunt
2873 2531 3236 2586 mendacium.
3291 2531 3352 2586 Si
3389 2546 3527 2602 ergo
3559 2534 3625 2584 ita
3655 2532 3720 2584 is-

2164 2623 2470 2696 telligamus
2508 2639 2570 2678 ea
2617 2637 2736 2692 qua}.
2759 2623 2962 2692 scripta
2999 2633 3148 2688 sunt,
3185 2624 3350 2696 digna
3400 2623 3628 2680 fortasse
3655 2626 3720 2676 vi-

2161 2715 2380 2770 debitur
2402 2713 2563 2769 lectio
2592 2712 2734 2784 stylo
2774 2712 3014 2783 Spiritus
3043 2714 3249 2768 sancti.
3281 2713 3421 2768 Nam
3452 2715 3582 2784 quid
3608 2716 3715 2767 mihi

2163 2811 2406 2880 prodest,
2453 2808 2497 2864 si
2537 2808 2707 2863 sciam
2751 2806 2893 2875 quod
2945 2807 2998 2861 in
3040 2809 3265 2877 gemino
3305 2807 3457 2878 Ifgno
3502 2824 3592 2862 rex
3623 2809 3714 2874 Ha;

2162 2915 2456 2970 suspensus
2492 2899 2620 2954 est?
2655 2898 2710 2953 Si
2743 2907 2927 2951 autem
2957 2896 3125 2950 sciam
3167 2897 3442 2965 duplicem
3472 2912 3590 2950 esse
3627 2897 3718 2945 vir-

2164 3003 2330 3048 tutem
2357 2991 2561 3054 crucis,
2613 2991 2669 3045 in
2696 3004 2804 3060 qua
2845 2998 2900 3044 et
2943 2987 3193 3042 Christus
3225 2989 3280 3042 in
3314 3003 3487 3043 carne
3517 3002 3710 3056 suspee-

2160 3086 2328 3152 ditur,
2355 3092 2412 3141 et
2437 3083 2687 3139 diabolus
2721 3099 2843 3138 cum
2890 3099 2988 3140 suo
3035 3083 3284 3138 exercitu
3343 3083 3714 3148 triumphatur,

2162 3194 2228 3233 ex
2263 3177 2615 3246 intelligentia
2649 3176 2975 3231 sacramenti
3001 3173 3365 3230 :edificabitur
3389 3174 3567 3228 anima
3593 3188 3710 3227 inea.

2163 3271 2232 3326 Et
2268 3282 2323 3326 ut
2351 3271 2526 3341 magis
2562 3270 2792 3324 fortasse
2822 3271 3000 3325 adhuc
3021 3268 3297 3323 excelsius
3328 3267 3712 3334 amplitudinem

2165 3362 2407 3435 mysterii
2442 3362 2756 3426 dilatemus,
2809 3360 2864 3414 in
2914 3361 3018 3416 hoc
3061 3359 3208 3429 ligno
3255 3359 3577 3428 intelligitur
3613 3373 3710 3411 esse

2163 3454 2390 3511 scientia
2423 3455 2548 3510 boni
2575 3464 2631 3509 et
2659 3453 2812 3521 mali,
2852 3453 2905 3508 in
2933 3468 3042 3524 quo
3074 3461 3130 3508 et
3168 3453 3344 3508 bonus
3374 3452 3636 3513 Christus,
3669 3461 3714 3504 et

2162 3547 2409 3604 diabolus
2465 3547 2643 3602 malus
2683 3546 2983 3616 pependit:
3033 3547 3129 3601 sed
3179 3545 3360 3601 malus
3415 3547 3625 3616 quidem
3666 3554 3712 3596 It

2164 3641 2440 3703 interiret,
2494 3640 2668 3695 bonus
2717 3653 2844 3694 vero
2876 3638 2988 3708 (47)
3040 3647 3100 3691 ut
3143 3638 3355 3692 viveret
3400 3654 3468 3692 ex
3519 3639 3709 3694 virtute.

2162 3733 2307 3788 sicut
2356 3742 2410 3786 et
2463 3731 2761 3801 Apostolus
2803 3731 2933 3784 dicit
2967 3731 3033 3785 de
3075 3729 3297 3785 Christo
3351 3729 3423 3794 ⁸⁸,
3466 3730 3587 3797 quia
3631 3736 3711 3777 tet

2165 3823 2458 3878 crucifixus
2498 3831 2589 3877 est.
2625 3837 2689 3877 ex
2739 3820 3076 3886 infirmitate,
3130 3821 3224 3875 sed
3284 3820 3512 3874 vivitex
3541 3820 3708 3871 virtute

2163 3918 2279 3973 Dei.
2323 3935 2342 3968 ι
2379 3917 2491 3971 lino
2522 3930 2630 3970 non
2663 3915 2834 3969 solum
2878 3926 2937 3969 ut
2966 3916 3134 3979 vivat,
3163 3913 3259 3968 sed
3303 3923 3366 3968 ut
3396 3924 3451 3967 et
3484 3910 3708 3972 viviﬁeet,

2162 4009 2287 4077 quia
2311 4009 2426 4075 ipse
2445 4015 2527 4061 est
2557 4023 2576 4056 ι
2613 4005 2941 4060 novissimus
2964 4005 3130 4058 Adam
3157 4004 3271 4074 (48)
3294 4005 3348 4058 in
3379 4004 3568 4073 spiritu
3596 4002 3706 4055 vivi-

2166 4097 2362 4150 ficante
2391 4096 2458 4150 δι.
2491 4115 2510 4147 ι
2541 4094 2646 4150 Sed
2676 4096 2790 4150 haec
2820 4097 3025 4164 tropice
3054 4096 3160 4150 dici
3199 4095 3549 4164 intelligenda
3584 4103 3705 4147 sunt.

2161 4189 2406 4244 Christus
2427 4187 2572 4244 enim
2605 4189 2720 4258 ipse
2745 4188 2943 4242 dicitur
2967 4188 3134 4242 arbor
3164 4189 3313 4241 vitaz.
3362 4188 3469 4242 Sed
3515 4189 3640 4240 sicut
3662 4187 3702 4237 in

2162 4279 2285 4333 aliis
2317 4279 2431 4348 ipse
2460 4293 2582 4332 esse
2617 4278 2928 4332 ostenditur
2957 4287 3012 4332 et
3042 4278 3329 4338 sacerdos,
3358 4286 3416 4329 et
3451 4276 3636 4336 hostia.
3663 4281 3706 4324 et

2162 4372 2357 4436 altare,
2417 4379 2471 4426 et
2517 4385 2623 4425 non
2671 4385 2740 4425 ex
2793 4370 2961 4424 altera
3030 4368 3391 4438 intelligentia
3451 4367 3705 4438 impeditur

2165 4463 2356 4528 altera,
2402 4462 2493 4517 sed
2549 4462 2753 4531 tropice
2813 4463 2882 4516 de
2925 4459 3042 4531 ipso
3096 4461 3147 4515 in
3194 4461 3315 4516 suis
3363 4462 3500 4515 locis
3542 4474 3704 4514 unan-

2163 4556 2416 4626 quodque
2444 4554 2672 4608 sentitur
2702 4567 2718 4608 :
2766 4554 2840 4607 ita
2870 4554 3033 4606 etiam
3064 4568 3207 4608 nunc
3243 4553 3299 4606 in
3331 4553 3521 4623 figuris
3552 4566 3704 4605 saera-

2167 4657 2468 4702 mentornm
2530 4663 2635 4700 non
2709 4646 2969 4716 impediet
3035 4646 3102 4700 de
3148 4661 3262 4700 uno
3330 4657 3492 4716 atque
3544 4646 3702 4700 eodem

2167 4751 2379 4809 Sumpta
2409 4739 2699 4794 diversitas
2723 4755 3102 4810 personarum.

2229 4833 2285 4886 7.
2327 4831 2432 4889 Sed
2478 4833 2758 4887 videamus
2797 4832 2926 4900 quid
2967 4830 3130 4885 etiam
3174 4830 3228 4885 in
3275 4829 3702 4899 consequentibus

2637 4973 2684 5005 ⁷⁸
2735 4971 2922 5026 Matth.
2975 4987 3100 5039 xxv,
3151 4972 3244 5025 3L
3361 4974 3408 5003 "
3452 4966 3695 5032 ibid.,ll.

484 5039 530 5076 "
557 5042 576 5098 Ι
602 5044 726 5098 Cor.
759 5059 832 5107 vt,
867 5045 953 5098 l8.-
1026 5044 1072 5076 ⁷⁸
1090 5045 1276 5100 Matth.
1303 5045 1464 5109 x,23.
1539 5047 1586 5078 ⁷³
1622 5045 1787 5100 Hebr.
1818 5061 1857 5114 ι,
1895 5045 1980 5100 14.

2165 5080 2168 5098 ι
2206 5044 2334 5098 Cor.
2376 5061 2494 5106 xm,
2527 5045 2616 5099 45.
2691 5043 2736 5075 ⁸¹
2773 5042 2944 5113 |_Cor.
2975 5059 3063 5111 xv,
3100 5043 3188 5097 45.

555 5179 668 5248 (39)
699 5178 869 5240 Alias,
904 5197 921 5228 ο
951 5178 1276 5248 quicunque.
1307 5198 1325 5229 ι

484 5322 519 5376 b
558 5249 668 5320 (to)
708 5250 1102 5305 Getueticensis
1155 5262 1207 5304 et
1252 5264 1390 5303 unus
1442 5249 1814 5316 Ebroicensis,
1856 5268 1874 5302 ι
1903 5251 2052 5306 vide-

524 5333 687 5374 llllllll‘
739 5340 757 5373 ο

524 5333 687 5374 ιιιιιιιτ
739 5340 757 5373 ο

543 5393 655 5462 (Η)
683 5390 884 5446 Omnes
939 5404 1094 5456 mss.,
1135 5409 1154 5442 ι
1182 5405 1211 5443 a
1243 5389 1401 5446 Patre
1449 5407 1588 5446 meo.
1617 5411 1636 5444 ι
1672 5389 1830 5448 Libb.
1879 5393 2037 5454 editi,

492 5481 511 5516 ι
534 5465 600 5516 ab
629 5465 836 5528 urigine
870 5462 1073 5514 mundi.
1095 5481 1115 5514 ι

559 5533 669 5604 με)
719 5535 900 5587 Codex
943 5530 1232 5597 Gemetic.,
1278 5531 1394 5586 «ite
1446 5530 1500 5584 in
1557 5535 1856 5599 gehennam
1909 5533 2049 5601 ignis

488 5617 644 5672 quem
683 5604 1023 5672 praeparavit.
1052 5621 1072 5654 ι

561 5672 672 5742 (43)
715 5671 886 5740 Fuga.
943 5672 1103 5726 Deest
1164 5673 1216 5726 in
1274 5671 1405 5726 libb.
1465 5682 1621 5728 antea
1677 5673 1894 5740 editis;
1957 5673 2050 5728 sed

489 5751 668 5814 esstat
695 5745 747 5814 in
781 5745 969 5798 codice
1003 5744 1484 5814 Sangermauensi.

560 5812 673 5878 (Η)
716 5813 869 5881 Quod
897 5814 1022 5869 siin
1055 5812 1184 5883 alia,
1221 5814 1384 5886 fugite
1409 5816 1461 5870 in
1489 5814 1672 5870 aliam.
1715 5812 1840 5872 [an
1869 5815 2036 5873 etiam

2159 5181 2352 5233 desunt
2382 5178 2434 5231 in
2465 5176 2622 5231 libris
2655 5177 2838 5243 editis,
2877 5174 2970 5230 sed
3021 5175 3277 5246 leguntur
3317 5177 3369 5231 in
3411 5175 3696 5244 Sangcrna-

2160 5250 2314 5304 ncnsi
2347 5258 2400 5301 et
2433 5263 2538 5300 uno
2570 5248 2834 5302 Ebroicen
2870 5249 2907 5299 i.

2229 5320 2342 5390 (45)
2385 5316 2610 5390 Paulus.
2645 5318 2804 5373 Deest
2832 5319 2885 5372 in
2922 5317 3053 5374 libb.
3090 5318 3277 5383 editis,
3307 5326 3479 5372 exstat
3507 5329 3618 5368 vero
3647 5314 3690 5364 in

2157 5389 2632 5456 Saugermanensi.

2227 5462 2340 5529 (lli)
2385 5457 2835 5522 (fornicationem,
2898 5459 2985 5526 qui
3039 5458 3275 5528 fugiunt.
3342 5458 3462 5512 flare
3505 5468 3688 5524 quoque

2157 5533 2353 5586 desunt
2408 5531 2460 5580 in
2502 5530 2653 5601 libris
2692 5530 2875 5594 editis,
2928 5533 3022 5584 sed
3067 5533 3327 5601 leguntur
3381 5532 3430 5582 in
3472 5529 3688 5582 omnibus

2161 5599 2565 5666 tnanuscriptis.
2652 5616 2671 5626 θ

2232 5671 2345 5744 (47)
2389 5665 2515 5725 Mss.
2577 5669 2863 5744 Sangerm.
2905 5682 2956 5724 et
2989 5669 3281 5732 Gemetic.,
3317 5689 3338 5724 ι
3372 5669 3557 5724 malum
3583 5665 3686 5733 qui-

2163 5740 2306 5806 dem,
2330 5740 2398 5795 ut
2430 5742 2704 5801 interiret,
2737 5740 2937 5794 bonum
2969 5757 3117 5802 vero,
3155 5761 3174 5794 ι
3208 5754 3317 5795 etc.

2232 5816 2344 5884 (48)
2385 5811 2786 5870 Getneticensis
2825 5829 2845 5864 ι
2888 5814 2940 5867 in
2965 5814 3220 5882 spiritum
3252 5813 3607 5868 vivificantem.
3641 5822 3660 5857 ο
