3874 6506
112 336 167 392 ες
1084 318 1150 374 IN
1183 318 1445 375 LIBRUM
1472 316 1633 375 JESU

1746 316 1855 374 ΝΕ
1882 318 2170 378 ιιοιιιιιΑ
2202 321 2266 376 IX
2280 363 2292 377 .

3212 328 3317 385 870

111 450 321 509 cribilttt’
356 457 371 497 :
406 458 426 495 ι
461 440 527 498 Et
553 451 967 513 percusserunt,
1014 444 1189 514 inquit
1211 446 1277 505 ⁸⁸.
1320 459 1415 500 eos
1458 444 1512 499 in
1545 457 1640 498 ore
1668 448 1714 503 Α
1746 445 1957 511 rando;
2003 446 2119 502 sive
2165 444 2443 503 civitatem
2477 446 2690 504 Domini
2744 449 3168 523 uniuscujusque
3212 469 3313 509 nov

111 546 250 616 ;\adii,
303 551 588 607 usquequo
648 553 757 593 non
812 542 1215 610 relinqueretur
1272 554 1337 593 ex
1401 540 1480 594 eis
1540 539 1631 607 qui

111 639 251 691 ulvas
281 632 447 693 fieret,
477 644 649 701 neque
676 632 768 701 qui
801 631 1120 703 effugeret.»
1155 632 1278 687 Haec
1302 648 1426 686 eum
1451 632 1635 703 legunt

111 726 262 789 iudazi,
294 721 538 778 crudeles
553 722 884 789 efficiuntur,
912 736 966 779 et
989 726 1283 780 humanum
1315 726 1633 795 sanguinem

115 816 698 887 itiunt(49),putantes
747 818 873 888 quia
924 829 980 873 et
1028 820 1200 873 sancti
1247 820 1317 872 ita
1351 835 1635 890 percusse—

114 922 200 967 uut
229 925 321 965 eos
356 909 446 977 qui
475 909 795 965 habitabant
824 910 964 982 Hay,
996 922 1056 966 ut
1088 928 1191 967 non
1234 912 1637 982 relinqueretur

118 1010 147 1061 ιι
179 1005 238 1059 iis
268 1001 354 1073 qui
390 1001 571 1057 salvus
600 1003 776 1070 fieret,
812 1019 988 1074 neque
1028 1005 1117 1074 qui
1167 1004 1433 1076 effugeret
1463 1023 1477 1059 :
1528 1021 1633 1060 non

111 1095 435 1163 intelligentes
484 1094 539 1149 in
585 1094 652 1150 iis
699 1096 879 1151 verbis
911 1096 1223 1153 adumbrari
1259 1098 1539 1170 mysteria,
1583 1107 1637 1154 et

116 1204 173 1241 oc
228 1185 379 1240 nobis
434 1187 607 1255 magis
653 1187 908 1250 indicari.
959 1190 1104 1259 quod
1155 1206 1221 1245 ex
1283 1190 1351 1246 iis
1405 1206 1633 1261 quorum

112 1283 233 1334 haos
268 1287 349 1332 est
380 1278 765 1346 habitaculum,
797 1291 851 1336 et
882 1283 972 1351 qui
1004 1292 1303 1353 regnarunt
1334 1285 1386 1338 in
1415 1284 1633 1355 abysso,

112 1372 419 1438 a’monibus,
474 1371 675 1426 nullum
725 1375 939 1444 penitus
999 1375 1309 1446 relinquere
1350 1378 1633 1447 debemus,

112 1467 160 1520 ad
209 1480 396 1520 omnes
448 1465 781 1520 interimere.
846 1466 1214 1525 lnterimimus
1270 1478 1452 1525 autent
1521 1472 1633 1526 dae-

111 1572 267 1620 tones,
312 1572 419 1612 non
487 1559 656 1629 ipsam
715 1574 902 1613 eorum
952 1561 1311 1617 substantiam
1366 1563 1635 1633 perimen-

111 1666 145 1704 ιε
192 1667 205 1703 :
246 1648 341 1703 sed
398 1650 521 1717 quia
562 1665 697 1719 opus
751 1667 939 1708 eorum
984 1666 1047 1706 ac
1090 1654 1326 1708 studium
1376 1656 1478 1712 hoc
1512 1666 1632 1720 est,

112 1754 126 1796 ι
152 1756 377 1812 peccare
402 1742 653 1798 homines
684 1743 912 1810 faciant,
938 1754 991 1799 et
1024 1747 1139 1801 haec
1161 1756 1245 1802 est
1274 1748 1490 1803 illorum
1522 1751 1631 1804 vita

134 1849 225 1889 nos
249 1848 563 1903 peccemus.
593 1834 710 1889 sine
751 1835 916 1891 dubio
950 1837 1207 1893 interitus
1243 1855 1432 1895 eorum
1472 1852 1557 1897 est
1587 1844 1630 1897 si

112 1943 164 1981 an
206 1940 517 1995 peccemus.
558 1926 898 1984 lnterficiunt
945 1944 1076 2001 ergo
1128 1931 1465 1989 habitatores
1514 1934 1632 2008 llay

112 2018 227 2072 uncti
252 2018 479 2086 quique,
509 2027 564 2073 et
595 2020 887 2088 perimunt,
924 2032 977 2076 et
1012 2037 1115 2076 non
1153 2023 1435 2079 dimittunt
1462 2041 1527 2080 ex
1554 2026 1634 2082 eis

120 2111 221 2164 lum
250 2128 264 2164 :
297 2109 332 2163 ii
370 2111 492 2166 sine
513 2112 682 2166 dubio
725 2112 854 2186 (50)
885 2115 973 2184 qui
1011 2132 1132 2171 cum
1165 2119 1312 2173 omni
1352 2119 1633 2191 diligentia

111 2212 273 2257 :rvaut
301 2218 464 2257 suum
493 2219 606 2270 cor,
634 2222 701 2261 ne
736 2208 800 2261 de
830 2222 895 2261 eo
929 2209 1290 2279 cogitationes
1316 2212 1472 2267 mala:
1504 2230 1634 2284 pro-

111 2294 289 2358 edant;
323 2294 424 2349 sed
469 2304 523 2349 et
569 2295 659 2364 qui
697 2295 1000 2351 observant
1041 2314 1101 2352 os
1138 2314 1320 2365 suum,
1365 2311 1426 2355 ut
1455 2303 1632 2357 omnis

111 2401 235 2439 ermo
283 2386 467 2442 malus
510 2403 616 2440 non
662 2391 918 2456 procedat
944 2406 1009 2444 ex
1050 2407 1146 2447 ore
1171 2408 1381 2448 eorum.
1410 2393 1522 2449 Hoc
1549 2405 1633 2450 est

112 2494 159 2531 )tt
203 2476 519 2547 relinquere
566 2479 733 2533 ullum
789 2482 879 2551 qui
931 2482 1176 2554 effugiat,
1225 2500 1348 2540 cum
1398 2503 1491 2543 eos
1533 2503 1633 2543 nec

112 2586 232 2625 armo
258 2569 458 2641 effugit
498 2573 689 2627 malus.
727 2575 884 2643 Agite
922 2592 1051 2644 ergo
1098 2588 1153 2633 et
1202 2594 1317 2645 vos,
1362 2596 1633 2651 praepare-

113 2680 173 2718 us
226 2678 325 2718 nos
378 2666 447 2718 ad
485 2664 796 2735 hujusmodi
846 2668 1058 2737 prmlia,
1102 2672 1471 2738 percutiamus
1519 2672 1633 2746 Hay

148 2773 241 2812 ore
286 2757 483 2829 gladii,
529 2769 584 2814 et
626 2760 1039 2832 exstinguamus
1083 2778 1274 2818 omnes
1321 2766 1633 2824 habitantes

111 2868 242 2916 tat-s,
275 2866 475 2906 omnes
524 2852 832 2908 contrarias
884 2854 1133 2909 virtutes.
1180 2855 1396 2912 Utinam
1436 2870 1491 2914 et
1531 2875 1633 2932 ego

112 2948 210 3001 odo
240 2947 369 3002 dum
408 2946 601 3016 loquor
642 2946 708 3000 ad
755 2962 851 3003 vos
889 2950 1114 3003 verbum
1154 2950 1272 3014 Dei,
1303 2966 1398 3005 cor
1439 2966 1634 3021 pecca-

117 3039 184 3091 ris
216 3039 440 3107 pulsare
476 3038 711 3108 possim!
752 3039 904 3106 Quod
952 3041 997 3094 si
1047 3042 1248 3107 fecero,
1295 3053 1502 3097 certum
1550 3054 1633 3099 est

1737 545 1909 592 strum
1937 539 2171 593 animam
2201 539 2593 610 intelligamus,
2646 558 2769 613 quas
2812 542 3115 599 aedificatur
3142 561 3173 599 a
3204 548 3312 602 ι)οο

1738 628 1886 683 mino
1916 644 1981 685 ex
2001 629 2268 701 lapidibus
2288 632 2445 698 vivis,
2482 633 2534 689 id
2570 645 2654 690 est
2689 651 2757 690 ex
2802 636 3099 692 virtutibus
3142 639 3312 695 variis

1735 732 1790 776 et
1852 723 2137 778 diversis:
2196 724 2264 779 de
2332 726 2448 794 ipsa
2502 742 2720 798 quoque
2798 730 3020 785 civitate
3092 743 3317 785 sanctus

1736 816 1967 885 quisque
2002 824 2057 871 et
2082 814 2316 886 diligens
2346 816 2497 885 ejicit
2539 830 2859 890 peccatores
2892 840 2907 877 :
2944 824 2997 878 id
3037 833 3117 879 est
3164 825 3317 893 cogi-

1738 908 1976 963 tationes
2027 910 2317 978 pessimas,
2356 921 2409 965 et
2441 912 2772 981 cupiditates
2817 929 3015 983 pravas
3058 916 3317 972 interficit

1738 999 1851 1068 (5‘2)
1883 999 1935 1054 in
1965 1000 2258 1055 matutino.
2302 1000 2493 1056 Justus
2524 1002 2668 1057 enim
2712 1003 2847 1057 dicit
2874 1005 2958 1059 ³⁵ε
2995 1023 3013 1057 ι
3052 1004 3111 1060 ln
3142 1018 3317 1059 matu-

1740 1092 1871 1147 tinis
1922 1093 2231 1147 meditabar
2292 1094 2440 1167 (53)
2496 1096 2548 1149 in
2593 1103 2666 1159 te,
2712 1098 2839 1165 quia
2891 1096 3041 1152 fuisti
3099 1099 3317 1169 adjutor

1737 1200 1911 1241 meus.
1943 1203 1962 1237 ι
2002 1184 2156 1253 Quod
2195 1196 2278 1242 est
2321 1187 2465 1242 istud
2507 1190 2864 1256 matutinum,
2911 1191 3015 1246 nisi
3059 1192 3317 1248 Dominus

1737 1287 1924 1332 noster
1951 1277 2110 1334 Jesus
2128 1280 2405 1346 Christus,
2440 1280 2539 1349 qui
2563 1290 2649 1336 est
2678 1282 2767 1336 lux
2794 1297 2943 1347 vera,
2975 1295 3030 1337 et
3058 1285 3316 1339 exoriens

1739 1373 1790 1425 in
1835 1372 2094 1428 cordibus
2144 1374 2380 1436 nostris,
2429 1383 2596 1444 atque
2645 1374 2959 1431 illuminans
2996 1375 3320 1447 ignorantiae

1738 1472 1937 1517 nostrae
1971 1464 2250 1528 tenebras,
2295 1473 2351 1519 et
2384 1464 2692 1533 huiusmodi
2726 1467 2882 1522 nobis
2916 1467 3172 1538 mySteria
3230 1482 3317 1520 re-

1737 1553 1949 1619 velatis,
1987 1555 2120 1611 facit
2153 1572 2254 1612 nos
2294 1557 2347 1611 in
2379 1556 2584 1612 lumine
2622 1572 2723 1613 suo
2768 1558 2948 1613 lumen
2992 1559 3223 1613 videre?
3260 1558 3317 1613 Si

1738 1650 1955 1715 quando
1996 1663 2127 1718 ergo
2163 1649 2301 1719 legis
2354 1650 2408 1703 in
2465 1650 2766 1719 Scripturis
2791 1652 2998 1706 sanctis
3036 1651 3309 1720 justortun

1738 1755 1972 1810 pugnas,
2017 1742 2193 1797 caades
2242 1757 2306 1798 ac
2356 1753 2567 1814 strages
2606 1744 3085 1815 interemptorum,
3111 1756 3164 1800 et
3189 1746 3315 1815 quia

1737 1834 1910 1889 sancti
1941 1834 2103 1890 nullis
2128 1838 2347 1906 penitus
2374 1837 2626 1892 hostibus
2653 1837 2766 1909 (54)
2794 1849 3046 1908 parcunt,
3071 1842 3318 1910 quinimo

1736 1927 1861 1983 etsi
1891 1930 2266 1999 pepercerint,
2318 1931 2563 1999 reputari
2614 1929 2697 1985 eis
2736 1929 2791 1985 in
2841 1941 3146 2000 peccatum,
3175 1934 3319 1988 sicut

1738 2033 2053 2091 reputatum
2098 2033 2183 2079 est
2215 2023 2392 2088 Sauli,
2420 2026 2511 2093 qui
2542 2025 2723 2081 vivum
2762 2037 3139 2083 reservaverat
3168 2027 3319 2099 Agag

1737 2129 1921 2185 regem
1948 2113 2174 2170 Amalec
2197 2114 2266 2180 ⁸⁵,
2300 2115 2403 2170 hoc
2430 2117 2590 2171 modo
2614 2132 2724 2186 quo
2750 2132 2914 2187 supra
2944 2119 3318 2186 exposuimus.

1735 2205 1976 2276 intellige
2017 2204 2159 2261 bella
2193 2204 2491 2275 iustorum,
2517 2208 2644 2279 quia
2671 2207 2786 2264 hate
2831 2208 2969 2263 bella
3018 2209 3086 2263 ab
3116 2211 3196 2264 eis
3222 2211 3320 2264 ad-

1732 2314 1952 2356 versum
2005 2310 2294 2372 peccatum
2324 2310 2613 2372 geruntur.
2653 2302 2935 2369 Quomodo
2975 2313 3156 2357 autem
3201 2321 3311 2358 ma-

1734 2390 1939 2447 nebunt
1959 2391 2113 2460 justi,
2147 2394 2191 2447 si
2224 2392 2307 2449 vel
2339 2408 2529 2463 parum
2556 2392 2759 2461 aliquid
2787 2393 2998 2461 peccati
3028 2393 3080 2447 in
3111 2402 3317 2449 semet-

1736 2484 1866 2554 ipsis
1911 2485 2363 2541 reservaverint?
2412 2485 2480 2539 Et
2522 2486 2644 2540 ideo
2697 2485 2900 2539 dicitur
2946 2485 3013 2539 de
3061 2484 3157 2550 eis,
3187 2485 3315 2556 quia

1735 2591 1844 2629 non
1895 2575 2239 2646 reliquerunt
2288 2592 2390 2632 nec
2436 2592 2600 2630 unum
2651 2576 2743 2645 qui
2792 2575 2982 2631 salvus
3031 2577 3208 2641 fieret,
3251 2592 3320 2631 ne

1734 2662 2025 2735 effugeret.
2076 2666 2338 2723 Fortasse
2388 2680 2494 2721 non
2540 2665 2671 2719 mihi
2703 2666 2912 2731 credes,
2946 2667 3089 2735 quod
3121 2666 3319 2721 adver-

1738 2770 1856 2810 sum
1914 2765 2199 2825 peccatum
2270 2757 2429 2813 nobis
2492 2757 2796 2828 injungitur
2848 2772 3082 2829 pugna:
3150 2756 3321 2813 Paulo

1736 2851 1898 2903 crede
1945 2850 2150 2906 dicenti
2184 2851 2230 2883 ³⁸
2261 2869 2276 2906 :
2308 2870 2327 2904 ι
2366 2850 2615 2906 Nondum
2666 2866 2837 2921 usque
2883 2852 2951 2905 ad
3001 2853 3318 2922 sanguinem

1736 2941 2017 2995 restitistis
2045 2942 2335 2998 adversum
2367 2953 2681 3014 peceatmn.
2716 2962 2736 2997 ι
2787 2943 2955 2999 Vides
2985 2943 3082 2998 tibi
3124 2945 3320 2999 adver-

1736 3050 1852 3087 sum
1883 3047 2163 3103 peccatum
2196 3051 2433 3109 pugnam
2470 3037 2744 3108 proponi,‘
2764 3046 2820 3091 et
2865 3051 3038 3106 usque
3075 3035 3143 3091 ad
3191 3051 3321 3091 san-

112 3129 192 3183 md
245 3129 435 3199 gladio
483 3130 594 3184 oris
648 3130 750 3183 mei
805 3131 1107 3198 percutiam
1166 3130 1586 3186 fornicationem
1611 3172 1625 3195 ,
1660 3147 1701 3203 ρ
1739 3126 1919 3195 guinis
1942 3127 2317 3197 profusionem
2342 3130 2483 3185 istud
2519 3130 2614 3184 tibi
2644 3129 2893 3199 praelium
2928 3144 3318 3185 consumman-

121 3223 349 3275 rcutiam
400 3221 681 3286 malitiam,
719 3223 1013 3291 reprimam
1052 3222 1314 3290 furorem,
1356 3235 1409 3278 et
1456 3223 1631 3293 siqua

111 3314 151 3365 ia
188 3322 317 3366 sunt
343 3312 489 3367 mala
526 3314 577 3366 in
615 3329 713 3368 ore
755 3315 944 3385 gladii,
985 3314 1036 3369 id
1069 3327 1154 3371 est
1193 3316 1305 3369 oris
1345 3316 1470 3379 mei,
1519 3317 1633 3386 oris

111 3406 149 3461 ei
177 3420 442 3462 sermone
467 3408 810 3478 exstinguam
841 3409 983 3479 (51),
1018 3418 1073 3463 et
1104 3423 1207 3462 non
1236 3408 1539 3477 relinquam
1569 3425 1633 3463 ex

111 3516 123 3554 ι
167 3500 256 3570 qui
320 3500 511 3555 salvus
561 3500 676 3566 fiat,
728 3516 902 3570 neque
939 3502 1030 3569 qui
1082 3499 1324 3569 effugiat.
1388 3500 1446 3556 Si
1487 3501 1631 3555 enim

117 3608 229 3647 mes
264 3594 369 3649 hos
403 3594 588 3647 hostes
621 3603 838 3647 nostros
864 3594 1314 3658 exstinxerimus,
1353 3603 1478 3649 tunc
1508 3609 1635 3649 vere

112 3702 181 3739 :m
220 3686 426 3741 festum
461 3684 863 3741 celebrabimus
894 3686 1025 3751 Deo,
1059 3695 1109 3741 et
1154 3686 1394 3742 devictis
1435 3687 1631 3742 adver-

111 3782 202 3836 riis
260 3781 387 3835 laeta
432 3781 780 3836 solemnitate
834 3782 1213 3852 gaudebimus.
1256 3778 1387 3835 Tale
1428 3780 1633 3851 aliquid

112 3874 171 3928 hi
222 3875 449 3930 videtur
493 3873 661 3946 ἤιε
715 3876 880 3929 etiam
926 3888 955 3926 a
1003 3882 1200 3927 Sancto
1249 3871 1520 3940 Propheta
1575 3871 1631 3927 in

113 3967 267 4024 almis
323 3969 633 4038 designari,
681 3968 769 4021 ubi
813 3966 946 4021 dicit
994 3966 1062 4019 de
1111 3979 1170 4019 se
1216 3964 1295 4030 ⁸³,
1361 3964 1488 4036 quia
1524 3984 1543 4017 ι
1579 3965 1630 4020 iu

112 4062 325 4117 ttutiuis
383 4061 781 4116 interficiebam
840 4074 1031 4113 omnes
1078 4066 1396 4127 peccatores
1449 4068 1629 4124 terrm,

124 4154 449 4224 disperdam
504 4154 571 4208 de
612 4152 842 4207 civitate
875 4151 1089 4205 Dotniui
1138 4164 1330 4205 omnes
1366 4150 1458 4221 qui
1503 4166 1634 4219 ope-

111 4257 231 4300 ntur
277 4246 656 4316 iniquitatem.
707 4264 726 4298 )
798 4243 925 4297 Sive
978 4243 1122 4297 enim
1169 4243 1367 4297 civitas
1414 4242 1631 4295 Domini

115 4340 281 4395 clesia
315 4340 417 4395 Dei
452 4339 687 4393 viventis
716 4338 1004 4407 accipitur,
1029 4335 1258 4405 ejiciunt
1285 4336 1537 4391 doctores
1567 4333 1633 4388 de

111 4436 304 4501 clesia,
353 4448 415 4489 et
464 4433 802 4488 interficiunt
840 4447 934 4486 eos
964 4433 1056 4501 qui
1082 4440 1381 4498 operantur
1430 4429 1631 4497 iniqui-

116 4548 223 4595 em,
260 4530 579 4585 contrarios
606 4530 884 4583 daemones
913 4526 1371 4594 adversariasque
1395 4523 1628 4576 virtutes
1661 4516 1705 4572 ι)

112 4624 123 4676 i
161 4632 373 4693 cogunt
423 4623 673 4677 homines
697 4622 763 4675 ad
805 4630 1114 4691 peccatum,
1150 4617 1418 4679 docendo,
1473 4615 1629 4669 insti-

112 4716 261 4780 mdo,
326 4724 391 4769 et
438 4712 711 4769 occultata
762 4712 815 4765 in
859 4711 1059 4765 divinis
1105 4708 1305 4764 litteris
1354 4722 1420 4762 ex
1484 4705 1627 4761 locis

112 4814 231 4867 ibus
276 4813 340 4867 in
387 4810 640 4881 qualibus
693 4824 837 4863 nunc
885 4822 1110 4872 sumus,
1164 4805 1427 4878 mysteria
1479 4819 1628 4859 rese-

112 4958 145 4988 "
177 4955 298 5011 Jos.
332 4968 457 5015 vrtt,
481 4952 573 5005 2‘2.
647 4950 693 4982 ⁸³
715 4949 859 5008 Psal.
885 4966 958 5017 c1,
988 4949 1043 5005 8.
1118 4948 1165 4981 ⁸⁸
1194 4947 1342 5004 Psal.
1368 4962 1525 5012 ιιιιιι,
1556 4946 1609 5011 6,
1636 4947 1689 5003 7.

112 5048 225 5116 ieg.
264 5060 428 5112 xvttt,
466 5044 551 5097 Π.

111 5187 216 5270 id?)
261 5184 451 5241 Codex
502 5182 789 5253 Sangertn.
834 5200 853 5233 ι
902 5180 1114 5236 sitiunt.
1159 5198 1177 5232 ι
1232 5177 1390 5233 Libb.
1443 5178 1623 5235 editi:

122 5268 371 5312 utentes.
404 5275 423 5308 ›

111 5331 217 5410 βυ)
256 5328 405 5410 .hlss.
445 5345 464 5379 ι
504 5325 540 5381 ii
588 5323 709 5381 sine
753 5323 935 5378 dubio.
988 5341 1007 5374 ι
1063 5320 1224 5376 Libb.
1279 5319 1450 5374 editi:
1514 5338 1531 5372 ι
1580 5320 1626 5375 si

506 5468 800 5537 Sangerm.
861 5483 881 5516 ι
943 5462 1310 5531 exstinguam.
1378 5480 1397 5515 ι
1462 5461 1621 5518 Libb.

126 5546 161 5595 Ii
208 5562 228 5592 ι
260 5541 631 5609 restinguatu.
660 5558 679 5591 ι

111 5614 217 5684 ξὸὲ)
268 5612 405 5684 Mss.
436 5603 957 5684 t'itttet‘ﬁcit._iLi_bb.
986 5605 1147 5684 editi,
1174 5622 1201 5684 ,ι
1246 5603 1560 5684 interficiet.
1602 5621 1621 5655 ι

267 5682 564 5752 Sangcrtn.
600 5699 619 5734 ι
652 5678 978 5735 meditabar.
1011 5695 1029 5728 ι
1063 5675 1227 5731 Libb.
1260 5676 1417 5741 edtti,
1454 5692 1476 5728 ι
1514 5690 1629 5730 mc-

111 5759 445 5890 igzirid’em,
500 5842 518 5877 t
572 5820 734 5881 nullis
801 5820 1016 5891 penitus
1070 5818 1335 5876 hostibus.
1384 5836 1402 5871 ι
1458 5813 1623 5875 Libb.

1737 3220 1911 3274 dum?
1958 3220 2066 3274 Aut
2121 3238 2226 3277 non
2278 3223 2559 3278 evidenter
2602 3224 2718 3278 hac
2767 3223 2975 3277 indicat
3029 3221 3315 3290 Scriptura

1735 3312 1943 3377 divina,
1986 3323 2043 3368 et
2088 3315 2140 3367 in
2174 3315 2239 3369 iis
2282 3316 2335 3369 in
2372 3315 2573 3385 quibus
2615 3314 2785 3370 moris
2815 3323 2898 3370 est
2926 3314 2975 3369 ei
3013 3314 3197 3369 dicere
3228 3314 3271 3346 ⁸⁷
3297 3331 3316 3370 :

1740 3425 1758 3458 ι
1797 3403 2147 3461 Sanctificate
2165 3404 2399 3471 bellum;
2429 3425 2448 3457 ι
2487 3404 2925 3476 et,tPuguabitis
2946 3404 3061 3476 (55)
3082 3419 3318 3475 pugnam

1736 3499 1947 3555 Domini
1980 3500 2004 3554 ?
2032 3519 2053 3552 ι
2097 3499 2236 3567 Quid
2261 3498 2409 3553 enim
2434 3498 2583 3553 aliud
2608 3511 2691 3553 est
2713 3498 3058 3553 sanctificare
3086 3497 3310 3562 bellum,

1736 3591 1844 3645 nisi
1879 3592 2220 3661 interemptis
2269 3590 2523 3646 omnibus
2558 3590 2753 3644 anima:
2797 3599 2999 3643 nostrte
3040 3590 3312 3655 hostibus,

1734 3683 1828 3754 qui
1855 3692 1984 3739 sunt
2016 3683 2147 3738 vitia
2185 3691 2558 3754 peccatorum,
2589 3692 2646 3737 et
2669 3680 3012 3736 mortificatis
3055 3680 3317 3735 membris

1733 3792 1853 3848 qua:
1885 3785 2011 3832 sunt
2054 3792 2218 3848 super
2254 3786 2456 3831 terram
2491 3788 2655 3847 atque
2686 3775 2939 3832 omnibus
2971 3773 3127 3827 malis
3164 3773 3316 3842 cupi-

1733 3870 1998 3926 ditatibus
2068 3870 2399 3941 amputatis,
2459 3867 2598 3924 eflici
2653 3877 2900 3923 sanctum
2967 3880 3199 3936 corpore
3261 3875 3317 3921 et

1734 3963 1952 4033 spiritu,
1975 3972 2032 4018 et
2066 3962 2282 4019 fortiter
2326 3962 2613 4018 facientem
2648 3961 2839 4016 venire
2867 3958 2934 4013 ad
2966 3966 3313 4029 conspectum

1737 4058 1828 4112 Dei
1867 4057 2125 4119 viventis,
2157 4066 2212 4110 et
2235 4070 2333 4125 pro
2362 4055 2542 4124 palma
2584 4053 2830 4110 victoria:
2858 4052 3077 4106 virtutis
3121 4054 3316 4105 merito

1735 4147 1985 4202 coronari
2030 4164 2060 4202 a
2106 4148 2326 4203 Christo
2370 4145 2497 4202 Jesu
2547 4146 2775 4201 Domino
2820 4144 3049 4200 nostro?
3092 4136 3190 4199 Cui
3232 4152 3317 4199 est

1735 4241 1903 4313 gloria
1936 4250 1989 4296 et
2015 4241 2302 4311 imperium
2339 4239 2393 4293 in
2430 4236 2627 4293 saecula
2661 4237 3009 4292 saeculorum.
3045 4237 3243 4291 Amen.

2314 4331 2598 4387 HOMlLlA
2639 4329 2728 4383 IX.

1742 4426 1814 4481 De
1846 4427 2008 4482 altari
2044 4416 2183 4496 quod
2209 4424 2491 4493 adiﬁcauit
2521 4421 2725 4496 Iesus:
2768 4418 3099 4496 ubi_scripsit
3133 4418 3208 4496 ἰη’
3230 4417 3318 4496 la.—

1807 4501 2018 4570 pidibus
2039 4489 2157 4570 eius
2173 4496 2300 4570 7(56)
2316 4489 2815 4570 'Deuteronomium.
2837 4490 2899 4570 fit
2916 4491 3176 4570 quomodo
3191 4489 3315 4568 {egit

1808 4558 1942 4623 illud
1968 4571 2019 4622 in
2039 4558 2256 4622 duribus
2287 4558 2452 4619 totius
2479 4565 2658 4633 populi
2698 4561 2884 4616 stantis
2925 4558 2977 4613 in
3021 4558 3240 4633 Garizin
3264 4570 3313 4613 et

1808 4639 2014 4694 Gebal:
2054 4650 2103 4693 et
2134 4638 2395 4707 quomodo
2435 4629 2927 4706 (57)Vcouvenerum
2962 4646 3103 4701 reges
3121 4629 3280 4682 Amor

1808 4712 2075 4766 rhworum
2115 4712 2369 4762 adversus
2396 4707 2602 4760 Iesum.

1809 4806 1863 4860 1.
1906 4803 2269 4873 Posteaquam
2300 4796 2744 4855 subvertitJesus
2769 4794 2904 4866 ﬂay.
2934 4794 2985 4849 id
3008 4801 3094 4849 est
3121 4794 3307 4861 chaos,

1784 4946 1830 4979 ⁸⁸
1859 4946 1879 5001 l
1911 4943 2046 5014 Reg.
2078 4957 2170 5000 xv.
2262 4940 2308 4974 ⁸⁸
2339 4940 2505 4995 llebr.
2542 4954 2638 5002 xu,
2682 4937 2737 4993 4.
2813 4936 2855 4968 ⁸⁷
2884 4933 3021 4991 ιυει.
3052 4948 3135 4999 ιιι,
3173 4932 3230 4996 9,
3262 4939 3315 4984 ct

1734 5175 1886 5239 editi,
1928 5196 1944 5225 ι
1986 5172 2116 5228 nulli
2153 5169 2374 5242 penitus
2406 5167 2665 5245 hostit'm-
2702 5182 2722 5216 ’

1806 5230 1917 5318 (δὲ)
1961 5245 2125 5318 Idem,
2154 5230 2191 5293 ἰ
2240 5253 2294 5298 et
2335 5238 2666 5312 pugnabitis.
2736 5254 2754 5288 ι
2807 5234 2970 5290 Libb.
3009 5230 3164 5294 editi,
3200 5247 3219 5280 ι
3255 5237 3313 5283 et

1733 5314 2129 5385 expugnabilis.
2166 5332 2186 5366 ι
2212 5382 2238 5385 _
2695 5376 2706 5385 _
2935 5372 2955 5385 ,
2982 5373 3013 5385 η
3040 5372 3051 5385 _
3205 5366 3279 5385 1η,

1807 5366 2140 5457 ἱδῶιὶοέιέδ
2205 5382 2541 5457 Sangerm._._
2590 5397 2609 5430 ι
2662 5376 2796 5443 ejus.
2858 5393 2878 5427 ι
2935 5366 3305 5457 ΙιμίὺΙιηιιάἰιίξ

1736 5478 1755 5510 ι
1805 5440 2017 5510 altaris.
2048 5474 2065 5507 ι
2111 5455 2275 5508 Paulo
2318 5440 2442 5523 post
2491 5440 2632 5523 idem
2675 5440 2876 5523 tns_.,‘«
2934 5454 2997 5523 et
3034 5440 3308 5523 quomodo

1729 5529 1858 5599 legit
1893 5527 2023 5599 illud
2057 5526 2109 5580 itt
2148 5510 2398 5599 aut-ibus.
2437 5540 2457 5574 ι
2496 5520 2666 5599 Li'bb._
2702 5518 2916 5599 editiht
2951 5522 3006 5568 et
3036 5510 3309 5581 quomodo

1739 5587 1931 5666 relegit
1956 5596 2112 5652 Jesus
2147 5595 2624 5651 Deuteronomiutn
2654 5591 2707 5644 in
2734 5587 3046 5666 _auribu's_._i
3195 5652 3227 5666 ν

1797 5651 2105 5743 (εῗγιάθιιι
2144 5681 2271 5734 ms.,
2332 5683 2352 5718 ι
2411 5673 2466 5721 et
2510 5657 2807 5734 quomodo.
2856 5674 2877 5710 ι
2927 5654 3089 5709 Libb.
3144 5651 3307 5719 editi,

1728 5758 1752 5794 ι
1782 5741 1895 5799 ubi.
1935 5759 1958 5797 ι
