3874 6498
519 294 619 348 871

1983 292 2310 352 ORIGENIS

3667 310 3751 364 ΒΗ

523 432 574 473 et
603 429 795 471 omnes
846 413 1184 468 habitatores
1221 413 1340 481 ejus
1388 415 1611 480 exemit,
1655 415 1938 486 oportebat
1975 432 2096 473 eum
2128 421 2168 476 Α
2202 434 2302 488 ego
2353 419 2612 486 arbitror,
2665 420 2807 490 quod
2857 421 3169 492 quicunque
3219 437 3283 478 ex
3331 423 3488 479 vobis
3523 427 3751 494 lapidibus

524 511 746 573 dignum
811 505 1024 575 aliquod
1099 505 1192 560 tali
1255 514 1515 576 tantaque
1587 509 1816 564 victoria
1881 511 2098 566 excelso

520 601 766 657 omnium
807 600 917 654 Deo
943 599 1057 670 (58)
1093 615 1289 655 munus
1340 601 1565 657 offerre.
1601 603 1739 670 Quid
1789 619 1918 676 ergo
1951 607 2096 660 istud

519 703 604 750 est
641 694 786 764 quod
825 692 936 762 agit
969 701 1089 760 post
1115 694 1428 757 victoriam,
1467 694 1788 751 videmnus:
1835 717 1853 750 ε
1892 699 2094 755 1Ediﬁ-

520 790 683 855 cavit,
714 789 890 857 inquit
919 789 989 854 ‘8,
1020 787 1184 844 Jesus
1213 791 1387 845 altare
1431 789 1664 846 Domino
1691 793 1800 846 Deo
1832 793 1994 849 Israel
2039 797 2093 850 in

520 888 701 933 monte
741 877 931 942 Gebal,
978 887 1032 932 et
1086 877 1212 932 fecit
1261 877 1388 932 illtttl
1415 880 1553 934 sicut
1584 881 1842 949 prtecepit
1876 880 2090 952 Moyses

476 956 478 958 ’
519 969 753 1024 famulus
784 971 994 1023 Domini
1028 969 1150 1024 filiis
1191 970 1376 1024 Israel.
1405 971 1683 1039 Scriptum
1710 983 1795 1027 est
1822 984 2007 1029 autem
2040 975 2091 1028 in

517 1065 636 1133 lege
686 1063 909 1132 Moysis,
941 1061 1112 1117 altare
1154 1062 1266 1116 ﬁeri
1313 1078 1379 1118 ex
1430 1063 1700 1135 lapidibus
1741 1066 1988 1136 integris,
2035 1067 2091 1121 in

515 1156 712 1224 quibus
738 1171 844 1208 non
879 1164 962 1209 est
993 1153 1249 1221 injectum
1293 1152 1522 1208 ferrum.
1563 1174 1582 1207 ι
1625 1154 1694 1209 Et
1733 1165 2089 1227 posteaquam

516 1247 642 1300 fecit
688 1247 859 1301 altare
891 1245 1068 1308 Jesus,
1115 1245 1424 1315 «imposuit
1488 1246 1560 1301 ibi
1616 1247 1930 1304 holocausta
1987 1250 2092 1305 Do-

517 1341 683 1401 mino.
719 1349 772 1394 et
798 1339 1096 1394 immolavit
1121 1339 1454 1396 sacrificium
1499 1340 1760 1395 salutaris
1794 1341 1942 1414 (59),
1979 1362 1998 1396 ι
2035 1355 2090 1399 et

514 1441 633 1501 post
668 1431 994 1486 sacriﬁcium
1051 1451 1070 1483 ι
1101 1433 1321 1502 scripsit
1350 1434 1402 1488 in
1446 1433 1720 1503 lapidibus
1755 1432 1914 1490 Jesus
1949 1435 2089 1490 Deu-

515 1524 896 1589 teronomittm,
946 1519 1117 1592 legem
1153 1523 1344 1595 Moysi,
1387 1535 1441 1580 et
1472 1527 1698 1595 scripsit
1747 1542 1864 1582 eam
1895 1543 2084 1584 coram

513 1616 639 1671 ﬁliis
664 1615 826 1671 Israel
859 1638 870 1671 :
897 1624 951 1671 et
973 1630 1159 1671 omnes
1180 1619 1424 1674 seniores
1453 1619 1642 1685 Israel,
1674 1631 1727 1676 et
1751 1620 1988 1691 judices,
2021 1631 2075 1678 et

508 1709 700 1763 scribae
741 1723 928 1764 eorum
977 1711 1352 1778 praeedebant
1401 1711 1528 1766 hinc
1575 1722 1633 1767 et
1686 1713 1840 1769 illinc
1899 1729 2081 1770 arcam

511 1801 816 1856 testamenti
863 1799 1099 1856 Domini.
1136 1822 1156 1854 ι
1195 1802 1493 1861 Videamus
1545 1821 1675 1877 ergo
1716 1806 1844 1877 quid
1903 1810 1957 1864 in
1999 1810 2084 1867 his

507 1900 760 1953 omnibus
803 1899 1092 1966 indicetur,
1148 1909 1204 1954 et
1255 1901 1385 1969 quid
1434 1915 1676 1970 prtesens
1718 1903 1884 1958 lectio
1927 1904 2083 1960 nobis

505 1990 884 2046 mdiﬁcationis
911 1993 1179 2062 acquirat.
1214 1991 1416 2047 Omnes
1456 1994 1548 2062 qui
1591 1994 1643 2048 in
1679 1993 1865 2050 .Iesum
1919 1996 2082 2051 Chri-

504 2092 647 2136 stum
674 2082 964 2149 credimus,
988 2083 1194 2154 lapides
1215 2085 1316 2138 vivi
1349 2099 1470 2139 esse
1495 2085 1754 2150 dicimur,
1782 2089 2078 2144 secundum

501 2175 643 2244 quod
675 2174 954 2242 Scriptura
979 2176 1318 2246 pronuntiat,
1347 2177 1536 2232 dicens
1575 2178 1620 2210 ⁸³
1651 2197 1664 2232 :
1704 2197 1722 2231 ι
1756 2179 1864 2235 Vos
1899 2191 2078 2236 autem

506 2266 642 2320 estis
667 2266 871 2335 lapides
897 2267 1030 2334 vivi,
1065 2267 1324 2324 aediﬁcati
1359 2267 1550 2323 domus
1592 2269 1852 2339 spiritalis
1896 2271 1950 2327 in
1993 2287 2079 2327 sa-

499 2359 742 2413 cerdotio
809 2371 1032 2426 sancto,
1101 2370 1161 2415 ut
1215 2361 1458 2417 offeratis
1513 2362 1790 2433 spiritales
1845 2365 2075 2433 hostias,

498 2452 860 2521 acceptabiles
884 2451 993 2508 Deo
1018 2469 1114 2520 per
1135 2453 1321 2508 .Iesum
1353 2455 1658 2510 Christum.
1683 2475 1700 2508 ι
1720 2455 1871 2512 Sicut
1897 2468 2075 2515 autent

499 2545 553 2597 itt
592 2545 707 2598 istis
732 2546 966 2600 terrenis
988 2546 1260 2614 lapldibus
1291 2548 1574 2603 observari
1615 2550 1886 2617 novimus,
1921 2562 1980 2607 ut
2013 2553 2066 2608 hi

497 2636 716 2707 quidem
749 2637 957 2708 lapides
991 2638 1082 2707 qui
1123 2638 1416 2696 validiores
1455 2649 1583 2696 sunt
1615 2651 1670 2696 et
1719 2645 2075 2712 potentiores,

499 2725 659 2796 primi
703 2728 756 2782 in
813 2728 1170 2784 fundamenta
1202 2731 1499 2800 jaciantur,
1550 2743 1612 2786 ut
1656 2735 1791 2803 ipsis
1833 2739 1980 2793 credi
2023 2748 2078 2794 et

499 2822 788 2890 superponi
828 2823 1003 2892 possit
1051 2824 1218 2879 totius
1247 2825 1464 2881 aadiﬁeii
1511 2828 1767 2898 pondus:
1809 2830 1901 2885 alii
1944 2848 2077 2888 vero

497 2913 590 2984 qui
639 2925 928 2984 sequentes
975 2926 1125 2981 sunt,
1169 2916 1222 2970 id
1274 2927 1357 2973 est
1411 2920 1570 2987 paulo
1612 2921 1718 2976 illis
1759 2922 2072 2992 inferiores,

481 3006 735 3074 proximi
772 3007 878 3062 illis
921 3008 1012 3078 qui
1045 3009 1098 3064 in
1135 3009 1488 3065 fundamento
1531 3021 1677 3078 sunt,
1716 3014 2069 3082 ordinentur;

2202 515 2344 569 vivis
2383 515 2490 582 apti
2521 523 2671 580 sunt,
2705 515 2760 569 in
2806 514 2909 571 hoc
2941 517 3198 585 pren‘tpti,
3231 526 3290 570 ttt
3319 518 3655 572 orationibus
3679 538 3748 574 ra-

2201 615 2343 673 cent,
2381 616 2435 661 et
2465 615 2522 660 ut
2549 607 2636 661 die
2660 614 2932 676 noctuque
2960 607 3372 663 obsecrationes
3393 607 3622 663 offerant
3649 613 3750 672 Dm.

2199 705 2253 750 et
2281 697 2736 767 supplicationum
2775 699 3028 755 victimas
3083 697 3394 767 immolent,
3428 702 3531 772 ipsi
3567 715 3754 760 suntex

2198 786 2395 854 quibus
2425 785 2582 842 Jesus
2610 788 2846 844 aediﬁcat
2876 790 3069 844 altare.

2266 878 2320 932 2.
2357 877 2461 932 Sed
2492 878 2704 935 intuere
2751 882 2879 950 quid
2908 881 3086 937 laudis
3133 883 3263 954 ipsis
3297 885 3575 954 lapidibus
3599 889 3752 944 altaris

2195 969 2512 1024 ascribitnr.
2561 989 2578 1021 ι
2613 967 2768 1027 Sicut
2813 972 2970 1040 dixit,
3014 974 3282 1046 inquit”,
3319 978 3609 1047 legislator
3641 982 3752 1052 lloy-

2195 1075 2304 1124 ses,
2357 1062 2612 1117 aetlificari
2660 1063 2832 1120 altare
2877 1081 2941 1120 ex
2976 1066 3248 1136 lapidibus
3303 1070 3544 1140 integris
3591 1074 3751 1140 quibus

2193 1152 2398 1208 ferrum
2429 1169 2534 1209 non
2564 1165 2648 1210 est
2682 1157 2963 1228 injectum.
2989 1177 3009 1210 ι
3053 1159 3154 1227 Qui
3187 1171 3347 1230 putas
3374 1173 3506 1217 sunt
3537 1164 3622 1217 isti
3655 1167 3752 1220 ints

2192 1245 2271 1316 gri
2299 1245 2544 1316 lapides?
2589 1248 2750 1305 Novit
2799 1251 3222 1322 uniuscujusque
3273 1254 3617 1309 conscientia
3661 1260 3750 1325 quis

2191 1336 2260 1390 sit
2297 1338 2522 1408 integer,
2551 1341 2672 1409 quis
2701 1341 2773 1396 sit
2807 1343 3176 1412 incorruptus,
3214 1344 3559 1414 impollutus,
3595 1346 3750 1404 imma-

2135 1457 2146 1467 ι
2190 1429 2401 1485 culatus
2429 1431 2480 1485 itt
2515 1448 2682 1489 carne
2710 1442 2765 1489 et
2808 1434 2859 1488 in
2887 1435 3081 1504 spiritu
3117 1454 3130 1491 :
3163 1437 3287 1505 quis
3323 1438 3398 1492 sit
3436 1439 3527 1493 ille
3553 1442 3636 1493 cui
3667 1442 3744 1496 ler-

2190 1541 2305 1579 rum
2359 1526 2619 1596 injectum
2673 1544 2779 1582 non
2827 1537 2932 1593 est,
2980 1529 3032 1583 id
3087 1537 3170 1584 est
3202 1530 3298 1599 qui
3339 1532 3529 1600 jacula
3561 1536 3744 1606 maligni

2190 1615 2357 1686 ignita
2388 1617 2844 1688 concupiscentia:
2878 1632 2982 1672 non
3017 1618 3241 1686 recepit,
3291 1617 3389 1672 sed
3436 1629 3594 1673 scuto
3620 1636 3674 1675 ea
3699 1623 3746 1675 ti-

2189 1710 2273 1765 dei
2304 1711 2573 1766 exstinxit
2604 1719 2657 1766 et
2687 1710 2883 1780 repulit
2919 1729 2930 1764 :
2965 1712 3050 1765 vel
3097 1712 3224 1781 quis
3253 1722 3341 1767 est
3390 1713 3504 1776 ille,
3541 1714 3632 1781 qui
3661 1713 3742 1767 Ier-

2115 1787 2157 1842 Β
2189 1821 2306 1860 rum
2343 1821 2557 1877 pugnat,
2611 1805 2811 1860 ferrum
2860 1806 3011 1868 belli,
3047 1807 3252 1860 ferrum
3289 1808 3469 1860 lititttn
3505 1823 3742 1876 nunquam

2190 1901 2410 1969 recepit,
2442 1899 2536 1954 sed
2596 1914 2812 1968 semper
2859 1901 3118 1970 pacificus
3147 1898 3270 1961 fuit,
3318 1914 3540 1966 semper
3568 1900 3741 1967 quietus

2184 2000 2237 2044 cl
2267 1991 2436 2056 mitis,
2486 2006 2552 2045 ex
2586 1990 2796 2046 Christi
2850 1991 3152 2044 humilitate
3202 1991 3477 2044 formatus
3510 1991 3640 2058 (63).
3674 1990 3739 2044 Isti

2183 2091 2308 2137 sunt
2347 2099 2477 2151 ergo
2526 2083 2732 2152 lapides
2762 2083 2893 2148 vivi,
2951 2098 3017 2137 ex
3070 2083 3272 2152 quibus
3322 2083 3492 2137 Jt-sus
3527 2083 3738 2137 Dominus

2184 2183 2369 2230 noster
2400 2176 2574 2231 altare
2605 2176 2912 2231 construxit
2957 2189 3024 2230 ex
3054 2176 3328 2246 lapidibus
3362 2177 3610 2244 integris,
3651 2175 3740 2244 qui-

2184 2267 2282 2320 hus
2315 2265 2524 2320 ferrum
2557 2281 2664 2321 non
2697 2275 2783 2321 est
2831 2266 3113 2334 injectum,
3168 2274 3230 2320 ut
3257 2264 3462 2320 offerat
3498 2281 3738 2334 strpere-as

2187 2358 2499 2414 holocausta
2546 2368 2600 2415 et
2645 2359 2974 2415 sacriﬁcium
3027 2359 3242 2416 salutis.
3290 2361 3408 2431 Ego
3449 2373 3579 2428 puto
3629 2360 3736 2428 qod

2180 2448 2322 2505 forte
2353 2450 2439 2504 isti
2481 2449 2612 2505 tales
2643 2450 2849 2520 lapides
2872 2451 3065 2521 integri
3091 2460 3146 2506 et
3175 2451 3620 2510 incontaminati.
3645 2467 3738 2503 sau-

2180 2541 2250 2596 cti
2285 2541 2521 2611 apostoli
2555 2557 2674 2597 esse
2708 2544 2939 2612 possint,
2993 2559 3185 2599 omnes
3211 2545 3378 2599 simul
3410 2545 3586 2598 altare
3609 2560 3736 2597 unum

2181 2632 2443 2688 facientes
2471 2643 2702 2704 propter
2746 2635 3161 2690 unanimitatem
3198 2647 3366 2705 atque
3401 2637 3736 2688 Concordiam.

2179 2721 2269 2777 Sic
2302 2725 2445 2776 enim
2480 2723 2792 2778 referuntur
2820 2739 3012 2781 omnes
3050 2726 3211 2780 simul
3245 2726 3590 2779 unanimiter
3615 2740 3739 2779 orati-

2179 2823 2279 2883 tcs,
2311 2824 2363 2870 et
2391 2817 2699 2886 aperientes
2727 2832 2788 2872 os
2815 2833 2969 2872 suum
2997 2819 3197 2874 dixisse
3218 2819 3267 2850 ’³
3302 2837 3314 2872 :
3351 2837 3370 2869 ι
3400 2819 3505 2882 Τιι,
3534 2819 3736 2878 Domine,

2177 2908 2269 2978 qui
2319 2910 2483 2964 corda
2513 2910 2756 2963 omnium
2813 2912 2975 2966 nosti.
3003 2931 3023 2965 ι
3087 2911 3184 2967 Isti
3212 2926 3349 2983 ergo
3401 2914 3494 2979 qui
3529 2919 3738 2979 poterant

2177 3003 2483 3065 unanimes,
2535 3017 2638 3056 una
2671 3018 2803 3058 voce
2857 3001 3024 3073 atque
3057 3021 3164 3060 uno
3213 3007 3420 3075 Spiritu
3466 3021 3634 3069 orare,
3662 3006 3736 3074 ipsi

495 3096 586 3166 qui
641 3112 769 3152 vero
828 3098 947 3167 plus
1001 3099 1296 3155 inferiores
1341 3108 1489 3168 sunt,
1545 3103 1704 3172 paulo
1743 3107 1995 3174 superius
2042 3122 2069 3161 a
2100 3092 2408 3192 animasse
2450 3092 2593 3162 ἀίεηῑ
2626 3094 2871 3162 suntqui
2914 3096 3377 3192 ἀθῧθθηῑ-οιηηθε
3411 3097 3729 3192 “Qui”?

497 3189 898 3258 fundamentis;
933 3202 1044 3247 tum
1074 3192 1268 3248 deinde
1299 3193 1352 3247 in
1389 3188 1804 3265 comparatione
1832 3199 2072 3270 lapidum

493 3284 586 3351 qtti
651 3285 981 3342 inﬁrmiores
1034 3299 1180 3352 sunt,
1234 3288 1288 3343 in
1348 3290 1747 3360 superioribus,
1803 3302 1860 3348 et
1905 3309 2074 3365 prope

493 3374 606 3440 ipsa
648 3373 762 3442 jam
807 3376 931 3430 tecti
982 3374 1202 3447 fastigia
1237 3378 1618 3448 collocentur;
1673 3382 1752 3438 ita
1803 3399 1949 3440 nune
1991 3387 2076 3440 in-

493 3459 674 3531 tellige
704 3463 867 3517 etiam
899 3465 966 3520 de
1002 3465 1276 3537 lapidibus
1303 3470 1442 3524 vivis
1466 3485 1586 3526 esse
1620 3471 1837 3542 aliquos
1862 3474 1914 3528 ia
1949 3474 2073 3531 fun-

488 3554 760 3611 damentis
778 3556 938 3626 hujus
955 3558 1222 3627 spiritalis
1245 3560 1484 3618 aediﬁcii.
1501 3562 1612 3631 ,Qui
1634 3576 1815 3619 autem
1840 3579 1965 3622 sunt
1984 3569 2068 3622 isti

487 3648 577 3713 qui
631 3650 682 3702 in
740 3647 1110 3706 fundamentis
1137 3652 1477 3709 collocantur
1520 3656 1544 3710 2
1581 3656 1823 3726 Apostoli
1858 3669 1915 3713 et
1942 3675 2070 3728 pro-

487 3741 683 3809 phetae.
717 3739 810 3796 Sic
846 3743 992 3798 enim
1024 3743 1157 3799 dicit
1190 3743 1413 3810 Paulus,
1447 3746 1567 3802 haec
1598 3748 1713 3817 ipse
1741 3750 1943 3806 docens
1971 3753 2016 3783 9°
2052 3772 2064 3807 :

493 3850 514 3884 ε
547 3831 854 3898 Ᾱεῖάίῦοθῑῑ,
904 3834 1114 3904 inquit,
1176 3852 1341 3907 supra
1387 3840 1802 3896 fundamentum
1851 3858 2070 3914 aposto-

487 3926 662 3979 lorum
699 3935 754 3979 et
784 3928 1198 3996 prophetarum,
1252 3931 1372 4000 ipso
1411 3948 1628 3988 summo
1669 3935 1915 4004 angulari
1957 3937 2068 4010 (60)

483 4019 652 4091 419
682 4020 861 4088 lapide
905 4020 1122 4076 Christo
1152 4021 1282 4077 Jesu
1316 4023 1547 4081 Domino
1579 4036 1784 4083 nostro.
1806 4048 1826 4081 ι
1873 4028 1943 4084 Ut
1969 4046 2068 4085 au-

488 4121 594 4163 tein
626 4113 1015 4180 promptiorem
1051 4120 1103 4165 te
1140 4127 1430 4181 prmparcs,
1464 4131 1496 4169 ο
1527 4117 1770 4183 auditor,
1809 4121 1877 4173 ad
1912 4120 2069 4187 hujus

483 4203 702 4258 aediﬁcii
735 4205 1222 4269 constructionem,
1273 4215 1332 4260 ut
1379 4207 1512 4276 lapis
1543 4209 1738 4279 aliquis
1773 4210 2068 4266 inveniaris

481 4296 715 4351 vicinior
740 4295 1118 4367 fundamento,
1155 4299 1301 4354 disce
1329 4301 1451 4368 quia
1475 4309 1527 4354 et
1559 4301 1671 4369 ipse
1694 4302 1940 4358 Christus
1970 4307 2067 4358 Int-

477 4388 563 4458 jus
584 4391 729 4460 quod
754 4407 900 4447 nunc
924 4393 1311 4463 descripsimus
1339 4393 1474 4464 (ﬁl),
1503 4395 1714 4449 aedilicii
1740 4394 2062 4452 fundamen-

2176 3183 2348 3240 altarc
2381 3193 2717 3252 construere,
2764 3200 2926 3256 super
2952 3188 3092 3256 quod
3127 3185 3293 3242 Jesus
3323 3190 3653 3242 sacriﬁcium
3673 3189 3734 3240 oi—

2179 3278 2312 3332 ferat
2343 3277 2516 3332 Patri.
2560 3277 2764 3332 Tamen
2799 3289 2849 3334 et
2904 3295 3002 3334 nos
3027 3289 3304 3336 tentemus
3347 3283 3485 3336 dare
3526 3298 3734 3351 operam,

2174 3376 2233 3421 ut
2253 3367 2439 3422 eadem
2463 3368 2708 3423 dicamus
2734 3383 2922 3423 onmes
2951 3370 3284 3426 unanimiter
3310 3372 3430 3442 (64)
3457 3389 3734 3449 unumsea-

2178 3459 2378 3514 tientcs
2418 3479 2431 3514 :
2467 3461 2600 3514 nihil
2627 3477 2721 3531 per
2746 3464 3178 3528 contentionem,
3215 3479 3402 3533 neque
3432 3481 3531 3533 per
3557 3467 3734 3519 inanest

2174 3545 2399 3614 gloriam
2425 3560 2698 3618 gerentes,
2725 3551 2821 3605 sed
2857 3551 2907 3604 in
2940 3567 3044 3604 uno
3072 3569 3261 3620 sensu,
3287 3565 3462 3625 atque
3497 3556 3552 3610 in
3575 3559 3732 3610 eadem

2175 3642 2449 3694 sententia
2480 3653 2884 3712 permanentes,
2922 3645 2967 3700 si
2991 3644 3127 3700 forte
3152 3649 3436 3717 possimus
3471 3652 3628 3703 etiam
3658 3665 3734 3702 nos

2173 3733 2283 3799 apti
2317 3731 2452 3787 ellici
2499 3734 2707 3804 lapides
2741 3737 2808 3789 ad
2858 3737 3057 3792 altare.
3100 3738 3216 3793 Non
3247 3741 3401 3794 enim
3438 3742 3631 3796 deserit
3656 3758 3731 3793 nos

2171 3821 2328 3879 Jesus
2359 3824 2618 3881 Dominus
2654 3837 2840 3882 noster
2877 3847 2890 3889 ;
2944 3829 3038 3883 sed
3075 3832 3328 3898 quamvis
3370 3849 3474 3888 nos
3504 3845 3730 3886 vacantes

2170 3915 2428 3982 orationi,
2465 3934 2483 3968 t
2509 3917 2637 3986 quid
2665 3933 2887 3974 oremus
2913 3923 3210 3988 secundum
3243 3923 3396 3992 quod
3429 3935 3636 3992 oportet
3657 3941 3731 3975 nn-

2171 4008 2432 4075 sciamus,
2484 4007 2599 4079 ipse
2631 4019 2804 4064 tamen
2846 4011 3072 4081 spiritus
3102 4013 3423 4082 interpellat
3476 4032 3574 4084 pro
3600 4019 3730 4069 nobis

2172 4100 2464 4169 gemitibus
2494 4099 2950 4157 inenarrabilibus
2969 4105 3037 4160 ἰ.
3064 4123 3082 4156 ›
3124 4104 3394 4160 Dominus
3442 4122 3616 4161 autem
3639 4113 3726 4177 spi-

2173 4193 2307 4247 ritus
2333 4200 2434 4246 est.
2480 4190 2538 4245 Si
2589 4206 2722 4262 ergo
2771 4193 3051 4248 orationes
3097 4207 3319 4252 nostras
3354 4198 3584 4268 spiritus
3606 4201 3726 4263 atqu-

2171 4293 2282 4350 vet,
2315 4293 2370 4338 et
2395 4281 2587 4338 offerat
2613 4299 2705 4338 eas
2733 4282 2879 4337 Patri
2904 4285 3146 4340 Omnium
3177 4288 3290 4342 Deo
3323 4291 3609 4359 gemitibus
3628 4291 3726 4358 qui.

2171 4377 2271 4431 bus
2298 4391 2395 4431 nos
2428 4375 2704 4446 explicare
2744 4391 2851 4430 non
2901 4392 3209 4447 possumus,
3244 4393 3463 4436 certum
3511 4395 3589 4438 est
3617 4389 3721 4452 quia

481 4493 592 4537 mm
619 4494 720 4542 ele
763 4482 853 4540 Sic
890 4486 1034 4539 enim
1083 4486 1216 4540 dicit
1264 4488 1546 4556 apostolus
1595 4486 1794 4542 paulus
1817 4489 1859 4520 οι
1897 4489 2007 4562 (62)
2044 4508 2057 4545 ε
2096 4484 2140 4541 ι)
2169 4479 2224 4562 et
2275 4467 2461 4524 altaris
2507 4468 2970 4524 constructionem
3019 4470 3252 4526 sollicite
3283 4474 3534 4543 requirat
3575 4489 3602 4527 ι
3643 4488 3722 4528 uo-

484 4577 962 4634 cFundamentum
1016 4579 1160 4633 enim
1208 4579 1355 4634 aliud
1405 4595 1564 4634 nemo
1611 4590 1789 4650 potest
1837 4594 2059 4650 ponere,

476 4681 674 4738 praeter
701 4671 754 4725 id
779 4672 918 4740 quod
945 4672 1178 4741 positum
1196 4682 1296 4736 est,
1312 4673 1454 4742 quod
1471 4683 1553 4727 est
1576 4672 1824 4728 Christus
1844 4673 2054 4730 Jesus.»

476 4761 625 4816 Beati
658 4778 788 4833 ergo
815 4766 908 4833 qui
939 4781 1100 4835 supra
1127 4767 1267 4821 istud
1301 4776 1408 4822 tam
1435 4765 1615 4822 nobile
1642 4765 2056 4822 fundamentum

473 4856 699 4910 anliﬁcia
751 4857 1001 4928 religiosa
1049 4869 1103 4913 et
1148 4870 1336 4916 sancta
1388 4861 1811 4916 construxerint.
1857 4861 1961 4915 Sed
1998 4861 2050 4916 itt

475 4947 577 5001 hoc
601 4946 830 5002 aediﬁcio
862 4949 1116 5005 Ecclesia:
1159 4961 1375 5022 oportet
1423 4967 1543 5008 esse
1574 4962 1629 5006 et
1659 4951 1850 5007 altare.
1895 4952 2049 5008 Unde

543 5062 592 5094 ³⁸
619 5061 731 5117 Jos.
763 5078 877 5136 vin,
903 5063 1019 5136 5‘0:
1040 5065 1133 5130 51,
1169 5067 1257 5129 52,
1297 5067 1388 5120 55.
1474 5068 1546 5099 -δθ
1576 5067 1593 5121 1
1622 5066 1738 5123 Pet.
1771 5083 1830 5136 tt,
1872 5068 1929 5122 5.

470 5135 516 5165 ’³
542 5135 660 5188 Act.
690 5149 727 5199 t,
755 5134 846 5188 24.
925 5134 970 5165 ’δ
993 5134 1150 5190 Rom.
1178 5154 1294 5203 vtn,
1315 5137 1403 5191 26.

540 5276 652 5346 (58)
693 5275 822 5330 Deo.
853 5277 1014 5330 Deest
1045 5278 1097 5330 in
1134 5278 1288 5334 libris
1319 5291 1477 5335 antea
1513 5282 1694 5346 editis,
1727 5283 1820 5338 sed
1849 5293 2029 5338 exstat

469 5349 522 5403 in
554 5347 956 5423 tttttntiscriptis.
985 5348 1152 5423 l’aulo
1177 5360 1297 5417 post
1312 5354 1484 5406 codex
1517 5352 2031 5423 Sangermanensis,

473 5439 490 5468 ι
522 5420 664 5486 quod
698 5420 772 5473 alt
800 5430 919 5488 post
945 5419 1256 5474 victoriam.
1297 5439 1314 5472 ι

538 5489 656 5564 (59)
692 5489 871 5564 Codex
916 5491 1426 5564 sangerntanensis,
1478 5509 1497 5544 t
1550 5493 1761 5549 salutis.
1801 5512 1822 5547 ι
1857 5496 2029 5564 Atque

467 5573 542 5613 ita
578 5563 737 5612 habet
765 5561 1184 5618 Gcmelicensis.

535 5631 644 5699 (60)
681 5629 951 5704 Gemetic.
983 5642 1037 5686 et
1063 5632 1168 5704 duo
1201 5631 1442 5696 Ehroim,
1477 5650 1496 5684 t
1537 5633 1651 5704 ipso
1687 5650 1900 5692 summo
1940 5651 2033 5690 an-

466 5704 658 5770 gulari.
696 5719 714 5752 ι
752 5704 804 5754 In
838 5703 987 5757 libris
1019 5703 1181 5757 editis
1210 5705 1380 5767 deest,
1416 5722 1434 5755 ε
1483 5703 1719 5759 summo.
1755 5725 1772 5758 ι

536 5773 644 5840 (6⁸)
671 5771 802 5828 Cod.
834 5773 1024 5845 Sang.,
1059 5792 1076 5826 t
1104 5772 1354 5831 Christus
1377 5774 1533 5832 Jesus
1576 5791 1732 5847 quem
1770 5792 1913 5834 nunc
1942 5777 2034 5832 tle-

2027 5067 2073 5100 ⁹⁰
2130 5068 2329 5138 Epltes.
2373 5082 2431 5129 ll,
2479 5065 2568 5120 9.0.

2167 4561 2275 4616 bis.

2235 4657 2289 4710 '5.
2321 4655 2425 4710 Sed
2457 4655 2689 4710 nondum
2721 4656 2912 4727 plenus
2943 4655 3130 4710 altaris
3157 4667 3391 4712 ornatus
3425 4669 3529 4722 est,
3557 4659 3718 4711 etiarn-

2163 4749 2208 4802 si
2245 4763 2309 4803 ex
2346 4748 2573 4820 integris
2602 4748 2868 4819 lapidibus
2894 4761 3266 4814 construatur,
3300 4753 3518 4807 etiamsi
3545 4751 3714 4806 ferro

2159 4841 2240 4896 eis
2289 4849 2344 4895 et
2390 4839 2628 4910 jaculotn
2680 4842 2898 4912 maligni
2950 4858 3053 4898 non
3111 4844 3429 4898 inveniatur
3461 4845 3712 4911 injectum,

2162 4934 2256 4988 sed
2312 4935 2488 4987 adhuc
2543 4933 2698 4988 deest
2740 4934 2960 5003 aliquid,
3011 4942 3065 4988 et
3115 4935 3295 4990 adhuc
3349 4945 3436 4991 est
3481 4934 3710 5007 quodiis

2674 5066 2717 5098 ⁹¹
2744 5064 2761 5118 1
2784 5065 2908 5122 Cor.
2948 5081 3030 5132 ιη,
3063 5068 3150 5122 ll.
3261 5069 3310 5100 ”
3337 5068 3450 5124 .Ios.
3486 5085 3593 5134 vnt,
3627 5067 3702 5122 SI.

2145 5279 2527 5353 scripsimus.)
2639 5351 2654 5353 _
2826 5349 2837 5353 Α
3020 5348 3032 5353 _
3426 5349 3440 5353 _
3653 5346 3662 5353 .

2209 5352 2320 5418 (6'2)
2358 5348 2582 5402 Paulus.
2635 5351 2796 5404 Deest
2825 5349 2875 5404 in
2913 5348 3066 5404 libris
3097 5348 3283 5414 editis,
3341 5349 3441 5404 sed
3467 5353 3624 5402 exstat
3651 5348 3693 5399 in

2231 5423 2386 5473 nibus
2423 5435 2556 5473 mss.

2231 5439 2386 5473 llllllla‘
2423 5439 2556 5473 IIISS.

2133 5439 2317 5561 0"265)
2346 5491 2525 5545 Codex
2563 5489 3055 5561 Sangcrmanensis
3087 5505 3214 5544 cum
3248 5506 3358 5545 uno
3390 5485 3693 5561 Ehroicensi,

2139 5585 2155 5614 σ
2183 5581 2247 5617 ex
2280 5561 2481 5616 Christi
2518 5562 2824 5614 humilitate
2860 5560 3143 5615 formatus.
3176 5580 3192 5611 ι
3241 5563 3405 5633 Alter_
3431 5560 3696 5633 [inmisera-

2134 5637 2230 5698 sis,
2271 5652 2287 5683 ι
2311 5643 2362 5685 cl
2392 5633 2592 5688 Christi
2630 5633 2934 5684 humilitate
2967 5633 3313 5688 informatus.
3337 5652 3356 5685 ι
3387 5631 3528 5686 Libb.
3555 5628 3692 5686 editi.

2143 5725 2159 5757 ι
2189 5716 2240 5758 et
2270 5704 2468 5755 Cltristi
2504 5702 2794 5755 humilitati
2831 5703 3229 5755 conformatus.
3266 5722 3283 5752 ι

2208 5775 2318 5848 (ﬁl)
2350 5775 2530 5830 Codex
2568 5771 2878 5841 Sangct'm.,
2913 5792 2930 5825 t
2954 5774 3258 5829 unanimes.
3287 5793 3305 5826 ι
