3874 6506
119 296 213 356 873

1090 285 1153 341 ΙΝ
1196 285 1454 343 LIBRUM
1492 283 1659 340 JESU
1696 283 1883 340 NAVE
1926 285 2209 342 liOMlLlA
2248 286 2339 341 lX.

3236 289 3347 349 3η

120 411 348 473 omnibus
374 405 597 479 adjiciat
624 404 805 461 Jesus.
859 406 999 475 Quid
1045 406 1178 462 illud
1207 407 1332 462 est?
1375 424 1393 458 ι
1417 406 1670 477 Scripsit,
1707 406 1746 465 Α
1780 407 2252 463 Deuteronomium
2286 408 2510 475 scribat,
2546 419 2603 465 ut
2635 412 2927 467 secundam
2958 410 3129 483 legem
3158 411 3210 467 in
3235 427 3354 469 cor-

120 498 365 575 inquit",
419 497 577 553 Jesus
625 512 788 568 super
836 496 1041 567 lapides
1087 497 1276 551 altaris
1329 497 1663 552 Deuterono-

114 601 282 658 mium,
335 589 503 659 legem
552 589 741 656 Mosei,
778 598 830 645 et
861 590 1076 658 scripsit
1109 603 1229 643 eam
1279 590 1331 641 iu
1367 600 1666 657 conSpecm

114 690 325 746 ﬁliorum
357 681 543 735 Israel.
572 700 591 734 ι
638 680 795 749 Scrip
828 681 929 734 erit
954 679 1225 747 quomodo
1268 680 1504 747 poluerit
1539 688 1668 734 tunc

114 784 241 840 illius
268 775 410 832 Nave
454 791 620 845 super
656 774 858 843 lapides
891 773 1079 825 altaris
1115 772 1287 841 legem
1336 772 1664 837 describere,

113 884 159 931 et
188 877 337 942 prout
364 865 528 919 valuit
561 862 962 918 adumbraverit
995 870 1171 932 typos,
1201 876 1296 915 nos
1337 860 1551 915 interim
1584 862 1668 915 vi-

113 970 306 1021 deamus
329 956 597 1027 quomodo
647 966 828 1010 noster
852 952 1010 1009 Jesas
1043 954 1095 1006 in
1142 952 1385 1021 lapidibu
1410 972 1418 1000 ς
1443 954 1586 1008 vivis
1611 962 1668 1009 et

113 1053 309 1123 integris
332 1050 553 1118 scripsit
583 1047 1084 1111 Deuteronomium,
1119 1044 1259 1115 quod
1280 1045 1437 1115 quasi
1469 1060 1666 1100 secun-

113 1151 163 1205 da
194 1142 450 1214 legislatio
499 1141 719 1196 dicitur.
765 1141 822 1195 Si
856 1155 986 1210 ergo
1033 1139 1115 1194 vis
1152 1139 1337 1193 videre
1386 1139 1664 1208 quomodo

113 1239 259 1308 prima
290 1233 403 1302 lege
431 1233 702 1285 inﬁrmata
730 1230 1024 1285 secundam
1056 1228 1226 1298 legem
1254 1230 1458 1283 scribat
1480 1226 1660 1286 Iesus.

114 1330 211 1383 audi
240 1341 355 1379 eum
408 1324 460 1376 in
492 1323 798 1393 Evangeliis
831 1324 1101 1378 dicentem
1126 1325 1173 1356 ’°
1214 1340 1228 1378 :
1290 1320 1323 1373 ι’
1344 1320 1554 1375 Dictum
1581 1331 1664 1376 est

114 1418 320 1486 mtiquis
350 1433 362 1468 :
402 1414 516 1468 Non
547 1416 781 1470 occides.
822 1415 934 1485 Ego
966 1425 1145 1470 autem
1174 1415 1297 1470 dico
1324 1414 1502 1477 vobis,
1535 1414 1659 1483 quia

114 1510 264 1567 nnttis
291 1507 382 1576 qui
414 1508 671 1561 irascitur
718 1508 871 1561 fratri
908 1522 1029 1571 suo,
1067 1506 1341 1561 homicida
1388 1514 1491 1561 est.
1520 1525 1537 1557 ι
1596 1501 1663 1559 Ει

118 1615 272 1657 ternm
296 1599 339 1631 "
369 1614 384 1652 :
422 1617 443 1649 ι
473 1596 679 1651 Dictum
708 1607 789 1653 est
812 1599 1052 1668 antiquis
1090 1616 1104 1652 :
1135 1596 1251 1652 Non
1278 1597 1658 1653 mmchaberis.

114 1696 195 1762 Ego
220 1700 400 1745 autem
439 1691 560 1743 dico
607 1691 783 1753 vobis,
823 1688 1028 1759 Siquis
1060 1691 1335 1761 aspexerit
1372 1690 1657 1747 mulierem

1774 499 1932 555 dibus
1976 501 2314 555 credentium
2363 501 2508 569 ﬁgat,
2562 510 2726 572 atque
2774 504 2829 558 in
2863 519 3047 558 eorum
3081 506 3353 560 mentibus

1772 591 1861 660 qui
1909 592 1974 645 ad
2010 591 2199 645 altaris
2230 595 2690 648 constructionem
2745 591 2888 664 (ligni
2926 596 3223 663 sunteligi,
3273 599 3351 653 le-

1773 675 1891 753 gem
1923 685 2147 752 spiritus
2196 685 2390 754 signet.
2429 683 2625 739 Statim
2661 703 2895 757 namque
2925 697 2979 740 ut
3014 690 3135 756 quis
3173 690 3355 745 credi-

1771 772 1914 828 derit
1957 770 2085 828 Jesu
2116 773 2355 840 Christo,
2408 786 2462 827 et
2493 775 2574 830 lex
2609 777 2882 848 Evangelii
2931 779 2983 834 iu
3022 780 3141 848 ejus
3189 782 3353 836 corde

1771 860 2040 930 descripta
2080 870 2185 925 est,
2233 872 2286 917 et
2334 862 2384 916 in
2426 878 2723 935 conspectu
2777 868 3007 922 ﬁliormn
3045 868 3207 925 lsrael
3259 874 3354 926 de-

1770 953 1995 1022 scripta.
2037 952 2280 1008 Aderant
2312 957 2455 1010 enim
2488 966 2615 1012 tunc
2650 974 2770 1013 cum
2824 962 2915 1015 tibi
2947 974 3351 1019 sacramentum

1768 1048 1891 1104 ﬁdei
1926 1046 2262 1111 tradebatur,
2296 1049 2547 1105 caelestes
2578 1053 2834 1117 virtutes,
2866 1056 3165 1111 ministeria
3190 1072 3355 1128 ange-

1769 1138 1973 1205 lorum,
2006 1137 2250 1195 Ecclesia
2291 1141 2715 1209 primitivorum.
2756 1144 2811 1197 Si
2840 1147 2982 1199 enim
3021 1159 3166 1204 recte
3194 1150 3350 1205 intel-

1766 1231 1997 1302 ligamus
2044 1232 2299 1287 Israelem
2346 1234 2455 1289 dici
2498 1247 2677 1290 mente
2713 1236 2882 1291 Deum
2918 1242 3214 1307 videntem,
3267 1261 3351 1297 re-

1769 1322 2011 1375 ctissime
2041 1322 2145 1375 hoc
2174 1320 2243 1376 de
2277 1324 2542 1379 ministris
2572 1326 2777 1396 angelis
2811 1329 2982 1397 magis
3008 1331 3225 1397 dicitur,
3265 1348 3355 1387 se-

1767 1411 2003 1465 cundum
2040 1412 2254 1467 Domini
2290 1416 2639 1480 sententiam,
2679 1418 2912 1473 dicentis
2942 1420 3008 1475 de
3033 1420 3350 1493 infantibus,

1764 1503 1907 1573 quod
1943 1514 1998 1559 et
2051 1512 2103 1557 tu
2136 1503 2286 1559 fuisti
2340 1506 2521 1561 infans
2557 1508 2608 1562 in
2638 1510 2929 1578 baptismo,
2966 1514 3092 1582 quia
3133 1518 3348 1584 «angeli

1762 1608 1954 1649 eorum
1985 1610 2204 1667 semper
2233 1596 2417 1652 vident
2464 1598 2655 1654 faciem
2694 1600 2872 1657 Patris
2902 1605 3004 1658 mei
3033 1605 3121 1674 qui
3153 1607 3203 1660 in
3240 1622 3351 1662 coe-

1764 1683 1834 1740 lis
1867 1694 1949 1740 est
1974 1686 2015 1740 ⁸.
2044 1705 2062 1738 ι
2108 1686 2304 1742 Coram
2350 1689 2468 1744 istis
2504 1690 2664 1760 igitur
2718 1692 2838 1749 ﬁliis
2887 1693 3072 1761 Israel,
3116 1699 3206 1767 qui
3250 1700 3345 1753 ad-

114 1788 149 1839 id
198 1782 688 1852 concupiscendam
737 1796 883 1843 eam,
928 1780 1040 1850 jam
1076 1782 1380 1838 intechatus
1408 1794 1490 1838 est
1536 1799 1659 1857 earn
1689 1766 1736 1827 Β
1764 1789 1920 1834 erant
1953 1779 2043 1833 illo
2075 1779 2128 1833 in
2164 1791 2425 1850 tempore,
2449 1797 2570 1836 cum
2600 1784 2692 1838 tibi
2724 1785 2846 1840 fidei
2868 1766 3209 1844 sacramenta
3239 1802 3350 1846 tra-

113 1893 138 1931 n
168 1875 322 1929 corde
369 1889 492 1930 suo.
524 1892 544 1925 ι
590 1873 655 1927 Et
676 1874 723 1905 ⁸⁸
755 1892 767 1927 :
801 1891 820 1925 ι
845 1873 1055 1929 Dictum
1100 1883 1186 1929 est
1226 1874 1463 1944 antiquis
1495 1894 1508 1930 ε
1544 1876 1661 1932 Non

113 1964 399 2039 ierjurabis.
451 1965 561 2033 Ego
594 1976 777 2018 autem
830 1965 951 2019 dico
997 1965 1156 2020 vobis
1199 1982 1213 2017 :
1260 1964 1439 2019 Nolite
1471 1964 1662 2033 jurare

113 2055 350 2111 dimitto.)
396 2052 556 2108 Vides
587 2053 1067 2107 Deuteronomium
1121 2055 1263 2121 quod
1304 2054 1528 2124 scripsit
1564 2053 1658 2109 Je-

121 2164 175 2201 us
210 2149 256 2201 in
305 2145 578 2214 lapidibus
606 2146 743 2198 vivis
766 2154 821 2199 et
846 2145 1091 2214 integris,
1137 2161 1241 2198 non
1275 2145 1326 2199 in
1354 2145 1550 2200 tabulis
1579 2147 1659 2199 la-

119 2241 260 2305 ideis,
307 2239 407 2293 sed
460 2239 512 2293 in
550 2240 749 2294 tabulis
781 2243 964 2294 cordis
997 2242 1327 2305 carnalibus,
1360 2257 1463 2295 non
1513 2251 1658 2296 atra-

120 2338 271 2391 lClliO,
308 2330 405 2385 sed
435 2330 642 2401 Spiritu
679 2333 771 2385 Dei
804 2332 908 2386 vivi
934 2330 999 2387 ’9.
1024 2333 1078 2387 Si
1108 2344 1287 2389 autem
1316 2335 1397 2390 vis
1428 2336 1656 2390 evideu~

113 2440 179 2476 illS
223 2436 476 2486 nascere,
531 2422 813 2491 inquibus
868 2424 1129 2480 cordibus
1164 2424 1326 2503 :lesus
1366 2426 1656 2495 scripserit

114 2530 260 2585 :gem,
302 2524 355 2569 et
412 2514 464 2569 in
512 2516 706 2583 quibus
736 2531 840 2569 non
872 2516 1176 2585 scripserit,
1204 2517 1368 2570 etiam
1411 2518 1514 2570 hoc
1560 2516 1655 2571 tibi

114 2625 139 2662 ι
170 2608 577 2677 Scripturarum
628 2608 957 2662 auctoritate
985 2608 1337 2676 patefaciant,
1366 2618 1423 2662 ut
1456 2624 1655 2663 conso«

113 2702 318 2756 itionem
348 2700 539 2770 capias
570 2711 623 2753 tu
655 2698 749 2769 qui
787 2715 854 2754 ex
882 2700 1138 2769 gentibus
1165 2709 1386 2754 vocatus
1415 2714 1497 2767 es,
1556 2716 1655 2755 nec

113 2795 306 2853 erearis
332 2809 528 2849 eorum
558 2792 901 2862 jactantiam,
945 2791 1038 2862 qui
1067 2792 1240 2862 legem
1264 2790 1430 2847 Musei
1460 2793 1654 2847 tabulis

113 2888 151 2943 cl
176 2887 442 2943 chartulis
468 2888 726 2955 scriptam
757 2901 815 2940 se
844 2885 1125 2956 accepisse
1164 2885 1483 2955 gloriantur.
1515 2886 1652 2939 Audi

113 2996 191 3052 rgo
220 2982 268 3035 in
297 2995 537 3047 quorum
584 2980 843 3034 cordibus
873 2979 1132 3033 Dominus
1177 2977 1333 3032 Jesus
1373 2979 1653 3045 scripserit

1767 1869 2059 1937 debantur,
2117 1870 2434 1927 videntibus
2480 1871 2672 1928 faciem
2729 1872 2845 1941 Dei,
2893 1876 3048 1934 Jesus
3086 1880 3136 1933 in
3186 1883 3347 1936 corde

1767 1970 1861 2017 tuo
1892 1962 2369 2018 Deuteronomium
2400 1965 2643 2032 scripsit.
2686 1966 2781 2022 Vis
2809 1970 2903 2023 tibi
2934 1970 3110 2024 adhuc
3129 1971 3347 2027 eviden-

1767 2053 1872 2107 tius
1903 2054 2015 2108 bzec
2049 2055 2115 2108 de
2164 2054 2463 2124 Scripturis
2496 2059 2703 2113 sanctis
2744 2062 3059 2128 probemus,
3090 2064 3215 2130 quia
3250 2079 3346 2118 co-

1766 2156 1878 2196 ram
1928 2143 2056 2198 ftliis
2112 2144 2279 2200 Israel
2332 2146 2503 2215 legem
2560 2151 2852 2203 secundam
2903 2151 3107 2206 scribat
3148 2151 3346 2208 Iesus?

1762 2233 2052 2303 Apostolus
2085 2235 2152 2289 ad
2184 2235 2441 2293 llebra'os
2465 2238 2751 2295 manifeste
2778 2243 3041 2312 designat,
3074 2247 3255 2300 dicens
3285 2248 3341 2304 σε

1769 2344 1786 2375 ι
1810 2323 1925 2378 Non
1959 2325 2099 2379 enim
2129 2328 2442 2383 accessistis
2478 2330 2545 2383 ad
2575 2345 2765 2384 sonum
2802 2332 2961 2400 tubae,
3015 2345 3069 2388 et
3095 2336 3158 2389 ad
3192 2352 3345 2392 mon-

1765 2428 1871 2472 tem
1904 2420 2211 2484 ardentem,
2265 2421 2363 2475 sed
2398 2424 2708 2478 accessistis
2742 2425 2806 2477 ad
2838 2434 3072 2481 montem
3104 2428 3253 2494 Sion,
3291 2442 3344 2486 et

1760 2510 2044 2565 civitatem
2082 2511 2173 2565 Dei
2204 2513 2444 2567 viventis
2473 2512 2775 2569 Jerusalem
2812 2517 3109 2584 caelestem,
3164 2530 3216 2576 et
3244 2521 3345 2576 Ec-

1762 2603 1980 2656 clesiam
2010 2603 2410 2673 primitivorum
2439 2607 2735 2676 ascriptam
2781 2608 2832 2661 in
2863 2611 3037 2677 ctelis,
3075 2620 3126 2666 et
3157 2612 3342 2667 multi-

1764 2694 2000 2749 tudinem
2054 2694 2370 2766 angelorum
2410 2696 2832 2753 collaudantium
2882 2700 3116 2755 Deum.»
3175 2702 3340 2761 Vides

1758 2799 1888 2854 ergo
1915 2787 2045 2856 quia
2080 2800 2264 2840 coram
2297 2787 2362 2841 iis
2390 2787 2663 2853 omnibus,
2707 2791 2797 2859 qui
2830 2806 2896 2845 ex
2931 2806 2994 2846 eo
3024 2794 3165 2861 quod
3198 2809 3339 2847 sem-

1759 2894 1854 2948 per
1890 2880 2055 2933 Deum
2090 2881 2295 2947 vident,
2329 2889 2385 2933 et
2418 2880 2617 2934 merito
2648 2879 2740 2934 ﬁlii
2774 2881 2940 2936 lsrael
2977 2882 3336 2953 appellantur,

1756 2972 1913 3029 Jesus
1944 2975 2115 3041 legem
2164 2988 2314 3027 suam
2353 2974 2405 3027 in
2457 2973 2713 3027 cordibus
2760 2976 3095 3030 credentium
3128 2978 3336 3038 scribit.

113 3088 255 3142 rgem.
307 3070 517 3125 Paulus
567 3070 739 3124 dicit’
772 3088 784 3121 :
824 3088 841 3121 ι
870 3069 1002 3124 Cum
1034 3070 1178 3123 enim
1206 3081 1393 3138 gentes
1419 3084 1541 3137 qua:
1572 3069 1649 3124 le-
1680 3109 1722 3166 ο
1760 3065 1863 3119 Sed
1899 3078 1954 3120 et
1990 3083 2130 3122 nunc
2159 3083 2255 3136 per
2278 3069 2390 3121 lucc
2417 3083 2538 3137 quae
2575 3067 2868 3136 loquimur,
2899 3069 3053 3125 Jesus
3088 3070 3338 3125 Deutero-

114 3179 179 3218 ειη
209 3181 309 3219 non
341 3164 576 3226 habent,
604 3160 925 3216 naturaliter
958 3176 1079 3231 quae
1107 3160 1241 3231 legis
1267 3170 1393 3216 sunt
1422 3160 1650 3226 faciunt,

113 3254 362 3320 ejusmodi
408 3268 513 3306 non
560 3252 825 3305 habentes
869 3251 1066 3321 legem,
1117 3251 1216 3320 ipsi
1257 3251 1355 3306 sibi
1387 3261 1512 3305 sunt
1542 3252 1649 3305 lex.

113 3347 157 3399 ui
181 3340 641 3415 ostetttlunt'Opus
674 3342 810 3419 legis
836 3344 1095 3413 scriptum
1127 3343 1177 3396 in
1232 3344 1485 3396 cordibus
1514 3344 1649 3410 suis,

114 3439 431 3492 stimoniuin
465 3438 720 3492 reddente
748 3437 828 3491 eis
863 3436 1222 3490 conscientia.
1247 3455 1265 3486 ι
1309 3435 1365 3490 Si
1400 3450 1531 3504 ergo
1572 3438 1646 3489 vi-

114 3548 183 3586 :as
209 3540 407 3602 gentes
438 3531 505 3584 ad
537 3527 719 3583 Jesum
754 3528 945 3582 venire
979 3535 1037 3580 et
1080 3526 1304 3580 credere
1332 3526 1404 3590 ei,
1430 3533 1486 3580 et
1512 3538 1649 3594 opus

114 3626 183 3693 gis
217 3624 474 3693 implere,
519 3623 661 3691 quod
696 3620 772 3675 illi
812 3619 903 3689 qui
956 3619 1128 3688 legem
1161 3628 1509 3688 acceperant,
1544 3617 1649 3671 im-

114 3730 200 3768 ere
226 3730 329 3767 non
377 3720 635 3781 possunt,
693 3725 797 3763 non
835 3709 1051 3763 dubites
1084 3708 1148 3761 de
1179 3707 1259 3761 eis
1286 3707 1489 3773 dicere,
1518 3708 1644 3779 quia

113 3819 210 3858 :sus
260 3804 312 3857 in
367 3803 496 3856 istis
560 3800 832 3870 lapidibus
891 3798 1116 3868 integris
1163 3797 1642 3854 Deuteronomium

114 3896 296 3963 :ripsit.

124 3990 176 4043 4.
208 3989 387 4044 Movet
440 4003 527 4042 me
561 4000 713 4052 sane,
760 3986 904 4056 quod
933 3984 1140 4040 addidit
1171 3985 1225 4039 in
1258 3987 1642 4057 consequenti-

114 4096 155 4135 lS
200 4081 509 4151 Scriptura.
552 4096 571 4130 ι
599 4078 665 4133 Ει
694 4078 939 4148 scripsit,
987 4078 1164 4148 inquit
1194 4082 1236 4145 ⁸,
1283 4079 1443 4136 .lesus
1477 4098 1641 4152 super

113 4176 252 4243 pides
287 4173 770 4229 Deuteronomium
817 4186 1005 4227 coram
1044 4171 1170 4227 ﬁliis
1222 4172 1403 4227 Israel.
1433 4192 1452 4225 ι
1493 4175 1639 4247 Quo-

113 4267 210 4320 ndo
243 4265 491 4336 potuerit
522 4274 629 4317 tam
669 4278 922 4334 magnum
956 4262 1178 4329 librum,
1214 4264 1299 4319 vel
1330 4266 1635 4321 assistenti~

113 4376 153 4413 ος
197 4369 251 4413 et
282 4357 740 4430 permanentibus
788 4354 860 4409 ibi
918 4355 1047 4410 ﬁliis
1097 4354 1261 4410 lsrael
1297 4357 1630 4423 describere,

1758 3160 1992 3214 nomium
2034 3161 2226 3215 scribit
2277 3161 2326 3213 in
2376 3175 2565 3214 eorum
2602 3161 2859 3216 cordibus
2902 3165 2992 3231 qui
3029 3165 3233 3234 integra
3272 3167 3334 3218 fi-

1753 3252 1841 3313 de.
1870 3262 1925 3307 et
1973 3261 2082 3307 toto
2117 3253 2299 3306 animo
2333 3267 2453 3320 quae
2488 3254 2746 3307 dicuntur
2778 3255 3072 3324 accipiunt,
3128 3258 3217 3327 qui
3253 3256 3339 3312 in-

1758 3348 1909 3409 tegro
1940 3340 2150 3406 auditu,
2185 3351 2347 3410 atque
2382 3341 2595 3411 integro
2626 3344 2809 3405 corde,
2848 3352 2903 3397 et
2940 3359 3045 3397 non
3081 3356 3336 3414 corrupto

1750 3445 1914 3485 sensu
1966 3447 2032 3488 ac
2086 3434 2317 3503 reprobo
2351 3432 2495 3485 circa
2531 3433 2711 3500 ﬁdem,
2748 3436 2972 3490 audiunt
3014 3446 3068 3492 et
3099 3440 3334 3492 retinent

1749 3536 1870 3593 qua:
1911 3522 2189 3586 dicuntur,
2222 3524 2347 3593 quia
2388 3539 2611 3580 necesse
2643 3537 2725 3580 est
2762 3528 3239 3582 Deuteronomium
3280 3531 3330 3583 in

1748 3611 1977 3683 integris
2005 3614 2273 3682 lapidibus
2304 3613 2494 3669 scribi.

1818 3706 1869 3760 5.
1901 3705 2029 3761 Post
2055 3707 2170 3762 hiec
2218 3708 2347 3762 dicit
2378 3728 2391 3761 ς
2434 3725 2452 3758 ι
2478 3706 2542 3760 Ει
2570 3707 2769 3772 omnis,
2802 3708 2979 3778 lnquit
3003 3704 3046 3775 θ,
3085 3709 3248 3764 Israel
3280 3721 3329 3765 et

1744 3797 2043 3868 presbyteri
2073 3808 2128 3853 et
2156 3797 2387 3864 iudices,
2416 3808 2470 3853 et
2498 3800 2690 3853 scribae
2720 3801 3095 3869 prmccdebant
3123 3804 3249 3857 hinc
3279 3816 3329 3857 et

1745 3889 1891 3943 illinc
1922 3903 2103 3945 arcam
2139 3888 2451 3944 testamenti
2506 3887 2740 3943 Domini.
2769 3909 2787 3942 ι
2832 3891 2975 3945 Area
3021 3898 3324 3947 testamenti

1742 3979 1957 4036 Domini
1992 3988 2095 4045 est,
2141 3982 2195 4035 in
2244 3996 2350 4050 qua
2385 3979 2581 4035 tabulae
2632 3979 2764 4050 legis
2799 3998 2962 4036 manu
2990 3983 3082 4037 Dei
3114 3986 3327 4054 scriptae

1740 4085 2053 4131 servantur.
2096 4074 2160 4130 Et
2188 4077 2333 4131 circa
2371 4075 2510 4131 hanc
2541 4089 2725 4130 arcam
2761 4079 3093 4139 testamenti,
3149 4080 3327 4134 Omnis

1739 4168 1829 4237 qui
1862 4184 1987 4223 vere
2016 4167 2179 4223 lsrael
2206 4177 2308 4234 est,
2342 4168 2562 4234 incedit,
2591 4176 2646 4221 et
2683 4185 2786 4222 non
2817 4179 2899 4224 est
2945 4170 3105 4238 longe
3141 4171 3208 4224 ab
3236 4186 3321 4225 ea.

1738 4259 1937 4316 Levitze
1972 4276 2099 4316 vero
2149 4273 2204 4315 et
2250 4262 2558 4317 sacerdotes
2606 4263 2771 4317 etiam
2828 4263 2880 4317 in
2930 4264 3173 4319 humeris
3204 4265 3318 4319 suis

1736 4370 1853 4410 eam
1882 4364 2117 4422 portant.
2160 4350 2374 4408 Etenim
2407 4354 2719 4425 quicunque
2745 4357 3070 4410 sacerdotali
3108 4359 3321 4428 religio-

113 4470 123 4505 ι
152 4460 337 4506 utnon
386 4452 737 4505 discederent
764 4462 1045 4519 usquequo
1090 4449 1360 4519 scriptura
1402 4460 1477 4505 tot
1511 4465 1633 4504 ver-
1667 4453 1712 4508 Ι)
1742 4461 1808 4501 ne
1842 4456 1896 4499 et
1925 4446 2213 4501 sanctitate
2238 4446 2445 4511 vivunt,
2477 4461 2583 4501 non
2619 4448 2791 4502 solum
2827 4448 2859 4501 ii
2894 4448 2982 4517 Qui
3014 4449 3202 4503 sedere
3235 4450 3318 4503 vi-

119 4560 200 4598 um
235 4543 495 4598 ﬁniretur
526 4559 539 4596 :
580 4541 662 4595 vel
710 4542 872 4595 etiam
900 4540 1186 4609 jquomodo
1244 4543 1521 4610 potuerint
1555 4543 1635 4598 la-

113 4639 198 4692 des
226 4638 422 4691 altaris
455 4634 598 4690 ferre
618 4634 781 4706 420
810 4642 918 4687 tam
956 4633 1135 4703 magni
1182 4633 1311 4688 libri
1347 4635 1633 4688 continen-

113 4748 197 4797 un,
237 4732 427 4785 dicant
462 4729 592 4783 mihi
621 4728 712 4781 isti
762 4736 1065 4782 assertores
1093 4724 1288 4780 litterae
1315 4724 1506 4791 Judmi,
1538 4726 1631 4795 qui

114 4825 291 4879 iritum
343 4822 483 4894 legis
519 4822 789 4890 ignorant.
832 4817 1117 4885 Quomodo
1170 4819 1223 4873 in
1256 4819 1359 4873 hoc
1389 4818 1633 4873 historiae

117 4920 244 4973 ritas
272 4913 721 4972 demonstratur?
750 4912 855 4968 Sed
888 4913 1026 4981 apud
1053 4912 1173 4967 illos
1206 4930 1225 4964 ι
1256 4928 1427 4982 usque
1449 4912 1502 4965 in
1537 4912 1634 4967 bo-

114 5026 291 5064 :rnum
324 5009 472 5063 diem
505 5023 626 5061 cum
657 5006 859 5075 legitur
887 5003 1118 5071 Moyses,
1158 5003 1399 5059 velamen
1432 5013 1517 5058 est
1540 5018 1635 5071 p0-

122 5118 205 5155 um
238 5117 411 5172 super
437 5115 531 5154 cor
557 5115 743 5153 eorum
770 5098 809 5153 ⁸.
840 5119 860 5149 ι
902 5096 1068 5151 Nobis
1108 5112 1235 5150 vero
1267 5096 1539 5150 conversis
1567 5094 1634 5148 ad

114 5196 333 5249 uuinum
365 5192 577 5255 Jesum,
610 5189 856 5245 aufertur
886 5189 1157 5254 velamen,
1189 5188 1315 5257 quia
1355 5206 1373 5240 ι
1399 5188 1488 5242 ubi
1520 5188 1635 5259 Spi-t

118 5302 178 5339 us
220 5285 463 5349 Domini,
499 5284 571 5339 ibi
625 5283 851 5337 libertas
880 5300 899 5333 ο
956 5278 1327 5349 intelligentia
1349 5278 1389 5336 ⁵.
1441 5278 1636 5333 Noster

113 5396 167 5450 go
196 5379 357 5435 Jesus
390 5378 654 5433 Dominus
687 5391 792 5429 non
831 5374 1033 5444 indiget
1084 5371 1255 5427 multo
1292 5380 1533 5439 tempore
1565 5379 1623 5425 ut

113 5498 155 5529 ⁵⁵
178 5496 293 5553 Jus.
322 5513 450 5559 vttt,
481 5496 572 5550 '52.
647 5494 694 5526 '“
722 5494 887 5547 Marc.
919 5507 970 5557 v,
994 5490 1085 5551 2i,
1106 5489 1198 5547 22.

115 5585 191 5622 os.
222 5585 346 5630 Vlll,
379 5568 471 5624 32.
572 5567 592 5597 ⁸
615 5564 805 5619 llCor.
835 5581 916 5627 Ill,
950 5562 1135 5617 1547.

113 5680 124 5694 .
199 5640 221 5671 ⁸
246 5640 382 5694 ibid.

1233 5560 1255 5591 ‘
1278 5560 1410 5614 ibid.
1456 5561 1541 5613 17.

1274 5490 1317 5522 ⁹⁷
1346 5489 1476 5544 ibid.
1500 5488 1591 5551 27,
1613 5486 1706 5541 28.
1767 5486 1814 5518 ’3
1839 5484 1968 5542 ibid.
1995 5485 2083 5549 5⁸5,
2110 5485 2202 5540 54.
2254 5483 2298 5515 ⁹⁹
2326 5483 2361 5536 ll
2387 5484 2513 5538 Cor.
2541 5497 2625 5549 ltt,
2650 5483 2703 5536 ’5.

1656 5557 1677 5589 ⁸
1706 5556 1895 5611 Matth.
1940 5570 2085 5622 xvm,
2134 5557 2223 5613 10.

1744 4540 1939 4594 dentur
1964 4540 2016 4594 in
2047 4554 2307 4594 consessu
2342 4540 2691 4607 sacerdotali,
2724 4543 2817 4594 sed
2846 4540 2880 4594 ii
2911 4542 3081 4612 magis
3113 4545 3202 4611 qui
3231 4559 3319 4599 sa-

1743 4630 2095 4685 cerdotaliter
2129 4641 2320 4701 agunt,
2373 4646 2604 4701 quorum
2653 4648 2780 4701 pars
2808 4643 2887 4687 est
2917 4632 3192 4700 Dominus,
3221 4651 3319 4692 nec

1744 4722 1851 4777 ulla
1884 4724 1962 4778 eis
1995 4725 2172 4792 portio
2202 4722 2432 4778 habetur
2465 4724 2515 4777 in
2556 4724 2737 4788 terris,
2790 4724 2887 4793 ipsi
2920 4735 3045 4779 sunt
3073 4741 3199 4781 vere
3230 4745 3321 4782 sa-

1740 4815 1987 4869 cerdotes
2017 4824 2070 4870 et
2100 4815 2303 4870 Levita;
2339 4815 2571 4881 Domini,
2618 4815 2706 4883 qui
2750 4815 2801 4869 in
2834 4818 3071 4871 humeris
3100 4818 3211 4875 suis
3243 4820 3316 4875 le-

1739 4924 1860 4980 gem
1892 4909 1987 4963 Dei
2023 4916 2268 4979 portant,
2299 4907 2506 4976 agendo
2538 4908 2808 4970 videlicet,
2840 4917 2891 4961 et
2918 4908 3185 4978 implendo
3217 4926 3314 4980 per

1736 5015 1873 5071 epus
1903 5015 1965 5055 ea
1996 5014 2114 5066 quae
2145 4998 2344 5067 scripta
2378 5006 2503 5052 sunt
2532 4997 2584 5051 in
2612 4998 2747 5066 lege.

1807 5089 1857 5145 ὃ.
1897 5110 1914 5141 ι
1943 5090 2047 5145 Sed
2078 5099 2133 5143 et
2160 5087 2481 5158 proselytus,
2520 5086 2748 5156 inquit“,
2778 5096 2831 5142 et
2856 5088 3101 5157 indigena
3130 5089 3307 5155 simul,

1737 5193 1791 5239 et
1817 5194 1970 5238 erant
1999 5181 2111 5253 (65)
2161 5181 2366 5236 dimidii
2407 5178 2563 5248 juxta
2596 5189 2831 5235 montem
2866 5182 3107 5248 Garizin,
3158 5197 3210 5239 et
3240 5186 3306 5239 di-

1739 5274 1887 5328 midii
1936 5273 2089 5339 juxta
2139 5282 2374 5325 montem
2410 5271 2598 5328 Gebal.
2629 5291 2647 5325 ι
2693 5274 2973 5339 Qumuodo
3011 5276 3172 5329 etiam
3206 5276 3304 5332 ista

1730 5362 2163 5435 explicabimus?
2204 5362 2339 5418 Vere
2370 5364 2639 5433 adiutorio
2677 5364 2767 5418 Dei
2798 5380 2935 5434 opus
2963 5375 3070 5432 est,
3097 5375 3155 5419 ιιι
3184 5382 3310 5436 ροει

2782 5488 2797 5512 ¹
2827 5480 2983 5536 Rom.
3010 5501 3069 5545 tt,
3102 5484 3184 5546 Η,
3216 5485 3303 5541 15.

2322 5555 2342 5586 ⁸
2370 5555 2534 5609 Hebr.
2574 5571 2667 5620 xu,
2708 5554 2889 5608 18-25.
2995 5554 3148 5610 'Jos.
3184 5572 3300 5623 vui,

113 5736 212 5808 {65)
258 5736 409 5789 Idem
440 5748 561 5788 cum
589 5747 695 5784 uno
727 5727 1061 5792 Ebrnicensi,
1102 5745 1120 5777 ι
1159 5736 1335 5781 erant.
1378 5741 1395 5776 ι
1438 5723 1559 5789 Alii,
1612 5738 1629 5773 ι
1677 5730 1855 5777 erunt.
1891 5735 1909 5771 ι

315 5830 593 5889 ΡΑτιιοι..
640 5826 759 5886 Gn.
808 5822 951 5885 ΧΠ.

2910 5809 2988 5871 '28
