3874 6504
462 285 570 347 875

1943 272 2264 336 OIilGENlS

3635 289 3727 343 876

466 407 641 464 simus
663 403 847 463 verbis
876 401 1077 461 nostris
1106 400 1270 458 verba
1305 398 1487 458 divina
1536 399 1828 464 disserere,
1863 406 1916 454 et
1949 411 2046 453 ex-
2077 399 2124 458 Α
2156 405 2266 452 tum
2294 405 2374 452 est
2401 394 2543 452 enim
2570 394 2864 452 nobiliores
2906 407 3027 450 esse
3069 394 3212 462 illos,
3262 397 3357 468 qui
3396 397 3524 453 boni
3569 397 3730 470 ipsius

464 501 689 571 planare
714 514 806 570 qui
837 505 966 554 sunt
993 496 1198 552 dimidii
1228 495 1318 567 qui
1353 495 1676 552 incedebant
1700 493 1855 564 juxta
1884 508 2044 548 mon-

469 601 576 649 tem
606 591 859 655 Garizin,
905 598 959 645 et
1007 589 1096 660 qui
1136 597 1263 644 sunt
1313 587 1520 642 dimidii
1566 587 1657 656 qui
1691 587 1818 643 licet
1863 593 1916 642 et
1945 587 2044 655 ipsi

466 685 764 747 salventur,
814 699 919 738 non
953 692 1132 737 tamen
1164 689 1458 752 potuerunt
1491 677 1646 748 juxta
1675 688 1908 734 montem
1937 678 2047 734 Ga-

467 778 603 831 rizln
631 775 905 839 incedere,
963 775 1057 830 sed
1090 772 1349 828 incedunt
1395 772 1550 842 juxta
1581 778 1821 827 montem
1849 770 2041 825 Gebal.

466 868 618 926 Mons
648 868 870 925 Garizin
901 865 1306 923 benedictiones
1337 863 1518 928 habet,
1543 877 1698 918 mons
1730 869 1908 916 autem
1940 861 2045 917 Ge-

465 966 554 1022 bal
610 964 1040 1027 maledictiones,
1109 975 1228 1030 quae
1287 959 1665 1030 peccatoribus
1736 958 2040 1013 imminent.

466 1057 792 1114 Statuerunt
821 1054 1041 1121 etenim,
1074 1053 1219 1109 sicut
1268 1051 1534 1120 scriptum
1566 1058 1650 1106 est
1701 1050 1754 1104 in
1786 1047 2043 1106 Deutero-

461 1151 665 1215 nomio,
697 1164 792 1205 sex
829 1148 1004 1204 tribus
1034 1148 1100 1202 ad
1135 1143 1566 1201 benedicendum
1598 1143 1651 1198 in
1684 1153 1868 1198 monte
1894 1143 2043 1200 Gari-

461 1243 570 1310 zin,
599 1255 649 1298 et
679 1245 822 1312 ipsas
857 1241 1032 1296 tribus
1067 1253 1186 1308 qua:
1218 1237 1516 1292 nobiliores
1545 1243 1673 1290 sunt
1723 1243 1778 1289 et
1803 1236 2036 1301 eximim,

461 1334 514 1389 id
559 1344 663 1397 est,
715 1333 958 1396 Simeon,
1009 1329 1162 1392 Levi,
1209 1326 1368 1394 Iuda,
1423 1326 1690 1391 lssachar,
1741 1326 1942 1395 Joseph
1986 1338 2039 1381 et

458 1424 780 1494 Benjamin;
811 1423 948 1478 alias
975 1436 1103 1477 vero
1125 1436 1217 1476 sex
1249 1417 1596 1490 ignobiliores
1627 1417 1737 1488 (66)
1766 1418 1833 1472 ad
1869 1418 2037 1472 male-

459 1515 745 1571 dicendum
777 1531 790 1568 :
819 1515 871 1568 in
906 1513 1102 1582 quibus
1131 1521 1184 1568 et
1215 1510 1428 1576 Ruben,
1458 1509 1549 1579 qui
1586 1509 1830 1564 ascendit
1862 1509 2039 1564 cubile

458 1610 632 1681 patris
675 1618 730 1664 et
793 1618 970 1663 torum
1013 1604 1302 1661 maculavit
1334 1613 1638 1673 paternum,
1676 1609 1730 1658 et
1769 1601 2035 1670 Zabulon,

459 1700 551 1770 qui
582 1710 665 1755 est
701 1699 921 1755 ultimus
950 1698 1097 1752 ﬁlius
1133 1695 1243 1750 Liae
1275 1695 1410 1766 (67).

2153 489 2426 544 desiderio
2459 497 2513 544 et
2537 488 2977 543 benedictionum
3005 502 3214 557 amore,
3248 491 3395 560 quod
3424 491 3626 546 bonum
3651 504 3728 549 ait

2154 588 2338 648 agunt,
2371 594 2531 649 quam
2582 578 2702 633 illos
2727 579 2818 648 qui
2853 593 2952 646 pro
2997 581 3123 633 mali
3180 592 3326 636 metu
3369 585 3574 638 bonum
3622 587 3726 660 (69)

2153 680 2451 726 sectantur.
2490 671 2647 726 Solus
2679 686 2813 741 ergo
2837 670 2997 727 Jcsus
3020 682 3122 734 est,
3150 676 3239 743 qui
3277 685 3457 745 potest
3493 693 3561 731 ex
3592 682 3727 734 omni

2153 764 2348 833 populo
2383 763 2755 832 hujuscemodi
2789 774 3000 820 mentes
3043 768 3363 838 animosque
3395 771 3726 839 discernere,

2151 865 2206 912 et
2233 857 2368 912 alios
2398 859 2613 926 quidem
2645 866 2886 914 statuere
2927 861 2977 914 in
3011 873 3247 916 montem
3296 863 3524 918 Garizin
3555 865 3623 918 ad
3645 868 3728 920 be-

2150 949 2507 1018 nedictiones,
2547 950 2684 1004 alios
2715 965 2842 1007 vero
2890 963 3138 1009 statuere
3187 956 3238 1009 in
3270 966 3516 1012 montem
3569 957 3726 1014 Gebal

2149 1044 2215 1095 ad
2251 1043 2672 1112 maledictiones,
2706 1063 2812 1102 non
2867 1058 2926 1102 ut
2974 1049 3384 1107 tnaledictiones
3442 1053 3724 1121 accipiant,

2147 1137 2240 1191 sed
2282 1146 2339 1190 ut
2371 1138 2642 1194 intuentes
2671 1140 3019 1210 prazscriptas
3060 1143 3501 1208 maledictiones,
3534 1157 3592 1198 et
3620 1161 3723 1212 pce-

2147 1243 2243 1283 nas
2273 1227 2386 1300 (70)
2415 1231 2794 1300 peccatoribus
2834 1233 3175 1301 constitutas,
3201 1235 3487 1292 incurrere
3509 1253 3722 1294 caveant

2146 1336 2258 1380 eas.
2303 1380 2306 1384 ,

2216 1413 2268 1470 8.
2309 1434 2326 1466 ι
2367 1415 2496 1471 Post
2531 1418 2646 1472 hinc
2682 1437 2700 1470 ι
2742 1418 2976 1474 refertur
2996 1420 3121 1490 quia
3150 1439 3168 1471 ι
3211 1421 3342 1493 legit
3362 1421 3526 1477 Jesus
3553 1429 3717 1483 omnia

2145 1508 2308 1562 verba
2342 1508 2499 1578 legis,
2533 1510 2587 1564 id
2635 1519 2741 1576 est,
2790 1512 3191 1568 henedictiones
3231 1524 3286 1567 et
3323 1515 3718 1574 maledictioncs

2145 1602 2438 1656 secundum
2463 1604 2643 1657 omnia
2683 1620 2806 1674 qua:
2863 1607 3063 1674 scripta
3123 1617 3248 1662 sunt
3306 1609 3360 1662 in
3395 1609 3538 1664 libro
3577 1612 3712 1680 legis,

2147 1708 2244 1746 nec
2268 1692 2370 1748 fuit
2400 1695 2564 1749 ullum
2595 1701 2818 1753 verbum
2877 1714 2944 1754 ex
2982 1698 3232 1754 omnibus
3276 1715 3401 1769 qua:
3455 1704 3715 1758 mandarit

531 1792 582 1846 7.
619 1790 743 1845 llzec
770 1791 982 1860 quidem
1026 1764 1541 1843 veterumhistorim
1589 1785 1834 1841 referunt
1863 1794 2039 1856 gesta,
2073 1764 2116 1819 Β
2147 1782 2379 1853 Moyses,
2403 1787 2545 1854 quod
2578 1804 2682 1842 non
2709 1788 3104 1860 legeritJesus,
3136 1807 3323 1846 coram
3375 1795 3528 1847 omni
3556 1797 3713 1850 eccle-

459 1884 552 1940 sed
607 1883 876 1954 quomodo
926 1895 1023 1934 nos
1070 1879 1211 1934 hanc
1259 1878 1501 1961 hisrorire
1549 1876 1920 1932 narrationem
1975 1876 2041 1930 ad

461 1977 747 2048 mysticam
794 1972 1214 2042 intelligentiam
1245 1970 1569 2036 referemus,
1605 1980 1661 2025 ut
1695 1970 2041 2026 ostendamus

459 2074 550 2140 qui
581 2071 690 2127 sint
729 2067 818 2124 isti
855 2068 944 2136 qui
978 2066 1239 2121 incedunt
1262 2064 1418 2135 juxta
1449 2072 1686 2120 montem
1714 2064 1956 2132 Garizin,
1985 2072 2041 2119 et

455 2161 548 2232 qui
593 2161 701 2215 sint
749 2159 840 2214 isti
888 2158 976 2228 qui
1031 2158 1286 2213 incedunt
1332 2157 1488 2227 juxta
1543 2166 1782 2212 montem
1831 2156 2039 2213 Gebal?

457 2253 568 2321 Ego
616 2251 695 2307 sic
743 2251 922 2316 video,
959 2249 1094 2305 duas
1126 2262 1248 2304 esse
1284 2248 1496 2318 species
1545 2263 1756 2315 eorum,
1797 2249 1890 2318 qni
1945 2263 2038 2316 per

459 2341 618 2397 ﬁdem
669 2341 927 2396 festinant
962 2349 1018 2394 et
1067 2347 1363 2411 properant
1426 2341 1492 2394 ad
1543 2339 1797 2396 salutem.
1863 2339 2034 2395 Unam

455 2450 647 2491 eorum
683 2433 772 2503 qui
806 2431 1228 2503 promissionum
1254 2431 1562 2488 coelestium
1587 2432 1889 2501 cupiditate
1920 2448 2039 2486 sne-

457 2527 635 2592 censi,
668 2540 885 2582 summo
908 2525 1088 2580 studio
1123 2523 1510 2594 diligentiaque
1535 2523 1801 2588 nituntur,
1839 2538 1905 2578 ne
1931 2539 2034 2578 una

455 2619 651 2675 saltem
697 2617 921 2673 minima
972 2632 1066 2672 eos
1091 2615 1372 2672 beatitudo
1423 2623 1732 2685 praetereat,
1775 2614 2036 2672 habentes

457 2707 791 2766 desiderium
839 2721 945 2763 non
999 2706 1172 2762 solum
1215 2706 1610 2762 benedictionis
1651 2706 1948 2777 capiendm,
1984 2716 2037 2762 et

456 2800 597 2858 ellici
633 2801 685 2856 in
713 2809 868 2871 parte
901 2799 1064 2855 sortis
1091 2808 1428 2862 sanctorum,
1461 2799 1554 2854 sed
1576 2794 1748 2853 'etiam
1779 2799 2037 2856 assistere

458 2894 513 2949 in
567 2901 858 2962 conspectu
912 2891 1028 2958 Dei,
1084 2902 1138 2946 et
1187 2905 1401 2961 semper
1447 2905 1567 2946 esse
1613 2905 1738 2946 cum
1785 2890 2032 2948 Domino.

457 2987 562 3040 Alii
595 3002 721 3050 vero
750 2993 899 3049 sunt,
931 2985 1021 3054 qui
1069 2993 1123 3040 et
1165 2983 1266 3053 ipsi
1298 2985 1521 3038 tendunt
1554 2986 1619 3040 ad
1655 2985 1902 3053 salutem,
1941 2990 2034 3043 sed

461 3096 567 3134 non
621 3087 728 3134 tam
777 3093 963 3133 amore
1021 3077 1452 3133 benedictionum
1514 3085 1570 3132 et
1617 3079 1902 3134 desideriis
1949 3081 2033 3135 in-
2063 3106 2106 3166 α

457 3172 826 3239 ﬂammantur,
875 3185 1036 3242 quam
1070 3171 1174 3225 hoc
1205 3170 1375 3241 magis
1409 3169 1611 3226 habent
1640 3171 1696 3226 in
1721 3183 2034 3242 prospectu,

459 3273 519 3321 ut
570 3265 755 3319 dicant
780 3260 914 3332 (68),
940 3260 1147 3318 Sufﬁcit
1182 3261 1313 3315 mihi
1346 3276 1452 3317 non
1501 3262 1581 3318 ire
1629 3263 1680 3317 in
1711 3265 2032 3333 gehennam,

457 3353 656 3412 sullicit
685 3353 816 3410 mihi
871 3368 977 3410 non
1012 3352 1151 3406 mitti
1201 3352 1255 3406 in
1285 3353 1464 3423 ignem
1509 3362 1791 3423 aeternum,
1841 3356 2037 3412 sufﬁcit

457 3446 591 3501 mihi
654 3459 762 3500 non
835 3441 1028 3513 expelli
1094 3442 1149 3496 in
1204 3442 1456 3499 tenebras
1521 3446 1838 3502 exteriores.
1899 3448 2034 3503 Cum

457 3550 588 3606 ergo
626 3536 678 3590 in
729 3533 956 3602 singulis
989 3533 1296 3603 quibusque
1345 3533 1585 3591 ﬁdelium
1637 3538 1762 3593 talis
1804 3539 1872 3594 sit
1911 3555 2040 3609 pro-

456 3626 620 3696 positi
676 3623 935 3690 varietas,
1003 3624 1106 3678 hoc
1181 3624 1315 3678 mihi
1371 3625 1642 3695 designari
1708 3627 1920 3684 videtur
1980 3632 2034 3686 in

457 3719 560 3774 hoc
617 3715 760 3780 loco,
825 3714 969 3785 quod
1031 3715 1236 3771 dimidii
1297 3716 1373 3770 illi
1434 3718 1524 3786 qui
1580 3718 1733 3788 juxta
1794 3731 2033 3778 montem

455 3807 674 3864 Garizin
744 3806 1021 3870 incedunt,
1092 3806 1240 3860 illum
1313 3808 1408 3877 qui
1476 3811 1543 3864 ad
1609 3811 2034 3882 benedictiones,

452 3898 615 3973 42],
647 3897 852 3953 electus
908 3907 1012 3964 est,
1068 3898 1201 3954 istos
1249 3900 1598 3970 singulariter
1652 3904 1909 3974 indicent,
1942 3907 2034 3976 qui

455 4007 567 4048 non
606 3999 752 4045 metu
796 4005 990 4060 poenae,
1038 3993 1130 4046 sed
1171 3993 1606 4050 benedictionum
1643 4007 1697 4050 et
1740 4002 2036 4066 repromis-

455 4081 670 4137 sionum
711 4079 981 4135 desiderio
1012 4081 1237 4134 veniunt
1263 4081 1330 4135 ad
1362 4083 1610 4141 salutem.
1659 4085 1740 4142 llli
1782 4105 1907 4143 vero
1955 4092 2036 4144 di-

457 4173 636 4237 midii,
666 4174 758 4242 qui
801 4171 956 4239 juxta
1006 4183 1240 4228 montem
1292 4174 1460 4230 Gebal
1513 4178 1766 4234 incedunt
1825 4183 1878 4236 in
1927 4198 2035 4252 quo

456 4264 864 4320 maledictiones
888 4265 1112 4334 prolatae
1145 4276 1292 4332 sunt,
1325 4267 1459 4323 istos
1501 4269 1634 4324 alios
1658 4271 1917 4338 indicent,
1944 4277 2033 4343 qni

456 4357 722 4413 malorum
757 4365 898 4410 metu
925 4366 980 4412 et
1022 4357 1407 4427 suppliciorum
1460 4360 1652 4416 timore
1703 4365 2035 4434 complentes

2143 1875 2220 1928 sia
2251 1877 2478 1931 filiorqu
2511 1878 2678 1934 Israel
2711 1881 2754 1938 θ.
2790 1901 2808 1934 ι
2839 1881 3036 1936 Facilis
3080 1885 3300 1952 quidem
3334 1895 3425 1939 est
3477 1886 3712 1955 explana-

2145 1967 2220 2020 tio
2269 1968 2532 2032 historize,
2586 1975 2854 2040 quomodo
2913 1974 3053 2030 ﬁlius
3112 1974 3260 2031 Nave
3305 1977 3501 2047 legerit
3547 1983 3708 2034 omnia

2139 2060 2302 2114 verba
2338 2059 2470 2130 legis
2495 2062 2605 2133 (~7l)
2639 2078 2758 2132 quae
2790 2066 3011 2136 scripsit
3053 2067 3290 2138 Moyses,
3333 2083 3526 2124 coram
3580 2075 3706 2126 omni

2139 2154 2368 2208 ecclesia
2417 2154 2649 2210 ﬁliorum
2701 2157 2864 2214 Israel
2897 2176 2912 2224 ;
2945 2171 3128 2215 noster
3165 2175 3305 2216 vero
3339 2161 3605 2217 Dominus
3631 2163 3706 2219 Je-

2138 2260 2254 2309 sus,
2283 2249 2555 2316 quomodo
2587 2248 2687 2304 hoc
2710 2250 2908 2321 populo
2937 2266 3034 2306 suo
3071 2251 3259 2318 faciat,
3297 2258 3592 2309 ostendere
3621 2272 3707 2310 non

2138 2339 2272 2392 mihi
2324 2340 2536 2394 videtur
2596 2343 2852 2398 otiosum.
2911 2345 2974 2398 Et
3026 2359 3127 2416 ego
3176 2344 3408 2414 quidem
3473 2349 3704 2412 arbitror.

2138 2434 2278 2501 quod
2304 2435 2347 2488 si
2385 2435 2600 2503 quando
2628 2436 2784 2496 nobis
2807 2436 2999 2505 legitur
3024 2437 3259 2509 Moyses,
3279 2450 3338 2494 et
3373 2455 3476 2510 per
3506 2445 3707 2512 gratia-

2139 2523 2350 2579 Domini
2384 2526 2625 2582 velamen
2662 2528 2857 2583 littera:
2884 2540 3185 2595 amovetnr,
3224 2542 3282 2586 et
3314 2533 3612 2602 incipimus
3646 2537 3712 2590 in-

2139 2616 2404 2688 telligere,
2427 2620 2555 2690 quia
2577 2620 2663 2674 lex
2687 2620 2945 2690 spiritalis
2970 2632 3074 2686 εει,
3101 2633 3153 2677 et
3181 2625 3335 2693 quia,
3361 2626 3523 2681 verbi
3545 2642 3710 2688 causa,

2137 2709 2324 2766 dicens
2349 2709 2435 2765 lex
2468 2711 2534 2777 ¹⁰,
2574 2730 2593 2764 ι
2628 2711 2746 2766 Non
2774 2712 3068 2768 infrenabis
3101 2729 3164 2769 os
3199 2717 3326 2770 bovi
3362 2717 3660 2782 trituranti,
3689 2740 3704 2771 ι

2139 2799 2332 2854 nonde
2363 2801 2536 2856 bobus
2566 2801 2704 2868 haec,
2735 2802 2829 2856 sed
2865 2802 2931 2857 de
2960 2805 3220 2872 apostolis
3243 2807 3460 2862 dixerit
3487 2825 3502 2863 :
3535 2820 3588 2864 et
3613 2827 3713 2864 rur-

2137 2906 2256 2946 sum
2281 2907 2400 2947 cnm
2443 2893 2495 2948 in
2547 2893 2665 2964 lege
2687 2893 2887 2950 dicitur
2918 2897 2982 2962 “,
3025 2915 3044 2950 ι
3089 2899 3216 2967 quia
3267 2901 3558 2956 Abraham
3592 2904 3707 2959 duos

2140 2985 2278 3040 ﬁlios
2313 2985 2525 3053 habuit,
2551 3003 2717 3042 unum
2744 2989 2808 3043 de
2835 2989 3054 3057 ancilla,
3089 3000 3145 3046 et
3176 3009 3350 3048 unum
3388 2996 3458 3050 de
3481 2997 3661 3063 libera,
3687 3018 3705 3050 ι

2139 3092 2240 3147 ego
2265 3079 2316 3132 in
2342 3079 2407 3134 iis
2444 3079 2684 3150 intelligo
2709 3095 2830 3136 esse
2861 3082 2964 3136 duo
3001 3092 3353 3151 testamenta,
3390 3096 3450 3142 et
3476 3091 3608 3143 duos
3633 3106 3710 3159 po-

2141 3172 2294 3242 pulos
2355 3191 2367 3226 :
2424 3173 2584 3228 istam
2641 3176 2802 3229 nobis
2857 3175 3026 3246 legem
3087 3194 3208 3248 qua:
3269 3183 3351 3236 sic
3413 3184 3709 3254 intelligitur

2141 3265 2324 3335 (quam
2349 3267 2647 3337 spiritalem
2692 3269 2934 3323 nominat
2976 3270 3221 3341 Paulus),
3254 3273 3426 3332 Jesus
3475 3277 3711 3333 Dominus

2140 3357 2287 3428 legit,
2323 3369 2376 3414 et
2409 3360 2522 3428 ipse
2553 3371 2635 3414 est
2664 3361 2754 3430 qui
2792 3361 2908 3417 bzec
2963 3363 3015 3418 in
3068 3367 3298 3422 auribus
3334 3369 3514 3425 totius
3549 3373 3708 3440 populi

2140 3452 2356 3512 recitat,
2386 3453 2705 3521 praecipiens
2756 3455 2910 3509 nobis
2935 3471 3004 3510 ne
3041 3471 3342 3529 sequamur
3391 3466 3707 3518 occidentem

2139 3541 2401 3610 litteram,
2435 3547 2533 3600 sed
2559 3555 2842 3603 teneamus
2867 3549 3115 3619 spiritum
3140 3554 3545 3611 viviﬁcantem.
3578 3557 3709 3626 Legit

2139 3651 2268 3708 ergo
2296 3639 2452 3694 nobis
2473 3639 2631 3695 Jesus
2657 3641 2858 3713 legem,
2883 3657 3004 3697 cum
3039 3646 3196 3702 nobis
3222 3647 3359 3718 legis
3405 3650 3606 3704 revelat
3627 3666 3707 3702 ar-

2139 3743 2300 3785 cana.
2331 3728 2448 3786 Non
2477 3733 2621 3788 enim
2682 3748 2780 3790 nos
2811 3737 2902 3805 qui
2938 3736 3004 3790 de
3039 3736 3286 3793 Ecclesia
3323 3742 3598 3798 catholica
3639 3759 3708 3797 sn-

2137 3836 2280 3890 mus,
2313 3824 2618 3893 spernimus
2649 3826 2818 3896 legem
2846 3827 3032 3896 Mosei,
3067 3833 3165 3886 sed
3210 3833 3555 3904 suscipimus
3582 3852 3702 3896 eam,

2137 3914 2184 3970 si
2212 3925 2388 3972 tamen
2425 3916 2584 3974 Jesus
2618 3936 2738 3974 eam
2767 3924 2925 3979 nobis
2970 3923 3182 3995 legerit.
3229 3926 3327 3982 Sic
3385 3930 3534 3982 enim
3584 3939 3706 3984 recte

2138 4009 2434 4076 poterimus
2485 4011 2788 4081 intelligere
2839 4016 3034 4086 legem,
3081 4018 3128 4073 si
3188 4033 3312 4074 eam
3377 4022 3540 4076 nobis
3585 4020 3704 4090 legat

2136 4099 2309 4168 Jesus,
2341 4111 2398 4157 ut
2429 4105 2546 4172 ipso
2582 4105 2817 4176 legente,
2850 4124 2947 4164 nos
2988 4124 3210 4167 sensum
3239 4113 3361 4182 ejus
3409 4125 3466 4170 et
3531 4117 3704 4170 intelli-

2139 4195 2377 4265 gentiam
2411 4199 2711 4266 capiamus.
2733 4199 2840 4253 Aut
2871 4215 2974 4256 non
3001 4212 3086 4257 est
3103 4204 3413 4273 putandum
3435 4210 3577 4278 quod
3600 4208 3703 4262 inde

2138 4298 2463 4357 conceperat
2493 4305 2711 4346 sensum
2755 4291 2865 4357 ille,
2898 4297 2988 4365 qui
3030 4296 3246 4354 dicebat
3278 4299 3325 4331 "
3357 4319 3371 4354 :
3423 4319 3442 4352 ι
3481 4300 3587 4357 Nos
3622 4317 3702 4354 II-

2139 4389 2246 4435 tem
2284 4396 2508 4438 sensum
2548 4381 2755 4438 Christi
2811 4386 3094 4454 habemus,
3129 4397 3186 4442 ut
3219 4390 3470 4447 sciamus
3522 4409 3634 4464 quae
3673 4408 3698 4446 ι

455 4463 575 4518 qua:
623 4449 679 4504 in
715 4447 829 4516 lege
861 4449 1063 4519 scripta
1089 4457 1236 4516 sunt,
1279 4452 1605 4520 perveniunt
1662 4455 1725 4510 ad
1777 4457 2031 4514 salutem.

2146 4473 2253 4528 Deo
2283 4473 2483 4527 donata
2522 4484 2649 4530 sunt
2690 4478 2870 4544 nobis,
2899 4494 3019 4548 quae
3061 4447 3117 4535 et
3157 4479 3462 4551 loquimur.
3511 4447 3700 4539 ιἘιῆιῑ

457 4540 680 4612 llicjam
711 4542 802 4599 Dei
831 4543 998 4599 solius
1027 4554 1112 4598 est
1150 4558 1308 4600 nosse
1333 4561 1399 4599 ex
1444 4548 1694 4605 omnibus
1725 4549 1877 4606 nobis
1907 4552 2030 4612 ﬁliis

455 4633 640 4700 Israel,
672 4636 792 4704 quis
815 4646 896 4692 est
921 4637 1011 4707 qui
1046 4637 1172 4693 boni
1213 4636 1386 4708 ipsius
1425 4639 1697 4698 desiderio
1737 4659 2032 4706 succensus

456 4726 589 4782 facit
648 4728 790 4796 quod
841 4729 1042 4784 bonum
1089 4739 1194 4797 est,
1245 4732 1364 4801 quis
1406 4748 1533 4790 vero
1585 4749 1834 4794 nostrum
1885 4755 2030 4798 metu

458 4819 740 4889 gehennae,
776 4830 830 4876 et
861 4826 1048 4880 aeterni
1075 4827 1219 4896 ignis
1251 4837 1460 4885 terrore
1509 4832 1679 4887 tendit
1708 4835 1776 4888 ad
1807 4836 2031 4907 bonum,

456 4920 510 4967 et
535 4915 718 4969 studet
746 4929 808 4970 ac
832 4915 1052 4970 festinat
1081 4921 1305 4989 implere
1337 4939 1458 4993 qua:
1485 4923 1685 4992 scripta
1725 4936 1869 4983 sunt.
1901 4930 2030 4986 Cer-

528 5010 548 5040 ’
573 5007 688 5063 Jos.
721 5025 839 5076 vm,
867 5011 959 5078 54,
985 5013 1073 5068 55.

452 5095 604 5145 xxrv,
631 5078 722 5134 31.

527 5171 642 5244 (66)
674 5171 818 5252 Post_
851 5191 870 5226 ι
899 5174 1834 5252 ignobiliores,rSangermanensis
1866 5190 2015 5246 addit

460 5261 479 5296 ι
510 5245 867 5314 interpungit,
899 5245 1091 5314 rquod
1123 5247 1175 5301 in
1204 5249 1327 5304 aliis
1365 5245 1497 5306 mss.
1525 5270 1630 5309 non
1656 5269 1858 5314 exstat.

526 5313 642 5390 (6])
676 5313 802 5369 1.in
873 5313 1033 5371 Deest
1064 5319 1117 5371 in
1163 5317 1316 5375 libris
1350 5322 1532 5390 editis,
1563 5326 1660 5381 sed
1709 5328 1939 5386 habetur
1979 5331 2034 5386 in

456 5385 705 5444 omnibus
733 5402 864 5441 mss.

530 5455 644 5528 (68)
674 5456 984 5538 sangerm.,
1014 5459 1846 5538 getdesideriisinflammantur,
1866 5483 2027 5538 quam

460 5523 565 5601 hoc
586 5523 764 5601 magis
788 5523 988 5584 habent
1013 5532 1064 5583 in
1096 5534 1693 5601 prospectn,,tlicentes.
1721 5556 1740 5590 ι
1777 5523 1912 5593 Tres
1935 5541 2025 5594 alii

461 5597 618 5650 codd.
650 5613 805 5663 mss.,
860 5617 880 5651 ι
906 5601 989 5655 vel
1020 5597 1439 5671 promissionum
1491 5604 1774 5662 desideriis
1812 5608 2026 5662 inﬂam-

464 5675 700 5747 mantur,
750 5684 911 5747 quam
950 5673 1051 5747 hoc
1094 5674 1264 5742 magis
1308 5673 1509 5747 imbent
1553 5675 1604 5728 in
1658 5690 1968 5747 prospectu.
2001 5699 2020 5732 ι

464 5732 584 5792 Mox
613 5732 1006 5798 Geméticensis
1030 5757 1153 5798 eum
1183 5732 1294 5800 uno
1322 5742 1636 5802 Ebroicensi
1658 5732 1764 5814 'pro
1787 5732 2029 5807 'iidicen-

1153 5015 1196 5046 ¹⁰
1226 5017 1376 5072 Deut.
1409 5034 1539 5082 xxv,
1569 5019 1622 5085 4,
1658 5021 1755 5076 etl
1791 5021 1916 5079 Cor.
1949 5041 2024 5094 rx,
2055 5028 2111 5085 9.

2141 4565 2233 4635 qui
2269 4565 2524 4621 dicebant
2561 4567 2604 4599 ¹³
2631 4585 2646 4622 :
2677 4586 2698 4620 ι
2733 4567 2923 4626 Nonne
2954 4571 3150 4627 ardens
3183 4583 3303 4629 erat
3347 4577 3404 4631 in
3443 4579 3595 4633 nobis
3622 4594 3700 4632 cur

2141 4667 2412 4723 nostrum,
2437 4674 2560 4713 cum
2601 4661 2761 4716 nobis
2790 4665 3029 4731 aperiret
3073 4663 3397 4736 Scripturas
3440 4670 3496 4723 in
3543 4671 3652 4724 via?
3679 4690 3695 4721 ρ

2140 4750 2354 4818 quando
2384 4750 2650 4820 incipiens
2689 4767 2718 4805 a
2763 4751 2881 4824 lege
2908 4752 3074 4824 Moysi
3103 4770 3274 4826 usque
3316 4761 3386 4812 ad
3437 4763 3699 4829 propheta

2140 4841 2268 4911 legit
2289 4841 2368 4896 eis
2391 4843 2593 4908 omnia,
2617 4853 2672 4899 et
2694 4844 2953 4900 revelavit
2973 4860 3094 4914 quae
3117 4846 3181 4901 de
3207 4847 3326 4916 ipso
3348 4853 3554 4922 scripta
3574 4863 3694 4907 sunt.

2140 4931 2276 4988 Mira
2321 4941 2500 4988 tamen
2530 4933 2716 5005 ﬁgura
2770 4939 3036 4995 sermonis
3082 4943 3392 4997 ostenditur
3427 4945 3479 4998 in
3508 4946 3573 5000 iis
3599 4958 3696 5014 qut

2214 5027 2256 5057 “
2288 5024 2410 5081 Gal.
2442 5041 2516 5092 tv,
2559 5027 2650 5085 22.
2757 5030 2801 5061 ¹¹
2831 5029 2849 5083 Ι
2881 5031 3007 5087 Cor.
3058 5048 3118 5099 ιι,
3177 5035 3268 5103 12,
3313 5037 3404 5093 15.
3507 5039 3553 5070 ³³
3580 5038 3691 5094 hic.

2152 5198 2235 5245 tes
2266 5209 2284 5243 ι
2316 5190 2521 5246 habent
2549 5209 2568 5244 ι
2598 5203 2656 5246 ιιι
2683 5194 2886 5250 dicant.
2913 5215 2936 5250 ι
2994 5197 3049 5253 1η
3079 5197 3231 5256 libris
3260 5210 3419 5258 antea
3449 5205 3598 5259 editis
3622 5207 3688 5259 sic

2148 5259 2380 5344 legitur,
2426 5262 2559 5344 {vel
2604 5265 3021 5344 prpmissionum
3085 5271 3348 5344 ipsarum,
3400 5289 3554 5344 quam
3601 5277 3686 5329 hoc

2145 5332 2337 5406 magis
2363 5331 2629 5406 habentes
2665 5335 2716 5387 in
2758 5346 3042 5406 prospectu
3087 5331 3140 5394 et
3167 5331 3433 5399 dicentes:
3459 5365 3477 5396 ι
3537 5345 3680 5399 Paeto

2143 5400 2376 5484 posi‘ubi
2429 5416 2556 5484 mss.
2607 5400 2828 5484 habent,
2867 5400 3108 5484 (stillicit
3146 5413 3277 5467 mihi
3312 5428 3417 5468 non
3440 5417 3677 5484 expelli,»

2143 5471 2197 5522 in
2231 5471 2385 5542 libris
2413 5473 2572 5526 editis
2597 5475 2769 5542 deest,
2803 5494 2822 5527 ι
2848 5478 2997 5532 mihi.
3020 5497 3039 5530 ι

2210 5539 2323 5615 (69‘)
2347 5542 2658 5615 _Sgangerm.,
2699 5563 2717 5596 ι
2755 5539 2853 5615 pro
2879 5550 3019 5603 malo
3045 5550 3208 5605 etiam
3249 5551 3462 5607 bonum.
3502 5573 3524 5608 ι

2205 5610 2316 5753 (ἹΟζ
2345 5610 2511 5676 Idem,
2556 5631 2575 5665 ι
2616 5610 3054 5685 prazseriptiones
3092 5633 3144 5676 et
3179 5637 3388 5690 pinnas.
3428 5643 3446 5673 ι

2205 5681 2280 5753 (71
2328 5680 2484 5753 idem
2515 5685 2777 5753 restituit
2828 5702 3011 5747 vocem
3049 5709 3069 5744 ι
3102 5692 3256 5753 legis,
3295 5713 3314 5746 ι
3348 5708 3446 5753 qua

2201 5680 2777 5764 (leldentdrestituit
2828 5680 3011 5747 vocem
3049 5709 3069 5744 ι
3102 5680 3256 5764 leg-is,
3295 5713 3314 5746 ι
3348 5708 3460 5764 quae
3508 5696 3669 5748 deerat

2128 5749 2183 5806 in
2219 5749 2369 5810 libris
2395 5752 2581 5810 editis.
