3798 6384
124 286 229 343 877

1114 279 1180 338 IN
1221 282 1476 341 LIBRUM
1508 282 1672 339 JESU
1712 280 1897 336 NAVE
1933 278 2217 336 IIOMILIA
2254 278 2346 333 IX.

3267 282 3365 340 878

125 399 331 467 scripta
374 407 522 463 sunt,
572 414 697 455 cum
738 398 868 453 dicit
913 396 1000 451 “:
1037 415 1058 450 ι
1114 397 1229 453 Non
1272 407 1389 452 erat
1430 411 1609 453 sermo
1635 410 1699 450 ex
1734 403 1777 458 Α
1806 394 2028 463 perfecti
2068 403 2215 448 stare
2245 399 2442 446 norunt
2470 392 2663 446 armatl
2698 393 2961 447 adversus
2997 394 3226 448 astutias
3250 375 3400 451 dia-I

122 492 378 546 omnibus
406 507 526 560 quae
559 493 835 546 mandavit
869 489 1103 560 Moyses,
1136 505 1295 559 quem
1352 504 1454 544 non
1505 490 1697 557 legerit

120 580 279 641 Iesus
310 583 367 638 in
398 585 622 638 auribus
653 585 816 639 totius
844 582 1100 638 Ecclesia:
1144 581 1331 636 Israel.
1379 600 1397 633 ι
1430 581 1495 635 Et
1521 581 1696 649 primo

122 678 320 747 legisse
352 675 405 729 iu
427 675 668 743 auribus,
706 677 990 730 videamus
1029 674 1159 744 quid
1198 673 1398 727 indicet
1428 670 1562 742 (72).
1592 672 1697 727 Ve-

120 783 247 824 reor
278 784 353 823 ne
376 768 514 822 forte
542 769 752 835 aliquos
784 768 1096 822 auditorum
1125 780 1304 819 sermo
1332 774 1516 818 noster
1537 762 1701 817 oﬁ‘en-

119 858 258 925 dat;
294 864 393 914 sed
418 870 598 915 tamen
636 860 921 914 dicendum
960 868 1043 912 est
1072 857 1215 927 quod
1252 873 1356 912 non
1393 870 1580 911 omnes
1607 857 1696 925 qui

120 952 375 1006 audimus
402 952 594 1021 legem,
626 952 691 1005 de
718 944 954 1005 Ecclesia
990 965 1178 1005 sumus
1216 949 1449 1002 ﬁliorum
1481 947 1645 1002 Israel
1676 965 1692 1003 :

122 1044 215 1098 sed
243 1058 352 1097 non
377 1045 643 1097 continuo
674 1044 717 1097 si
747 1053 829 1097 est
859 1045 1037 1110 aliqua
1063 1042 1367 1096 differentia
1394 1042 1535 1095 inter
1556 1041 1703 1095 audi-

122 1146 269 1190 tores
300 1136 441 1205 legis
472 1148 525 1190 et
551 1136 834 1189 ecclesiam
870 1134 1101 1189 ﬁliorum
1136 1134 1324 1202 Israel,
1356 1134 1575 1188 auditor
1601 1150 1698 1189 ex-

120 1226 362 1280 cluditur
384 1240 413 1277 a
447 1225 645 1279 salute.

191 1317 249 1371 9.
288 1317 569 1371 Attendite
618 1330 749 1388 ergo
799 1318 1110 1383 diligentius
1167 1318 1344 1372 verbis
1382 1316 1698 1388 Scripturre,

122 1408 363 1463 dicentis
398 1409 441 1440 ¹⁸
477 1426 489 1460 :
522 1427 540 1460 t
579 1408 693 1462 Non
728 1419 844 1463 erat
874 1408 1041 1461 ullum
1078 1408 1303 1463 verbum
1347 1425 1409 1463 ex
1454 1409 1705 1463 omnibus

117 1515 241 1566 quae
278 1500 562 1554 mandavit
608 1498 845 1571 Moyses,
896 1501 1040 1570 quod
1073 1516 1178 1554 non
1218 1501 1409 1571 legerit
1442 1498 1602 1555 Jesus
1652 1504 1704 1555 in

118 1592 351 1647 auribus
386 1593 549 1646 totius
583 1593 825 1647 ecclesiae
876 1576 1111 1647 ﬁliorum
1159 1593 1343 1649 Israel.
1384 1614 1402 1647 ›
1452 1594 1519 1647 Et
1557 1595 1708 1648 addit

116 1684 286 1739 etiam
339 1704 360 1736 ι
407 1684 728 1739 mulieribus
756 1693 810 1739 et
853 1684 1173 1753 infantibus,
1228 1698 1284 1740 et
1329 1688 1642 1757 pruselytis.
1680 1706 1698 1738 ι

1801 483 1903 537 boli
1935 500 1947 535 :
1988 480 2241 536 mulieres
2267 494 2398 535 vero
2424 481 2523 545 illi,
2555 482 2649 549 qui
2680 484 2917 535 nondum
2962 496 3028 536 ex
3068 485 3371 554 semetipsis

1798 586 1916 641 qua:
1948 569 2097 624 utilia
2136 578 2258 624 sunt
2287 578 2503 640 gerunt,
2538 573 2629 624 sed
2676 571 2937 625 imitando
2966 573 3113 627 viros
3153 573 3287 646 (76),
3320 588 3372 633 et

1801 678 1985 717 eorum
2019 661 2264 731 exempla
2302 662 2579 716 scctando.
2623 662 2694 715 Ex
2746 664 2943 731 quibus
2975 672 3030 719 et
3074 675 3236 735 caput
3275 667 3373 721 ha-

1803 753 1933 806 bere
1969 753 2263 806 dicuntur:
2300 770 2320 803 (
2352 751 2524 821 Caput
2570 753 2715 806 enim
2769 756 3050 821 mulieris,
3104 758 3189 811 vir
3234 760 3301 816 “.
3349 779 3369 811 ι

1801 842 2041 898 Infantes
2069 859 2195 899 vero
2224 854 2409 907 erunt,
2449 845 2539 912 qui
2593 845 2696 899 ﬁde
2742 862 2912 916 nuper
2959 859 3207 918 suscepta
3242 850 3372 922 (77),

1804 938 1941 990 lacte
1967 936 2278 1005 evangelica
2328 936 2662 990 nutriuntur.
2714 935 2975 1008 Proselyti
3009 948 3185 994 autem
3230 952 3377 997 cate—

1805 1028 2051 1083 chumeni
2090 1028 2431 1095 videbuntur,
2468 1028 2547 1081 vel
2581 1026 2615 1080 ii
2639 1028 2728 1096 qui
2757 1028 2865 1096 jam
2902 1031 3095 1084 sociari
3130 1032 3380 1090 ﬁdelibus

1805 1120 2043 1171 student.
2077 1117 2148 1170 De
2179 1116 2372 1186 quibus
2424 1116 2651 1186 singulis
2700 1117 2895 1171 similia
2945 1121 3108 1174 etiam
3142 1122 3378 1182 Joannes

1806 1207 2045 1261 sentiens
2081 1208 2132 1259 in
2173 1206 2407 1275 Epistola
2452 1222 2547 1261 sua
2580 1207 2792 1273 scribit,
2821 1218 2874 1263 et
2901 1211 3125 1281 singulis
3154 1216 3380 1282 quibus-

1807 1313 1910 1367 que
1945 1298 2197 1353 mtatibus
2237 1300 2452 1368 propria
2503 1312 2728 1369 qumque
2771 1311 2919 1370 gesta
2972 1304 3214 1359 decernit
3244 1307 3379 1378 (78).

1808 1386 2190 1442 Verumtamen
2220 1388 2345 1443 Jesu
2404 1390 2555 1444 vobis
2601 1391 2864 1446 recitante
2910 1394 3104 1462 legem,
3138 1406 3190 1449 et
3229 1412 3378 1453 reve-

1811 1480 1952 1535 fante
1983 1483 2237 1536 cordibus
2272 1482 2466 1536 vestris
2493 1482 2900 1550 intelligentiam
2935 1486 3253 1554 spiritalem,
3285 1505 3380 1543 ne—

1811 1586 1915 1639 que
1944 1573 2221 1643 proselyti,
2262 1572 2315 1627 id
2350 1583 2431 1627 cst
2463 1576 2835 1631 catechumeui
2861 1577 3067 1632 diutius
3096 1579 3381 1645 maneatis,

1811 1667 1902 1719 sed
1956 1664 2205 1719 festinate
2250 1665 2316 1716 ad
2361 1666 2762 1735 percipiendam
2812 1668 3040 1739 gratiam
3078 1669 3195 1733 Dei,
3239 1681 3296 1724 ut
3329 1680 3385 1725 et

117 1774 281 1830 Nam
306 1775 570 1830 Dominus
604 1785 786 1829 nos,”
816 1775 976 1831 Jews
1010 1792 1130 1832 esse
1162 1777 1297 1831 alias
1330 1791 1492 1831 aures
1514 1786 1710 1845 prima
1744 1763 1785 1816 Β
1816 1773 1909 1811 vos
1968 1758 2019 1811 in
2068 1757 2307 1812 Ecclesia
2352 1757 2583 1812 ﬁliorum
2629 1761 2790 1815 Israel
2826 1764 3256 1817 annumeremiui
3286 1781 3299 1816 :
3329 1775 3386 1819 et

119 1866 257 1921 istas
291 1867 565 1934 carnales,
594 1884 731 1937 quas
764 1868 828 1920 ad
870 1868 1202 1921 audientiam
1245 1868 1531 1922 verborqu
1579 1881 1707 1922 suo-

120 1972 271 2020 rum,
309 1968 370 2013 et
395 1960 464 2012 ad
499 1959 832 2013 audientiam
874 1959 1010 2027 legis
1055 1958 1298 2026 requirit.
1354 1958 1508 2014 Unde
1553 1966 1608 2012 et
1653 1958 1709 2011 in

125 2050 454 2118 Evangelio,
496 2060 846 2120 posteaquam
887 2051 952 2105 de
994 2049 1220 2120 singulis
1264 2066 1386 2119 quae
1427 2050 1713 2119 oportebat

124 2142 378 2203 edocuit,
405 2141 575 2205 addit,
599 2150 653 2195 et
677 2143 808 2195 dicit
828 2141 909 2195 “z
938 2160 956 2192 ι
978 2139 1076 2206 Qui
1101 2140 1263 2195 habet
1285 2154 1445 2195 aures
1461 2140 1710 2194 audiendi

124 2234 337 2288 audiat.
372 2252 392 2285 ι
436 2233 589 2301 Quod
619 2236 807 2304 utique
834 2235 877 2289 si
913 2234 979 2288 de
1012 2234 1235 2288 auribus
1264 2234 1489 2287 dixisset
1513 2247 1711 2287 carna-

123 2324 293 2391 libus,
330 2328 659 2396 superflumn
709 2329 1006 2382 videretur.
1052 2326 1221 2381 Nemo
1265 2326 1410 2381 enim
1457 2340 1561 2379 non
1615 2326 1712 2378 ba-

122 2417 265 2475 bens
289 2434 455 2474 aures
485 2420 554 2473 ad
585 2420 750 2474 verba
786 2421 903 2490 ejus
931 2416 1203 2473 audienda
1226 2425 1579 2473 convenerat.
1607 2415 1713 2470 Sed

126 2511 392 2582 quoniam
433 2512 645 2566 sciebat
694 2512 747 2565 in
795 2512 1017 2566 auribus
1067 2510 1345 2565 interioris
1380 2509 1635 2573 hominis,
1662 2508 1713 2561 id

132 2614 221 2659 est
256 2603 548 2657 intellectu
575 2603 775 2669 cordis,
796 2603 960 2672 recipi
1003 2603 1200 2656 debere
1228 2615 1347 2670 quae
1380 2599 1521 2653 dicta
1555 2610 1712 2653 sunt:

128 2698 291 2767 (quid
336 2698 484 2751 enim
517 2696 631 2765 (75)
665 2697 888 2764 prodest
926 2694 1113 2749 audire
1143 2706 1465 2751 sermonem,
1520 2691 1565 2745 si
1610 2705 1716 2745 non

128 2788 451 2845 retineatur
470 2796 527 2841 et
545 2793 795 2839 servetur
812 2784 864 2837 in
885 2783 1047 2836 corde
1062 2781 1104 2850 ?)
1121 2779 1323 2834 idcirco
1337 2790 1497 2830 aures
1521 2777 1587 2830 ab
1619 2791 1715 2829 au-

124 2879 406 2939 (litoribus
429 2878 783 2953 exposcebat.
808 2875 920 2930 Hoc
953 2890 1082 2945 ergo
1101 2874 1264 2929 etiam
1303 2885 1465 2934 nunc,
1490 2870 1572 2925 vel
1595 2886 1715 2923 cum

130 2975 439 3044 Scriptura:
473 2973 527 3027 in
552 2970 782 3025 ecclesia
832 2968 1103 3039 leguntur,
1140 2966 1222 3020 vel
1262 2981 1382 3020 cum
1414 2978 1593 3019 sermo
1620 2978 1720 3017 ex-

130 3066 475 3136 planationis
511 3063 788 3133 profertur
818 3062 885 3116 ad
908 3059 1182 3130 populum,
1210 3058 1507 3128 Scriptura).
1538 3066 1719 3109 aucto-

132 3160 361 3214 ritatem
392 3166 693 3226 sequentes
723 3155 972 3214 dicimus,
994 3150 1190 3206 Videte
1224 3166 1293 3205 ue
1328 3151 1574 3220 legantur
1593 3148 1717 3217 qui-

130 3252 261 3307 dem
289 3252 360 3305 ab
397 3249 528 3305 Jesu
569 3248 732 3302 verba
757 3246 909 3315 legis,
942 3244 1037 3298 sed
1064 3242 1479 3312 quamplurimis
1507 3255 1609 3295 non
1644 3239 1723 3292 Ie-

130 3357 341 3415 gantur
372 3360 388 3409 ;
420 3344 548 3412 quia
570 3342 730 3395 .Icsus
756 3340 865 3393 illis
903 3336 1033 3406 legit
1084 3335 1275 3405 legem,
1307 3333 1399 3403 qui
1439 3346 1596 3385 aures
1624 3332 1722 3385 ha-

137 3433 661 3491 buerintaudiendi.
690 3431 797 3487 Sed
814 3441 870 3486 et
887 3429 1030 3501 quod
1063 3428 1313 3499 adjunxit
1334 3426 1400 3479 ad
1427 3424 1723 3478 Ecclesiam

139 3528 362 3582 Domini
390 3527 558 3583 etiam
580 3525 856 3589 mulieres,
888 3532 943 3576 et
970 3521 1224 3583 infantes,
1249 3530 1304 3574 et
1328 3516 1648 3586 proselytos.
1680 3515 1725 3568 si

140 3620 371 3690 quidem
407 3617 705 3687 separatim
740 3614 1103 3683 intelligamus
1134 3610 1387 3665 mulieres
1414 3614 1468 3662 et
1499 3606 1730 3661 infantes

139 3725 198 3765 et
224 3709 555 3781 proselytos.
588 3718 644 3762 et
687 3722 778 3762 eos
805 3706 953 3759 velut
982 3702 1252 3771 sequelam
1282 3698 1575 3771 quamdam
1608 3711 1732 3751 esse

138 3801 456 3855 sentiamus
497 3796 785 3858 Ecclesiae,
835 3793 1091 3864 quoniam
1145 3809 1165 3843 ι
1225 3792 1279 3843 iu
1325 3790 1485 3843 domo
1541 3802 1732 3857 magna

139 3905 254 3945 nou
291 3897 421 3942 sunt
460 3886 830 3940 tantummodo
866 3900 988 3937 vasa
1024 3897 1185 3936 aurea
1230 3890 1284 3935 et
1331 3888 1608 3949 argentea,
1644 3878 1734 3930 sed

142 3991 206 4036 et
238 3981 418 4049 lignea
451 3988 505 4033 et
539 3978 725 4032 ﬁctilia
759 3978 825 4040 ”,
857 3994 876 4027 ι
908 3975 1142 4030 dicimus
1166 3973 1297 4026 viris
1328 3971 1545 4040 quidem
1578 3966 1736 4021 forti-

143 4075 253 4131 bus
289 4074 486 4129 fortem
531 4072 668 4127 tradi
714 4071 914 4135 cibum,
966 4069 1071 4122 illis
1126 4050 1394 4131 videlicet,
1433 4066 1499 4119 de
1544 4063 1740 4133 quibus

141 4165 450 4233 Apostolus
478 4163 612 4217 dicit
634 4163 678 4195 ¹⁸
712 4179 728 4217 :
767 4181 785 4214 ι
824 4159 1195 4216 Perfectorutn
1219 4166 1398 4211 autem
1425 4164 1508 4209 est
1538 4153 1742 4208 solidus

146 4258 331 4321 cibus,
364 4275 384 4308 ι
417 4271 481 4311 ex
526 4255 723 4324 quibus
774 4253 889 4322 ipse
934 4250 1039 4306 sibi
1091 4257 1355 4319 praeparat
1393 4266 1411 4300 α
1444 4246 1742 4301 Ecclesiam

150 4364 262 4404 non
328 4350 625 4403 habentem
684 4345 975 4410 maculam,
1007 4352 1100 4396 aut
1150 4355 1359 4410 rugam,
1401 4347 1495 4392 aut
1544 4336 1745 4405 aliquid

150 4442 353 4497 horum
383 4442 463 4507 ης
494 4458 512 4491 ι
540 4453 634 4494 eos
660 4453 792 4493 vero
814 4451 948 4505 quos
982 4433 1289 4497 mulierum,
1318 4430 1401 4485 vel
1434 4428 1740 4493 infantium,
1780 4442 1819 4494 υ

150 4537 242 4589 vel
276 4532 676 4604 proSelytorum
703 4529 864 4602 422
900 4526 1263 4597 appellatione
1303 4520 1561 4584 secernit,
1585 4517 1744 4572 intel-

153 4626 395 4696 ligamus
426 4626 541 4697 (74)
572 4624 691 4679 illos
714 4638 858 4687 esse,
883 4622 973 4691 qui
1002 4620 1179 4674 adhuc
1206 4616 1344 4671 lacte
1367 4615 1628 4683 indigent,
1655 4620 1747 4663 aut

1810 1863 1927 1911 vos,
1956 1847 2211 1912 infantes,
2244 1847 2409 1902 nolite
2429 1850 2575 1916 pueri
2602 1848 2736 1903 chici
2760 1851 3032 1916 sensibus,
3063 1852 3155 1905 sed
3183 1852 3384 1906 malitia

1811 1938 2016 2008 parvuli
2051 1948 2245 2003 estote,
2273 1938 2522 1993 sensibus
2559 1953 2738 1994 autem
2769 1949 2945 1995 estote
2982 1939 3227 2008 perfeCti,
3249 1943 3388 1995 sicut

1810 2044 1865 2088 et
1914 2031 2205 2101 Apostolus
2249 2032 2313 2084 ad
2366 2029 2618 2085 Hebraeos
2657 2031 2784 2085 dicit
2817 2032 2904 2085 “:
2942 2051 2961 2085 ι
3002 2033 3389 2100 Relinqucntes

1813 2124 2197 2203 principiorum
2229 2121 2428 2177 Christi
2476 2136 2779 2177 sermonem
2812 2122 2971 2194 (78'),
3008 2124 3074 2177 ad
3102 2123 3389 2193 perfectio-

1816 2230 1935 2270 nem
1965 2214 2225 2270 feramur.
2269 2233 2288 2266 ι
2322 2212 2427 2268 Sed
2460 2223 2512 2267 et
2545 2229 2662 2278 vos,
2698 2215 2789 2283 qui
2835 2216 2933 2269 sub
2978 2216 3255 2270 mulierum
3286 2228 3389 2286 ap-

1815 2309 2102 2375 pellatione
2131 2304 2330 2359 inﬁrmi
2380 2314 2434 2359 et
2476 2305 2689 2361 remissi
2717 2315 2771 2360 et
2802 2305 3039 2376 languidi
3070 2306 3219 2370 estis,
3242 2320 3392 2360 com-

1818 2400 2134 2463 moneinini,
2174 2405 2233 2451 ut
2282 2397 2538 2451 remissas
2574 2411 2768 2451 manus
2822 2405 2875 2452 et
2928 2396 3188 2451 dissoluta
3219 2411 3392 2462 genua

1816 2495 2055 2564 et'igatis,
2109 2492 2163 2546 id
2209 2496 2312 2552 est,
2359 2497 2416 2542 ut
2462 2488 2796 2559 negligentes
2830 2498 2885 2542 et
2927 2488 3138 2543 desides
3183 2489 3395 2545 animos

1817 2586 2109 2651 suscitetis,
2145 2597 2199 2640 et
2225 2585 2438 2640 virilem
2472 2583 2830 2638 constantiam
2860 2583 2914 2638 in
2944 2583 3224 2652 explendis
3255 2598 3397 2653 prte-

1818 2679 1989 2749 ceptis
2018 2677 2277 2747 legalibus
2319 2685 2373 2732 et
2421 2673 2754 2744 evangelicis
2785 2675 3095 2737 assumatis,
3126 2683 3290 2744 atque
3332 2676 3400 2730 ad

1821 2772 2063 2825 virorum
2096 2768 2318 2824 fortium
2351 2764 2739 2837 perfectionem
2785 2764 3039 2820 celeriter
3076 2766 3400 2835 properetis.

1821 2861 1938 2917 Non
1970 2862 2115 2916 enim
2156 2863 2309 2916 novit
2348 2858 2632 2926 Scriptura
2665 2856 2846 2911 divina
2880 2857 3170 2911 secundum
3214 2872 3404 2911 sexum
3452 2928 3457 2933 1

1822 2956 2222 3024 separationem
2254 2953 2493 3006 virorum
2533 2965 2597 3005 ac
2634 2949 2917 3004 mulierum
2956 2948 3155 3003 facere.
3189 2948 3401 3003 Etenim

1824 3046 1963 3115 apud
2000 3043 2165 3098 Deum
2197 3056 2359 3097 sexus
2388 3041 2531 3095 nulla
2562 3042 2817 3095 discretio
2842 3047 2946 3104 est,
2979 3040 3071 3093 sed
3109 3053 3205 3107 pro
3235 3038 3404 3093 animi

1824 3136 2139 3192 diversitate
2185 3135 2268 3189 vel
2310 3134 2413 3199 vir,
2451 3132 2535 3187 vel
2592 3130 2785 3185 mulier
2808 3130 3138 3196 designatur.
3182 3129 3406 3197 Quanta:

1828 3247 1893 3285 ex
1949 3229 2238 3284 mulierum
2293 3243 2424 3281 sexu
2482 3226 2621 3294 apud
2670 3224 2837 3278 Deum
2892 3224 2944 3277 in
2994 3225 3126 3277 viris
3175 3223 3410 3279 fortibus

1828 3320 2222 3375 numerantur?
2266 3328 2319 3373 et
2351 3318 2541 3386 quanti
2586 3330 2651 3369 ex
2701 3316 2835 3368 viris
2869 3315 3009 3368 inter
3057 3315 3311 3368 remissas
3354 3324 3411 3369 et

1827 3413 2108 3484 languidas
2176 3410 2429 3464 mulieres
2494 3417 2810 3477 reputautur
2868 3406 3022 3477 (79)?
3091 3406 3287 3460 Annon
3313 3405 3409 3461 tibi

1828 3506 2046 3559 videtur
2090 3504 2233 3557 inter
2289 3499 2546 3555 mulieres
2592 3499 2985 3552 existimandus
3037 3495 3126 3550 ille
3178 3497 3261 3550 vir
3316 3496 3410 3566 qui

1830 3594 1961 3648 dicit
2002 3611 2015 3647 ε
2062 3591 2175 3647 Non
2222 3604 2437 3659 possum
2503 3589 2797 3642 observare
2852 3600 2972 3654 quae
3020 3586 3218 3655 scripta
3262 3596 3409 3652 sunt,

1831 3685 2069 3739 vendere
2117 3696 2235 3752 qua:
2276 3682 2450 3735 habeo
2492 3689 2547 3733 et
2587 3679 2717 3733 dare
2771 3676 3095 3746 pauperibus
3146 3691 3250 3731 non
3284 3691 3412 3746 pos-

1836 3793 1979 3841 sum,
2030 3772 2353 3845 percutienti
2416 3770 2690 3825 maxillam
2731 3769 2971 3839 praebere
3022 3768 3245 3823 alteram
3309 3782 3413 3822 non

1837 3878 2090 3936 possum,
2159 3863 2570 3918 maledicentem
2627 3860 2948 3916 benedicere
2992 3874 3099 3914 non
3162 3864 3413 3928 possumf,

1839 3957 2242 4026 blasphematus
2279 3951 2558 4022 deprecari
2588 3966 2689 4007 non
2722 3966 2961 4021 possum,
2982 3950 3415 4020 persecutionem

1840 4055 1947 4122 pati
1977 4059 2031 4103 et
2075 4050 2341 4103 sustinere
2383 4046 2784 4123 nonpossum?
2812 4043 3017 4099 Cretera
3064 4042 3261 4097 similia
3300 4056 3419 4112 qua:

1844 4141 2167 4194 mandantur
2196 4138 2285 4209 qui
2318 4137 2449 4192 dicit
2481 4136 2706 4207 implere
2743 4151 2845 4190 non
2891 4149 3129 4205 possum,
3156 4133 3285 4202 quid
3321 4133 3418 4188 tibi

1846 4232 2058 4286 videtur
2086 4230 2228 4284 aliud
2274 4243 2436 4299 quam
2468 4230 2611 4283 inter
2636 4226 2913 4290 mulieres,
2938 4239 3058 4293 qua:
3106 4223 3240 4276 nihil
3265 4223 3421 4279 virile

1846 4330 2094 4392 possunt,
2125 4333 2246 4374 esse
2283 4318 2693 4374 numerandus?

1921 4412 2007 4467 I0.
2038 4411 2147 4467 Sed
2188 4409 2465 4465 videamus
2514 4408 2644 4476 quid
2689 4415 2811 4476 post
2854 4405 2969 4458 haec
3002 4403 3261 4473 scriptum
3294 4412 3420 4459 est:

1857 4525 1875 4557 ι
1915 4507 1979 4559 Et
2013 4506 2320 4570 audierunt,
2346 4502 2522 4572 inquit
2549 4497 2616 4565 “,
2649 4513 2835 4552 omnes
2883 4510 3036 4566 reges
3074 4496 3424 4551 Amorrhaeo-

1854 4612 1992 4660 rum,
2020 4604 2074 4651 et
2099 4597 2189 4665 qui
2224 4608 2375 4650 trans
2402 4590 2716 4652 Iordanem,
2743 4597 2797 4642 et
2837 4587 2926 4656 qui
2957 4588 3009 4640 in
3051 4587 3341 4649 montanis,
3373 4594 3430 4641 et

157 4676 331 4777 etiam
363 4676 764 4777 velutIiuﬁrmi,
801 4722 860 4767 ut
894 4676 1021 4767 sunt
1068 4709 1347 4771 mulieres,
1388 4704 1626 4759 oleribus
1658 4716 1751 4755 ve-
1848 4691 1939 4759 (ιιιῑ
1975 4691 2027 4743 in
2065 4688 2286 4756 campi5~
2311 4684 2475 4754 θιψιῑ
2511 4694 2675 4777 sui”:
2696 4693 2792 4777 of“
2822 4679 2985 4777 {naris
3011 4676 3423 4777 eueniretqui

159 4821 392 4867 scuntur
419 4808 490 4862 ’°.
519 4808 577 4862 Si
618 4820 746 4861 vero
776 4803 933 4860 simul
969 4801 1080 4872 (75)
1113 4800 1288 4855 omnis
1319 4796 1615 4863 accipiatur
1645 4791 1752 4846 Ec-

1851 4783 2091 4839 erantin
2143 4778 2489 4840 Antilibano,
2532 4782 2588 4828 et
2637 4771 2859 4835 Cetbmi,
2910 4781 2965 4825 et
3013 4770 3333 4833 Atuorrltazi,
3374 4778 3431 4825 et

534 4901 751 4970 quidem
780 4861 1153 4965 intelliguntur
1178 4892 1275 4957 illi,
1307 4890 1398 4960 qui
1425 4861 1475 4940 iu
1503 4886 1755 4940 omnibus
1852 4873 2162 4937 Chanauaei,
2195 4881 2251 4927 et
2278 4868 2573 4932 Pherezaei,
2598 4873 2653 4921 et
2676 4864 2841 4928 Evasi,
2869 4871 2923 4918 et
2953 4861 3230 4933 Gergesci,
3260 4871 3314 4917 et
3341 4861 3432 4917 Je—

791 5041 835 5073 ¹⁸
870 5040 996 5095 ibid.
1078 5034 1324 5090 It"Matth.
1351 5048 1465 5095 XIII,
1487 5031 1540 5086 9.

242 5049 285 5081 “
318 5048 436 5102 Jos.
466 5062 588 5110 vm,
622 5043 712 5100 55.
791 5043 835 5073 "
870 5043 996 5095 ibid.
1078 5043 1324 5090 “Matth.
1351 5043 1540 5095 xttt,9.
1621 5043 1657 5059 "

257 5131 314 5172 et
348 5120 511 5172 Rom.
546 5131 657 5171 xtv.
734 5115 778 5145 “
812 5111 987 5167 ICor.
1019 5108 1170 5172 10,5.
1246 5108 1289 5137 ²²
1314 5104 1473 5159 llebt'.
1502 5114 1576 5165 vt,
1614 5100 1666 5152 I.

169 5135 232 5176 ιιι
257 5131 314 5173 et
348 5120 511 5173 Rom.
546 5131 657 5171 xtv.

244 5257 359 5331 (Ἷί)
385 5253 545 5331 MSS”
580 5272 598 5305 ι
636 5250 853 5331 indicet:
894 5268 911 5301 ι
940 5242 1337 5331 Libb.letliti,.t

566 5303 597 5374 tv
618 5303 745 5391 quid
771 5321 936 5373 enim.
960 5338 977 5367 ι
1002 5313 1326 5400 Ιλίιὴὶηςᾳίῑί,
1356 5310 1528 5400 ("quia
1555 5303 1751 5400 nihihr

389 5375 555 5459 51—3573,
584 5414 603 5446 ι
638 5375 1028 5461 intelligamus.
1064 5405 1082 5436 ›
1115 5384 1267 5438 Libb.
1314 5375 1466 5443 editi,
1505 5396 1523 5428 ι
1561 5375 1757 5430 intelli-

185 5487 377 5541 gllttllS.
416 5486 435 5541 ξ

259 5514 377 5610 (ἠέ)
416 5514 835 5610 [ἱμι).ηρὰὶιῑ,έ
879 5526 1063 5610 simul.
1100 5545 1117 5576 ι
1153 5524 1319 5603 Unus.
1352 5523 1521 5610 codex
1574 5514 1763 5571 Ebroi-

190 5593 390 5672 εεδςὶέ,
428 5626 445 5657 t
486 5608 539 5659 in
575 5605 698 5658 illis.
742 5593 769 5652 »ν
796 5599 1009 5667 Reliqui
1043 5611 1192 5672 mss.,
1226 5614 1243 5646 t
1280 5593 1547 5672 sitttilis.)

261 5656 591 5751 fitiYCoder
650 5656 1031 5741 Sangertuan.,
1077 5685 1095 5718 ι
1135 5667 1298 5720 viros.
1348 5682 1366 5714 ι
1402 5661 1556 5717 Libb.
1610 5656 1763 5722 editi,

200 5770 218 5804 ι
261 5751 538 5807 meliores.
572 5766 591 5798 ι

1621 5028 1661 5059 ¹τ
1690 5024 1731 5078 Il
1749 5023 1888 5077 Tim.
1916 5036 1976 5085 tt,
1994 5018 2086 5073 20.
2162 5016 2207 5047 ¹³
2226 5013 2390 5071 Hebr.
2406 5026 2459 5077 v,
2485 5010 2574 5064 M.

1739 5095 1785 5126 “
1816 5093 1929 5149 los.
1981 5105 2056 5152 Ix,
2088 5088 2141 5153 I,
2167 5086 2224 5140 2.

2650 5007 2694 5038 ¹⁹
2722 5004 2922 5075 Ephes.
2946 5018 2997 5067 v,
3016 5002 3104 5056 27.
3184 5001 3230 5034 ⁸ο
3258 5000 3274 5053 I
3303 5000 3430 5055 Cor.

1932 5228 2044 5301 (77)
2068 5225 2270 5283 Omnes
2293 5237 2449 5289 mss.,
2484 5240 2502 5273 ι
2538 5225 2806 5287 suscepta.
2840 5233 2858 5265 ι
2885 5213 3039 5268 Libb.
3076 5210 3228 5274 editi,
3257 5226 3275 5259 ι
3316 5221 3435 5261 sus-

1896 5301 2027 5355 enti.
2067 5317 2085 5348 ι

1863 5316 2266 5440 θειξὲέίεωκΧ
2295 5364 2650 5440 Saugerman.
2671 5398 2685 5421 ,
2727 5346 3435 5440 (“secernier

1868 5421 2261 5502 an‘tea'editi,vt
2297 5421 2608 5491 Jesuvnobis
2642 5428 2999 5502 recitante...
3045 5421 3299 5502 cordibus
3342 5430 3438 5474 [ιω

1870 5513 2017 5573 stris,
2059 5528 2077 5560 ι
2106 5500 2199 5564 sed
2231 5520 2418 5562 omnes
2455 5518 2581 5556 mss.
2615 5509 2671 5552 ut
2707 5500 2759 5551 iu
2793 5504 2978 5550 nostro
3011 5500 3162 5547 textu

1943 5580 2280 5652 (78')7Codex
2308 5578 2617 5652 Sangeriu.,
2648 5589 2665 5619 ι
2696 5579 2991 5622 sermones.
3031 5580 3050 5613 ι

1945 5648 2057 5723 (79)
2086 5651 2252 5713 Idem,
2286 5667 2303 5699 ι
2337 5648 2681 5715 deputantur.
2717 5657 2737 5690 ι
