3874 6504
515 320 621 378 879

1965 307 2285 368 ORIGENIS
3586 324 3656 380 ξω

513 439 706 506 busaei,
742 447 796 495 et
831 445 1195 494 convenerunt
1256 433 1309 490 in
1369 451 1567 502 unum,
1608 444 1666 488 ut
1717 442 2091 505 expugnarent
2119 437 2166 494 Α
2199 432 2468 502 quomodo
2516 431 2642 502 ligni
2686 446 2916 487 caesores
2941 471 2955 495 ,
2984 429 3069 486 vel
3123 443 3271 500 aqua:
3307 437 3659 501 gestatoresliant

510 534 698 596 Jesum
745 543 799 590 et
830 530 991 588 Israel
1023 529 1202 586 simul.
1240 549 1258 582 ι
1292 527 1530 584 Historia
1585 543 1764 582 rerum
1813 536 2087 598 gestarum

515 626 800 684 manifesta
818 632 920 689 est,
946 637 1047 678 nec
1075 621 1455 691 explanatione
1478 621 1680 691 indiget
1701 619 1841 689 quod
1869 618 2090 673 eviden-

517 728 598 775 ter
627 717 896 787 expletum
927 721 1011 770 est
1040 729 1054 780 ;
1083 729 1150 768 ex
1185 713 1249 767 iis
1299 723 1474 766 tamen
1509 727 1629 782 quae
1661 719 1810 783 gesta
1845 718 1969 766 sunt
2003 709 2088 762 vi-

513 809 783 875 sibilibus,
828 810 994 865 nostri
1046 807 1258 864 Domini
1312 805 1438 860 Jesu
1489 804 1783 858 Salvatoris
1827 801 1966 858 bella
2026 815 2090 854 ac

514 903 821 973 triumphos
875 916 1011 971 quas
1067 901 1271 971 egerit,
1332 895 1784 964 contemplemur,
1841 891 2088 962 quamvis

510 997 674 1051 etiam
734 994 787 1048 in
846 993 964 1064 ipso
1023 992 1136 1048 hac
1190 990 1480 1045 visibiliter
1527 1001 1810 1042 cernamus
1853 985 2085 1055 expleta.

509 1084 896 1141 Conveneruut
920 1081 1064 1138 enim
1094 1096 1248 1152 reges
1273 1088 1451 1143 terra},
1482 1086 1724 1143 senatus,
1756 1075 2087 1146 populusque

507 1186 565 1232 et
595 1174 873 1246 principes
919 1172 1168 1236 Romani,
1205 1179 1263 1225 ut
1318 1175 1688 1239 expugnarent
1722 1180 1916 1220 nomen
1957 1163 2084 1220 Iesu

508 1277 562 1324 et
595 1266 762 1323 Israel
795 1263 976 1320 simul.
1028 1262 1395 1318 Decreverunt
1435 1261 1577 1314 enim
1611 1258 1817 1328 legibus
1856 1257 1992 1320 suis,
2028 1264 2086 1309 ut

507 1373 616 1413 non
640 1357 750 1412 sint
810 1354 1127 1410 Christiani.
1182 1352 1370 1406 Omnis
1434 1350 1649 1415 civitas,
1719 1348 1896 1401 omnis
1949 1347 2084 1400 ordo

507 1448 940 1505 Christianorum
968 1459 1162 1498 nomen
1187 1442 1485 1512 impugnat.
1511 1441 1614 1495 Sed
1647 1440 1786 1494 sicut
1818 1446 1943 1492 tunc
1966 1452 2085 1490 om-

506 1554 608 1596 nes
642 1539 715 1593 illi
753 1550 906 1608 reges
932 1535 1321 1591 convenientes
1371 1542 1556 1586 contra
1598 1529 1780 1584 Jesum
1832 1527 1964 1582 nihil
2000 1525 2081 1580 fa-

505 1644 632 1686 cere
661 1635 976 1699 potuerunt,
1007 1627 1078 1680 ita
1113 1622 1224 1694 (80)
1252 1622 1334 1676 vel
1363 1621 1633 1691 principes
1664 1619 1752 1673 vel
1786 1625 2083 1686 potestates

507 1727 626 1782 ista:
651 1724 960 1790 contrarias,
999 1733 1058 1776 ut
1103 1735 1206 1774 non
1239 1718 1671 1773 Christianorum
1704 1727 1872 1785 genus
1921 1711 2080 1765 latius

2204 534 2259 579 et
2307 524 2736 579 condemnentur
2779 524 2914 594 (85)
2974 525 3040 578 ad
3077 523 3376 592 obsequium
3421 532 3589 597 populi,
3625 545 3661 588 et

2201 614 2391 670 altaris
2419 615 2509 669 Dei
2546 616 2931 680 ministerium,
2963 615 3218 685 quoniam
3245 617 3441 683 quidem
3463 633 3558 673 cum
3580 623 3662 679 dolo

2196 714 2251 761 et
2296 705 2595 761 calliditate
2649 715 3001 762 accesserunt
3044 706 3111 761 ad
3163 705 3299 760 filios
3335 707 3494 772 Israel,
3528 717 3664 777 pannis

2197 797 2688 866 calceamentisque
2720 798 2996 854 veteribus
3036 797 3240 862 induti,
3275 807 3326 852 et
3347 800 3501 853 cibum
3525 810 3662 861 vetusti

2197 889 2351 959 panis
2377 889 2638 944 ferentes.
2676 891 2764 945 lsti
2783 905 2914 960 ergo
2942 890 3167 944 veniunt
3196 891 3259 943 ad
3287 889 3452 946 Iesum
3477 909 3572 949 cum
3588 913 3665 951 om-

2197 983 2354 1036 nibus
2389 983 2750 1038 vetustatibus
2775 983 2887 1039 suis
2908 1024 2923 1048 ,
2948 994 3004 1038 et
3034 991 3195 1036 orant
3227 983 3294 1036 ab
3323 998 3385 1037 eo
3415 985 3499 1039 hoc
3522 997 3664 1045 tantum

2196 1083 2254 1127 ut
2301 1074 2599 1129 salventur.
2632 1074 2688 1129 lu
2738 1089 2964 1142 quorum
3015 1074 3185 1144 figura
3233 1073 3332 1128 tale
3371 1076 3486 1130 mihi
3526 1077 3666 1148 aliquid

2193 1165 2406 1220 videtur
2428 1167 2662 1221 ostendi.
2705 1164 2844 1222 Sunt
2872 1166 3091 1234 quidam
3121 1167 3174 1220 in
3208 1165 3434 1221 Ecclesia
3461 1171 3667 1226 credentes

2193 1257 2409 1326 quidem
2438 1267 2493 1311 et
2521 1257 2784 1312 habentes
2815 1257 2970 1311 fidem
3007 1258 3058 1310 in
3091 1257 3280 1322 Deum,
3312 1265 3363 1310 ct
3405 1259 3669 1325 acquiescea-

2195 1357 2274 1402 tes
2301 1348 2416 1419 (85)
2453 1348 2706 1402 omnibus
2754 1347 2955 1403 divinis
2998 1358 3287 1418 praeceptis
3327 1349 3538 1418 :quique
3558 1353 3668 1408 etiam

2191 1453 2320 1507 erga
2345 1453 2532 1494 servos
2556 1438 2647 1494 Dei
2679 1438 2914 1510 religiosi
2937 1451 3084 1506 sunt,
3108 1450 3162 1495 et
3190 1440 3388 1494 servire
3409 1441 3477 1495 eis
3495 1445 3668 1512 cupiunt,

2191 1533 2282 1586 sed
2309 1541 2364 1588 et
2401 1535 2468 1588 ad
2498 1543 2750 1588 ornatum
2779 1534 3030 1589 Ecclesia:
3049 1575 3064 1600 ,
3104 1535 3193 1589 vel
3235 1535 3556 1590 ministerium
3581 1541 3670 1594 satis

2192 1625 2422 1694 prompti
2455 1627 2737 1695 paratique
2766 1636 2917 1691 sunt,
2947 1627 2999 1680 in
3028 1626 3242 1681 actibus
3256 1641 3380 1681 vero
3401 1628 3501 1683 suis
3521 1639 3563 1683 et
3581 1643 3671 1684 cna-

2188 1714 2499 1768 versatione
2531 1715 2746 1784 propria
2768 1755 2784 1780 ,
2813 1715 3244 1770 obscenitatibus
3283 1726 3336 1770 et
3363 1717 3492 1771 vitiis
3511 1718 3598 1787 (86)
3617 1737 3670 1772 m-

505 1831 570 1870 ac
593 1815 865 1885 profusius
891 1823 1215 1883 propagetur
1237 1809 1369 1884 (8i),
1399 1808 1648 1863 obtinere
1671 1821 1775 1862 non
1801 1803 2078 1859 valebunt.
2113 1796 2155 1850 Β
2187 1807 2371 1868 voluti,
2420 1821 2518 1861 nec
2553 1807 2775 1862 omnino
2811 1808 3149 1876 deponentes
3195 1819 3425 1863 veterem
3468 1809 3669 1864 hominem

507 1906 780 1975 Scriptum
830 1919 1064 1974 namque
1095 1913 1178 1958 est
1209 1903 1277 1967 “,
1309 1901 1436 1971 quia
1475 1918 1493 1951 ι
1537 1908 1742 1968 quanto
1786 1895 1956 1966 magis
1989 1909 2082 1949 eos

507 1996 882 2059 humiliabant,
937 2004 1086 2048 tanto
1136 1993 1305 2062 magis
1359 1991 1540 2060 plures
1584 1990 1805 2052 liebant,
1842 1996 1894 2042 et
1930 1987 2080 2040 inva-

505 2090 780 2146 lescebant
817 2088 994 2143 valde.
1037 2107 1054 2140 ι
1083 2086 1416 2143 Coufidimus
1453 2095 1656 2149 autem,
1693 2083 1817 2152 quia
1854 2098 1957 2138 non
1992 2097 2082 2136 so-

503 2192 612 2236 lum
645 2195 748 2235 non
781 2195 880 2235 nos
909 2187 1162 2250 poterunt
1194 2179 1445 2233 obtinere
1494 2174 1735 2230 visibiles
1772 2173 1997 2234 inimici.
2029 2180 2084 2227 et

501 2272 797 2330 adversarii
831 2271 1027 2334 nosui,
1065 2285 1251 2326 verum
1301 2269 1467 2323 etiam
1511 2265 1773 2321 velociter
1816 2264 1941 2320 Jesu
1973 2264 2080 2318 Do.

503 2365 650 2419 mino
694 2373 879 2419 nostro
905 2362 1156 2418 vincente
1187 2368 1496 2417 conteretur
1527 2358 1765 2414 Satanas
1797 2359 1898 2413 sub
1929 2357 2081 2426 pedi-

499 2454 602 2512 bus
627 2469 908 2511 servorum
939 2453 1076 2523 ejus.
1108 2452 1200 2507 lllo
1227 2453 1427 2507 etenim
1453 2452 1590 2506 duce
1616 2464 1829 2518 semper
1863 2448 2082 2503 vincent

501 2547 701 2602 milites
733 2545 840 2613 sui,
872 2546 944 2599 ita
999 2553 1057 2598 ut
1105 2553 1160 2599 et
1202 2559 1304 2598 nos
1358 2543 1602 2597 dicamus
1650 2542 1789 2595 sicut
1819 2540 1870 2593 in
1909 2540 2080 2593 Esdra

502 2640 764 2708 scriptum
797 2645 881 2691 est
903 2637 969 2697 ".
1000 2636 1123 2704 quia
1162 2653 1181 2686 ι
1217 2650 1245 2688 a
1292 2643 1364 2700 te,
1401 2633 1648 2698 Domine,
1703 2641 1786 2686 est
1831 2630 2078 2694 vit-toria,

503 2738 561 2787 et
589 2745 688 2800 ego
719 2743 909 2785 servus
943 2741 1086 2793 tuus,
1115 2726 1431 2782 benedictus
1464 2739 1544 2788 es,
1580 2724 1721 2779 Deus
1748 2723 2017 2777 veritatis.
2053 2738 2074 2772 ι

501 2824 672 2891 Quem
702 2837 917 2890 semper
946 2833 999 2876 et
1026 2837 1125 2877 nos
1153 2821 1486 2884 invocemus,
1519 2827 1578 2872 ut
1610 2821 1697 2874 det
1724 2819 1881 2877 nobis
1910 2819 2080 2872 victo-

503 2915 640 2970 riam
676 2915 728 2969 in
760 2912 980 2968 Christo
1015 2911 1140 2967 Jcsu
1172 2911 1397 2966 Domino
1434 2919 1642 2974 nostro,
1676 2910 1761 2963 cui
1803 2917 1885 2964 est
1908 2907 2078 2979 gloria

502 3014 559 3060 et
591 3005 875 3076 imperium
904 3003 957 3056 in
990 3000 1180 3057 saecula
1213 3001 1553 3056 saeculorum.
1587 3006 1780 3054 Amen.

1095 3110 1372 3168 llOMlLlA
1413 3111 1481 3165 X.

503 3202 584 3264 De
634 3205 757 3262 dolo
800 3203 1242 3270 Gabaonitarum,
1286 3205 1376 3258 ubi
1418 3205 1596 3257 dicunt
1635 3220 1653 3256 :
1698 3221 1717 3254 ι
1770 3200 2075 3255 Audiuimus

571 3286 770 3403 tuante
824 3278 946 3347 iecit
991 3269 1249 3330 Dominus
1310 3274 1576 3329 vobiscum
1629 3290 1721 3343 per
1777 3289 1919 3325 mare
1970 3269 2078 3324 Ru-

609 3363 747 3401 runt.
793 3365 812 3398 ι

609 3363 747 3401 runt.
793 3365 812 3398 ι

573 3456 628 3514 ί.
695 3475 718 3511 ι
787 3457 843 3512 In
899 3460 1060 3514 domo
1118 3457 1300 3512 Patris
1358 3457 1461 3510 mei
1531 3456 1841 3510 mansiones
1898 3453 2079 3508 multa:

499 3560 648 3613 sunt.
683 3567 704 3602 ι
741 3549 873 3604 dicit
900 3549 1134 3605 Verbum
1167 3547 1258 3603 Dei
1282 3548 1351 3602 ".
1376 3548 1480 3602 Sed
1506 3557 1558 3603 et
1582 3547 1910 3602 resurrectio
1941 3561 2078 3600 mor-

499 3649 718 3698 tuorum
749 3657 856 3695 nou
883 3640 1100 3696 habebit
1123 3641 1382 3710 :equalem
1407 3641 1801 3709 resurgentium
1823 3639 2073 3708 gloriam,

499 3734 594 3790 sed
627 3751 645 3784 ι
676 3732 780 3788 alia
811 3732 1377 3801 carovolucrum,alia
1391 3731 1919 3804 pecorum(82),alia
1947 3745 2076 3787 vero

499 3823 762 3894 piscium;
801 3832 858 3877 et
880 3837 1109 3893 corpora
1138 3825 1400 3892 caelestia,
1428 3831 1482 3878 et
1518 3837 1744 3891 corpora
1771 3824 2075 3887 terrestria,

499 3915 597 3971 sed
627 3914 732 3969 alia
762 3915 980 3983 quidem
1011 3913 1310 3970 cmlestium
1340 3914 1536 3986 gloria,
1584 3915 1687 3969 alia
1733 3930 1863 3970 vero
1907 3923 2078 3970 terre-

499 4007 712 4060 strium.
746 4004 862 4058 Alia
892 4004 1059 4074 gloria
1090 4005 1243 4069 solis,
1271 4005 1373 4059 alia
1402 4006 1570 4076 gloria
1593 4005 1753 4072 lunae,
1783 4006 1882 4061 alia
1907 4006 2076 4076 gloria

498 4093 801 4152 stellarum.
845 4091 1011 4149 Stella
1052 4096 1118 4151 ab
1153 4097 1306 4152 stella
1349 4097 1528 4152 differt
1564 4099 1616 4150 in
1652 4097 1854 4166 gloria,
1895 4098 1970 4152 ita
2019 4107 2076 4151 et

498 4185 829 4241 resurrectio
859 4195 1196 4241 mortuorum
1227 4187 1296 4245 ³⁷.
1333 4205 1353 4239 ι
1378 4187 1560 4242 Multae
1597 4203 1726 4259 ergo
1757 4202 1944 4243 eorum
1981 4186 2073 4258 qui

497 4279 565 4334 ad
589 4279 818 4334 salutem
842 4279 1066 4334 veniunt
1095 4279 1412 4337 dilicrentia:
1440 4281 1816 4352 designantur.
1845 4281 2000 4336 Unde
2022 4291 2077 4337 et

496 4385 643 4426 nunc
665 4369 993 4426 Gabaonitas
1019 4371 1171 4438 isws,
1194 4385 1421 4442 quorum
1450 4371 1675 4428 historia
1708 4374 1931 4429 recitata
1959 4373 2072 4446 (83)

494 4461 658 4536 423
688 4471 791 4529 est,
817 4464 1052 4519 arbitror
1081 4465 1478 4534 portiunculam
1509 4465 1799 4534 quamdam
1825 4482 1943 4520 esse
1969 4481 2061 4520 eo-

2183 1911 2304 1950 cum
2335 1897 2549 1951 actibus
2577 1899 2713 1963 suis,
2744 1899 2838 1953 sed
2873 1899 3096 1952 involuti
3144 1900 3370 1955 vetustis
3405 1901 3528 1954 vitiis
3550 1912 3590 1956 et
3609 1904 3672 1956 ob-

2182 1990 2542 2045 scenitatibus
2568 1991 2708 2056 suis,
2745 1991 2891 2046 sicut
2924 2000 2979 2045 et
3008 1991 3095 2045 ῖς»ιί
3129 1991 3322 2061 pannis
3348 2003 3400 2046 et
3421 1992 3669 2048 calceamen-

2185 2081 2254 2137 tis
2269 2082 2542 2136 veteribus
2565 2083 2792 2147 obtecti,
2819 2091 3014 2153 praater
3047 2083 3150 2137 hoc
3179 2083 3324 2150 quod
3355 2082 3404 2136 in
3432 2082 3566 2136 Deum
3591 2099 3669 2138 ere

2186 2174 2338 2239 dunt,
2363 2183 2420 2228 et
2448 2188 2574 2244 erga
2609 2189 2798 2229 servos
2831 2175 2918 2228 Dei
2946 2174 3030 2229 vel
3061 2171 3316 2228 Ecclesia:
3339 2175 3519 2228 cultum
3540 2176 3669 2230 riden-

2185 2275 2272 2320 tur
2295 2281 2416 2320 esse
2447 2266 2645 2328 devoti,
2676 2266 2804 2320 nihil
2843 2266 3100 2320 adhibent
3125 2266 3506 2320 emendationis
3525 2267 3590 2318 vel
3621 2267 3672 2320 ia-

2183 2357 2486 2413 novationis
2523 2359 2574 2411 in
2609 2358 2851 2413 moribus
2881 2358 3012 2430 (87).
3049 2359 3170 2412 Istis
3198 2374 3330 2427 ergo
3366 2357 3508 2412 Jesus
3546 2359 3670 2412 Domi-

2183 2465 2283 2503 nus
2319 2460 2503 2504 noster
2534 2449 2764 2505 salutem
2799 2451 3018 2520 quidem
3051 2451 3326 2516 concedit,
3361 2451 3447 2506 sed
3473 2453 3668 2520 quodan-

2182 2543 2340 2596 modo
2365 2543 2510 2596 salus
2537 2543 2653 2612 ipsa
2685 2559 2872 2598 eorum
2908 2553 3093 2598 notam
3143 2559 3252 2598 non
3285 2545 3454 2598 evadit
3483 2544 3669 2596 infamia.

2183 2633 2386 2688 Similis
2412 2648 2627 2702 quoque
2653 2635 2815 2688 etiam
2855 2632 2908 2686 in
2947 2632 3128 2687 libello
3158 2633 3254 2700 qui
3307 2632 3576 2702 appellatur
3599 2628 3672 2682 Pa-

2180 2730 2340 2784 storis
2373 2728 2507 2802 (88).
2533 2730 2597 2784 de
2625 2729 2710 2784 bis
2742 2729 2912 2799 figura
2945 2729 3301 2783 describitur.
3328 2729 3413 2782 Ait
3437 2729 3669 2793 euim,qnia

2181 2826 2265 2872 est
2301 2819 2465 2872 arbor
2490 2820 2757 2885 quaedam,
2790 2833 2910 2886 qua:
2942 2817 3120 2872 ulmus
3145 2817 3465 2887 appellatur,
3491 2832 3587 2884 qua:
3607 2817 3675 2868 fm-

2180 2918 2325 2964 ctum
2357 2923 2465 2963 non
2493 2908 2671 2974 all‘ert,
2695 2918 2875 2977 portat
2903 2917 3082 2963 tamen
3107 2910 3276 2964 vitem
3312 2925 3427 2978 qua:
3451 2908 3578 2962 allen
3600 2909 3674 2976 pitt-

2185 3001 2378 3055 rimum
2413 3001 2667 3066 fructum,
2695 3011 2749 3056 et
2783 3018 2847 3056 ex
2883 3017 2946 3056 eo
2969 3004 3110 3072 quod
3141 3005 3468 3058 adminiculo
3506 3015 3573 3060 est
3592 3005 3674 3069 viti,

2181 3108 2302 3162 qua:
2334 3095 2450 3161 ejus
2479 3093 2684 3148 viribtts
2711 3073 2906 3154 nitens,
2937 3093 3016 3148 vel
3044 3092 3266 3157 afferre,
3295 3095 3375 3148 vel
3403 3110 3585 3149 servare
3606 3109 3671 3161 po-

2182 3179 2284 3239 test
2328 3184 2617 3255 plurimum
2665 3185 2918 3249 fructum,
2956 3187 3121 3239 etiam
3156 3186 3341 3240 ulmus
3365 3226 3380 3250 ,
3413 3203 3518 3257 qua
3553 3186 3674 3240 infru-

2178 3289 2368 3335 ctuosa
2393 3289 2499 3344 est,
2533 3279 2846 3334 necessaria
2877 3281 3092 3335 videtur
3122 3290 3176 3334 et
3226 3282 3378 3334 utilis
3401 3296 3463 3336 ex
3492 3282 3573 3334 hoc
3597 3281 3674 3348 ipso

2177 3372 2322 3441 quod
2351 3368 2644 3426 fructifera:
2674 3369 2786 3442 (89)
2821 3370 3097 3425 deserviat
3121 3371 3240 3425 viti.
3274 3370 3403 3424 Tale
3433 3370 3600 3439 aliquid
3619 3371 3674 3426 in-

2182 3464 2363 3532 tellige
2410 3466 2573 3517 etiam
2621 3463 2676 3515 in
2726 3462 3044 3518 Gabaonitis
3086 3462 3178 3532 qui
3236 3477 3346 3516 non
3388 3464 3674 3532 deposuerunt

2179 3558 2396 3629 quidem
2429 3564 2663 3610 veterem
2696 3555 2967 3614 hominem
2996 3571 3118 3610 cum
3157 3556 3382 3610 actibus
3407 3555 3509 3609 suis
3529 3596 3541 3618 ,
3570 3554 3676 3607 mini-

2181 3659 2356 3706 STrant
2385 3659 2562 3703 tamen
2593 3649 2799 3702 sanctis
2828 3657 2879 3702 et
2917 3648 3183 3713 serviunt,
3227 3658 3284 3702 et
3311 3647 3503 3715 aliquid
3531 3646 3675 3699 utilita-

2180 3742 2251 3796 tis
2281 3742 2621 3809 impendunt,
2651 3750 2704 3794 et
2732 3739 2826 3794 tali
2856 3741 3095 3810 quodam
3133 3740 3331 3795 ordine
3361 3740 3423 3795 ab
3451 3737 3554 3794 Jesu
3577 3737 3675 3790 salu-

2182 3842 2292 3888 tem
2356 3847 2479 3887 cum
2552 3831 2843 3899 juramenti
2927 3832 3348 3902 interpositione
3427 3829 3673 3899 suscipiunt.

2177 3925 2293 3995 Ego
2359 3925 2608 3978 nolebam
2685 3927 2740 3976 in
2817 3922 3254 3978 Gabaonitarum
3337 3923 3514 3978 ordine
3566 3920 3676 3976 salu-

2179 4026 2284 4066 tem
2315 4009 2424 4084 (90)
2457 4011 2738 4080 consequi,
2768 4024 2865 4065 nec
2894 4011 2946 4064 in
2979 4011 3108 4081 ligni
3134 4013 3452 4079 exesor-ibus,
3481 4013 3548 4066 vel
3570 4024 3676 4079 aqua

2177 4102 2542 4172 gestatoribus
2601 4103 2920 4168 nmnerari,
2971 4104 3065 4158 sed
3126 4104 3272 4160 inter
3329 4104 3675 4159 Israelitasca-

2176 4209 2308 4263 pere
2351 4193 2722 4248 haereditatem
2756 4205 2812 4248 et
2838 4194 3147 4263 portionem
3176 4206 3340 4251 terra
3370 4192 3675 4266 promissionis

2177 4285 2422 4354 accipere
2447 4284 2580 4356 (9!).

2245 4376 2300 4429 2.
2331 4375 2738 4431 Observandum
2773 4389 2904 4431 sane
2935 4386 3057 4442 est,
3105 4381 3254 4449 quod
3297 4381 3470 4435 solent
3499 4373 3675 4432 heretici

2170 4468 2415 4537 legentes
2443 4468 2586 4521 hunc
2612 4466 2788 4522 locum
2816 4466 3147 4523 calumniam
3179 4469 3364 4525 facere
3387 4509 3402 4530 ,
3447 4469 3478 4522 ii
3510 4467 3584 4537 qui
3606 4464 3676 4518 Te-

498 4565 620 4609 rum
647 4592 664 4621 ,
712 4555 802 4624 qui
837 4554 1082 4610 salvandi
1114 4565 1278 4623 sunt,
1312 4557 1388 4612 ita
1435 4565 1614 4611 tamen
1645 4567 1700 4611 ut
1729 4573 1831 4613 non
1865 4560 2067 4625 absque
2100 4546 2144 4600 Ῑ)
2172 4567 2504 4613 stamentum
2538 4555 2707 4612 Vetus
2739 4573 2844 4614 non
2893 4562 3191 4630 recipiunt,
3239 4571 3295 4616 et
3348 4563 3556 4616 dicunt:
3588 4557 3678 4610 fide

498 4645 733 4715 alicujus
779 4657 923 4703 notae
981 4648 1254 4706 inustione
1298 4649 1592 4706 salventur.
1629 4651 1790 4706 Vides
1837 4662 2069 4719 namque

2172 4649 2444 4720 quomodo
2475 4649 2607 4702 nihil
2635 4649 2986 4708 humanitatis
3014 4654 3204 4709 habuit
3223 4652 3388 4709 Jesus
3413 4652 3538 4706 ﬁlius
3554 4648 3673 4710 Nam

566 4741 614 4774 ἐ
641 4741 811 4798 Exod.
850 4760 887 4810 ι,
918 4743 1004 4798 12.
1081 4746 1126 4777 ³⁸
1150 4743 1216 4799 lll
1249 4745 1402 4802 Esdr.
1438 4761 1512 4812 tv,
1541 4745 1630 4809 59,
1656 4745 1745 4800 60.
1822 4745 1869 4777 "
1894 4742 2052 4799 Joan.

2182 4784 2196 4812 ,
2219 4744 2275 4798 2.
2350 4745 2394 4776 ³⁷
2425 4742 2446 4796 Ι
2473 4743 2597 4798 Cor.
2635 4759 2726 4811 xv,
2757 4745 2945 4801 59-“.

561 4883 676 5027 (80)
706 4885 763 4940 ln
792 4887 979 4942 eodem
1006 4889 1176 4953 deest,
1211 4908 1231 4941 ι
1263 4890 1358 4945 ita.
1394 4909 1413 4942 ι

563 4955 646 5026 (81
708 4955 852 5012 ldem
887 4972 994 5012 ms.
1035 4959 1214 5023 habet,
1249 4979 1267 5011 ι
1299 4975 1413 5027 pro;

563 4955 676 5027 (8|)
708 4955 852 5012 ldem
887 4959 1214 5030 msagbabet,
1249 4979 1267 5011 ι
1299 4969 1642 5030 propagetur.
1675 4980 1693 5013 ι
1719 4959 1877 5015 Libb.
1910 4957 2063 5024 editi,

495 5042 520 5080 ι
554 5036 895 5098 prorogetur.
928 5046 946 5079 ι
982 5027 1100 5084 Mox
1144 5029 1198 5083 in
1235 5027 1424 5084 eodem
1459 5027 1645 5086 codice
1698 5029 2064 5098 manuscripto

491 5096 774 5158 omittitur,
810 5116 828 5147 ι
860 5099 1104 5153 obtinere
1139 5114 1242 5153 non
1269 5099 1537 5155 valebunt.
1579 5119 1598 5152 ι

528 5180 530 5183 ·
561 5164 672 5237 (82)
701 5167 902 5237 anes
924 5183 1082 5237 mss.,
1117 5187 1136 5220 ι
1177 5167 1282 5222 alia
1310 5184 1590 5237 pecorum.
1639 5171 1676 5224 ι’

584 5235 674 5302 8'5)
704 5235 886 5308 Codex
915 5235 1226 5308 Sangerm.,
1252 5255 1272 5290 ι
1296 5235 1520 5296 recitata
1543 5251 1643 5298 est.
1675 5259 1694 5294 ›
1724 5239 1881 5298 Libb.
1907 5238 2058 5304 editi,

494 5323 516 5359 ι
554 5306 830 5360 recitanda
860 5317 963 5363 est.
1001 5326 1019 5360 ι

581 5375 673 5446 84)
696 5375 862 5440 Idem,
901 5396 920 5429 ι
959 5377 1088 5433 fiant
1109 5387 1165 5434 et
1193 5378 1639 5436 condemnentur.
1672 5399 1691 5434 ι
1725 5381 1879 5436 Libb.
1903 5378 2054 5446 editi,

490 5462 514 5500 ι
556 5447 675 5500 ﬁeri
712 5447 1158 5502 condemnentur.
1198 5467 1218 5501 ι

559 5515 673 5598 (88)
699 5515 865 5598 Idem,
896 5536 915 5570 ι
945 5521 1228 5576 credentes
1258 5519 1365 5577 fide
1393 5521 1447 5576 in
1473 5518 1654 5577 .lesum
1691 5520 1974 5576 Dominum
2003 5529 2058 5576 et

594 5597 916 5642 urescentes.
956 5607 978 5642 ι

487 5598 553 5640 ac
594 5598 916 5642 utescentes.
956 5607 978 5642 ὓ

483 5599 839 5781 ⁷ἱὲξέέῆξιιειιι
885 5673 1008 5714 cum
1054 5658 1455 5728 Gemeticcnsi,
1498 5679 1518 5714 ι
1569 5661 1790 5718 obsceni
1835 5661 1970 5718 satis
2001 5669 2056 5717 et

2248 4888 2358 4960 (87)
2387 4888 2552 4954 Idem,
2588 4906 2608 4940 ι
2649 4887 2701 4941 in
2735 4890 2996 4943 moribus.
3037 4909 3054 4942 ι
3088 4889 3240 4944 Libb.
3276 4889 3443 4952 editi,
3483 4904 3500 4936 ι
3534 4884 3675 4938 inmo-

2171 4974 2353 5100 ἷθῗὲέ)
2393 5028 2838 5100 εἰηιὶιὶεηᾳιιοᾳιιε
2860 5029 3020 5082 etiam
3047 5031 3100 5082 in
3125 5029 3302 5083 libella
3333 5029 3421 5097 qui
3443 5021 3673 5100 appellat?

2168 5092 2432 5164 Pastoris,
2462 5108 2567 5153 etc.
2599 5092 3006 5153 Vitle'Pastoris
3030 5100 3223 5153 librum
3258 5092 3510 5161 tertium,
3533 5092 3675 5164 simili-

2166 5170 2356 5224 tudine
2387 5161 2646 5234 secunda,
2677 5179 2731 5224 et
2757 5169 3009 5224 Cotelerii
3038 5178 3194 5225 notas
3223 5170 3279 5223 in
3311 5171 3446 5224 banc
3477 5161 3674 5221 similius

2165 5239 2344 5311 dinem
2376 5241 2499 5311 vitis
2525 5240 2760 5311 etgulmi.
2989 5308 3003 5311 _
3155 5307 3171 5311 ,
3390 5307 3410 5311 _
3598 5300 3623 5311 ..

2226 5306 2551 5432 (89)_Codex
2583 5306 2896 5379 Sangerm.,
2929 5327 2950 5361 ‹
2983 5307 3300 5366 fructifera.
3337 5327 3356 5362 ι
3390 5307 3533 5362 Libb.
3557 5297 3671 5361 eilia.

2166 5396 2186 5428 ‹
2252 5379 2518 5433 ruatferae.
2561 5397 2579 5430 ι

2230 5395 2308 5432 ll'll
2352 5395 2518 5437 uerae.
2561 5397 2579 5430 ι

2230 5395 2345 5528 (θρῗ
2373 5448 2636 5512 Salutem,
2678 5449 2836 5505 deest
2865 5449 2916 5503 in
2944 5447 3074 5504 libb.
3103 5459 3258 5503 antea
3285 5448 3465 5511 editis,
3487 5443 3568 5501 sed
3602 5453 3672 5496 ex-

2160 5526 2350 5657 tntilli)l
2557 5588 2696 5660 editi
2725 5631 2742 5653 ,
2800 5609 2820 5641 ι
2857 5602 3109 5660 cuperem
3155 5589 3512 5660 bzcreditatem
3550 5590 3668 5660 te"?

2157 5657 2600 5726 repromissionis
2625 5662 2871 5731 accipere
2894 5699 2909 5727 ,
2930 5657 2965 5712 ἰ
3005 5662 3099 5717 sed
3127 5661 3298 5716 codex
3348 5657 3599 5728 Sangerm.
3625 5657 3666 5700 ιιι

2157 5730 2211 5784 iu
2243 5737 2427 5784 nostro
2454 5738 2622 5783 textu.
