3874 6512
144 373 230 432 881

1113 371 1181 428 IN
1221 372 1478 430 LIBRUM
1510 373 1675 431 JESU
1715 373 1911 429 NAVE.
1940 375 2225 433 HOMILIA
2258 376 2330 432 Χ.

3273 374 3380 433 883

141 505 192 549 ιιι
221 490 523 547 hominibus
552 489 641 560 qui
681 487 748 545 ad
775 503 834 545 se
863 489 1134 560 supplices
1161 502 1424 549 venerant
1467 493 1694 548 salutem
1727 498 1770 554 Α
1801 510 2087 564 precamur
2113 509 2231 558 vos,
2265 494 2484 559 fratres,
2515 490 2666 547 verbi
2702 489 2797 546 Dei
2836 489 3108 562 legatione
3157 490 3380 582 fungen;

139 582 426 641 concedens
450 620 466 646 ,
499 590 682 634 notam
714 579 793 634 eis
827 578 1063 635 infamias
1108 589 1162 636 et
1207 580 1392 651 jugmn
1423 581 1702 637 servitutis

139 676 405 746 inﬂigeret.
458 672 583 728 Ilzec
629 672 674 728 si
716 673 897 726 anima
953 674 1145 728 audiat
1208 675 1389 728 minus
1437 675 1700 729 instructa

139 767 420 838 Scripturis
450 765 669 833 divinis,
711 765 976 821 inﬁrmari
1015 767 1276 822 continuo
1316 777 1368 822 et
1399 768 1696 836 periclitari

135 872 318 935 petest,
358 863 429 914 ita
462 871 520 915 ut
550 860 782 930 refugiat
811 861 1138 916 catholicam
1184 861 1367 916 ﬁdem.
1399 861 1516 917 Non
1549 863 1696 918 enim

135 955 424 1024 intelligunt
467 953 581 1026 (92)
628 969 816 1009 eorum
861 954 1258 1023 subreptiones.
1326 953 1488 1010 .lesus
1549 955 1695 1010 enim

136 1059 428 1100 mensuram
473 1043 596 1098 ﬁdei
651 1045 890 1114 ipsorum
942 1045 1181 1112 intuens,
1219 1053 1534 1114 competens
1567 1062 1695 1116 erga

134 1134 501 1204 ensjudicium
535 1135 725 1189 tenuit.
771 1134 942 1190 Porro
989 1147 1168 1192 autem
1213 1137 1364 1194 Raab
1413 1139 1697 1203 meretrix,

135 1241 242 1298 quae
271 1227 372 1280 llde
424 1225 637 1296 integra
665 1226 897 1281 credidit
925 1243 1047 1282 cum
1079 1229 1227 1282 omni
1262 1230 1423 1285 domo
1453 1244 1551 1284 sua
1577 1267 1594 1294 ,
1644 1238 1700 1284 et

133 1320 492 1388 exploratores
523 1318 846 1374 lsraeliticos
881 1319 1193 1386 plenissima
1241 1305 1532 1376 devotione
1575 1336 1697 1378 sus-

134 1411 282 1478 cepit,
327 1423 392 1463 ex
437 1408 648 1478 integro
675 1408 730 1463 in
768 1411 1105 1465 consortium
1134 1410 1317 1481 populi
1355 1412 1699 1468 societatem-

130 1515 226 1571 que
250 1511 496 1569 suscepta
525 1511 626 1565 est,
658 1511 714 1556 et
743 1503 1007 1570 scriptum
1035 1512 1120 1558 est
1161 1503 1229 1558 de
1259 1519 1344 1570 ea,
1375 1505 1498 1574 quia
1533 1519 1698 1573 appo-

131 1596 223 1647 sita
254 1603 336 1647 est
364 1594 427 1647 ad
467 1594 603 1649 filios
625 1593 787 1650 Israel
816 1610 987 1665 usque
1013 1596 1065 1650 in
1099 1597 1426 1652 hodiernum
1461 1597 1600 1652 diem
1629 1598 1694 1650 ’⁸.

130 1683 210 1737 Isti
243 1697 373 1736 vero
400 1682 488 1752 qui
524 1698 630 1737 non
680 1697 789 1738 tam
841 1685 1156 1740 Israeliticae
1203 1686 1381 1757 gentis
1423 1687 1696 1741 consortia

129 1777 454 1838 dilexerunt,
486 1791 648 1845 quam
682 1792 794 1831 suae
840 1778 1162 1847 perditionis
1197 1790 1342 1835 metu
1390 1780 1694 1850 perterriti,

128 1887 238 1925 cum
289 1870 587 1925 calliditate
635 1882 688 1925 et
738 1871 932 1927 fraude
973 1883 1323 1928 accesserunt
1368 1875 1434 1926 ad
1483 1874 1693 1942 Iesum,

128 1961 388 2031 quomodo
418 1971 672 2030 poterant
702 1961 1011 2017 libertatem
1042 1964 1164 2017 vitae
1209 1971 1262 2017 et
1295 1963 1445 2034 regni
1472 1976 1698 2018 consor-

129 2051 247 2104 tium
278 2049 418 2104 dolis
445 2049 733 2104 servilibus
763 2051 1109 2119 promereri?
1155 2052 1396 2118 Denique
1425 2053 1506 2106 vis
1537 2068 1697 2108 nosse

126 2140 428 2210 quiadigna
457 2157 578 2209 erga
610 2157 703 2196 eos
730 2143 796 2197 ab
830 2140 954 2197 Jesu
986 2144 1184 2196 mentis
1221 2158 1410 2196 eorum
1444 2137 1696 2212 ignobili-

128 2242 225 2286 tate
253 2231 364 2303 (95)
391 2233 632 2287 conditio
655 2234 963 2302 dispensata
987 2234 1109 2289 est?
1138 2235 1242 2305 Ipsi
1274 2233 1462 2291 dicunt
1482 2235 1694 2304 ",quia

125 2325 421 2380 audivimus
449 2335 644 2394 quanta
673 2323 799 2380 fecit
828 2327 1086 2380 Dominus
1111 2328 1260 2383 vobis
1290 2344 1384 2398 per
1414 2345 1563 2386 mare
1579 2328 1695 2385 Ru—

124 2418 268 2470 brum
289 2455 303 2478 ,
341 2424 401 2469 et
432 2415 483 2468 in
518 2416 754 2470 deserto.
786 2415 851 2469 Et
881 2431 1006 2470 cum
1062 2417 1174 2472 lure
1204 2417 1484 2484 dicerent,
1515 2427 1568 2472 et
1595 2436 1694 2473 au-

123 2509 256 2563 disse
283 2523 343 2561 se
367 2550 382 2572 ,
409 2519 462 2563 et
484 2509 626 2562 scire
665 2509 731 2563 de
768 2508 969 2564 divinis
996 2510 1337 2565 mirabilibus
1369 2511 1692 2581 faterentur,

123 2599 245 2654 nihil
289 2608 472 2654 tamen
507 2601 610 2655 ﬁde
642 2600 896 2670 dignum,
951 2601 1084 2656 nihil
1116 2610 1401 2656 tantarum
1434 2603 1694 2658 virtutum

122 2691 478 2746 admiratione
510 2701 813 2762 gesserunt.
848 2691 913 2745 Et
960 2692 1082 2747 ideo
1120 2694 1309 2749 videns
1335 2693 1493 2750 Jesus
1524 2712 1694 2766 angu-

119 2792 250 2836 stum
277 2797 472 2837 eorum
499 2785 861 2854 exiguumque
891 2785 941 2838 in
973 2783 1077 2838 ﬁde
1108 2787 1470 2854 propositum,
1505 2790 1693 2843 mode-

119 2875 378 2929 rationem
420 2890 548 2946 erga
592 2891 687 2931 eos
727 2875 1087 2943 iustissimam
1133 2887 1314 2931 servat
1359 2887 1419 2933 ut
1464 2879 1692 2934 salutem

118 2975 456 3022 mererentur
481 3007 496 3032 ,
524 2968 614 3038 qui
656 2984 846 3038 parum
883 2969 1011 3023 licet
1057 2969 1182 3024 ﬁdei
1230 2969 1562 3038 detulerant,
1596 2988 1694 3028 nec

118 3070 286 3115 tamen
319 3077 596 3114 summam
638 3063 790 3132 regni
825 3063 909 3116 vel
940 3061 1207 3117 libertatis
1235 3062 1562 3134 acciperent,
1596 3082 1694 3136 pro

119 3167 178 3206 eo
220 3153 362 3220 quod
420 3150 558 3206 ﬁdes
602 3167 792 3207 eorum
848 3153 991 3207 nullo
1035 3169 1261 3223 operum
1311 3156 1692 3211 nobilitaretur
1720 3179 1764 3237 ε

118 3259 353 3310 accessu,
379 3245 638 3313 quoniam
671 3245 830 3298 Iidem
860 3245 979 3299 sine
1006 3249 1264 3317 operibus
1292 3259 1562 3303 mortuam
1595 3249 1691 3303 ha-

119 3336 222 3390 beri
247 3337 569 3404 pronuntiat
598 3337 874 3406 apos‘olus
896 3334 1131 3393 Iacobus
1162 3337 1232 3391 ⁸ο.
1642 3330 1644 3332 ’

180 3430 231 3484 5.
268 3429 655 3483 Verumtamen
684 3430 968 3484 sciendum
1002 3441 1087 3484 est
1110 3440 1371 3498 quantum
1401 3447 1464 3486 ex
1509 3432 1694 3501 hujus-

115 3521 314 3574 cemodi
341 3521 644 3588 figurarum
676 3521 1190 3577 adumbrationibus
1220 3523 1528 3588 edocemur,
1548 3524 1690 3592 quod

115 3614 154 3667 si
184 3615 271 3683 qui
306 3613 450 3668 tales
487 3623 613 3668 sunt
649 3615 702 3667 in
736 3612 896 3668 nobis
925 3653 941 3678 ,
991 3623 1224 3684 quordm
1277 3616 1412 3670 fides
1445 3615 1544 3669 hoc
1571 3627 1691 3669 tau-

116 3705 385 3760 tmmnodo
421 3705 613 3771 habet,
651 3713 705 3760 ut
729 3705 798 3761 ad
822 3705 1124 3761 Ecclesium
1159 3707 1400 3771 veniant,
1435 3717 1490 3760 ct
1532 3707 1692 3761 incli-

113 3804 234 3851 nent
265 3805 433 3867 caput
483 3812 682 3861 suum,
730 3797 1102 3852 sacerdotibus
1145 3795 1320 3851 ofﬁcia
1370 3799 1690 3864 exhibeant,

115 3904 292 3943 servos
325 3888 420 3944 Dei
469 3889 780 3954 honorent,
821 3889 890 3942 ad
940 3899 1196 3943 ornatum
1238 3905 1454 3960 quoque
1497 3891 1691 3947 altaris

116 3981 187 4036 vel
230 3981 484 4038 ecclesia:
524 3981 740 4052 aliquid
778 3980 1108 4048 conferant,
1158 3998 1265 4035 non
1313 3990 1488 4037 tamen
1543 3984 1694 4038 adhi-

113 4076 265 4130 beant
302 4074 417 4147 (94)
459 4075 724 4140 studium,
752 4084 808 4128 ut
840 4075 1001 4128 etiam
1037 4090 1214 4129 mores
1246 4089 1374 4130 suos
1413 4075 1690 4141 excolam,

111 4178 255 4222 actus
285 4169 609 4232 emendem,
643 4168 769 4220 vitia
808 4167 1102 4236 deponant,
1131 4167 1440 4222 castitatem
1489 4168 1692 4232 colant,

109 4257 444 4312 iracundiam
480 4257 768 4324 mitigent,
798 4255 1084 4309 avaritiam
1135 4256 1453 4326 reprimant.
1485 4257 1696 4326 rapaci-

112 4359 266 4405 tatem
295 4350 599 4415 refrenent,
630 4348 954 4415 maleloquia
983 4357 1037 4403 et
1060 4347 1398 4418 stultiloquia
1424 4349 1509 4403 vel
1541 4363 1695 4403 scur-

112 4443 362 4497 rilitatem
404 4452 465 4497 et
496 4441 953 4497 obtrectationum
988 4455 1195 4495 venena
1239 4455 1303 4495 ex
1330 4455 1425 4496 ore
1454 4455 1552 4495 suo
1585 4456 1691 4496 non

1803 591 1906 648 tes,
1943 591 1998 636 ut
2027 583 2150 636 dum
2175 590 2493 652 potestatem
2523 581 2701 635 adhuc
2728 582 2993 637 habemus
3021 584 3376 651 emendandi,

1801 675 1989 730 demus
2021 689 2284 744 Operam,
2310 685 2368 728 et—
2409 673 2728 729 festinemus
2771 674 3093 745 abjicientes
3125 675 3373 745 antiquas

1800 767 1988 821 sordes
2016 775 2070 822 et
2115 782 2322 837 pannos
2348 776 2563 821 veteres
2596 767 2878 832 vitiorum,
2909 765 3161 837 conjungi
3197 783 3262 823 ac
3292 783 3381 822 so-

1801 857 1936 912 ciari
1982 857 2293 914 Israeliticae-
2319 857 2582 914 libertati.
2616 857 2712 914 Vis
2741 866 2921 912 autem
2955 859 3140 914 videre
3169 861 3381 916 Israeli-

1805 959 1978 1002 tarum
2009 957 2208 1018 quanta
2236 949 2458 1004 libertas
2492 950 2561 1004 sit
2584 948 2608 1003 ?
2633 947 2692 1002 In
2735 948 2854 1018 lege
2877 950 2918 980 ³¹
2963 952 3275 1028 praccipitur
3313 966 3380 1006 ne

1803 1039 1966 1096 liceat
1992 1039 2273 1094 Ilebrzeum
2306 1053 2529 1109 puerum
2554 1038 2595 1093 si
2625 1037 2768 1094 forte
2792 1039 2849 1093 in
2873 1041 3190 1096 servitutem
3216 1042 3381 1096 deve-

1806 1132 1969 1196 nerit,
1993 1131 2223 1200 amplius
2249 1146 2410 1200 quam
2437 1145 2531 1184 sex
2563 1129 2722 1184 annis
2747 1130 2976 1192 servire,
2995 1131 3229 1199 septimo
3250 1145 3380 1185 vero

1807 1235 1947 1275 anno
1972 1220 2169 1275 dimitti
2194 1235 2315 1275 eum
2353 1219 2440 1275 lex
2468 1220 2694 1275 liberum
2717 1221 2892 1290 jubet.
2916 1218 3090 1275 Tanta
3117 1223 3256 1290 apud
3287 1235 3381 1277 eos

1804 1311 2070 1366 libertatis
2100 1320 2184 1367 est
2213 1327 2369 1366 cura.
2399 1310 2531 1379 Quae
2563 1314 2750 1381 utique
2786 1312 2830 1367 si
2870 1311 2934 1365 ad
2965 1312 3262 1382 spiritalem
3293 1313 3380 1366 in.

1804 1404 2152 1474 telligentiam
2187 1419 2536 1469 revocemus,
2578 1405 2744 1458 etiam
2788 1403 2832 1459 si
2872 1403 3130 1458 Hebraeus
3155 1419 3292 1474 puer
3321 1419 3379 1459 es

1803 1503 1855 1549 tu
1883 1534 1899 1560 ,
1926 1497 2016 1565 qui
2066 1496 2118 1550 in
2151 1495 2435 1550 servitium
2482 1496 2733 1550 decidisti
2777 1496 2938 1566 (puer
2966 1497 3106 1550 enim
3137 1505 3254 1560 est,
3286 1496 3377 1564 qui

1802 1588 2065 1642 facilitate
2093 1587 2259 1641 animi
2296 1588 2348 1642 in
2399 1589 2681 1642 servitium
2735 1589 2953 1642 decidit.
2995 1587 3165 1655 Quale
3207 1587 3381 1643 servi-

1805 1679 1984 1734 tium?
2017 1679 2298 1749 Scriptura
2330 1681 2564 1735 dicit“:
2604 1698 2623 1732 ι
2658 1680 2760 1748 Qui
2802 1691 2982 1735 autem
3013 1689 3221 1751 peccat,
3263 1694 3382 1733 ser-

1801 1786 1899 1826 vus
1945 1780 2028 1826 est
2063 1771 2294 1841 peccati.
2333 1789 2352 1824 3
2389 1773 2447 1826 In
2485 1775 2588 1828 hoc
2636 1773 2918 1829 sertitium
2954 1789 3058 1827 non
3101 1771 3274 1826 virilis
3325 1778 3382 1824 et

1729 1841 1771 1896 Β
1801 1862 2076 1934 perfectus
2124 1866 2340 1920 animus
2387 1865 2607 1931 decidit,
2641 1865 2735 1921 sed
2789 1864 3010 1934 puerilis
3045 1874 3096 1920 et
3145 1861 3377 1935 facilis);

1803 1955 1966 2027 igitur
1987 1957 2152 2012 etiam
2175 1958 2218 2012 si
2241 1957 2497 2012 llebrmus
2529 1973 2666 2027 puer
2695 1973 2774 2024 es,
2805 1959 2856 2012 id
2885 1969 2989 2022 est,
3014 1957 3187 2012 ﬁdelis
3210 1959 3379 2013 etiam

1798 2058 1853 2103 ct
1885 2049 2154 2119 baptisma
2189 2049 2240 2103 in
2271 2049 2515 2105 Ecclesia
2555 2059 2904 2113 consecutus,
2947 2059 3001 2106 et
3046 2060 3167 2120 post
3195 2051 3298 2105 hoc
3326 2051 3378 2104 in

1801 2139 2006 2208 peccati
2060 2140 2342 2195 servitium
2407 2141 2689 2209 decidisti,
2734 2140 2966 2197 sufﬁciat
3030 2141 3124 2196 tibi
3189 2156 3382 2196 sexen-

1801 2231 1872 2286 ιιῑί
1903 2233 2014 2303 (95)
2051 2233 2308 2298 servitus,
2345 2233 2397 2287 in
2447 2234 2676 2302 septimo
2705 2249 2848 2289 anno
2878 2235 3107 2289 observa
3153 2248 3220 2287 ne
3258 2247 3379 2287 ser-

1798 2324 1936 2388 vias,
1971 2326 2066 2379 sed
2117 2323 2314 2380 festina
2346 2325 2411 2378 ad
2444 2325 2749 2382 libertatem
2799 2336 2968 2382 tuam.
3021 2325 3380 2394 Septenarius

1800 2429 2061 2479 numerus
2107 2414 2278 2484 legem
2331 2416 2602 2486 signiﬁcat
2659 2417 3066 2472 mandatorum.
3120 2415 3382 2478 Senarius

1797 2520 1927 2562 vero
1962 2522 2218 2562 numerus
2260 2510 2444 2564 tnundi
2485 2508 2648 2578 hujus
2700 2517 2847 2564 tenet
2893 2509 3143 2577 ﬁguram.
3196 2507 3381 2564 Donec

1797 2614 1924 2670 ergo
1949 2617 2068 2671 qua":
2109 2602 2268 2672 hujus
2301 2602 2483 2657 mundi
2516 2611 2643 2657 sunt
2677 2603 2844 2672 sapis,
2872 2610 2928 2656 et
2957 2602 3011 2656 in
3043 2602 3126 2655 his
3155 2614 3380 2654 exerce-

1798 2692 1872 2747 ris
1899 2703 1954 2747 et
1983 2695 2279 2748 secundum
2309 2694 2419 2764 (96)
2468 2709 2690 2748 carnem
2738 2694 2949 2761 cogitas
2975 2732 2991 2759 ,
3038 2707 3269 2747 necesse
3294 2701 3379 2748 est

1799 2789 1850 2834 te
1879 2781 2086 2835 servire
2126 2793 2370 2860 peccato.
2405 2783 2539 2837 Cum
2574 2798 2700 2838 vero
2748 2784 2816 2836 ad
2860 2782 3228 2850 septenarium
3280 2797 3382 2835 utt-

1799 2887 2036 2937 merum,
2057 2873 2109 2926 id
2138 2882 2220 2927 est
2249 2875 2313 2927 ad
2353 2874 2488 2942 legis
2524 2874 2831 2941 scientiam,
2861 2873 3094 2940 veneris,
3130 2884 3260 2927 tunc
3291 2887 3380 2927 re-

1797 2959 1952 3028 quire
1987 2959 2294 3015 libertatem
2343 2972 2489 3016 tuam
2519 3005 2534 3028 ,
2569 2972 2622 3018 et
2657 2964 2772 3018 redi
2807 2963 2871 3018 ad
2910 2961 3250 3017 nobilitatem
3282 2977 3380 3031 pa-

1795 3059 2040 3116 ternam,
2076 3067 2144 3106 ne
2177 3053 2222 3107 si
2252 3054 2617 3122 permanseris
2649 3057 2701 3109 in
2736 3055 2892 3108 malis
2929 3055 3035 3108 tuis
3058 3094 3072 3118 ,
3099 3063 3153 3107 et
3191 3068 3380 3123 perse-

1797 3146 2070 3200 veraveris
2103 3147 2154 3199 in
2189 3148 2446 3213 peccatis,
2477 3148 2652 3202 deﬁxa
2683 3148 2735 3203 in
2762 3163 2892 3203 aure
2925 3157 3074 3214 nota,
3104 3147 3251 3202 velut
3281 3146 3375 3216 qui

1798 3241 2200 3296 commonentis
2231 3251 2282 3295 te
2322 3242 2413 3296 Dei
2449 3251 2501 3297 et
2528 3243 2593 3296 ad
2627 3242 2932 3297 libertatem
2971 3241 3256 3311 pristinam
3291 3254 3376 3294 re»

1795 3333 2040 3387 vocantis
2075 3335 2236 3388 verba
2272 3348 2376 3387 non
2406 3335 2634 3397 audias,
2680 3333 2789 3388 eris
2833 3333 3038 3402 peccati
3086 3347 3276 3388 servus
3319 3332 3374 3385 in

1796 3432 2080 3478 aeternum.
2120 3423 2253 3476 Tum
2283 3424 2479 3479 deinde
2511 3424 2730 3494 requiro
2762 3424 2870 3495 (97)
2917 3426 3014 3479 abs
3044 3433 3094 3479 te
3125 3425 3170 3478 si
3208 3423 3378 3477 liben-

1800 3525 1880 3571 ter
1909 3515 2042 3570 velis
2069 3530 2134 3569 ex
2181 3513 2572 3584 patrefamilias
2630 3526 2684 3570 et
2743 3515 2909 3569 nobili
2961 3517 3122 3576 viro,
3171 3514 3224 3569 in
3275 3515 3379 3568 hoc

1797 3609 1997 3662 mundo
2037 3622 2227 3662 servus
2268 3603 2404 3659 effici
2432 3622 2448 3671 ;
2475 3604 2668 3659 abnuis
2687 3605 2797 3676 (98)
2823 3605 2943 3658 sine
2971 3604 3153 3667 dubio,
3177 3605 3380 3674 quippe

1798 3717 1919 3757 cum
1947 3703 2112 3756 etiam
2138 3716 2202 3754 ex
2231 3701 2542 3754 conditione
2570 3698 2752 3755 servili
2781 3699 3058 3753 videamus
3085 3697 3371 3766 quamplu-

1800 3795 1967 3847 rimos
2001 3792 2066 3846 ad
2114 3792 2419 3845 libertatem
2455 3773 2740 3854 festinare,
2775 3798 2831 3842 et
2864 3787 2916 3840 in
2956 3794 3218 3856 quantum
3248 3800 3378 3854 pos-

1796 3899 1924 3939 sunt
1952 3897 2150 3953 cupere
2178 3883 2340 3937 etiam
2375 3883 2568 3936 divites
2600 3880 2743 3946 ﬁeri,
2780 3890 2834 3934 et
2861 3877 3174 3946 ,honorihus
3211 3876 3376 3930 unde.

1798 3989 2010 4042 cunque
2039 3973 2282 4044 quaesitis
2315 3972 2574 4026 vilitatem
2599 3970 2847 4041 genuina:
2877 3966 3234 4039 ignobilitatis
3261 3965 3373 4036 (99)
3415 4019 3418 4022 .

1797 4068 2072 4137 obtegere.
2106 4065 2163 4119 Si
2193 4080 2323 4135 ergo
2353 4065 2406 4119 in
2439 4064 2542 4119 hac
2582 4063 2694 4116 vita
2735 4075 2895 4116 nemo
2943 4074 3063 4114 esse
3095 4057 3209 4112 vult
3260 4072 3374 4112 ser-

1798 4175 1916 4223 vus,
1939 4159 2033 4214 sed
2063 4166 2326 4227 quantum
2360 4155 2475 4209 fieri
2508 4162 2681 4224 potest
2709 4162 2762 4206 et
2785 4153 2926 4208 liber
2951 4165 3093 4215 esse,
3118 4157 3171 4204 et
3199 4148 3374 4212 dives,

1797 4265 1850 4307 et
1875 4250 2074 4305 nobilis
2105 4249 2278 4318 cupit,
2307 4257 2364 4302 ttt
2398 4263 2504 4302 non
2533 4246 2705 4301 solum
2739 4247 2814 4314 (Ι)
2850 4245 2950 4298 sibi
2984 4242 3212 4298 sufficiat
3233 4282 3254 4308 ,
3282 4239 3376 4293 sed

1797 4353 1856 4398 et
1891 4345 2012 4399 aliis
2055 4342 2319 4412 largiatur
2344 4380 2358 4403 ,
2396 4341 2446 4394 in
2493 4339 2605 4393 illis
2648 4337 2866 4392 :eternis
2898 4335 3093 4398 rebus,
3134 4349 3198 4387 ac
3231 4332 3380 4386 nullo

1804 4439 1909 4499 ﬁne
1941 4435 2214 4490 mutandis
2245 4431 2622 4486 indifferenter
2652 4427 3002 4483 tolerabimus
3031 4425 3372 4485 servitutem,

110 4535 382 4589 adimant:
431 4534 610 4600 sciant
638 4534 742 4588 sibi
776 4533 869 4603 qui
914 4533 1048 4588 tales
1077 4542 1222 4596 sunt,
1270 4533 1365 4603 qui
1399 4532 1693 4589 emendare
1726 4527 1769 4582 D
1798 4543 1852 4586 et
1877 4543 2065 4600 parum
2096 4527 2171 4600 (2)
2209 4528 2362 4580 nobis
2397 4525 2628 4586 videtur,
2659 4522 2703 4575 si
2735 4521 2786 4573 in
2819 4518 2944 4589 ligni
2977 4517 3294 4578 cmsoribus.
3321 4522 3374 4568 et

108 4639 164 4678 se
199 4626 417 4692 nolunt,
447 4629 543 4681 sed
583 4626 635 4680 in
673 4626 757 4680 his
785 4639 958 4695 usque
993 4627 1044 4680 in
1082 4635 1416 4681 senectutem
1445 4625 1689 4679 ultimam

111 4732 484 4788 perseverant,
514 4730 722 4791 partem
747 4730 1061 4789 sortemque
1079 4721 1145 4774 ab
1162 4719 1288 4777 .Iesu
1317 4721 1544 4775 Domino
1567 4736 1688 4774 cum

107 4810 266 4883 424
296 4812 628 4868 Gabaonitis
654 4827 774 4868 esse
804 4812 1168 4867 tribuendam.
1215 4811 1320 4867 Sed
1364 4812 1544 4881 potius
1596 4813 1693 4866 de-

170 4952 214 4986 ’⁸
243 4952 362 5010 Jos.
401 4969 480 5020 vt,
513 4952 606 5008 25.
680 4954 724 4987 ’⁸
748 4950 861 5008 Jos.
892 4968 966 5016 ix,
996 4952 1089 5007 9.1.
1168 4952 1213 4984 ⁸ο
1242 4951 1356 5008 Jac.
1395 4967 1453 5006 ιι.

171 5118 280 5190 (92)
313 5117 466 5190 Idem
507 5132 660 5180 mss.,
696 5135 716 5170 ι
756 5113 1078 5190 intelligent.
1121 5134 1139 5168 3
1170 5112 1338 5190 Paulo
1367 5123 1486 5182 post
1519 5113 1684 5177 idem,

111 5209 128 5240 ‹
149 5185 306 5245 Iesus
330 5188 486 5243 enim
510 5185 971 5242 mensuram-ﬁdei
1006 5185 1242 5252 ipsorum
1277 5186 1512 5244 intuens,
1533 5199 1686 5238 com-

108 5273 311 5326 petens.
356 5278 376 5311 3
418 5257 578 5312 Libb.
611 5258 764 5320 editi,
798 5274 816 5307 ‹
848 5255 1007 5310 .lesus
1030 5256 1175 5308 enim
1201 5255 1497 5310 secundum
1536 5268 1690 5307 men-

105 5345 279 5383 suram
311 5328 442 5382 Iidei
473 5328 713 5393 ipsorum
753 5336 1088 5394 competens.
1132 5343 1152 5376 3

70 5399 72 5402 ’
106 5466 116 5468 μ
170 5399 284 5468 (93)
319 5399 480 5454 Unus
500 5393 931 5468 VEbroicensis,’t
963 5409 1060 5468 pro
1091 5394 1286 5468 mentis
1315 5408 1501 5468 eorum
1529 5393 1689 5461 igno-

104 5464 309 5524 bilitate
333 5511 349 5536 ,
385 5488 406 5523 3
459 5467 600 5522 alter
633 5484 762 5522 vero
807 5482 928 5522 cum
961 5465 1230 5520 Gemetic.
1263 5475 1318 5519 et
1357 5464 1688 5533 Sangerma-

102 5539 292 5602 ucnsi,‘
315 5535 342 5592 ι
376 5537 592 5594 meritis
623 5553 809 5592 eorum
845 5535 1218 5606 ignobilitatis.
1256 5553 1276 5586 3

168 5609 281 5679 (94)
312 5609 503 5665 Codex
541 5603 912 5678 Sangerm.,'t
949 5605 1264 5660 adhibeant.
1304 5623 1323 5657 3
1355 5604 1510 5659 Libb.
1536 5603 1695 5669 editi,

105 5695 123 5730 ι
159 5680 447 5737 adhibent.
489 5697 510 5730 3

173 5681 282 5732 ttlhi
365 5689 447 5737 tl.
489 5697 510 5730 3

173 5681 497 5818 (95)b(ItIem
537 5764 666 5812 ms.,
715 5767 732 5800 ι
774 5747 1042 5802 sexennii.
1077 5766 1096 5800 3
1136 5745 1532 5818 Gemeticensis
1567 5758 1690 5798 cum

106 5815 208 5875 uno
236 5815 593 5884 Ebroicensi,
625 5837 645 5871 ι
677 5836 771 5875 sex
797 5835 1082 5873 annorum.
1119 5838 1139 5871 ι
1173 5815 1329 5873 Libb.
1365 5817 1517 5882 editi,
1549 5833 1568 5868 ι
1597 5829 1694 5870 sex

1531 4951 1573 4981 ³¹
1611 4949 1782 5005 Exod.
1815 4964 1928 5002 XXI.

1802 4637 1955 4692 aqua:
1981 4619 2342 4692 gestatovibus
2371 4613 2734 4684 deputctnur?
2762 4611 3058 4680 Propterea
3089 4621 3218 4677 ergo
3241 4607 3368 4659 dum
3451 4619 3455 4622 ·

1803 4717 1920 4771 dies
1951 4723 2054 4779 est,
2081 4726 2370 4782 operemur
2396 4707 2538 4778 quod
2570 4708 2768 4760 bonum
2793 4715 2896 4768 est,
2920 4711 2975 4758 et
3003 4697 3374 4757 emendationi

1805 4819 2008 4863 nostrae
2040 4819 2258 4874 Operam
2290 4803 2478 4857 demus
2503 4840 2518 4864 ,
2547 4808 2598 4851 ul
2635 4814 2700 4852 ex
2750 4795 2961 4851 actibus
2999 4803 3055 4850 et
3085 4805 3374 4848 conversa-

2008 4946 2052 4978 “
2081 4943 2239 4999 Joan.
2270 4956 2387 5006 viti,
2419 4939 2508 4995 5f.

1799 5123 1983 5249 “(‘93)
2009 5125 2194 5231 flodex
2222 5171 2509 5249 S_anger_m.
2532 5209 2548 5237 ,
2602 5187 2620 5220 ι
2659 5176 2712 5222 et
2744 5169 2797 5249 in
2851 5167 2938 5249 bis
2967 5167 3241 5222 exerceris
3270 5206 3286 5229 ,
3315 5174 3370 5249 et

1797 5239 2118 5304 sedandum.
2170 5261 2189 5296 3
2239 5239 2502 5296 Gemetic.
2533 5280 2547 5303 ,
2605 5256 2624 5290 ‹
2677 5249 2730 5293 et
2779 5241 2830 5294 in
2883 5239 2966 5292 his
3012 5252 3271 5293 exercere
3320 5246 3370 5290 te

1797 5320 2116 5373 secundmn.
2164 5333 2184 5368 3
2228 5311 2383 5367 Libb.
2414 5311 2580 5374 editi,
2625 5329 2642 5362 ι
2683 5311 2846 5364 etiam
2894 5309 2960 5362 iis
3001 5309 3246 5362 exerceri
3285 5320 3372 5361 se-

1797 5391 2051 5444 cundum.
2092 5404 2112 5438 3

1869 5457 1980 5526 (97)
2009 5455 2138 5513 Mss.
2176 5472 2195 5506 ι
2227 5451 2467 5521 requiro.
2507 5469 2525 5504 3
2565 5450 2719 5506 Libb.
2748 5450 2900 5526 editi,
2939 5467 2957 5500 ι
2996 5446 3232 5518 require,
3265 5462 3290 5498 3

1866 5522 1983 5598 (98)
2015 5528 2198 5598 Codex
2229 5527 2541 5598 διδωμι-ιιι,
2573 5541 2590 5574 ι
2629 5538 2732 5576 non
2759 5522 2860 5598 vis.
2895 5539 2937 5598 3.
3213 5586 3244 5598 Α.

1867 5587 1980 5670 (99)
2022 5597 2166 5652 Idem
2196 5638 2212 5665 ,
2266 5587 2584 5670 {vilitatem
2637 5587 3297 5670 gettttittae_ignobilitatis.
3337 5601 3362 5639 ι

1759 5701 1762 5704 ~
1796 5660 2135 5734 Libbfediti,
2175 5660 2208 5718 ι’
2237 5665 2524 5719 tttilitatem
2549 5660 2795 5734 genuina:
2824 5660 3138 5714 nobilitatis.
3169 5678 3189 5709 3

1892 5738 1942 5797 ll
1972 5732 2127 5793 ldctn'
2151 5753 2276 5797 ωε..
2308 5755 2327 5788 ι
2366 5738 2504 5787 unde
2533 5732 2637 5786 non
2669 5732 2867 5787 solum.
2899 5747 2924 5785 ι

1892 5741 1912 5792 ·Ι
1972 5740 2114 5793 ldctn
2151 5753 2276 5797 ωε..
2308 5755 2327 5788 ι
2366 5738 2504 5787 unde
2533 5749 2637 5786 non

1867 5738 1948 5883 (ἐζ
1977 5808 2146 5875 Idem,
2189 5827 2208 5862 ι
2242 5817 2294 5862 et
2325 5819 2568 5875 parvum.
2610 5820 2638 5853 3.
