3874 6494
525 329 633 387 835
1967 332 2060 390 01³-

2182 331 2289 387 NlS
3639 328 3728 384 8&l

529 446 677 500 tione
721 452 899 502 nostra
927 457 993 502 ac
1014 443 1257 500 moribus
1303 445 1574 502 nobilitari
1601 460 1906 506 mereamur
1934 455 1989 501 et
2017 446 2097 500 di-
2126 449 2174 506 Α
2200 443 2308 496 lum
2369 439 2590 495 Pa‘nlnm
2627 439 2758 495 haec
2804 437 2994 494 eadem
3043 436 3474 498 confirmantem,
3513 451 3630 490 cum
3666 440 3734 493 di-

529 538 617 605 καὶ
663 535 770 606 ('5)
818 537 1115 594 eﬂiciamnr
1162 537 1412 606 spiritum
1462 539 1710 608 accipere
1753 538 2092 608 adoptionis,
2199 533 2334 587 cit“
2370 533 2444 602 (8)
2473 551 2484 584 :
2521 548 2540 581 ι
2566 528 2767 583 Omnes
2795 527 2886 598 qui
2915 528 3002 598 pie
3031 526 3412 580 volontvivere
3445 527 3494 577 in
3523 526 3732 591 Christo.

530 635 590 680 ut
620 626 763 682 inter
793 627 885 684 Dei
923 629 1100 696 potius
1134 628 1274 682 lilios
1300 629 1595 684 habeamur
1616 668 1631 693 ,
1659 643 1757 698 per
1791 630 2006 685 unicum
2039 640 2094 700 et
2197 625 2634 696 persecutionem
2669 621 2967 692 patientur.
3012 638 3031 672 ι
3061 618 3163 673 Sed
3190 628 3248 670 et
3281 617 3532 675 Salomon
3564 621 3731 676 similia

525 732 714 776 verum
743 717 822 789 (4)
857 719 1054 774 Filium
1085 722 1203 787 ejus
1248 717 1431 774 Jesum
1482 720 1757 775 Christum
1802 719 2090 774 Dominum
2193 722 2323 776 dicit
2356 737 2369 773 :
2405 739 2423 772 ι
2454 719 2578 786 Fili,
2609 717 2784 788 inquit
2816 715 2884 780 ³³,
2912 714 3171 768 accedens
3195 713 3260 765 ad
3303 713 3615 767 servitutem
3644 714 3730 770 Do.

515 819 786 876 nostrum,
810 813 994 867 cniest
1016 811 1188 883 gloria
1211 819 1266 867 et
1297 811 1587 882 imperium
1614 813 1666 868 in
1694 813 1892 869 saecula
1922 827 2091 868 saecu-
2193 814 2346 880 mini,
2380 825 2621 882 praepara
2647 810 2882 864 animam
2913 816 3060 860 tuam
3090 806 3157 859 ad
3189 805 3564 859 tentationem.
3600 825 3618 857 ι
3647 806 3732 874 Op-

516 898 714 958 iorum.
739 901 935 964 Amen.
2190 911 2499 974 pngnantur
2517 916 2646 972 ergo
2665 901 2832 956 etiam
2868 912 3010 952 nunc
3039 895 3352 951 Gabaonitar:
3389 895 3732 964 cuiuscunque

2190 995 2334 1048 modi
2372 995 2476 1048 sint
2511 1003 2728 1062 propter
2760 990 3029 1046 amicitias
3054 987 3201 1052 Jesa,
3234 1000 3290 1042 et
3322 989 3450 1057 ligni
3494 988 3615 1042 licet
3648 992 3733 1044 sint

2188 1100 2443 1150 caesores,
2498 1095 2553 1138 et
2587 1097 2742 1152 aqum
2791 1091 3114 1152 gestatores,
3165 1079 3217 1132 id
3271 1089 3381 1144 est,
3426 1079 3554 1132 licet
3591 1079 3730 1132 ultimi

2190 1180 2369 1233 meriti
2412 1180 2486 1234 sis
2511 1179 2563 1232 in
2606 1177 2866 1240 Ecclesia,
2901 1183 3080 1228 tamen
3118 1173 3222 1226 hoc
3261 1172 3380 1240 ipso
3407 1173 3539 1241 quia
3577 1173 3638 1224 ad
3661 1172 3732 1226 Je-

2186 1283 2304 1324 sum
2339 1270 2596 1340 pertines,
2633 1265 3082 1335 impngnaberisa
3117 1264 3357 1333 quinque
3391 1263 3628 1331 regibus.
3650 1264 3732 1317 Sed

2188 1373 2365 1418 tamen
2396 1377 2496 1418 nec
2532 1361 2842 1417 Gabaonitte
2869 1357 3338 1426 derelinquuntur,
3375 1357 3460 1410 vel
3491 1372 3730 1424 spernun-

2131 1462 2135 1464 ’
2187 1464 2274 1509 tur
2303 1453 2370 1507 ab
2409 1450 2554 1512 Jesu.
2601 1450 2682 1505 vel
2713 1451 2779 1503 ab
2807 1449 3036 1503 ducibus
3086 1464 3148 1501 ac
3179 1448 3516 1517 presbyteris
3549 1447 3731 1500 Israeli-

513 1541 603 1606 ιιιιί
637 1557 666 1596 a
693 1541 820 1599 ﬁliis
847 1543 1008 1598 Israel
1043 1543 1221 1600 fmdus
1252 1542 1401 1615 pacis
1435 1554 1778 1611 acceperant,
1805 1541 2083 1597 Jebnszeus
2186 1555 2381 1611 tarum,
2419 1544 2512 1598 sed
2544 1540 2845 1598 infirmitati
2882 1554 3069 1594 eorum
3117 1539 3379 1592 auxilium
3414 1538 3621 1592 ferunt.
3643 1541 3730 1590 Διιο

513 1647 607 1685 rex
639 1632 972 1702 Jerusalem,
1028 1635 1266 1690 invitatis
1301 1633 1482 1690 s'ecum
1529 1635 1650 1690 aliis
1675 1646 1907 1704 quatuor
1937 1634 2076 1704 regi-
2183 1652 2288 1692 non
2342 1635 2436 1690 tibi
2477 1633 2688 1689 videtur
2717 1634 2818 1686 hoc
2861 1646 3020 1701 agere
3061 1630 3115 1684 in
3155 1631 3310 1683 nobis
3344 1640 3398 1683 et
3443 1631 3546 1683 hoc
3575 1632 3732 1697 praeci-

511 1723 632 1788 bus,
650 1726 964 1794 aggreditur
987 1740 1320 1796 expugnare.
1349 1725 1458 1780 Sed
1491 1725 1805 1781 Gabaonitae
1837 1727 2078 1779 videntes
2113 1794 2146 1798 _
2182 1744 2307 1798 pere
2357 1727 2435 1797 (9)
2482 1725 2610 1780 illud
2665 1724 2906 1793 Apostoli
2966 1725 3302 1786 mandatum,
3344 1735 3459 1791 quo
3508 1722 3635 1773 dicit
3665 1722 3731 1774 “:

509 1813 749 1882 quinque
775 1827 932 1886 reges
955 1794 1236 1870 adversum
1269 1831 1328 1870 se
1363 1816 1418 1870 in
1446 1816 1686 1884 praelium
1713 1818 2077 1884 cunspirasse,
2113 1794 2154 1847 Β
2185 1794 2208 1864 ὶ
2244 1794 2611 1868 Consolamini
2638 1809 3032 1880 pusillanimes,
3063 1811 3328 1864 sustinete
3361 1809 3634 1870 inﬁrmos,
3661 1826 3733 1878 pa-

508 1919 850 1975 nequaquam
906 1907 1140 1974 propriis
1191 1906 1399 1960 viribus
1447 1907 1729 1975 cepiisqnc
1781 1907 2079 1971 conﬁdunt,
2186 1907 2378 1959 tientes
2404 1913 2578 1957 estote
2611 1903 2677 1956 ad
2709 1903 2934 1957 omnes?
2967 1922 2984 1954 ι
3031 1902 3094 1955 Ει
3119 1903 3313 1956 iterum
3348 1902 3390 1933 τ’
3419 1917 3436 1952 :
3476 1919 3494 1952 ι
3533 1899 3638 1956 Vos
3657 1917 3732 1953 au-

509 1997 606 2048 aed
641 1995 862 2050 mittunt
899 1999 962 2049 ad
1015 1996 1197 2051 Jesum
1239 1997 1440 2051 auxilia
1491 1999 1844 2066 postulantes.
1891 1999 1961 2052 At
1995 1998 2082 2053 ille
2185 2010 2289 2052 tem
2345 1996 2703 2067 potentiores,
2763 1995 3164 2048 imhecillitatcs
3209 1995 3554 2048 inﬁrmorum
3601 1996 3731 2046 sustio

508 2085 692 2141 divino
719 2088 984 2155 permissu
1015 2088 1169 2140 adest
1198 2085 1541 2154 Gabaonitis,
1565 2090 1773 2144 laturus
1797 2091 2077 2144 auxilium.
2184 2099 2328 2143 nete.
2365 2107 2384 2140 ι
2427 2087 2539 2143 Hoc
2571 2104 2699 2158 ergo
2731 2088 2889 2142 modo
2915 2084 3075 2140 Jesns
3109 2101 3230 2139 cum
3263 2085 3499 2139 ducibus
3535 2095 3590 2138 et
3615 2087 3730 2149 priu-

508 2173 604 2230 Hic
639 2187 820 2231 autem
853 2177 1120 2232 mirabilia
1148 2179 1371 2233 coalitus
1409 2181 1788 2236 ostenduntur.
1825 2180 2080 2234 Dominus
2181 2179 2391 2248 cipibus
2421 2179 2560 2242 suis,
2584 2179 2734 2231 adest
2760 2176 2825 2230 iis
2866 2176 2958 2243 qui
2987 2190 3084 2243 pro
3109 2174 3326 2227 nomine
3357 2188 3462 2227 suo
3487 2190 3516 2225 a
3551 2185 3729 2226 contra-

504 2268 737 2338 desnper
761 2284 892 2323 saxa
923 2270 1204 2340 grandinis
1235 2270 1395 2341 pluit,
1415 2283 1469 2326 et
1493 2273 1735 2341 quinque
1764 2287 1947 2341 regum
1987 2273 2078 2341 qui
2184 2269 2278 2323 riis
2306 2268 2592 2322 virtutibus
2623 2275 3023 2336 oppugnantur,
3052 2273 3106 2319 et
3137 2280 3241 2319 non
3273 2263 3458 2320 solum
3493 2265 3725 2318 auxilium

503 2357 790 2428 adversum
813 2357 1001 2422 Jesum
1025 2363 1361 2432 pugnabant,
1385 2363 1681 2416 exercitum
1705 2371 1898 2417 vastat.
1925 2361 2080 2418 Tunc
2181 2369 2400 2432 praestat
2443 2361 2494 2413 in
2523 2358 2684 2424 bello,
2719 2372 2905 2412 verum
2935 2367 2987 2412 et
3015 2355 3261 2426 producit
3295 2365 3513 2424 tempus
3547 2356 3667 2418 diei,
3689 2367 3730 2408 et

503 2447 817 2514 veroJesus
852 2451 1041 2506 videns
1095 2453 1329 2506 divinam
1374 2468 1560 2508 secum
1613 2453 1894 2510 dexteram
1943 2469 2080 2523 prie-1
2181 2454 2353 2524 Spatia
2382 2452 2521 2506 lucis
2547 2451 2824 2520 protelans
2852 2451 3139 2512 adventum
3171 2450 3395 2503 discutit
3432 2447 3628 2502 noctis.

501 2538 747 2611 liantem,
776 2547 830 2592 et
855 2543 1129 2610 prosperis
1160 2546 1507 2602 successibus
1533 2556 1722 2604 cuncta
1758 2546 2074 2615 procedere,
2250 2549 2303 2602 5.
2357 2545 2611 2601 Volumus
2652 2559 2779 2612 ergo
2830 2545 2963 2616 (10),
3015 2545 3060 2599 si
3115 2556 3430 2613 possumus,
3477 2542 3729 2596 ostendere

501 2645 695 2685 novam
728 2634 1015 2700 quamdam
1034 2646 1084 2688 et
1111 2635 1302 2698 miram
1322 2639 1856 2707 orationetn_extollit
1882 2640 1948 2694 ad
1965 2653 2078 2694 cor-
2180 2639 2447 2710 quomodo
2477 2635 2736 2690 Dominus
2765 2646 2949 2691 noster
2979 2633 3139 2690 Jesus
3162 2634 3529 2705 protelaverit
3560 2633 3724 2694 lucem,

500 2723 639 2790 lum,
667 2727 854 2786 dicens
877 2727 922 2759 ³³
952 2743 971 2792 :,
1008 2746 1025 2778 ι
1053 2729 1169 2788 Stet
1199 2733 1280 2788 sol
1304 2746 1464 2799 super
1495 2728 1567 2803 (6)
1591 2731 1832 2797 Gabaon,
1860 2739 1915 2786 et
1952 2733 2076 2786 luna
2179 2741 2232 2785 et
2265 2732 2523 2799 majorem
2558 2729 2752 2786 fecerit
2793 2730 2958 2790 diem,
3004 2728 3086 2781 vel
3116 2742 3212 2798 pro
3241 2726 3425 2782 salute
3456 2726 3723 2786 hominum.

500 2830 664 2884 super
681 2817 876 2872 vallem
902 2819 1074 2892 Elom,
1101 2824 1273 2877 donec
1290 2836 1590 2892 expugnent
1611 2823 1866 2892 populum
1891 2823 2073 2880 istum.
2178 2826 2260 2878 vel
2292 2839 2390 2893 pro
2413 2824 2631 2877 interitu
2670 2822 3070 2876 contrariarum
3100 2822 3383 2872 virtutum.
3421 2819 3497 2872 Ex
3522 2833 3624 2887 quo
3656 2817 3725 2870 ad-

501 2907 568 2974 Εῐ
600 2909 748 2972 8ιεέιὶι
779 2909 862 2965 sol
890 2921 943 2964 et
973 2910 1098 2966 luna
1131 2913 1182 2968 in
1216 2915 1332 2970 loco
1361 2929 1490 2980 suo,
1520 2915 1693 2970 donec
1733 2915 2079 2984 pervinceret
2178 2915 2326 2978 venit
2375 2913 2645 2977 Salvator,
2692 2911 2816 2966 linis
2843 2921 2958 2981 erat
2981 2908 3093 2978 jam
3123 2910 3336 2971 mundi.
3369 2909 3612 2977 Denique
3634 2909 3724 2976 ipse

503 2997 766 3062 Dominus
792 3002 1039 3060 inimicos
1055 3020 1262 3061 eorum.
1282 3006 1346 3060 Et
1371 3007 1516 3061 stetit
1540 3008 1617 3061 Sol
1642 3007 1696 3060 in
1722 3007 1898 3062 medio
1919 3007 2081 3076 cmlo,
2179 3007 2390 3061 dicebat
2412 3005 2454 3036 ⁸⁸
2477 3023 2488 3058 :
2517 3023 2534 3055 ι
2561 3003 2943 3058 Paenitentiam
2968 3003 3131 3071 agite,
3163 3000 3724 3070 appropinquavitUl)

499 3104 556 3148 et
607 3108 713 3148 non
748 3104 831 3149 est
863 3109 1188 3166 progressus
1231 3099 1298 3152 ad
1347 3113 1598 3153 occasum
1629 3099 1682 3153 in
1722 3101 1882 3156 tinem
1916 3102 2074 3154 unius
2101 3120 2144 3177 ο
2177 3099 2320 3154 enim
2359 3111 2576 3168 regnum
2610 3094 2892 3150 calorum.
2925 3112 2944 3145 ι
2983 3093 3089 3147 Sed
3126 3093 3354 3147 retinuit
3399 3101 3461 3145 et
3500 3092 3722 3159 repressit

1097 995 1378 1051 HOMILIA
1423 996 1513 1052 Xl.

527 1089 603 1145 De
643 1089 859 1144 auxiliis
884 1087 1032 1160 Jesug
1067 1093 1254 1160 quibus
1298 1093 1436 1160 juvil
1484 1091 1804 1146 Gabaonims
1843 1103 1932 1154 ;el
1959 1107 2088 1159 quo-

767 1159 922 1212 moda
953 1158 1113 1213 solem
1144 1161 1264 1228 fecit
1295 1158 1432 1214 atare
1455 1172 1500 1216 et
1528 1164 1706 1215 (unum
1740 1162 1837 1231 (5).

586 1269 634 1323 1.
669 1267 766 1323 llis
793 1263 886 1335 qui
935 1266 1272 1320 sociaverint
1318 1283 1375 1322 se
1404 1267 1469 1322 ad
1503 1267 1640 1321 ﬁlios
1668 1267 1832 1322 Israel
1855 1308 1870 1334 ,
1897 1281 2086 1322 omnes

513 1360 604 1428 qui
634 1360 783 1429 prius
812 1357 973 1414 amici
1023 1367 1219 1424 erant,
1252 1369 1374 1428 post
1399 1360 1667 1413 amicitias
1715 1372 1767 1412 et
1803 1358 2085 1414 familiari-

515 1459 679 1504 tatem
736 1450 971 1506 ﬁliorum
1021 1448 1224 1512 Israel,
1275 1450 1476 1504 inimici
1532 1450 1688 1504 liunt.
1731 1449 2082 1515 Gahaonitas,

499 3181 626 3236 diei.
655 3180 774 3237 Non
818 3183 916 3238 luit
947 3186 1060 3239 dies
1091 3186 1212 3251 talis
1242 3195 1368 3241 ante
1393 3187 1516 3253 hoc,
1566 3203 1663 3242 nec
1695 3189 1770 3244 ita
1802 3190 2073 3248 exaudivit

498 3272 641 3334 Deus
695 3274 1010 3342 hominem,
1063 3279 1189 3348 quia
1239 3278 1500 3342 Dominus
1548 3282 1820 3349 pugnabat
1852 3283 1932 3353 (7)
1977 3297 2074 3352 pro

497 3364 688 3422 Israel.
726 3365 792 3421 Et
820 3367 1074 3439 ingerunt
1104 3371 1180 3424 illi
1224 3371 1462 3440 quinque
1489 3387 1665 3444 reges,
1694 3383 1748 3429 et
1775 3375 2076 3434 absconde-

497 3465 624 3510 rttnt
675 3471 734 3511 se
779 3457 832 3510 in
879 3459 1133 3527 spelunca
1171 3461 1223 3515 in
1267 3460 1510 3532 Mageda.
1552 3481 1570 3514 ι
1605 3463 1733 3519 Haec
1766 3467 2065 3521 secundum

498 3544 779 3600 historiam
814 3548 1031 3616 quidem
1080 3561 1260 3620 gesta,
1313 3552 1571 3610 miracula
1618 3555 1814 3610 divinae
1856 3557 2072 3610 virtutis

497 3638 766 3694 universis
796 3641 1007 3724 saeculis
1038 3645 1355 3710 przedicant,
1382 3661 1480 3701 nec
1513 3648 1962 3716 interpretatione
1985 3666 2071 3709 ex-

500 3733 767 3789 trinsecus
796 3735 1036 3802 indigent
1061 3734 1114 3788 in
1147 3737 1344 3804 quibus
1376 3749 1653 3808 gestorum
1687 3741 1867 3798 lumen
1912 3759 2070 3798 coru-

497 3833 634 3878 scat.
663 3823 802 3900 Quid
843 3833 1023 3878 tamen
1052 3823 1105 3878 in
1150 3825 1220 3880 iis
1250 3829 1517 3898 spiritalis
1554 3831 1864 3889 intellectus
1888 3836 2068 3891 conti-

495 3925 644 3986 neat,
680 3916 1041 3985 requiramus.

563 4008 620 4063 ‘2.
648 4009 780 4063 Cum
822 4014 999 4067 anima
1033 4013 1264 4067 humana
1299 4015 1474 4074 Verbo
1522 4017 1615 4073 Dei
1669 4034 1726 4074 se
1756 4019 2064 4084 sociaverit,

495 4098 746 4160 dubitare
777 4115 880 4153 non
925 4103 1085 4161 debet
1127 4103 1310 4157 statim
1360 4120 1420 4162 se
1451 4106 1700 4161 inimicos
1732 4106 2064 4174 habituram,

495 4198 552 4244 et
580 4203 675 4245 eos
703 4204 838 4260 quos
868 4203 992 4248 ante
1024 4195 1294 4249 habuerat
1338 4197 1543 4251 amicos
1565 4236 1580 4262 ,
1629 4198 1680 4250 in
1721 4198 2066 4253 adversarios

491 4295 616 4337 esse
645 4286 929 4342 vertendos
957 4305 968 4339 :
1003 4287 1163 4358 idque
1211 4303 1314 4341 non
1345 4288 1516 4342 solum
1562 4289 1670 4356 pati
1704 4303 1762 4344 se
1789 4290 1856 4343 ab
1893 4290 2067 4344 homi-

489 4374 654 4430 ‘nibus
676 4386 879 4444 speret,
900 4394 1085 4434 verum
1110 4382 1271 4434 etiam
1296 4380 1362 4433 de
1384 4380 1674 4435 contrariis
1702 4381 1988 4436 virtutibus
2011 4392 2065 4436 et

2175 3188 2316 3242 diem
2357 3185 2859 3250 consummationis,
2911 3195 2966 3240 et
2995 3185 3184 3239 adesse
3207 3186 3519 3253 prohibuit.
3556 3185 3722 3240 Videas

2173 3279 2316 3332 enim
2364 3279 2504 3332 Deus
2552 3276 2714 3341 Pater
2761 3275 2986 3329 salutent
3027 3277 3270 3346 gentium
3312 3293 3414 3345 per
3454 3278 3625 3345 ipsum
3655 3294 3716 3329 se-

2172 3369 2282 3425 lum
2325 3369 2436 3441 (12)
2463 3383 2619 3439 posse
2647 3376 2920 3432 constare,
2954 3369 3086 3423 dicit
3127 3370 3191 3422 ad
3221 3384 3347 3425 eum
3391 3371 3441 3402 ³⁹
3471 3384 3488 3422 :
3523 3388 3543 3420 ι
3573 3369 3721 3423 Petet

2173 3478 2277 3524 me,
2311 3474 2365 3516 et
2390 3460 2530 3515 dabo
2562 3460 2656 3515 tibi
2701 3469 2888 3528 gentes
2916 3460 3288 3515 hmreditatem
3327 3470 3512 3526 tuam,
3557 3472 3607 3515 et
3629 3476 3718 3530 pos-

2172 3554 2468 3609 sessionem
2489 3563 2631 3608 tuatn
2661 3551 2920 3606 terminos
2947 3563 3124 3606 terrae.
3163 3571 3182 3601 ι
3214 3552 3401 3608 Donec
3431 3567 3564 3623 ergo
3581 3564 3718 3620 pater-

2171 3661 2237 3700 na
2286 3645 2604 3713 pollicitatio
2633 3645 2986 3715 compleatur,
3020 3655 3073 3699 et
3111 3643 3374 3698 Ecclesia-
3422 3658 3491 3698 ex
3522 3646 3717 3698 diversis

2169 3739 2491 3801 nationibus,
2531 3747 2802 3804 crescant,
2855 3748 3016 3805 atque
3070 3737 3312 3790 introeat
3358 3744 3476 3789 tota
3516 3739 3716 3806 gentia:

2169 3831 2465 3905 plenitudo,
2498 3839 2555 3883 ut
2596 3839 2725 3884 tunc
2754 3829 2866 3898 (l3)
2905 3831 3118 3882 demum
3154 3827 3338 3882 omnis
3381 3825 3715 3882 lsraelsalrc-

2171 3932 2279 3986 tur,
2315 3923 2430 3977 dies
2463 3919 2801 3990 producitur,
2834 3930 2889 3974 et
2922 3919 3167 3974 dili‘ertur
3208 3934 3472 3983 occasus,
3503 3935 3599 3974 nec
3644 3934 3716 3969 ua-

2169 4031 2328 4084 quarn
2361 4015 2437 4070 sol
2473 4015 2782 4080 occumbit;
2820 4013 2911 4077 sed
2935 4026 3149 4079 semper
3177 4011 3456 4074 exoritur,
3485 4012 3603 4064 dum
3627 4026 3714 4063 ere-

2168 4108 2406 4161 dentium
2443 4107 2698 4161 cordibus
2744 4103 2825 4158 sol
2867 4102 3090 4170 iustitia:
3144 4101 3329 4155 lumen
3380 4100 3715 4154 veritatisin-

2165 4196 2362 4252 fundit.
2388 4196 2521 4250 Cum
2550 4211 2676 4250 vero
2702 4195 2899 4263 repleta
2922 4191 3077 4247 fuerit
3097 4205 3351 4244 mensura
3376 4191 3707 4251 credentium,

2166 4298 2220 4343 et
2253 4286 2488 4342 deterior
2510 4284 2620 4354 jam
2657 4300 2720 4340 ac
2753 4282 2969 4337 decolor
2997 4292 3130 4334 tetas
3175 4280 3386 4334 ultima:
3438 4279 3708 4349 generatio-

2167 4381 2250 4435 nis
2289 4379 2568 4434 advenerit
2602 4375 2738 4448 (14),
2782 4388 2906 4429 cum
2959 4374 3299 4428 increscente
3335 4372 3622 4441 iniquitate
3653 4383 3713 4422 re-

495 4466 834 4533 spiritalibus
853 4471 1184 4539 nequitiisid
1205 4470 1304 4525 sibi
1327 4470 1610 4526 imminere
1629 4487 1725 4538 pro
1739 4483 1889 4526 certo
1907 4474 2060 4536 sciat.
2098 4459 2140 4512 1)
2170 4469 2424 4540 frigescet
2451 4467 2698 4521 cbaritas
2733 4465 3046 4530 multorum,
3077 4473 3132 4518 et
3172 4465 3436 4534 perpauci
3475 4473 3714 4516 remanse-

492 4556 562 4611 Et
596 4559 668 4612 ita
715 4562 804 4628 lit,
836 4573 889 4618 ut
920 4567 1012 4633 qui
1038 4567 1309 4620 amicitias
1338 4565 1544 4633 expetit
1579 4564 1705 4619 Jesu
1729 4604 1743 4628 ,
1775 4563 2063 4626 multorum

489 4647 654 4720 425
682 4652 782 4706 sibi
809 4654 946 4712 sciat
980 4657 1293 4711 inimicitias
1325 4655 1647 4710 tolerandas.
1672 4657 1808 4708 Audi
1845 4667 2066 4724 aposto-

565 4740 610 4772 ³³
639 4740 757 4805 Jos.
787 4761 840 4806 x,
870 4748 1052 4801 1247,

489 4807 578 4862 17.
659 4812 702 4844 ³³
733 4811 874 4869 Psal.
914 4835 972 4885 ιι,
1005 4819 1056 4878 8.

488 4902 658 5026 digii).
685 4905 884 5026 (’lmnes
915 4926 1041 4964 mss.
1068 4955 1082 4977 ,
1113 4933 1131 4968 ι
1165 4924 1221 4971 et
1249 4914 1420 4984 digni.
1470 4932 1488 4965 ι
1530 4910 1686 4970 Libb.
1732 4912 1860 5004 editi
1888 4949 1905 4977 ,
1947 4931 1966 4961 ι
2004 4920 2060 4963 ιιι

528 4987 658 5042 igni.
701 4994 720 5027 ι
1839 4996 1846 5004 ·

561 5043 653 5124 (4).
675 5045 740 5098 Et
773 5063 972 5114 verum,
1010 5053 1163 5108 deest
1192 5057 1244 5110 in
1279 5053 1412 5110 libb.
1439 5051 1600 5108 editis
1623 5090 1640 5116 ,
1669 5051 1763 5105 sed
1793 5060 1969 5120 exstat
2004 5052 2062 5115 in,

485 5116 740 5170 Omnibus
770 5133 902 5178 mss.

562 5182 639 5253 (5)
679 5183 745 5260 Et
784 5191 1040 5260 quomodo
1083 5193 1254 5256 solem~
1281 5195 1403 5260 fecit
1441 5203 1580 5246 stare
1609 5201 1657 5244 et
1703 5192 1905 5260 (unum,
1944 5189 2057 5244 haec

490 5252 684 5338 desunt
714 5255 767 5309 in
795 5252 952 5338 libris
977 5252 1133 5315 antea
1169 5252 1366 5338 et_l_i_tis,_
1387 5264 1480 5317 sed
1506 5261 1766 5338 leguntur
1791 5259 1844 5313 in
1877 5260 2060 5314 codice

490 5329 953 5389 Sangermanensi
984 5341 1038 5382 et
1067 5347 1173 5386 uno
1205 5331 1541 5386 Ehroicensi.

558 5394 636 5532 (ὃ)
668 5396 976 5466 Sangerm.,
1011 5419 1029 5450 ι
1069 5416 1249 5468 super.
1288 5421 1306 5453 ι
1341 5402 1500 5456 Libb.
1529 5401 1682 5467 editi,
1715 5418 1736 5453 ι
1773 5416 1956 5472 supra.
2000 5420 2018 5453 ι

585 5465 636 5532 7)
671 5466 810 5519 idem
844 5484 969 5530 ms.,
1010 5488 1029 5520 ι
1060 5472 1336 5532 pugnavit.
1370 5490 1388 5526 t

585 5465 636 5539 :1)
671 5465 810 5539 idern
844 5484 969 5530 ms.,
1010 5488 1029 5520 ι
1060 5465 1336 5539 pugnavit.
1370 5490 1388 5526 t

561 5535 639 5600 t8)
667 5537 806 5588 Audi
834 5535 1385 5610 (apostolum'l’aulum
1408 5549 1519 5598 haec
1543 5543 1720 5610 eadem
1751 5539 2064 5607 conﬁrman-

493 5612 614 5669 tem,
648 5621 761 5656 cum
786 5609 933 5661 dicit.
964 5609 1086 5664 llzrc
1104 5612 1486 5665 desiderantur
1515 5613 1567 5665 in
1592 5611 1748 5666 libris
1771 5621 1924 5664 antea
1944 5611 2059 5664 edi-

495 5674 584 5736 tis,
613 5674 703 5727 sed
730 5688 946 5731 exstant
978 5680 1029 5732 in
1063 5681 1314 5736 omnibus
1346 5697 1476 5735 mss.

565 5744 641 5815 (9)
671 5743 737 5798 In
781 5751 924 5802 nobis
953 5760 1000 5808 ελ
1042 5751 1139 5805 hoc
1166 5753 1467 5822 prwcipere.
1504 5751 1625 5814 [an
1666 5751 1830 5806 etiam
1866 5749 2056 5804 desunt

1129 4749 1174 4779 ”
1206 4747 1246 4809 ll
1276 4748 1414 4804 Titii.
1442 4763 1524 4813 ιιι,
1553 4749 1637 4802 12.
1715 4749 1758 4781 ³⁵
1784 4749 1945 4810 Eccli.
1974 4765 2033 4816 tr,
2064 4752 2112 4804 1.

2164 4561 2273 4614 rint
2308 4562 2360 4612 in
2395 4559 2591 4628 quibus
2617 4557 2750 4612 lides
2777 4557 3104 4622 inveniatur,
3140 4566 3268 4612 tunc
3302 4559 3419 4627 jam
3462 4559 3712 4613 abbrevia-

2167 4655 2369 4709 bnntur
2390 4654 2522 4707 dies.
2565 4653 2709 4706 idem
2743 4652 2906 4723 igitur
2934 4660 3097 4726 atque
3132 4652 3248 4721 ipse
3275 4652 3548 4708 Dominus
3577 4656 3711 4722 norit,

2190 4747 2233 4778 ³⁸
2260 4747 2277 4800 l
2306 4745 2497 4800 Thess.
2541 4761 2592 4810 v,
2630 4743 2715 4798 14.
2792 4745 2835 4775 ³⁷
2872 4745 3026 4799 Rom.
3075 4759 3168 4812 xv,
3213 4745 3264 4797 1.
3346 4744 3395 4776 ³⁸
3443 4745 3625 4799 Matth.
3656 4761 3711 4803 tv.

2170 4910 2224 4962 in
2267 4906 2420 4960 libris
2455 4915 2610 4959 antea
2639 4905 2822 4967 editis,
2862 4904 2958 4958 sed
2993 4903 3244 4974 leguntur
3277 4904 3331 4956 in
3370 4919 3478 4959 ms.
3509 4903 3710 4973 Sangar-

2168 4979 2435 5036 tnanensi,
2465 4991 2672 5028 necnon
2715 4993 2819 5029 uno
2853 4975 3188 5029 Ebroicensi.

2241 5047 2353 5117 (l0)
2390 5047 2549 5114 Ergo,
2594 5045 2726 5106 alias
2777 5047 2946 5112 deest,
2993 5046 3086 5099 sed
3124 5045 3322 5115 legitur
3380 5044 3437 5098 in
3492 5045 3710 5102 omnibus

2167 5134 2296 5171 mss.

2237 5184 2347 5257 (11)
2375 5182 2528 5257 Mss_._,
2571 5203 2588 5234 ‹
2620 5185 3086 5256 appropinquavit.
3131 5203 3148 5234 ι
3189 5183 3349 5240 Libb.
3392 5184 3547 5248 editi,
3586 5201 3608 5234 ο
3636 5199 3710 5251 ap-

2165 5255 2572 5325 prtipinqttabit.
2606 5273 2624 5304 ι

2236 5321 2346 5392 (12)
2379 5322 2586 5386 Solum,
2615 5325 2764 5377 deest
2801 5324 2849 5376 irt
2885 5324 3036 5378 libris
3082 5333 3241 5376 antea
3293 5321 3475 5390 editis,
3507 5323 3599 5376 sed
3632 5337 3711 5376 ex-

2164 5406 2270 5450 stat
2298 5397 2350 5445 in
2381 5393 2839 5461 Sangertnanensi
2873 5407 2926 5446 et
2959 5411 3066 5450 uno
3096 5395 3436 5448 Ebroicensi.

2236 5465 2348 5534 (15)
2377 5462 2534 5534 idem
2555 5479 2679 5534 ms.,
2719 5482 2736 5513 ι
2785 5475 2842 5516 ιιι
2870 5473 3019 5534 tunc,
3050 5484 3068 5515 ι
3101 5474 3154 5516 et
3191 5463 3348 5532 paulo
3371 5471 3511 5531 post,
3543 5481 3562 5513 ι
3595 5475 3704 5530 pro-

2169 5532 2385 5590 ducitur
2410 5542 2464 5585 et
2507 5532 2772 5601 differtur.
2809 5551 2826 5584 ι
2868 5533 3015 5588 Libri
3060 5534 3210 5593 editi.
3243 5550 3261 5581 ι
3304 5541 3359 5586 et
3386 5542 3575 5586 tunc...
3599 5545 3702 5601 pro-

2167 5605 2410 5662 ducitur,
2441 5599 2707 5654 tliﬂ'ertur.
2740 5621 2759 5652 ι

2232 5673 2343 5746 (14)
2373 5671 2518 5726 Unus
2538 5673 2702 5746 codex
2726 5672 3089 5746 Ebroicensis,
3127 5691 3144 5723 ι
3175 5673 3322 5746 etad
3352 5671 3698 5746 deterioresae

2166 5739 2500 5801 decoloratas
2523 5742 2724 5796 ultima:
2749 5742 3111 5813 generationis
3134 5744 3380 5797 nationes
3393 5739 3687 5796 advenerit.-
