3874 6526
1139 406 1209 461 ΙΝ
1241 406 1500 464 LIBRUM
1530 408 1695 465 JESU
1735 408 1922 465 NAVE
1955 409 2241 467 HOMILIA
2273 409 2387 467 XII.

3309 411 3421 467 886

660 536 721 576 tm
749 535 874 578 cum
916 521 1105 580 salutis
1135 533 1218 581 est
1251 535 1488 598 tempus,
1519 538 1573 583 et
1598 529 1728 584 brc-
1757 532 1804 590 A
1832 530 2081 586 Assident
2113 528 2316 585 etenim
2341 526 2503 583 etiam
2531 525 2618 583 his
2640 524 2791 597 ipsis,
2818 539 2956 597 quos
2993 524 3255 593 diximus,
3288 542 3413 583 cor-

662 629 709 669 rn
771 615 1143 677 tribulationis
1188 628 1242 673 et
1282 620 1603 689 perditionis
1646 630 1730 675 est

664 722 726 763 en
760 707 888 762 dum
918 709 1178 765 habemus
1207 712 1368 776 diem,
1391 721 1448 765 et
1477 712 1729 781 produci-

666 814 693 850 ιι
732 798 895 863 lucis,
934 816 953 850 ι
989 799 1130 855 sicut
1160 802 1211 855 in
1238 802 1324 857 die
1356 802 1580 859 honeste
1610 819 1727 857 am-

671 905 835 959 opera
873 892 1007 947 lucis
1032 907 1338 961 operemur.

663 984 727 1036 ud
791 983 1069 1039 videamus
1101 986 1231 1054 quid
1259 998 1342 1042 est
1381 991 1522 1058 quod
1575 991 1726 1057 dicit,

664 1089 766 1141 sse,
795 1082 848 1128 et
871 1075 969 1130 hos
991 1075 1043 1128 in
1063 1076 1350 1146 speluncas
1372 1078 1572 1150 fugisse
1590 1082 1724 1155 (15).

662 1168 853 1235 plicem
878 1183 996 1225 esse
1014 1168 1443 1227 Christianorum
1471 1188 1724 1244 pugnam.

666 1276 677 1312 |
719 1268 773 1312 et
825 1259 1021 1314 talibus
1061 1261 1235 1329 qualis
1265 1274 1382 1317 erat
1418 1262 1619 1319 Paulus
1672 1272 1727 1320 et

672 1365 729 1404 se
758 1349 952 1405 Paulus
990 1350 1099 1422 (l6)
1133 1352 1367 1423 dicit“,
1412 1371 1430 1406 ι
1484 1371 1595 1413 non
1639 1366 1723 1412 est

668 1456 867 1496 :arnem
897 1451 950 1497 et
980 1444 1321 1513 sanguinem,
1344 1446 1438 1499 sed
1469 1447 1727 1502 adversus

672 1543 939 1601 itestates,
988 1538 1274 1593 adversum
1336 1539 1519 1593 mundi
1569 1541 1727 1611 hujus

674 1642 758 1680 um
785 1628 999 1690 harum,
1028 1630 1289 1686 adversus
1312 1634 1575 1702 spiritalia
1604 1636 1717 1709 (l7)

682 1720 843 1775 tibus.
888 1740 907 1772 ι
948 1721 1302 1779 [inferioribus
1328 1740 1479 1791 vero,
1517 1738 1572 1782 et
1596 1744 1727 1783 non-

684 1827 784 1881 gna
844 1814 1023 1868 adhuc
1081 1815 1340 1872 adversus
1404 1833 1621 1875 carnem
1670 1833 1724 1877 et

676 1923 716 1970 r,
747 1907 811 1961 iis
836 1908 926 1976 qui
958 1908 1135 1963 adhuc
1161 1911 1469 1968 carnalibus
1501 1914 1646 1969 vitiis
1670 1926 1723 1971 et

680 2008 965 2069 ignantur:
1001 2001 1145 2068 quod
1183 2002 1345 2057 etiam
1376 2003 1428 2055 in
1469 2004 1570 2059 hoc
1605 2005 1721 2061 loco

670 2091 811 2143 enim
845 2089 1160 2147 Gabaonitis
1209 2092 1472 2147 indictum
1522 2110 1642 2150 esse
1690 2111 1720 2151 a

666 2183 897 2236 diximus
946 2182 1169 2245 bellum,
1222 2199 1453 2252 quorum
1491 2186 1718 2258 figuram

617 2334 631 2343 .
658 2275 690 2327 ll
723 2274 1025 2344 imperfecti
1054 2284 1204 2329 sunt.
1232 2275 1325 2331 lsti
1355 2292 1484 2347 ergo
1514 2296 1541 2332 a
1564 2280 1721 2348 quin-

192 2398 233 2417 ,υ
285 2366 507 2434 regibus
562 2366 968 2436 impugnantur.
1034 2365 1282 2437 Quinque
1331 2377 1514 2424 autem
1561 2386 1716 2442 rcges

138 2457 370 2525 quinque
411 2473 599 2512 sensus
623 2472 913 2528 corporeos
935 2458 1196 2525 indicant,
1229 2461 1431 2529 visum,
1452 2463 1717 2531 auditum,

137 2558 363 2618 gustum,
422 2558 625 2604 tactqu
664 2558 718 2604 et
764 2550 1070 2606 odoratum.
1129 2551 1233 2608 Per
1276 2553 1510 2624 aliquem
1567 2557 1713 2611 enim

144 2640 348 2707 horum,
391 2655 827 2710 unumquemque
859 2655 1080 2697 necesse
1108 2651 1191 2698 est
1221 2643 1471 2701 decidere
1500 2646 1551 2702 in
1591 2662 1719 2717 pec-

135 2743 325 2786 catum.
388 2731 490 2798 Qui
518 2733 757 2801 quinque
812 2748 1002 2788 sensus
1054 2734 1161 2789 illis
1206 2735 1447 2804 quinque
1500 2738 1717 2807 regibus

135 2833 537 2894 comparantur,
591 2826 681 2894 qui
741 2825 1087 2894 Gabaonitas,
1123 2827 1176 2881 id
1213 2838 1294 2882 est
1347 2830 1437 2898 qui
1467 2834 1716 2887 carnales

134 2916 371 2971 homines
404 2925 736 2987 expugnant.
775 2916 928 2983 Quod
978 2928 1158 2974 autem
1198 2921 1451 2976 dicuntur
1484 2922 1537 2977 in
1586 2938 1713 2992 spe;

132 3008 307 3065 luncas
330 3010 668 3080 confugisse,
700 3019 875 3079 potest
908 3010 1007 3065 hoc
1040 3010 1274 3067 fortasse
1308 3013 1559 3080 iudicari,
1586 3018 1713 3085 quia

133 3101 373 3170 spelunca
415 3101 570 3156 locus
621 3110 702 3156 est
749 3100 804 3154 in
850 3101 1178 3170 profundum
1229 3113 1391 3158 terrae
1441 3104 1707 3161 defossus.

1830 624 2103 693 poralibus
2133 623 2382 679 sensibus
2411 621 2690 677 hominum
2724 621 2969 692 malignae
3005 620 3255 689 virtutes,
3291 635 3412 690 qum

1829 731 1922 772 eos
1951 715 2017 771 ad
2059 715 2227 770 malas
2266 714 2734 784 concupiscentias
2771 721 2827 769 et
2854 711 3023 785 426
3059 711 3208 768 {teda
3241 712 3410 767 mini-

1830 806 1996 863 steria
2036 807 2229 863 anima:
2267 806 2555 876 praebenda
2615 804 2931 860 sollicitent.
2963 804 3111 870 Quas
3142 803 3412 873 malignas

1827 900 2055 955 virtutes
2084 899 2127 954 si
2164 898 2294 955 fides
2327 897 2440 971 (19)
2471 896 2673 961 Christi
2700 897 3063 967 superaverit,
3097 905 3153 951 et
3185 896 3241 950 in
3266 895 3412 967 ligno

1829 989 2005 1043 crucis
2035 988 2152 1058 ejus
2181 988 2381 1043 fuerint
2419 1002 2713 1059 suspensae,
2760 996 2817 1041 ut
2845 998 2899 1042 et
2941 988 3007 1042 de
3054 986 3187 1057 ipsis
3218 987 3410 1042 trium-

1827 1080 1956 1149 phet
1990 1079 2043 1133 in
2074 1080 2216 1149 ligno
2256 1080 2434 1135 crucis
2474 1095 2606 1146 suae,
2639 1078 2980 1149 interemptis
3008 1079 3095 1143 iis,
3132 1094 3411 1149 regnoque

1828 1170 2084 1240 depulsis,
2117 1182 2243 1226 tunc
2268 1170 2498 1225 efﬁcitur
2538 1171 2717 1225 anima
2748 1169 2799 1223 in
2833 1179 2989 1238 parte
3014 1168 3131 1235 Dei,
3159 1180 3284 1224 tunc
3317 1170 3409 1225 .le-

1828 1259 2062 1315 rusalem
2105 1275 2327 1331 regnum
2356 1260 2449 1315 Dei
2481 1261 2733 1326 efﬁcitur,
2757 1269 2811 1315 et
2838 1260 3097 1329 templum
3127 1262 3179 1315 in
3209 1275 3273 1315 ea
3301 1262 3408 1315 Do-

1828 1353 1976 1407 mino
1997 1352 2333 1407 construitur
2361 1351 2496 1423 (20).
2521 1352 2713 1407 Annon
2739 1352 2842 1406 hoc
2865 1351 2931 1405 de
2965 1351 3256 1420 semetipso
3285 1364 3411 1404 sen-

1829 1445 1994 1499 tiebat
2043 1444 2131 1499 ille
2158 1444 2251 1513 qui
2295 1444 2513 1499 dicebat
2542 1444 2610 1509 δ’,
2641 1444 2770 1513 quia
2806 1462 2825 1496 ‹
2865 1458 3081 1498 eramus
3116 1440 3410 1512 aliquando
3504 1466 3509 1467 ί

1826 1546 1881 1591 et
1914 1551 2011 1591 nos
2047 1536 2328 1601 insensati,
2359 1536 2651 1603 increduli,
2687 1546 2957 1599 errantes,
2990 1534 3288 1589 servientes
3317 1533 3412 1587 de-

1826 1627 2043 1683 sideriis
2073 1637 2129 1682 et
2152 1627 2517 1699 voluptatibus
2538 1628 2743 1683 variis?
2783 1645 2803 1679 ι
2836 1626 2950 1683 Non
2982 1625 3124 1681 enim
3153 1625 3296 1679 aliud
3328 1632 3410 1679 est

1828 1721 1931 1775 hoc
1960 1722 2103 1791 quod
2150 1721 2450 1777 Jerusalem
2476 1722 2768 1791 aliquando
2798 1721 2965 1777 fuisse
2992 1720 3094 1776 sub
3122 1734 3249 1790 rege
3271 1719 3415 1774 Ado-

1827 1812 2051 1867 nibezec
2078 1813 2357 1882 scribitur,
2382 1814 2467 1868 vel
2486 1813 2604 1868 aliae
2641 1812 2890 1869 civitates
2917 1812 3016 1868 sub
3044 1811 3167 1867 aliis
3198 1812 3265 1866 ".

1755 1887 1797 1942 Β
1897 1903 1950 1957 ϐ.
2012 1901 2120 1960 Sed
2178 1904 2395 1959 interim
2443 1903 2603 1960 Jesus
2660 1902 2932 1959 interfecit
2978 1903 3249 1968 inimicos,
3300 1916 3406 1957 non

1825 1994 2205 2049 crudelitatem
2235 1995 2437 2051 docens
2470 2009 2565 2064 per
2590 1996 2714 2060 hoc,
2752 1996 2894 2050 sicut
2918 1995 3161 2050 haeretici
3188 2002 3401 2064 putant,

1823 2088 1918 2142 sed
1964 2088 2142 2142 futura
2200 2090 2251 2143 in
2286 2090 2372 2145 his
2414 2105 2534 2160 quae
2579 2099 2841 2160 geruntur
2875 2098 3213 2145 sacramenta
3261 2088 3408 2145 desi-

1824 2194 1995 2250 gnans
2029 2179 2142 2249 (21)
2175 2195 2190 2233 :
2224 2189 2281 2234 ut
2312 2196 2434 2235 cum
2487 2181 2818 2237 interemeril
2854 2196 2946 2238 eos
2982 2195 3161 2250 reges,
3196 2180 3287 2250 qui
3322 2193 3409 2234 re-

1823 2287 1985 2343 gnum
2031 2274 2238 2344 peccati
2282 2284 2467 2330 tenent
2507 2276 2557 2329 in
2609 2264 2786 2340 nobis,
2831 2276 3099 2345 possimus
3138 2272 3266 2327 illud
3309 2272 3406 2325 im-

1804 2363 1971 2434 plere
2001 2366 2143 2434 quod
2183 2365 2321 2419 dixit
2352 2365 2644 2435 Apostolus
2676 2365 2722 2397 δι
2752 2382 2767 2419 :
2808 2385 2825 2418 ι
2878 2364 3033 2419 Sicut
3076 2363 3409 2418 exhibuistis

1821 2458 2066 2513 membra
2093 2466 2274 2513 vestra
2305 2459 2509 2513 servire
2532 2458 2803 2527 iniquitati
2840 2458 2905 2513 ad
2937 2457 3296 2529 iniquitatem,
3328 2455 3403 2508 ita

1820 2564 1967 2604 nunc
1995 2551 2347 2606 exhibeamus
2386 2551 2626 2605 membra
2658 2558 2843 2605 nostra
2868 2551 3073 2604 servire
3101 2549 3324 2618 iustitiae
3348 2548 3401 2601 in

1814 2642 2256 2713 justifieationem
2298 2642 2431 2713 (‘22).
2466 2662 2485 2695 ι
2535 2643 2671 2709 Quid
2704 2658 2835 2712 ergo
2872 2652 2977 2707 est,
3024 2642 3167 2711 quod
3204 2643 3276 2697 ab
3321 2641 3405 2695 eis

1818 2732 1922 2787 hoc
1942 2732 2060 2788 loco
2080 2733 2456 2788 velutcrudcle
2482 2734 2775 2803 culpatur?
2809 2733 2939 2798 Hoc,
2966 2734 3139 2803 inquit
3157 2734 3227 2798 ⁸⁵,
3255 2733 3402 2803 quod

1819 2826 2080 2896 scriptum
2106 2837 2188 2880 est
2225 2844 2237 2878 :
2279 2844 2296 2876 ί
2326 2826 2516 2881 Ponite
2546 2827 2714 2895 pedes
2747 2837 2956 2881 vestros
2989 2841 3151 2895 super
3195 2825 3399 2881 collum

1818 2933 2027 2983 eorum,
2079 2927 2133 2973 et
2194 2919 2483 2974 interficite
2530 2934 2647 2977 eos.
2686 2940 2704 2971 ι
2748 2919 2888 2987 Quid
2942 2920 3085 2989 quod
3132 2921 3247 2974 haec
3289 2933 3398 2973 non

1818 3009 2128 3075 crudelitas,
2158 3010 2251 3065 sed
2302 3011 2611 3066 humanitas
2639 3020 2693 3066 et
2727 3011 3036 3081 benignitas
3081 3008 3400 3066 invenitur!

1821 3100 2038 3157 Utinam
2087 3109 2143 3157 et
2176 3111 2231 3156 tu
2275 3102 2395 3157 talis
2430 3117 2601 3169 esses,
2650 3103 2741 3173 qui
2787 3118 3022 3174 poneres
3060 3104 3224 3174 pedes
3277 3113 3400 3157 tuos

133 3189 291 3261 Igitur
316 3193 488 3248 etiam
531 3194 615 3248 isti
653 3208 786 3263 quos
828 3210 989 3263 supra
1020 3194 1254 3250 diximus
1281 3210 1473 3251 sensus
1503 3213 1622 3251 cum
1654 3212 1712 3253 se
1740 3231 1785 3291 ε
1819 3208 1982 3263 super
2042 3203 2323 3266 serpentes
2374 3204 2426 3251 et
2477 3196 2809 3263 scorpiones,
2857 3205 2909 3251 et
2960 3211 3122 3266 supra
3176 3208 3397 3250 omnem

135 3286 350 3341 terrenis
396 3286 613 3342 actibus
661 3287 713 3340 in
748 3301 975 3354 corpore
1013 3288 1171 3355 positi
1219 3290 1601 3354 demerserint,
1658 3303 1714 3346 et

134 3377 258 3431 nihil
286 3377 350 3431 ad
372 3392 512 3446 opus
549 3377 660 3441 Dei,
691 3378 784 3433 sed
813 3388 984 3433 totum
1022 3360 1097 3432 ad
1124 3379 1488 3434 ministerium
1514 3397 1708 3452 corpo-

134 3469 202 3521 ris
232 3468 462 3537 egerint,
488 3467 541 3521 in
572 3469 860 3538 speluncas
884 3470 1192 3539 confugisse
1221 3471 1495 3525 dicuntur.

195 3560 243 3614 5.
277 3559 573 3616 Sciendum
611 3570 785 3615 tamen
815 3563 958 3631 quod
989 3562 1090 3616 ista
1115 3562 1230 3632 ipsa
1260 3578 1445 3633 regna,
1478 3578 1710 3633 quorum

132 3666 261 3705 nunc
291 3666 447 3722 reges
477 3652 766 3705 vincuntur
793 3653 860 3706 ab
890 3651 1037 3717 Jesu,
1065 3661 1120 3708 et
1139 3653 1462 3724 confugiunt
1491 3657 1557 3709 ad
1590 3672 1713 3725 spe-

132 3742 327 3807 luncas,
364 3744 710 3813 postmodum
735 3746 785 3797 in
818 3754 1020 3799 sortem
1048 3747 1272 3799 veniunt
1306 3756 1621 3801 sanctorum
1656 3759 1710 3803 et

133 3849 246 3903 pars
281 3835 497 3890 Domini
532 3836 890 3904 appellantur,
938 3838 1081 3891 sicut
1124 3852 1343 3906 regnum
1383 3837 1708 3905 Jerusalem,

131 3927 207 3980 vel
236 3926 455 3994 Lacbis,
496 3927 576 3980 vel
611 3928 882 3983 Chebron.
913 3928 969 3983 ln
1003 3944 1111 3998 quo
1146 3930 1247 3984 hoc
1279 3930 1519 3986 arbitror
1568 3931 1713 3986 indi-

130 4019 253 4085 cari,
284 4020 426 4089 quod
463 4020 629 4073 etiam
674 4020 764 4073 isti
813 4021 1057 4089 quinque
1102 4036 1317 4089 sensus,
1356 4037 1490 4092 quos
1545 4038 1713 4093 supra

126 4113 489 4180 exposuimus,
527 4112 579 4165 in
608 4126 837 4180 corpore
871 4113 1051 4180 positi,
1076 4129 1199 4169 cum
1235 4129 1331 4183 per
1362 4114 1546 4170 Jesum
1588 4114 1710 4171 fue-

130 4204 227 4259 rint
254 4205 478 4273 devicti,
525 4206 599 4261 ita
628 4216 685 4260 ut
718 4206 1012 4263 infidelitas
1055 4208 1121 4263 ab
1149 4209 1228 4264 eis
1256 4219 1310 4264 et
1348 4211 1713 4266 incredulitas

128 4300 436 4368 depellatur,
479 4311 533 4356 et
577 4316 699 4357 cum
746 4302 1051 4357 moriuntur
1096 4312 1328 4373 peccato
1372 4304 1424 4359 in
1466 4318 1530 4360 eo
1564 4304 1707 4373 quod

127 4393 366 4449 desinunt
396 4410 425 4447 a
446 4394 754 4450 mi'nisterio
785 4395 990 4463 peccati
1016 4415 1027 4458 ;
1062 4397 1182 4452 istis
1210 4399 1338 4467 ipsis
1366 4400 1705 4467 postmodum

129 4484 379 4540 ministris
441 4495 631 4541 utetur
693 4487 872 4542 anima
928 4489 993 4542 ad
1052 4490 1382 4558 operandam
1435 4492 1703 4561 justitiam

1816 3286 2069 3340 virtutem
2101 3286 2327 3351 inimici,
2358 3296 2413 3343 et
2440 3287 2793 3344 conculcares
2836 3290 3124 3343 draconem
3163 3297 3217 3342 et
3252 3286 3397 3341 basi-

1815 3376 2028 3445 liseum,
2060 3378 2113 3433 id
2151 3388 2233 3433 est
2262 3378 2550 3449 ,regulum,
2592 3381 2684 3449 qui
2731 3380 3018 3449 aliquando
3068 3380 3309 3450 regnavit
3343 3379 3398 3433 in

1816 3478 1889 3532 te,
1919 3476 1972 3521 et
2004 3469 2176 3523 tenuit
2206 3468 2263 3522 in
2297 3477 2349 3523 te
2373 3483 2597 3537 regnum
2632 3470 2841 3539 peccati
2872 3485 2887 3522 :
2913 3479 2970 3523 ut
3008 3469 3115 3524 illis
3140 3470 3400 3524 omnibus

1816 3562 2181 3631 interemptis,
2214 3560 2303 3628 qui
2336 3560 2388 3615 in
2428 3569 2479 3615 te
2511 3561 2810 3632 regnabant
2846 3576 3009 3627 opere
3043 3563 3272 3632 peccati,
3308 3577 3399 3617 so-

1813 3653 1896 3706 lus
1956 3653 2007 3705 in
2065 3661 2115 3707 te
2167 3660 2357 3719 regnet
2405 3650 2652 3706 Christus
2690 3652 2847 3708 Jesus
2880 3653 3140 3708 Dominus
3189 3646 3396 3719 noster,

1813 3740 2180 3811 cuiestgloria
2210 3740 2564 3810 etimperium
2599 3740 2709 3811 (25)
2744 3742 2795 3797 in
2828 3741 3024 3796 szecula
3048 3742 3399 3799 sasculorum.

1811 3836 2008 3891 Arnen.

2382 3949 2665 4006 HOMILIA
2694 3949 2811 4004 ΧΠ.

1812 4045 1892 4099 De
1919 4062 1978 4099 eo
2021 4046 2157 4115 quod
2204 4047 2519 4116 spiritaliter
2548 4044 2773 4113 intelligi
2830 4044 3049 4116 debeant
3100 4044 3232 4097 bella
3279 4060 3397 4112 qua:

1882 4114 2039 4184 gessit
2062 4114 2238 4181 Jesus,
2274 4126 2320 4170 et
2342 4119 2480 4183 quod
2526 4132 2788 4184 regressus
2819 4114 3041 4180 populus
3070 4126 3184 4183 post
3224 4116 3407 4168 victo-

1883 4189 2019 4240 riam
2050 4202 2152 4240 non
2181 4188 2381 4240 mutivit
2413 4188 2466 4240 in
2496 4188 2676 4256 lingua
2707 4201 2806 4239 sua
2832 4185 2966 4255 ('24).

1884 4300 1936 4354 1.
1966 4298 2022 4354 Si
2072 4314 2133 4355 ea
2161 4314 2277 4369 quae
2304 4314 2401 4369 per
2441 4300 2658 4369 Moysen
2690 4301 2761 4355 de
2789 4298 3159 4363 tabernaculo,
3199 4298 3279 4352 vel
3305 4313 3398 4353 sa-

1811 4393 2033 4449 criﬁciis
2067 4402 2120 4449 et
2156 4394 2301 4449 omni
2344 4393 2434 4448 illo
2459 4393 2605 4448 cultu
2641 4392 3126 4457 adumbrabantur,
3160 4400 3318 4460 typus
3340 4400 3395 4445 et

1812 4484 2001 4540 umbra
2024 4485 2276 4540 dicuntur
2305 4499 2425 4540 esse
2450 4484 2779 4548 etelestium,
2818 4483 2935 4537 sine
2972 4482 3135 4537 dubio
3167 4491 3221 4537 et
3251 4482 3392 4538 bella

129 4570 366 4645 Dei(l8),
396 4581 452 4629 et
480 4574 556 4628 ita
602 4574 662 4629 fit
705 4585 763 4631 ut
795 4575 1116 4640 Jerusalem,
1162 4578 1215 4631 in
1252 4594 1356 4648 qua
1405 4581 1553 4648 prius
1615 4595 1705 4635 rex
1738 4594 1787 4653 ι)
1816 4592 1935 4646 qua:
1971 4592 2065 4647 per
2110 4577 2292 4634 Jesum
2325 4586 2608 4647 geruntur,
2639 4585 2695 4629 et
2742 4590 2927 4644 regum
2963 4584 3123 4643 atq-ue
3155 4576 3398 4631 hostium

129 4678 349 4734 nequam
382 4668 647 4736 regnabat
671 4676 727 4721 ct
753 4669 1037 4738 pessimus,
1070 4672 1407 4738 postmodum
1441 4671 1492 4723 in
1524 4688 1585 4725 ea
1614 4688 1701 4727 re-

126 4765 243 4824 gnet
297 4757 471 4813 David
524 4772 713 4827 potens
772 4775 955 4826 manu,
996 4760 1074 4814 vel
1124 4762 1379 4829 pacificus
1424 4762 1699 4817 Salomon.

192 4894 235 4927 ⁸⁸³
269 4897 427 4955 Rom.
468 4914 591 4963 xm,
626 4900 712 4953 15.
788 4900 830 4930 ⁴¹
862 4901 1059 4969 Ephes.
1091 4916 1161 4963 vt,
1197 4900 1284 4954 12.

191 5020 300 5100 (15)
327 5022 511 5076 Codex
544 5021 826 5093 Sangerm.
860 5039 979 5077 cum
1012 5038 1120 5079 uno
1148 5023 1481 5089 Ebroicensi,
1513 5042 1532 5074 ‹
1573 5039 1701 5079 con-

128 5086 497 5229 mililsgfldem,
538 5179 555 5211 ι
595 5162 909 5232 Apostolus.
968 5182 986 5215 ›
1027 5161 1231 5218 Ibidem
1272 5165 1375 5217 duo
1406 5140 1699 5219 Ebroi‘cen-

129 5243 231 5292 ses,
262 5250 280 5281 ‹
322 5238 553 5287 non'est
575 5248 771 5303 pugna.
814 5254 831 5285 ι
874 5233 1019 5289 Libri
1054 5234 1208 5299 editi,
1257 5250 1280 5285 ι
1314 5250 1419 5287 non
1450 5244 1570 5288 erat
1602 5252 1702 5304 pu-

128 5314 499 5494 |idem.
524 5390 541 5423 ι
583 5375 842 5430 adversus
863 5376 1146 5445 spiritalia.
1184 5395 1201 5426 ι
1230 5374 1374 5429 Libri
1399 5375 1549 5442 editi,
1589 5392 1605 5426 ι
1644 5387 1697 5431 et

244 5459 253 5493 I
285 5460 311 5494 a
341 5458 411 5494 lii.
444 5461 464 5494 ι

128 5452 154 5491 s
191 5452 294 5493 ll'll'
342 5452 411 5498 ‘a.

130 5452 475 5632 :IU8SHIDei:
505 5513 727 5571 deestiu
762 5526 920 5574 antea
963 5517 1145 5582 editis,
1172 5517 1265 5572 sed
1292 5525 1472 5571 exstat
1497 5517 1550 5571 in
1577 5533 1695 5572 om-

170 5597 178 5629 l
204 5596 282 5635 HIS
307 5598 438 5637 mss.
1178 5628 1187 5635 .

193 5650 300 5717 (19)
329 5651 513 5725 codex
545 5652 825 5725 Sangerm.
870 5671 993 5710 cum
1046 5671 1151 5711 uno
1207 5657 1539 5725 Ebroicensi,
1593 5678 1611 5710 ι
1648 5662 1692 5715 si

130 5718 276 5776 fides.
316 5741 333 5773 ι
367 5722 526 5778 Libb.
559 5718 711 5791 editi,
748 5744 765 5777 ι
798 5741 917 5780 cum
955 5728 1106 5784 fides.
1148 5748 1165 5780 ι

197 5791 307 5861 (20)
355 5793 563 5850 Omnes
600 5811 754 5862 mss.,
804 5816 821 5849 ι
869 5800 1222 5855 construitur.
1288 5819 1306 5852 ι
1352 5798 1506 5856 Libb.
1538 5800 1689 5868 editi,

141 5878 167 5913 t
202 5873 561 5920 COHSU'UCNI.
608 5885 629 5918 ι

1364 4901 1405 4930 δ’
1426 4901 1532 4954 Tit.
1566 4918 1645 4966 ιιι,
1675 4902 1727 4955 5.

1812 4682 2043 4742 strages,
2076 4671 2378 4726 caelestium
2418 4685 2599 4725 rerum
2638 4670 2755 4741 (25)
2787 4670 2976 4724 umbra
3009 4680 3063 4725 et
3087 4681 3242 4742 typus
3272 4686 3403 4725 esse

1813 4764 2034 4818 dicenda
2092 4773 2237 4830 sunt,
2287 4777 2471 4817 eorum
2517 4763 2779 4816 duntaxat
2815 4762 3097 4829 bellorum,
3135 4779 3252 4832 qua:
3283 4762 3391 4818 Do-

1804 4903 1848 4933 ⁸³
1877 4902 1999 4959 Jud.
2030 4918 2069 4958 ι.
2144 4902 2191 4935 ⁸⁸
2228 4901 2382 4955 Rom.
2434 4917 2506 4965 vi,
2537 4902 2620 4955 19.
2700 4904 2743 4934 ⁸³
2788 4902 2900 4958 Jos.
2934 4917 2987 4967 ι,
3014 4900 3104 4957 21.

1882 5026 1995 5106 (ξι)
2028 5026 2184 5080 Libb.
2218 5024 2439 5106 ed‘iti,r¢
2489 5024 2666 5078 futura
2690 5034 3051 5106 _sacramenta
3090 5025 3385 5106 designans

1806 5096 1871 5149 de
1892 5094 1965 5151 iis
2005 5110 2126 5165 quae
2148 5095 2511 5165 gerebantur;
2555 5114 2573 5147 ι
2609 5094 2702 5151 sed
2732 5110 2923 5151 omnes
2954 5110 3087 5151 mss.
3128 5094 3263 5151 utin
3298 5113 3390 5152 no-

1805 5174 1917 5220 stro
1943 5174 2113 5219 textu.

1878 5235 1986 5307 (~22)
2015 5237 2193 5290 Codex
2219 5234 2603 5307 Sanga-mam,
2630 5254 2647 5287 ι
2684 5234 3156 5306 justifieationem.
3191 5255 3211 5289 ι
3236 5235 3393 5292 Libri

1803 5306 1956 5366 editi.
1994 5324 2011 5356 ι
2053 5306 2561 5361 sanctificationem.
2598 5327 2615 5359 ι

1875 5377 1988 5441 (25)
2027 5376 2177 5447 Unus
2210 5377 2559 5432 Ebroicensis
2609 5386 2729 5446 post
2776 5395 2795 5428 ι
2835 5376 3119 5447 imperium
3152 5397 3172 5429 ι
3212 5374 3381 5443 addit,

1812 5466 1829 5498 ι
1868 5462 1989 5501 cum
2016 5445 2218 5513 Spiritu
2246 5456 2455 5501 saneto.
2502 5466 2521 5499 ι

1877 5516 1988 5587 (24)
2022 5517 2085 5570 Et
2109 5516 2248 5583 quod
2280 5532 2539 5588 regressus
2579 5517 2803 5587 papulas
2826 5527 2937 5588 post
2963 5517 3232 5588 victoriam
3276 5532 3383 5588 non

1804 5589 2007 5640 mutivit
2026 5590 2080 5641 in
2105 5588 2283 5656 lingua
2304 5604 2420 5658 sua.
2460 5586 2795 5643 ilazcdesunt
2821 5586 2871 5658 in
2898 5586 3050 5658 libri§
3082 5599 3237 5643 antea
3260 5587 3381 5642 edi-

1805 5659 1893 5780 gs,
1942 5659 2034 5739 sed
2077 5658 2326 5739 leguntur
2369 5657 2423 5711 in
2460 5658 2645 5713 codice
2679 5674 2778 5715 ms.
2815 5657 3101 5729 Sangerin.
3154 5668 3207 5713 et
3264 5672 3373 5713 uno

1852 5737 2135 5780 nrowensr.

1852 5728 2135 5783 nroicensi.

1875 5797 1983 5867 (~25)
2014 5797 2221 5864 Rerum,
2259 5800 2407 5855 deest
2452 5800 2502 5854 in
2547 5799 2699 5856 libris
2739 5799 2919 5868 editis,
2960 5799 3055 5856 sed
3089 5808 3265 5856 exstat
3313 5799 3383 5859 in.

1800 5869 1984 5927 codice
2018 5885 2117 5927 ius.
2154 5870 2404 5941 Sangent.
