3874 6490
504 344 619 403 887

1951 342 2275 401 ORIGENIS

509 468 692 523 minus
727 473 913 522 noster
939 462 1095 520 Iesus
1132 477 1256 520 cum
1293 477 1391 520 suo
1426 463 1693 531 exercitu,
1723 475 1778 520 et
1807 464 2093 534 magistra-
2121 467 2168 526 Α
2203 476 2300 531 per
2321 459 2598 531 speculum
2632 468 2687 516 et
2719 459 2772 514 in
2808 459 3094 529 aenigmate
3124 459 3308 529 aliqua
3345 474 3412 513 es
3455 471 3602 526 parte
3635 477 3740 514 con-

509 560 676 622 tibus,
705 557 758 612 id
783 565 869 611 est
892 555 1228 610 credentium
1266 555 1495 626 populis,
1529 566 1694 626 atque
1719 570 1906 611 eorum
1933 555 2088 611 duci-

507 651 608 704 bus
635 657 825 703 contra
853 645 1128 704 diabolum
1158 653 1213 701 et
1239 646 1356 716 eius
1385 647 1611 716 angelus
1636 647 1931 718 prmliatur.
1972 648 2090 718 Ipse

500 739 649 796 enim
690 745 793 803 est,
826 737 916 806 qui
952 738 1006 791 in
1046 735 1216 792 Paulo
1263 747 1318 792 et
1367 737 1421 792 in
1467 737 1717 808 Ephesiis
1757 749 1960 810 pugnat
1988 741 2085 795 ad-

501 841 698 883 versus
727 826 1061 896 principatus
1083 835 1136 880 et
1167 834 1470 896 potestates
1497 837 1550 882 et
1569 838 1808 883 rectores
1833 828 2084 901 tenebra-

502 933 624 976 rum
672 920 887 986 harum,
935 919 1197 973 adversus
1243 918 1506 988 spiritalia
1555 920 1809 989 nequitia:
1840 921 1892 974 in
1925 920 2086 976 cccle-

502 1014 678 1067 stihus
693 1012 760 1065 “.
783 1012 846 1065 Et
873 1011 1015 1076 vide,
1037 1011 1250 1082 ingrate
1274 1011 1548 1075 haeretica,
1569 1012 1840 1080 quomodo
1855 1029 1922 1068 ex
1944 1013 2082 1068 inte-

500 1118 600 1174 gro
645 1102 918 1158 veteribus
961 1117 1097 1157 nova
1141 1103 1496 1159 concordant.
1550 1101 1886 1159 Promissum
1921 1119 2005 1161 est
2036 1107 2080 1138 "

499 1194 774 1248 veteribus
811 1208 1034 1264 regnum
1069 1205 1228 1250 terra;
1260 1203 1486 1262 sanctae,
1528 1203 1687 1250 terrae
1733 1194 1953 1252 ﬂuentis
1997 1197 2080 1254 Iac

498 1297 552 1341 et
599 1287 724 1352 mel,
757 1301 877 1356 qua:
912 1295 1053 1341 terra
1095 1298 1220 1344 tunc
1243 1304 1274 1343 a
1322 1288 1698 1360 peccatoribus
1729 1299 1784 1344 et
1829 1293 2080 1360 pessimis

505 1380 692 1436 incolis
715 1395 776 1436 ac
812 1383 1032 1450 regibus
1055 1385 1359 1438 tenebatur.
1391 1383 1550 1439 Venit
1574 1383 1628 1437 in
1658 1384 1820 1438 istam
1877 1395 2077 1440 terram

500 1468 656 1524 Iesus
685 1486 806 1526 cum
842 1473 1082 1527 exercitu
1118 1473 1351 1538 Domini,
1384 1482 1437 1530 et
1468 1474 1786 1532 Israeliticis
1823 1476 2072 1541 ducibus,

497 1571 765 1631 expugnat
791 1577 1000 1626 omnes,
1044 1563 1326 1628 interimit,
1360 1565 1588 1630 obtinet,
1613 1577 1668 1622 et
1722 1569 1792 1622 ob
1836 1569 2077 1625 victoria:

497 1653 748 1706 meritum
797 1653 994 1720 accipit
1029 1668 1216 1708 eorum
1251 1669 1414 1724 regna
1451 1670 1590 1724 quos
1617 1657 1765 1714 vicit.
1806 1658 1929 1715 Tibi
1980 1675 2076 1730 per

495 1743 781 1814 Evangelia
815 1760 919 1798 non
962 1745 1346 1814 promittuntur
1396 1761 1557 1817 regna
1593 1760 1753 1805 terra:
1784 1750 1922 1820 (26),
1976 1752 2071 1806 sed

2197 554 2333 611 tueri
2365 566 2420 609 et
2456 553 2728 623 inspicere
2779 555 3003 623 tiguras,
3054 551 3271 619 plenius
3318 552 3480 607 nobis
3516 566 3740 617 reserare,

2191 656 2244 702 et
2285 645 2584 715 perfectius
2614 643 2938 716 dignaretur
2963 647 3182 715 aperire
3212 659 3228 697 :
3258 642 3482 697 videres
3511 648 3745 711 querneus

2190 741 2350 797 nobis
2386 740 2726 796 claresceret
2770 737 2926 806 cujus
2957 737 3304 806 potissimum
3338 752 3408 791 ex
3445 735 3746 804 spiritalibus

2190 832 2462 900 hostibus,
2500 831 2567 886 iis
2599 829 2693 899 qui
2728 844 2875 884 nunc
2903 828 3223 899 impugnant
3254 827 3424 883 Israel
3457 828 3742 896 spiritalem,

2189 926 2418 993 ﬁguram
2459 923 2636 977 tenuit
2684 921 2790 978 iste
2823 921 3078 991 princeps
3100 922 3170 974 de
3206 919 3463 990 Mageda,
3505 931 3562 973 et
3596 920 3670 974 ille
3697 923 3745 975 de

2186 1016 2405 1082 Lachis,
2444 1025 2500 1070 et
2534 1014 2620 1069 ille
2667 1015 2737 1069 de
2769 1013 2950 1070 Lebna
2990 1033 3003 1068 :
3051 1024 3148 1066 aut
3183 1013 3344 1082 cujus
3384 1015 3538 1065 intra
3588 1021 3745 1065 temet-

2184 1108 2360 1178 ipsum
2393 1108 2532 1174 vitii,
2574 1108 2657 1164 vel
2706 1107 2914 1162 erroris
2951 1106 3152 1178 quibus
3201 1107 3392 1158 anima
3431 1103 3744 1172 implicatur,

2181 1199 2415 1254 furmatn
2448 1207 2637 1254 tenent
2671 1199 2871 1270 singuli
2923 1199 3128 1268 quique
3184 1197 3390 1251 horum
3421 1235 3439 1258 ,
3488 1209 3625 1264 quos
3647 1192 3744 1250 Iesu

2181 1291 2320 1348 duce
2361 1291 2637 1347 interfecit
2672 1291 2911 1360 populus
2944 1290 3179 1354 Domini,
3221 1289 3256 1343 ii
3281 1287 3548 1342 videlicet
3572 1286 3657 1354 qui
3675 1302 3747 1340 al-

2179 1384 2340 1437 diunt
2375 1384 2629 1438 mandata
2659 1383 2802 1452 ejus,
2828 1393 2884 1439 et
2913 1391 3180 1452 praecepta
3211 1379 3568 1442 custodiunt,
3589 1380 3746 1446 quibus

2180 1475 2294 1545 ipse
2333 1475 2522 1530 tribuit
2563 1474 2879 1531 facultatem
2909 1473 3158 1529 calcandi
3191 1488 3365 1542 super
3395 1480 3678 1539 serpentes
3703 1481 3746 1524 et

2177 1568 2517 1637 scorpiones,
2567 1577 2624 1622 et
2675 1583 2840 1638 super
2894 1581 3112 1621 omnem
3161 1574 3506 1634 potestatem
3550 1563 3741 1617 inimici.

2175 1659 2406 1717 Oremus
2435 1675 2570 1729 ergo
2598 1670 2656 1715 ut
2685 1671 2742 1718 et
2777 1661 2944 1716 nostri
2982 1662 3147 1729 pedes
3177 1660 3319 1712 tales
3346 1659 3493 1722 sint,
3524 1669 3625 1710 tam
3646 1674 3741 1725 spe-

2175 1755 2331 1817 ciosi,
2366 1763 2474 1807 tam
2506 1752 2694 1817 validi,
2749 1753 2839 1820 qui
2888 1752 3098 1822 possint
3131 1751 3352 1805 calcare
3390 1750 3635 1803 cervices
3663 1750 3742 1803 ini-

495 1837 879 1905 promittuntur
922 1853 1083 1908 regna
1119 1837 1401 1893 coalorum.
1451 1839 1557 1894 Sed
1591 1843 1706 1894 haec
1751 1857 1915 1912 regna
1965 1858 2069 1898 non
2102 1839 2144 1894 Β
2177 1847 2464 1908 micorum,
2503 1845 2593 1914 qui
2623 1844 2838 1914 possint
2872 1845 2945 1898 ita
2991 1852 3154 1912 caput
3201 1843 3427 1896 calcare
3463 1843 3742 1910 serpentis,

491 1937 621 1982 sunt
661 1941 853 1994 vacua,
909 1943 1009 1984 nec
1063 1929 1265 1995 inania,
1303 1930 1506 1986 habent
1552 1933 1891 1989 habitatores
1943 1947 2070 1990 suos

491 2030 801 2090 peceatores
834 2033 888 2076 et
927 2037 1156 2090 nequam
1192 2024 1436 2093 spiritus,
1461 2029 1686 2097 angelos
1728 2027 1960 2098 refugas.
1991 2027 2067 2082 Ibi

491 2113 731 2168 habitant
759 2113 860 2178 illi,
881 2115 1167 2170 adversum
1199 2131 1338 2184 quos
1368 2124 1419 2171 te
1442 2118 1737 2185 apostolica
1770 2133 2067 2189 personans

487 2203 614 2259 tuba
643 2203 846 2259 Paulus
882 2201 1202 2261 cohortatur
1232 2210 1297 2263 ad
1329 2210 1596 2279 praelium,
1625 2221 1680 2265 et
1706 2211 1847 2266 sicut
1881 2212 1950 2266 ibi
1981 2212 2066 2266 di-

483 2294 638 2351 cebat
668 2294 781 2368 (27)
824 2295 1001 2361 Jesus,
1041 2299 1165 2366 quia
1201 2299 1399 2355 bellum
1441 2303 1545 2356 erit
1589 2302 1744 2357 vobis
1779 2304 2062 2358 adversum

399 2379 402 2381 Α
481 2385 827 2443 Amorrhzeos
853 2397 908 2443 et
939 2388 1274 2457 Pbcrezaeos,
1313 2400 1367 2446 et
1402 2391 1612 2456 Evzeos,
1649 2406 1704 2449 et
1737 2392 2015 2451 Jebusaros
2046 2411 2062 2448 :

481 2477 734 2534 similiter
771 2479 864 2535 tibi
899 2481 1060 2535 etiam
1091 2482 1178 2536 hic
1196 2481 1392 2536 Paulus
1414 2483 1916 2550 denuntiatdicens,
1944 2489 2062 2542 Non

481 2569 585 2624 erit
611 2569 762 2624 vobis
785 2586 960 2640 pugna
991 2573 1252 2628 adversus
1280 2587 1500 2628 carnem
1543 2585 1598 2628 et
1626 2576 1938 2644 sanguinem
1962 2577 2010 2610 ’⁸⁸
2044 2619 2060 2643 ,

482 2659 536 2714 id
567 2670 651 2714 cst
683 2677 785 2716 non
819 2664 898 2717 sic
935 2664 1291 2732 pugnabimus
1335 2666 1477 2720 sicut
1511 2678 1885 2738 pugnaverunt
1914 2670 2059 2724 anti-

481 2751 596 2820 qui,
631 2767 728 2808 nec
757 2753 808 2808 in
852 2755 1014 2809 terris
1053 2755 1208 2810 nobis
1239 2757 1501 2813 adversus
1531 2759 1778 2815 homines
1811 2761 2061 2818 habenda

482 2852 608 2896 sunt
657 2844 862 2913 prmlia,
895 2847 986 2900 sed
1018 2846 1276 2903 adversus
1309 2850 1668 2920 principatus,
1709 2862 1764 2908 et
1797 2854 2062 2910 adversus

479 2943 798 3008 potestates,
837 2939 1097 2996 adversus
1130 2941 1314 2996 mundi
1342 2943 1502 3012 hujus
1534 2955 1780 3000 rectores
1805 2946 2061 3002 tenebra-

481 3041 618 3082 rum.
646 3026 764 3082 Jam
803 3031 987 3100 utique
1021 3031 1282 3104 intelligis
1312 3034 1364 3088 in
1395 3034 1594 3104 quibus
1640 3036 1773 3093 locis
1810 3037 2061 3108 hujusce-

477 3119 622 3176 modi
662 3121 769 3174 sint
802 3123 893 3175 tibi
935 3124 1196 3182 movenda
1231 3127 1556 3184 certamina.
1605 3129 1714 3182 Ant
1743 3131 1786 3184 si
1819 3131 1915 3186 tibi
1949 3147 2056 3188 non

2176 1947 2232 1990 ut
2291 1937 2608 1994 calcanettm
2664 1945 2906 1991 nostrum
2957 1936 3209 1989 mordere
3270 1949 3384 1987 non
3429 1935 3623 2003 possit.
3664 1934 3741 1999 Qui

2173 2027 2320 2081 enim
2375 2036 2579 2096 pugnat
2625 2025 2727 2081 sub
2759 2025 2885 2082 Iesu
2938 2030 3074 2080 duce
3131 2027 3430 2080 adversum
3466 2029 3741 2080 contraria

2173 2129 2492 2190 potestates,
2535 2118 2696 2173 debet
2741 2119 2904 2172 etiam
2949 2119 3079 2172 illud
3127 2117 3470 2187 promereri,
3516 2117 3649 2185 quod
3689 2120 3740 2170 de

2171 2213 2449 2280 prioribus
2481 2210 2838 2266 bellatoribus
2870 2210 3134 2264 scribitur
3167 2224 3182 2262 :
3221 2230 3240 2260 ι
3275 2209 3344 2262 Et
3379 2218 3739 2275 reversusest,

2169 2305 2345 2372 inquit
2371 2305 2440 2367 δι,
2474 2305 2761 2357 universus
2796 2306 3024 2370 populus
3054 2303 3120 2354 ad
3171 2298 3365 2355 Iesum
3427 2301 3738 2365 incolumis,

2168 2411 2222 2450 et
2265 2413 2366 2452 non
2407 2394 2624 2449 mutivit
2668 2395 2956 2462 quisquam
3009 2393 3076 2447 de
3117 2393 3245 2446 filiis
3293 2392 3469 2448 Israel
3508 2395 3562 2446 iu
3589 2394 3736 2462 lingua

2174 2506 2292 2544 sua.
2333 2509 2350 2541 ι
2390 2487 2555 2542 Vides
2589 2503 2720 2556 ergo
2749 2488 2876 2556 quia
2925 2488 3015 2555 qui
3053 2486 3155 2540 sub
3181 2485 3314 2541 Jcsu
3353 2489 3583 2549 militat,
3617 2490 3737 2540 inco-

2167 2581 2330 2635 lumis
2357 2579 2519 2634 debet
2553 2580 2733 2633 redire
2761 2579 2827 2632 de
2861 2580 3068 2649 praalio,
3105 2593 3203 2632 nec
3234 2593 3480 2647 usquam
3512 2580 3659 2633 debet
3682 2597 3735 2634 ex

2157 2674 2231 2743 jttt
2255 2674 2355 2727 ulis
2382 2673 2604 2742 maligni
2637 2673 2823 2741 ignitis
2847 2670 3045 2725 vulnus
3068 2672 3348 2741 accipere,
3376 2686 3492 2724 non
3527 2671 3576 2724 in
3597 2674 3735 2726 corde

2167 2764 2353 2834 pollui,
2388 2780 2492 2818 non
2522 2766 2574 2816 in
2612 2764 2947 2833 cogitatione
2976 2762 3268 2824 maculari,
3311 2777 3424 2815 non
3467 2777 3569 2831 per
3600 2764 3734 2826 iram,

2169 2875 2272 2911 non
2302 2872 2400 2925 per
2433 2855 2822 2924 cupiditatem,
2858 2871 2963 2910 non
2995 2869 3091 2923 per
3133 2853 3298 2908 aliam
3329 2853 3633 2923 quamlibet
3656 2870 3733 2908 oc-

2164 2950 2437 3004 cisionem
2470 2947 2822 3006 dzemouiaris
2865 2947 2979 3017 (50)
3031 2946 3356 3000 vulneribus
3391 2946 3582 3000 locum
3607 2950 3731 3001 dare.

2164 3041 2314 3106 Quod
2375 3051 2555 3094 autem
2609 3040 2816 3094 addidit
2849 3038 2986 3107 (51),
3027 3039 3150 3108 quia
3207 3039 3394 3093 nullus
3446 3039 3658 3092 mutivit
3693 3042 3736 3096 ἱι

2164 3130 2343 3202 lingua
2377 3146 2494 3195 sua,
2527 3131 2629 3186 hoc
2660 3130 2789 3184 mihi
2821 3130 3039 3184 videtur
3067 3131 3305 3196 ostendi,
3337 3132 3476 3200 quia
3507 3133 3572 3186 de
3592 3133 3737 3187 rit-tce

478 3210 673 3266 sullicit
703 3212 1028 3281 intellectus,
1059 3219 1160 3274 nisi
1188 3221 1351 3275 etiam
1382 3221 1496 3277 loca
1525 3223 1638 3293 ipsa
1681 3223 1794 3295 (9.8)
1824 3226 2056 3284 manife-

2169 3224 2243 3278 ria
2283 3238 2442 3278 nemo
2496 3238 2555 3277 se
2582 3223 2813 3292 jactavit
2859 3222 2997 3292 (32),
3042 3237 3202 3280 nemo
3241 3239 3360 3278 sua:
3415 3225 3609 3278 virtuti
3632 3227 3735 3294 quia

476 3313 559 3362 sta
587 3305 680 3360 tibi
723 3322 854 3366 voce
879 3309 1192 3380 signentur,
1218 3315 1346 3368 audi
1380 3317 1432 3370 in
1475 3320 1939 3388 consequentibus
1964 3321 2010 3354 "
2037 3339 2051 3375 :

479 3413 499 3448 ι
537 3397 834 3454 Adversum
875 3403 1161 3470 spiritalia,
1193 3406 1368 3477 inquit
1399 3407 1533 3481 (29),
1574 3411 1831 3480 nequitia:
1854 3411 1907 3466 in
1942 3429 2056 3469 cm-

473 3487 718 3548 lestibus.
764 3512 783 3544 ι
828 3493 1040 3551 Audisti
1079 3498 1170 3567 qui
1204 3497 1313 3552 sint
1347 3498 1448 3564 illi,
1480 3501 1570 3568 qui
1605 3502 1699 3556 tibi
1738 3503 1879 3558 bello
1918 3515 1972 3558 et
2003 3507 2049 3557 vi

470 3581 540 3636 de
564 3584 880 3642 coelestibus
903 3589 1208 3657 expellendi
1251 3600 1400 3657 sunt,
1435 3601 1493 3644 ut
1518 3602 1569 3645 tu
1602 3593 1780 3661 possis
1812 3595 1924 3648 loca
1963 3594 2055 3648 illa

469 3679 618 3744 regni
669 3678 928 3734 ccelorum
975 3682 1303 3737 hzcreditatis
1332 3693 1479 3739 sorte
1508 3685 1812 3754 suscipere.
1856 3687 1964 3741 Sed
1996 3698 2053 3740 et

471 3769 732 3826 Dominus
762 3773 817 3826 in
854 3773 1148 3844 Evangelio
1181 3790 1360 3830 nonne
1380 3775 1662 3833 evidenter
1696 3777 1811 3832 lucc
1847 3778 2052 3834 indicat

467 3874 593 3916 eum
623 3863 751 3917 dicit
777 3865 823 3896 ⁸ο
854 3880 868 3918 :
899 3883 918 3918 ι
966 3865 1011 3921 A
1051 3867 1240 3922 diebus
1262 3867 1487 3923 Joannis
1523 3885 1748 3940 regnum
1785 3870 2050 3934 caelorum

467 3952 576 4004 vim
608 3955 905 4021 patitur,et
932 3956 1039 4012 vim
1073 3959 1334 4015 facientes
1361 3961 1620 4028 diripiunt
1652 3963 1820 4020 illud?
1851 3985 1870 4015 ι

537 4043 592 4096 3.
629 4043 770 4110 Quid
820 4061 950 4117 ergo
979 4063 1188 4114 cessas,
1239 4064 1272 4104 ο
1303 4050 1576 4120 haeretice,
1611 4055 1774 4109 etiam
1820 4056 2050 4112 Domino

467 4143 522 4188 et
553 4135 824 4192 Salvatori
856 4150 1044 4193 nostro
1072 4141 1402 4197 calumniam
1447 4143 1652 4211 facere,
1677 4147 1770 4218 qui
1819 4163 2048 4218 regnum

465 4223 753 4290 ctelormn,
807 4229 946 4296 quod
979 4231 1322 4286 credentibus
1372 4233 1426 4287 in
1461 4247 1520 4288 se
1556 4237 1911 4304 promiserat,
1951 4254 2051 4308 per

465 4319 572 4370 vim
608 4318 766 4388 diripi
812 4319 1004 4388 jubet?
1036 4324 1104 4377 Et
1150 4323 1338 4393 utique
1384 4327 1426 4383 si
1464 4328 1771 4387 adhibenda
1805 4330 1886 4386 vis
1939 4341 2046 4399 est,

464 4419 672 4463 cert-mi
711 4421 794 4466 est
825 4415 969 4482 quod
1000 4415 1404 4482 possidentibus
1440 4418 1746 4475 adhibenda
1772 4431 1876 4478 est.
1927 4419 2045 4476 Vim

462 4501 608 4558 enim
658 4504 855 4571 facere,
916 4508 1015 4562 hoc
1047 4517 1132 4564 est
1173 4511 1447 4579 expellere
1498 4511 1886 4582 possidentem,
1917 4529 2047 4585 pos-

461 4595 871 4666 sessionemque
927 4600 1183 4670 diripere.
1257 4601 1430 4658 Dicite
1487 4618 1641 4674 ergo,
1702 4605 1828 4674 quid
1893 4605 2041 4661 aliud

460 4694 543 4737 est
605 4690 746 4763 quod
811 4692 1078 4747 accusatis
1146 4693 1342 4750 fecisse
1405 4695 1591 4750 Iesum
1667 4713 2037 4754 successorem

458 4773 676 4833 Musei?
706 4781 880 4849 Atque
937 4784 1143 4838 utinam
1212 4787 1358 4858 digiti
1414 4803 1659 4844 essemus
1701 4791 1898 4859 quibus
1934 4792 2036 4847 Do-

459 4871 638 4924 minus
660 4871 816 4927 Jcsus
846 4875 1123 4943 sapientiae
1149 4891 1259 4931 sum
1288 4881 1464 4932 aulam
1505 4881 1834 4948 panderetet
1863 4883 2037 4936 intro-

457 4961 680 5016 duceret
715 4980 812 5019 nos
842 4965 979 5020 intra
1005 4969 1289 5032 thesauros
1317 4973 1563 5028 scientia:
1599 4989 1733 5038 suae,
1760 4985 1816 5028 et
1849 4989 1912 5028 ea
1965 4975 2032 5029 de

453 5050 619 5124 427
656 5056 852 5124 quibus
898 5073 1042 5113 nunc
1091 5062 1420 5129 pedetentim
1477 5080 1740 5120 conamur
1775 5075 2032 5135 tanquam

524 5147 574 5177 "‘
611 5148 812 5233 Ephesi.
846 5153 1037 5233 vt.__ii2.
1115 5156 1158 5187 ⁸⁷
1187 5157 1482 5233 ιρνὶι-νχι.
1557 5160 1601 5192 ⁸⁸
1631 5160 1831 5233 Eplies.
1874 5177 1928 5217 Vl
1991 5161 2080 5218 12.

455 5215 583 5270 Cor.
620 5215 706 5284 xv,
741 5221 825 5275 10.
903 5224 950 5255 ⁸³
983 5226 1115 5284 Luc.
1148 5242 1280 5284 ml.
1330 5231 1416 5284 11).

525 5313 849 5390 (Iudex
879 5317 1168 5389 Sangerm.
1214 5341 1234 5376 ς
1279 5335 1512 5380 terrena.
1553 5347 1573 5390 η

677 5387 841 5462 Idem,
872 5407 902 5462 Vt
935 5385 1155 5445 et'sicut
1184 5410 1279 5462 per
1311 5398 1491 5449 tubam
1530 5385 1764 5453 diccbat.
1795 5418 1814 5454 ι

526 5457 641 5525 (28)
668 5457 815 5523 Ipsa,
851 5461 1001 5515 deest
1041 5462 1093 5516 in
1130 5457 1282 5518 libris
1308 5467 1486 5532 editis,
1517 5471 1608 5524 sed
1634 5479 1812 5524 exstat
1843 5470 1894 5524 in
1930 5488 2034 5528 ms.

454 5521 744 5589 Sangernt.

526 5596 637 5666 (9.9)
667 5598 866 5674 Iraquit,
917 5603 1072 5658 deest
1108 5605 1272 5660 etiam
1322 5607 1374 5660 in
1424 5606 1574 5661 libris
1612 5611 1794 5674 editis,
1847 5628 2032 5666 verum

453 5678 630 5748 exstat
667 5671 716 5720 in
747 5675 1162 5748 tt_is.__S:tttgertn.
1185 5675 1349 5730 Paulo
1373 5686 1494 5748 post
1515 5693 1703 5734 omnes
1730 5671 1860 5734 tttss.
1890 5698 2036 5736 recte

456 5735 675 5818 babein,
714 5759 731 5789 ι
771 5740 911 5797 bello
934 5735 1070 5818 et'vi
1098 5750 1162 5802 de
1197 5735 1532 5806 cwiesiibus.
1572 5770 1591 5803 ι
1638 5748 1698 5807 ιιι
1722 5751 1851 5818 libb.
1877 5735 2037 5809 editis

452 5804 816 5874 desideratur,
849 5829 867 5863 ε
898 5814 972 5868 vi.
1009 5835 1027 5867 υ

2158 3313 2436 3383 superavit
2467 3313 2718 3383 ascripsit
2747 3313 2859 3384 (55)
2892 3327 2906 3366 :
2933 3315 3029 3367 sed
3057 3315 3297 3368 scientes
3321 3316 3462 3383 quia
3493 3315 3646 3369 Jesus
3666 3328 3734 3370 est

2159 3404 2251 3473 qui
2289 3403 2575 3457 victoriam
2611 3403 2820 3469 tribuit,
2856 3403 2954 3470 ipsi
3001 3403 3052 3455 in
3089 3403 3276 3472 lingua
3324 3420 3430 3456 sua
3479 3421 3586 3457 non
3637 3421 3731 3456 uiu-

2162 3499 2322 3552 tiunt.
2369 3497 2522 3562 Quod
2562 3497 2699 3552 bene
2744 3495 3058 3563 intelligens
3090 3495 3388 3565 Apostolus
3434 3497 3729 3552 dicebat":

2161 3608 2180 3640 ι
2214 3589 2329 3642 Non
2358 3597 2537 3643 autem
2569 3603 2694 3658 ego,
2731 3587 2825 3642 sed
2865 3587 3038 3658 gratia
3072 3588 3202 3652 Dei,
3230 3603 3360 3657 qua:
3395 3589 3455 3642 in
3489 3606 3575 3644 me
3605 3603 3730 3644 es“

2155 3681 2292 3736 Puto
2343 3692 2523 3735 autem
2555 3682 2684 3750 quia
2722 3682 2788 3733 ad
2821 3680 2924 3734 hoc
2960 3680 3186 3748 respicit
3233 3690 3291 3734 et
3351 3682 3495 3736 illud
3545 3683 3729 3737 Domini

2155 3774 2470 3828 mandatum
2511 3774 2653 3842 quod
2683 3773 2760 3825 ait
2792 3771 2838 3803 ³³
2867 3794 2879 3826 :
2912 3790 2930 3823 ι
2967 3771 3103 3827 Cum
3133 3783 3322 3827 autem
3358 3775 3614 3832 feceritis
3636 3792 3730 3831 om-

2154 3869 2242 3921 nia
2280 3867 2414 3931 lmc,
2463 3866 2630 3919 dicite
2661 3865 2785 3933 quia
2844 3863 2988 3918 servi
3049 3864 3271 3920 inutiles
3323 3884 3527 3923 sua-ns
3561 3890 3573 3923 :
3607 3871 3730 3940 quod

2153 3958 2440 4014 debuimus
2474 3957 2676 4022 facere,
2709 3953 2956 4012 fecimus.
2993 3974 3011 4007 ι
3040 3954 3107 4010 Ει
3151 3957 3205 4012 in
3248 3958 3356 4012 hoc
3399 3964 3556 4014 enim
3591 3962 3728 4013 simiii

2156 4051 2319 4105 modo
2358 4065 2538 4106 rerum
2571 4063 2832 4121 prospere
2861 4056 3140 4118 gestarum
3188 4049 3421 4105 videtur
3459 4054 3732 4123 prohibere

2145 4138 2487 4208 jactantiam.

2221 4232 2275 4286 ὅ.
2309 4231 2416 4288 Sed
2459 4230 2720 4300 Marcion,
2759 4241 2815 4286 et
2853 4229 3194 4297 Valentinus,
3219 4239 3274 4286 et
3316 4231 3612 4299 Basilides,
3635 4249 3726 4287 σε-

2153 4325 2362 4392 letique
2410 4338 2534 4378 cum
2572 4325 2704 4393 ipsis
2743 4323 3007 4388 hrcretici,
3041 4325 3169 4377 dum
3219 4324 3341 4380 btec
3367 4327 3567 4382 nolunt
3605 4329 3725 4380 sicut

2147 4426 2341 4471 saneto
2363 4415 2567 4484 Spiritu
2596 4416 2816 4485 dignum
2840 4426 2922 4471 est
2951 4416 3281 4488 intelligere,
3315 4419 3723 4474 declinaverunt

2149 4524 2178 4560 a
2215 4508 2343 4574 tide,
2376 4516 2431 4561 et
2475 4508 2827 4563 inseruerunt
2860 4523 2919 4563 se
2960 4509 3345 4577 impietatibus
3377 4512 3570 4566 multis
3602 4513 3720 4580 (Si),

2151 4601 2344 4665 alium,
2370 4599 2540 4655 Deum
2573 4600 2730 4672 legis,
2765 4609 2822 4656 et
2857 4600 3041 4658 mundi
3073 4615 3383 4658 creatorem
3407 4620 3478 4660 ac
3502 4604 3722 4673 judicent

2148 4689 2510 4759 proferentes,
2539 4693 2684 4748 velut
2717 4708 2812 4763 per
2849 4693 2964 4751 hsce
3009 4709 3129 4764 quae
3158 4696 3368 4765 scripta
3405 4706 3571 4760 sunt,
3613 4710 3721 4749 eru-

2147 4785 2423 4840 delitatem
2465 4788 2755 4856 quamdam
2787 4788 3107 4853 docentem,
3164 4788 3312 4855 quod
3364 4791 3584 4843 calcare
3638 4790 3719 4840 lio-

2149 4880 2316 4933 stiunt
2366 4880 2607 4935 cervices
2632 4881 2911 4948 jubentur,
2933 4891 3096 4950 atque
3129 4881 3182 4935 in
3217 4881 3367 4952 ligno
3399 4883 3717 4950 suspendere

2148 4986 2303 5040 reges
2344 4980 2504 5026 terra:
2545 4973 2708 5039 illius,
2743 4987 2907 5040 quam
2938 4972 3211 5027 violenter
3237 4975 3525 5030 invadunt.
3551 4976 3716 5042 Atqu

2147 5066 2352 5119 utinam
2396 5066 2661 5122 Dominus
2695 5084 2848 5123 meus
2877 5067 3038 5124 Jesus
3073 5068 3246 5124 Filius
3294 5071 3386 5124 Dei
3428 5070 3713 5126 mihiistnd

2161 5163 2206 5196 δ’
2255 5163 2390 5232 ibid.
2501 5164 2547 5196 ⁸ο
2578 5164 2769 5232 Matth.
2805 5182 2884 5234 xu,
2920 5166 3009 5220 12.
3115 5165 3157 5196 ¹¹
3205 5163 3322 5220 Jos.
3358 5183 3416 5229 ι,
3454 5165 3543 5230 Sl.
3615 5161 3710 5220 ’Ἰ

2221 5324 2889 5429 GR)
2926 5350 2946 5386 ι
2976 5333 3316 5389 daemonicis.
3341 5353 3362 5386 ι

2231 5403 2318 5466 51)
2349 5403 2516 5467 Idem,
2551 5420 2568 5453 ι
2597 5404 2763 5455 atltlil.
2789 5422 2806 5454 ο

2231 5411 2318 5466 51)
2349 5411 2516 5467 Idem,
2551 5420 2568 5453 ι
2597 5411 2763 5455 addit.
2789 5422 2806 5454 ο

2207 5411 2318 5543 152)
2351 5474 2551 5544 Omnes
2584 5488 2741 5536 ωδε..
2783 5473 3088 5544 tjactavit,
3128 5493 3146 5528 ι
3187 5473 3345 5528 Libb.
3390 5473 3546 5535 editi,
3577 5471 3702 5542 ej:-

2135 5554 2263 5595 CIaI.
2297 5563 2313 5594 ι

2205 5613 2570 5694 (55).Οιιιηθε
2615 5630 2790 5690 uiss.,
2849 5631 2868 5666 ι
2914 5615 3190 5686 ascripsit.
3248 5633 3269 5668 ι
3326 5614 3475 5668 Libb.
3528 5611 3698 5676 editi,

2140 5702 2157 5734 ί
2563 5756 2880 5838 Sangerm.,
2919 5776 2940 5811 ι
2961 5757 3244 5819 doloribus
3276 5756 3467 5810 multis.
3491 5773 3515 5808 ι
