3874 6502
142 347 243 403 889

1090 351 1160 408 IN
1198 352 1459 410 LIBRUM
1499 352 1665 411 JESU
1705 354 1895 411 NAVE
1932 354 2216 411 IIOMILIA
2251 353 2386 410 XIII.

3291 355 3395 413 890

141 468 440 535 concedat,
474 477 532 524 et
572 470 764 540 jubeat
798 486 885 527 me
940 475 1167 544 pedibus
1225 478 1363 533 meis
1394 478 1715 534 conculcare
1743 483 1791 539 Α
1818 479 2064 549 singulas
2104 490 2352 547 quasque
2393 475 2681 540 civitates,
2724 490 2871 531 nunc
2919 476 2970 531 in
3022 475 3252 532 veritate
3299 491 3395 547 per

143 561 392 627 spiritum
444 560 845 631 Iornicationis,
881 560 935 621 et
992 570 1209 624 calcare
1264 586 1430 641 super
1468 576 1713 628 cervices

142 650 361 717 Spiritus
396 650 693 709 iracundite
718 665 771 709 et
801 656 1019 724 furoris,
1063 660 1279 715 calcare
1327 664 1572 718 avaritia:
1606 665 1714 718 da:-

142 757 370 805 munem,
398 744 613 800 calcare
656 747 1000 818 iactantiam,
1044 764 1333 808 conterere
1363 756 1587 824 pedibus
1617 772 1711 810 su-

140 834 333 904 perbiae
358 835 610 903 spirituum
641 857 653 892 :
688 851 743 894 et
772 856 903 895 cum
948 845 1060 898 haec
1107 844 1307 911 fecero,
1351 848 1533 916 operis
1573 849 1709 918 gesti

140 942 420 993 summam,
455 945 563 985 non
609 933 765 998 mihi,
801 937 895 989 sed
937 943 1085 993 cruci
1123 939 1240 1009 ejus
1270 942 1600 1011 appendere,
1631 958 1713 999 se-

137 1018 316 1086 quenti
347 1018 574 1075 Paulum
621 1024 892 1081 dicentem
925 1028 995 1093 5‘,
1025 1032 1149 1099 quia
1182 1046 1277 1099 per
1313 1033 1486 1102 ipsum
1528 1052 1545 1084 ι
1576 1035 1707 1088 mihi

138 1112 362 1165 mundus
400 1114 701 1170 cruciﬁxus
738 1127 852 1183 est,
889 1138 908 1171 ι
958 1130 1012 1174 et
1044 1137 1105 1175 ea
1146 1137 1268 1191 quae
1301 1125 1413 1191 jam
1458 1125 1708 1194 superius

135 1206 549 1259 memoravimus
589 1209 733 1277 quod
775 1211 958 1264 ait":
990 1230 1007 1263 ι
1035 1212 1150 1267 Non
1196 1225 1377 1271 autem
1421 1232 1521 1288 ego
1547 1257 1562 1281 ,
1611 1219 1704 1272 sed

132 1299 301 1365 gratia
334 1298 450 1364 Dei,
484 1314 604 1369 quae
632 1302 686 1355 in
714 1316 799 1356 me
832 1314 933 1360 est.
973 1324 992 1357 ι
1026 1307 1180 1374 Quod
1210 1312 1253 1364 si
1285 1311 1354 1364 ita
1384 1311 1565 1366 facere
1594 1327 1708 1366 me-

133 1403 306 1455 ruero,
342 1389 535 1445 beatus
556 1406 672 1455 ero,
699 1402 753 1447 et
788 1396 1003 1450 dicetur
1026 1400 1190 1453 etiam
1219 1400 1373 1465 mihi,
1408 1402 1549 1471 quod
1574 1402 1706 1456 dicit

131 1481 361 1550 antiquis
381 1481 539 1537 Jesns
564 1485 610 1517 '°
638 1503 651 1538 :
690 1504 709 1537 ι
750 1486 998 1543 Viriliter
1026 1493 1191 1561 agite.
1218 1502 1271 1546 et
1294 1493 1701 1560 confortamini,

132 1590 233 1627 non
269 1575 506 1631 timentis
531 1617 546 1643 ,
581 1594 681 1631 nec
716 1584 1013 1637 vereamini
1058 1600 1086 1637 a
1130 1584 1269 1639 facie
1302 1602 1489 1641 eorum
1515 1626 1535 1652 ,
1573 1591 1702 1657 quia

128 1666 381 1722 Dominus
408 1668 552 1724 Deus
583 1672 803 1724 tradidit
824 1675 981 1729 vobis
1000 1692 1188 1731 omnes
1215 1679 1464 1734 inimicos
1490 1690 1702 1737 vestros

128 1759 177 1813 in
206 1774 413 1816 manus.
448 1779 467 1813 ι
503 1762 627 1818 llaec
659 1766 701 1819 si
735 1766 1056 1834 spiritaliter
1090 1770 1475 1842 intelligamus,
1512 1784 1567 1829 et
1598 1775 1699 1827 hu-

121 1850 415 1921 juscemodi
465 1854 605 1908 bella
632 1857 951 1925 spiritaliter
978 1877 1355 1930 procuremus,
1382 1875 1437 1919 et
1464 1867 1700 1935 expella-

130 1958 241 1997 mus
262 1944 445 1998 omnia
474 1946 559 1999 illa
583 1949 845 2016 spiritalia
879 1953 1135 2019 nequitiae
1175 1955 1240 2007 de
1271 1955 1604 2024 cmlestibus,
1627 1960 1699 2014 ita

127 2035 327 2088 demum
352 2040 656 2104 poterimus
683 2041 846 2095 etiam
875 2043 989 2097 loca
1023 2054 1075 2097 et
1105 2061 1268 2115 regna
1299 2047 1541 2115 ipsorum
1579 2065 1699 2119 qua:

123 2138 244 2183 sunt
268 2130 533 2185 ctelorum
569 2149 732 2202 regna
783 2135 898 2205 (35)
930 2138 997 2191 ah
1024 2136 1150 2193 Jesu
1184 2140 1517 2196 Ilzereditatis
1549 2153 1697 2197 sorte

125 2218 417 2288 suscipere,
468 2232 765 2286 praestante
817 2226 1051 2282 Domino
1090 2238 1146 2283 et
1194 2229 1479 2285 Salvatnre
1507 2241 1698 2288 nostro

121 2307 240 2365 Iesu
272 2309 516 2374 Christo,
549 2313 637 2366 cui
688 2324 772 2368 est
819 2317 993 2385 gloria
1040 2328 1094 2373 et
1139 2319 1427 2391 imperium
1475 2323 1589 2396 (56)
1639 2324 1693 2378 in

123 2401 304 2456 saecula
340 2404 691 2459 szeculornm.
733 2407 925 2461 Amen.

675 2517 956 2573 IlOlIlLIA
999 2519 1135 2575 XIII.

120 2603 191 2659 De
218 2604 425 2676 Larhis,
460 2618 509 2663 et
544 2608 743 2673 chua,
782 2618 921 2685 et‘ge
951 2611 1189 2685 Chebron
1212 2613 1535 2685 civitatibus,
1561 2631 1692 2685 quas

518 2693 764 2748 ceperunt
802 2682 912 2753 (57)
945 2683 1048 2749 ﬁlii
1088 2682 1279 2737 Israel.

187 2770 236 2823 l.
266 2786 286 2820 ε
314 2768 443 2825 Haec
470 2772 676 2837 omnia,
707 2788 830 2841 quae
860 2774 1164 2844 ﬁguraliter
1208 2775 1528 2830 accidebant
1562 2777 1688 2845 illis,

126 2862 312 2931 scripta
342 2872 475 2916 sunt
502 2875 681 2918 autem
719 2877 940 2934 propter
973 2884 1070 2921 nos
1108 2868 1159 2922 in
1185 2882 1321 2937 quos
1358 2868 1492 2924 ﬁnes
1520 2884 1692 2924 saccu-

118 2952 276 3007 lorum
312 2954 422 3025 (58)
463 2957 798 3011 devenerunt
822 2959 888 3011 ⁵⁷.
931 2978 948 3011 ι
982 2959 1115 3014 Cmn
1149 2961 1277 3030 legit
1303 2961 1346 3015 is
1372 2962 1461 3031 qui
1495 2962 1546 3015 in
1572 2978 1690 3016 ma—

120 3047 301 3100 nifesto
331 3046 555 3103 Judzeus
595 3060 717 3115 est,
772 3060 826 3105 et
883 3053 973 3121 qui
1032 3053 1375 3109 manifestam
1431 3054 1593 3110 habet
1635 3058 1686 3112 in

1815 572 2062 640 singulas
2112 584 2359 640 quasque
2407 570 2617 623 animas
2651 568 2995 623 credentium
3026 570 3299 640 complet:
3331 577 3393 625 ut

1814 676 1935 732 quae
1963 660 2131 733 428
2162 662 2579 731 possidebantur
2607 678 2635 716 a
2678 664 2835 717 malis
2871 673 2925 717 et
2958 662 3210 732 pessimis
3239 662 3392 731 regi-

1813 755 1913 809 bus
1957 756 2257 810 secundum
2300 756 2596 825 principem
2630 760 2773 812 aeris
2806 758 2993 811 mundi
3041 758 3222 826 hujus.
3275 755 3391 823 spi-

1815 845 1953 921 ritus
1981 846 2073 913 qui
2116 862 2259 901 nunc
2301 857 2562 916 operatur
2611 849 2662 902 in
2722 848 2864 903 ﬁlios
2918 848 3244 911 diﬁidentize,
3299 862 3389 903 ex-

1812 936 1980 1006 pulsis
2008 937 2073 991 iis
2104 948 2156 991 et
2194 940 2493 1008 peremptis
2516 979 2531 1002 ,
2566 938 2746 993 facere
2779 956 2871 993 eas
2896 940 3148 1009 dignetur
3176 940 3387 994 habita-

1810 1033 1996 1081 culum
2035 1027 2131 1082 Dei
2160 1028 2273 1100 (59)
2305 1068 2321 1094 ,
2375 1039 2428 1083 et
2477 1032 2651 1084 sancti
2696 1031 2932 1098 Spiritus
2977 1032 3278 1101 templum:
3328 1041 3389 1085 ut

1810 1117 2055 1171 membra
2096 1133 2216 1185 qua:
2246 1120 2555 1173 servierant
2594 1118 2695 1173 sub
2732 1134 2861 1186 rege
2893 1120 3078 1187 iniquo
3118 1117 3387 1186 iniquitati

1808 1210 1874 1262 ad
1914 1210 2342 1275 immunditiam,
2367 1227 2511 1265 nunc
2553 1211 2795 1264 serviant
2833 1209 3059 1277 justitite
3086 1211 3152 1263 ad
3184 1209 3389 1263 sancti-

1807 1301 2139 1356 licationem.
2185 1302 2275 1357 Sic
2307 1318 2435 1372 ergo
2464 1303 2707 1371 intellige
2748 1304 2897 1371 quod
2927 1300 3205 1355 interfecit
3228 1298 3389 1356 Iesus

1807 1408 1987 1463 regem
2013 1393 2259 1459 Jericbo,
2313 1405 2369 1449 et
2424 1411 2606 1465 regem
2642 1394 2765 1458 llai,
2790 1404 2842 1448 et
2881 1408 3059 1463 regem
3090 1391 3295 1454 Lehua,
3331 1399 3390 1446 et

1805 1500 1989 1553 regem
2021 1486 2242 1549 Lachis,
2293 1497 2348 1541 et
2392 1503 2573 1557 regem
2608 1488 2885 1553 Chebron,
2929 1495 2987 1539 ut
3035 1485 3149 1537 istae
3198 1498 3389 1539 omnes

1805 1576 2003 1631 anima:
2048 1593 2172 1646 qua:
2206 1586 2332 1633 ante
2360 1578 2461 1632 suh
2501 1580 2715 1647 regibus
2760 1578 3011 1648 pessimis
3034 1576 3146 1647 (40)
3178 1575 3386 1646 peccati

1805 1666 1976 1737 legem
2009 1668 2294 1735 colebant,
2324 1687 2469 1725 nunc
2500 1673 2602 1725 sub
2636 1671 2726 1725 Dei
2760 1670 2968 1739 legibus
2998 1678 3185 1739 agant.

1875 1763 1911 1814 2
1965 1761 2072 1816 Sed
2105 1770 2157 1816 et
2183 1764 2247 1817 de
2270 1764 2403 1833 ipsis
2431 1763 2971 1833 interpretationibus
3009 1763 3312 1825 nominum,
3339 1762 3383 1816 si

1804 1854 2077 1909 curiosius
2124 1870 2188 1909 ac
2232 1855 2547 1925 diligentius
2591 1866 3028 1927 pcrscrutemur,
3075 1855 3387 1908 invenietur

1803 1946 2133 2016 signiﬁcatio
2160 1945 2270 2017 (41)
2300 1948 2577 2001 nominum
2610 1964 2753 2003 nunc
2778 1949 2842 2002 ad
2879 1949 3005 2002 mali
3034 1948 3206 2017 regni,
3241 1961 3385 2001 nunc

1801 2039 1967 2091 etiam
1995 2036 2062 2091 ad
2091 2037 2220 2091 boni
2253 2038 2668 2108 intelligentiam
2695 2056 2850 2109 posse
2874 2040 3134 2094 conferri.
3166 2039 3230 2093 Ut
3252 2050 3383 2108 puta

1801 2128 1987 2183 Lebna
2014 2130 2214 2183 candor
2245 2130 2638 2200 interpretatur
2661 2132 2799 2201 (42).
2846 2130 3064 2187 Candor
3095 2140 3271 2185 autem
3303 2131 3382 2183 di-

1800 2236 1959 2275 verse
2007 2221 2352 2291 intelligitur.
2400 2222 2496 2276 Est
2533 2223 2677 2276 etiim
2727 2225 2933 2277 candor
2974 2225 3160 2292 leprze,
3194 2231 3278 2277 est
3326 2228 3383 2277 et

1799 2315 2009 2368 candor
2028 2312 2186 2366 lucis.
2205 2312 2467 2367 Possibile
2488 2327 2617 2380 ergo
2644 2323 2726 2367 est
2753 2315 2917 2368 etiam
2944 2314 3179 2368 nominis
3214 2315 3384 2382 ipsius

1800 2406 2281 2475 interpretatione,
2318 2405 2603 2474 utriusque
2652 2415 2827 2459 status
2877 2404 3211 2460 diﬁerentias
3242 2406 3384 2461 indi-

1797 2501 1931 2565 carl,
1976 2507 2032 2551 ut
2077 2498 2375 2551 candorem
2424 2496 2645 2565 quidem
2700 2497 2862 2563 lepra:
2903 2497 3153 2551 habuerit
3194 2498 3380 2553 Lebna

1796 2590 1895 2642 sub
1933 2590 2151 2658 regibus
2180 2588 2338 2641 malis
2376 2608 2387 2642 :
2429 2604 2538 2656 quo
2587 2588 2867 2640 destructo
2924 2596 3086 2656 atque
3143 2603 3377 2656 everso,

1794 2696 1916 2734 cum
1953 2682 2020 2734 ad
2057 2678 2418 2734 lsraeliticum
2449 2692 2671 2747 regnum
2704 2679 2949 2746 pervenit
2987 2678 3171 2732 Lebna
3196 2718 3210 2742 ,
3244 2693 3379 2733 can-

1794 2773 1982 2826 dorem
2019 2773 2154 2828 lucis
2188 2773 2487 2841 acceperit,
2523 2772 2649 2840 quia
2676 2774 2879 2825 candor
2911 2771 2961 2824 in
2994 2771 3295 2840 Scripturis
3324 2780 3379 2825 et

1795 2867 2082 2922 laudabilis
2115 2875 2170 2921 et
2200 2864 2490 2934 culpabilis
2523 2865 2758 2932 ponitur.
2811 2864 2876 2917 Et
2922 2864 3115 2917 iterum
3180 2864 3379 2918 Lachis

1795 2960 2183 3033 interpretatur
2220 2962 2324 3013 iter
2366 2958 2501 3031 (45).
2538 2959 2643 3013 lter
2675 2966 2857 3012 autem
2904 2966 2958 3013 et
3005 2956 3275 3011 laudabile
3320 2965 3377 3010 et

1792 3052 2063 3122 culpabile
2094 3054 2147 3106 in
2183 3050 2484 3120 Scripturis
2534 3049 2782 3104 habetur.
2835 3049 2987 3116 Quod
3023 3050 3237 3103 dillicile
3267 3064 3374 3103 non

119 3152 272 3192 carne
301 3140 809 3207 circumcisionem,
846 3146 1094 3200 nesciens
1121 3147 1250 3213 quid
1281 3147 1349 3201 sit
1388 3147 1438 3200 in
1474 3148 1687 3203 occulto
1715 3167 1761 3229 α
1794 3154 1873 3200 est
1907 3144 2159 3213 probare,
2196 3144 2337 3199 sicut
2375 3142 2575 3197 dicitur
2610 3143 2664 3197 in
2718 3142 2950 3197 Psalmis
2990 3142 3035 3174 δ’
3066 3159 3079 3195 :
3118 3159 3135 3191 ι
3173 3141 3237 3195 Et
3273 3142 3376 3195 iter

119 3244 226 3283 esse
267 3230 515 3286 Judaeum
552 3234 606 3288 in
639 3234 1061 3289 circumcisione
1097 3237 1315 3299 cordis,
1368 3237 1500 3290 nihil
1541 3238 1685 3293 aliud

118 3331 256 3392 putat
285 3338 405 3379 esse
436 3325 543 3379 nisi
578 3325 715 3380 bella
742 3328 1039 3397 descripta,
1063 3336 1116 3382 et
1141 3328 1393 3383 interitus
1420 3328 1681 3392 Ιιοειίιιιη,

118 3422 164 3469 et
211 3414 486 3471 Israelitas
536 3418 674 3471 duce
721 3417 851 3474 Jesu
903 3421 1201 3485 vincentes,
1257 3431 1313 3475 et
1364 3421 1686 3490 diripientes

116 3506 339 3572 gentium
375 3523 570 3576 regna.
601 3511 701 3576 Qui
747 3526 876 3564 vero
912 3512 962 3564 in
1010 3512 1227 3565 occulto
1256 3510 1473 3567 .Indrcns
1500 3522 1604 3575 est,
1632 3513 1684 3567 id

116 3606 187 3649 est
216 3596 582 3663 Christianus,
633 3601 724 3668 qui
777 3600 963 3655 Jesum
1014 3617 1117 3655 non
1167 3613 1272 3656 tam
1323 3603 1496 3657 ﬁlium
1536 3604 1685 3659 Nave

115 3703 259 3756 quam
292 3690 499 3744 Filium
550 3692 638 3746 Dei
679 3695 957 3761 sequitur,
1016 3694 1129 3749 haec
1190 3696 1369 3749 omnia
1428 3697 1682 3767 mysteria

116 3780 351 3851 intelligit
396 3799 527 3839 esse
577 3787 725 3854 regni
770 3786 1054 3851 Helorum,
1092 3797 1145 3841 et
1184 3789 1313 3841 dicit
1351 3790 1476 3857 quia
1515 3789 1681 3841 etiam

120 3889 248 3930 nunc
303 3877 569 3931 Dominus
608 3894 759 3931 meus
788 3877 945 3934 Jesns
976 3880 1225 3935 Christus
1275 3881 1437 3935 hellat
1490 3885 1684 3937 adver-

118 3982 223 4021 sam
251 3971 483 4025 virtutes
517 3973 848 4035 contrarias,
882 3982 937 4025 et
967 3972 1115 4041 rjieit
1142 3990 1234 4027 eas
1276 3976 1342 4028 de
1371 3975 1683 4031 civitatibus

118 4074 241 4127 quas
276 4064 667 4131 possidebant,
708 4065 759 4117 id
799 4074 882 4118 est
915 4066 981 4119 de
1016 4066 1298 4121 animabus
1336 4068 1574 4133 nostris;
1628 4078 1685 4123 et

120 4153 357 4208 interﬁcit
391 4170 552 4225 reges
585 4157 675 4224 qui
714 4160 1015 4225 regnabant
1056 4159 1106 4211 in
1138 4159 1427 4214 animabus
1459 4162 1679 4225 nostris,

118 4259 177 4297 ne
210 4247 343 4299 ultra
373 4258 567 4318 regnet
596 4250 647 4302 in
675 4250 830 4304 nobis
862 4258 1147 4318 peccatum
1188 4268 1201 4303 :
1235 4260 1293 4303 ut
1319 4264 1677 4322 posteaquam

117 4333 437 4393 interemerit
478 4354 661 4408 regem
702 4340 905 4408 peccati
947 4342 1014 4394 de
1060 4341 1279 4396 civitate
1319 4344 1517 4397 anima:
1577 4359 1679 4397 uo-

123 4439 256 4493 strm,
291 4432 383 4486 ﬁat
417 4433 598 4486 anima
631 4443 817 4486 nostra
855 4433 1044 4486 civitas
1086 4432 1203 4496 Dei,
1238 4443 1291 4487 et
1315 4443 1500 4503 rcgnct
1536 4437 1588 4489 in
1615 4453 1676 4491 ea

1793 3236 2084 3305 impiorum
2134 3236 2355 3304 peribit.
2389 3254 2407 3287 ι
2444 3234 2513 3287 Ει
2558 3235 2687 3288 alibi
2737 3234 3053 3287 econtrario
3087 3234 3131 3265 ‘°
3163 3250 3177 3287 :
3214 3253 3232 3284 ι
3266 3231 3375 3297 lter

1792 3338 1999 3383 rectum
2035 3326 2199 3381 facile
2228 3326 2455 3394 pedibus
2479 3327 2733 3381 vestris.»
2766 3326 2948 3379 Potest
2976 3341 3109 3394 ergo
3141 3324 3372 3393 intelligi

1789 3421 1958 3473 etiam
1996 3420 2106 3482 hic,
2141 3419 2285 3488 quod
2314 3419 2417 3473 iter
2453 3420 2740 3487 impiorum
2782 3418 2944 3472 fuerit
2976 3420 3149 3486 primo
3173 3417 3372 3469 civitas

1789 3506 1987 3562 Lachis
2022 3522 2036 3559 :
2081 3522 2191 3579 quo
2220 3509 2498 3561 destructo
2521 3517 2683 3575 atque
2707 3508 2989 3572 subverso,
3028 3505 3369 3573 postmodum

1790 3599 2050 3653 Israelitis
2088 3600 2443 3667 regnantibus
2491 3598 2555 3651 ad
2606 3600 2705 3652 iter
2737 3603 2994 3666 perducta
3026 3598 3099 3651 sit
3134 3607 3365 3651 rectum.

1789 3692 2058 3747 Similiter
2094 3700 2273 3746 autem
2312 3701 2367 3744 et
2404 3690 2679 3753 Chebron,
2712 3705 2875 3758 quam
2908 3689 3253 3758 interpretari
3282 3689 3367 3742 di-

1786 3795 1916 3840 cunt
1941 3766 2365 3852 conjunctionem
2403 3782 2487 3835 vel
2537 3782 2841 3850 conjuginm
2880 3780 3012 3851 (44).
3040 3779 3367 3846 Conjunctio

1786 3893 1917 3932 vero
1947 3878 2143 3930 anima:
2174 3886 2376 3929 nostrae
2453 3874 2555 3927 fuit
2596 3876 2772 3942 primo
2802 3889 2923 3927 eum
2959 3874 3101 3925 malo
3142 3873 3279 3935 viro,
3312 3877 3368 3924 et

1788 3972 1987 4023 marito
2019 3968 2257 4037 pessimo
2287 3966 2505 4020 diabolo
2532 3984 2543 4020 :
2570 3980 2676 4034 quo
2696 3967 2973 4019 deStructo
2994 3973 3048 4017 et
3068 3963 3362 4026 exstincto,

1785 4060 2013 4113 liberata
2067 4067 2153 4113 est
2204 4058 2383 4112 anima
2420 4057 2531 4128 (45)
2564 4074 2593 4109 a
2636 4058 2749 4126 lege
2798 4056 2997 4125 prioris
3039 4063 3094 4109 et
3142 4053 3360 4124 pessimi

1785 4153 1911 4215 viri,
1942 4162 1997 4207 et
2026 4152 2318 4221 conjuncta
2351 4162 2434 4207 cst
2462 4152 2575 4204 viro
2606 4152 2744 4204 bono
2777 4160 2831 4204 et
2869 4150 3129 4217 legitimo,
3157 4147 3258 4211 illi,
3291 4147 3359 4200 de

1785 4261 1891 4315 quo
1940 4246 2072 4299 dicit
2116 4245 2395 4313 apostolus
2428 4244 2629 4299 Paulus
2653 4244 2696 4275 ⁶¹
2728 4260 2741 4296 :
2779 4262 2796 4295 ι
2836 4242 3011 4296 Statui
3049 4251 3230 4294 autem
3266 4256 3363 4296 vos

1787 4340 1875 4391 uni
1912 4340 2029 4391 viro
2074 4338 2341 4406 virginem
2377 4346 2584 4389 castam
2638 4335 2898 4388 exhibere
2929 4334 3169 4386 Christo.
3209 4350 3229 4384 ι
3268 4330 3363 4388 Sic

1785 4447 1914 4501 ergo
1961 4431 2124 4485 etiam
2185 4429 2461 4482 nominum
2499 4429 2739 4497 ipsorum
2779 4426 3131 4494 intelligentia
3166 4425 3231 4478 ad
3264 4440 3361 4494 ge-

118 4520 264 4587 lleus,
287 4534 339 4577 et
366 4526 584 4579 dicatur
611 4527 675 4579 ad
708 4542 807 4581 nos
832 4527 883 4557 ⁵⁸
905 4566 919 4593 ,
956 4528 1081 4595 quia
1131 4546 1149 4577 ι
1175 4543 1300 4582 ecce
1330 4545 1553 4599 regnum
1586 4533 1677 4586 Dei
1715 4516 1758 4579 1)
1787 4525 1991 4579 iniuutn
2043 4522 2188 4577 hunc
2218 4521 2646 4590 uniuscujusque
2680 4521 2918 4574 civitatis
2951 4529 3213 4574 consonat
3244 4528 3359 4572 sta-

117 4613 237 4667 intra
274 4633 365 4672 vos
395 4630 500 4673 est.
539 4637 557 4670 ι
595 4617 689 4672 Est
711 4634 840 4688 ergo
873 4634 1007 4689 opus
1031 4635 1253 4675 sutnmre
1286 4622 1678 4679 misericordia:

116 4704 205 4759 huc
232 4711 368 4777 quod
414 4711 654 4765 hmrctici
700 4712 1040 4767 crudelitatis
1091 4724 1372 4776 accusant,
1398 4716 1542 4783 quod
1575 4716 1677 4769 Do-

116 4802 275 4856 minus
319 4802 479 4857 Jesus
530 4806 911 4859 adumbratum
962 4806 1114 4876 prius
1161 4822 1189 4859 a
1234 4806 1343 4861 ﬁlio
1392 4808 1538 4863 Nave
1577 4824 1675 4879 per

176 4915 348 4988 Gal.
382 4935 452 4981 vt,
488 4919 576 4978 Η,
686 4920 914 4976 "lCor.
952 4938 1050 4988 xv,
1092 4923 1173 4974 I0.

114 4984 153 5015 ‘°
183 4987 333 5043 llebr.
358 5006 455 5053 χιι,
489 4991 575 5044 I5.
651 4992 692 5023 ⁶¹
726 4990 764 5045 Il
793 4992 917 5047 Cor.
953 4984 1109 5055 με.

178 5082 281 5150 (55)
312 5084 443 5149 Qua:
478 5096 598 5139 sunt
625 5088 868 5140 aptorum
914 5104 1095 5156 regna.
1139 5088 1264 5141 llmc
1295 5089 1489 5143 desunt
1524 5090 1577 5144 in
1611 5090 1673 5145 Ii-

115 5152 221 5225 bris
244 5164 405 5225 antea
445 5158 627 5217 editis,
661 5160 751 5209 sed
785 5152 1035 5225 leguntur
1068 5160 1117 5211 in
1155 5160 1409 5212 omnibus
1437 5177 1571 5214 mss.

178 5224 281 5293 (36;
304 5223 465 5299 illius
488 5230 656 5280 codex
685 5223 898 5282 Ebroic.
929 5237 1049 5297 post
1075 5248 1092 5281 ι
1123 5231 1413 5299 imperium
1442 5249 1460 5280 ι
1498 5232 1669 5294 addit,

120 5308 137 5341 α
161 5308 268 5345 cum
301 5293 503 5363 Spiritu
543 5310 753 5353 sancto.
782 5317 801 5350 ι

178 5363 282 5432 (37)
312 5367 492 5420 Codex
528 5367 813 5440 Sangerm.
845 5408 859 5433 ,
904 5388 921 5421 ι
952 5378 1234 5439 ceperunt.
1262 5387 1283 5421 ι
1327 5369 1481 5425 Lihb.
1511 5370 1668 5436 editi,

118 5448 136 5483 ε
163 5447 488 5501 receperunt.
514 5459 533 5490 ι

179 5502 281 5571 ε58)
314 5507 452 5559 ldctn
484 5526 609 5575 tns.,
646 5528 665 5560 «
691 5512 893 5564 saeculi.
921 5529 939 5562 ι

182 5574 282 5647 (51))
309 5578 507 5647 ()tnnes
528 5596 680 5645 mss.,
719 5600 736 5632 ‹
766 5583 875 5637 Dei.
904 5601 922 5633 ›
958 5581 1111 5636 Lihb.
1147 5582 1297 5647 editi,
1324 5601 1343 5633 ι
1373 5582 1512 5635 lidei.
1542 5604 1559 5635 ι

183 5644 283 5717 (40)
322 5645 471 5701 Unus
521 5644 899 5721 Ehroicensis,
938 5672 954 5702 ι
991 5664 1045 5705 ut
1072 5652 1157 5705 isti
1191 5644 1379 5707 (mines
1410 5656 1498 5721 qui
1540 5662 1665 5706 ante

116 5709 277 5796 lesuni
307 5728 358 5795 et
393 5733 574 5788 regem
606 5720 702 5777 Gai
762 5734 816 5776 et
866 5709 1044 5792 regem
1089 5721 1269 5778 Lehna
1309 5709 1663 5795 sub-regibus

117 5796 365 5848 pessimis.
390 5806 408 5839 ι

1286 4923 1332 4953 ⁵⁸
1367 4922 1478 4978 Jos.
1516 4941 1571 4990 χ,
1605 4925 1696 4981 25.

1788 4626 1838 4670 Ill
1848 4632 1919 4669 Ill.

1856 4723 1909 4776 5.
1940 4721 2051 4793 Ego
2081 4732 2212 4793 puto
2244 4722 2388 4792 quod
2447 4721 2525 4775 sic
2566 4721 2759 4776 melius
2808 4729 2892 4775 est
2944 4719 3167 4790 intelligi
3221 4718 3356 4772 bella

1783 4813 2102 4878 Israelitica,
2138 4824 2189 4866 et
2227 4812 2370 4882 quod
2404 4814 2483 4866 sic
2518 4812 2709 4866 melius
2740 4812 2972 4880 prteliari
3018 4810 3176 4866 Jesus
3202 4821 3360 4879 pute-

1778 4926 1821 4957 ⁵⁷
1872 4925 1887 4977 l
1935 4923 2065 4979 Cor.
2121 4940 2196 4989 χ,
2240 4929 2327 4982 Η.
2404 4925 2604 4979 "Luc.
2634 4940 2766 4989 xvn,
2808 4926 2899 4978 21.
2980 4926 3026 4957 ⁸⁸
3054 4926 3193 4983 Psal.
3228 4942 3268 4993 ι,
3297 4926 3353 4980 6.

1851 5092 2175 5175 (illnCodegt
2202 5090 2510 5162 Sangertn.,
2542 5110 2561 5143 ι
2587 5092 2931 5161 signiﬁcatio.
2963 5110 2981 5143 ι
3010 5090 3166 5147 Lihb.
3199 5094 3349 5159 editi,

1781 5178 1803 5215 ι
1830 5167 2216 5221 signiﬁcantia.
2245 5180 2262 5212 ι

1848 5233 1958 5303 (4'2)
1997 5230 2173 5284 Lebna
2220 5233 2420 5284 candor
2467 5234 2859 5299 interpretatur.
2902 5235 2942 5288 Α
2984 5220 3075 5321 p5
3122 5252 3139 5284 ε
3165 5233 3346 5287 album

1775 5322 1959 5442 Chiis;
1996 5369 2183 5424 anhis
2211 5371 2588 5438 interpretatur
2611 5372 2727 5426 iter.
2750 5372 2832 5427 Ab
2858 5355 2948 5454 ’(³7⁷
2984 5393 3002 5425 ‹
3032 5374 3137 5427 iter
3158 5373 3341 5427 fecit.)

1850 5462 1960 5534 (44)
1993 5462 2419 5534 Chebronmuam
2452 5463 2786 5527 interpretari
2809 5464 3344 5531 dicunt,conjunctio—

1780 5533 1893 5587 nem
1926 5533 2000 5588 vel
2036 5533 2359 5603 coniugium.
2394 5534 2475 5603 Ah
2517 5543 2637 5593 ἾΞΠ
2666 5551 2685 5583 ι
2709 5534 3061 5599 conjunctns,
3101 5534 3345 5587 sociatus

1778 5615 1952 5755 εᾟέ)
1983 5674 2195 5736 Anima,
2235 5673 2387 5755 deest
2421 5674 2471 5725 in
2503 5669 2632 5729 libb.
2673 5672 2832 5727 editis
2859 5713 2874 5739 ,
2914 5674 3007 5728 sed
3054 5672 3250 5744 legitur
3277 5674 3337 5732 in

1770 5764 1869 5802 ms.
1906 5749 2387 5817 Sangertnanensi,
