3874 6516
467 339 568 399 891

1935 337 2256 396 ORIGENlS

469 472 581 528 tur,
612 470 666 517 et
699 461 981 518 destruere
1027 462 1213 528 urbes,
1249 475 1313 516 ac
1365 475 1531 533 regna
1583 464 1922 520 subvertere.
1957 462 2049 518 Sic
2079 467 2124 523 Α
2153 471 2328 516 strum
2353 498 2370 525 ,
2411 467 2466 514 et
2501 472 2687 514 muros
2738 456 2992 513 elationis
3031 464 3382 512 exstruxerat
3433 456 3548 526 (5‘2)
3583 458 3721 515 :bzc

471 556 618 609 enim
661 563 716 610 et
751 553 880 607 illud
910 553 1114 607 dictum
1157 553 1469 623 religiosius
1501 562 1556 608 et
1589 553 1910 609 clementius
1933 552 2048 625 (4.6)

472 647 779 716 apparebit,
811 647 954 715 quod
997 645 1199 699 dicitur
1231 645 1307 698 ita
1343 645 1675 700 subvertisse
1721 654 1774 701 et
1803 655 2048 700 vastasse

472 738 717 808 singulas
739 752 985 808 quasque
1015 739 1197 802 urbes,
1231 746 1289 791 ιιι
1311 739 1445 792 nihil
1475 739 1527 792 in
1549 740 1628 793 eis
1652 738 2048 806 relinqueretur

471 831 616 900 quod
650 833 906 900 spiraret,
959 845 1137 900 neque
1185 831 1274 900 qui
1313 833 1500 885 salvus
1541 830 1716 893 ﬁeret,
1753 845 1927 899 neque
1957 829 2047 899 qui

470 923 753 993 ell‘ugeret.
790 923 1004 979 Utinam
1042 925 1188 978 enim
1227 923 1490 978 Dominus
1522 925 1586 978 de
1617 924 1902 979 animabus
1929 939 2048 978 cre-

469 1015 729 1071 dentibus
755 1017 886 1080 sibi,
918 1025 972 1071 et
996 1031 1131 1085 quas
1165 1030 1263 1071 suo
1287 1016 1524 1069 vindieat
1548 1030 1735 1085 regno.
1760 1023 1816 1070 et
1837 1015 1904 1070 de
1931 1031 2046 1070 mea

469 1108 643 1176 ipsius
674 1109 855 1162 anima
889 1108 962 1161 ita
996 1107 1178 1176 ejiciat
1212 1117 1267 1162 et
1299 1107 1616 1177 exstinguat
1647 1109 1828 1161 omnia
1861 1109 2044 1178 priora

468 1198 636 1259 mala.
661 1207 722 1253 ut
748 1197 928 1251 nullus
961 1199 1012 1251 in
1043 1213 1128 1254 me
1149 1199 1376 1252 malitiae
1403 1213 1601 1253 sensus
1628 1198 1764 1253 ultra
1793 1199 2044 1268 respiret,

470 1288 654 1343 nullus
691 1289 805 1354 ira},
838 1290 1015 1343 nullus
1046 1290 1500 1359 concupiscentia:
1533 1290 1763 1360 alicuius
1792 1292 1948 1346 mala:
1989 1291 2043 1345 in

466 1395 557 1433 me
600 1379 842 1435 salvetur
871 1380 1132 1446 allectus,
1191 1382 1371 1438 nullus
1423 1384 1664 1453 supersit
1699 1385 1792 1453 qui
1824 1383 2048 1453 elfugiat

467 1482 650 1524 sermo
693 1470 866 1525 malus
914 1470 982 1525 de
1031 1486 1127 1526 ore
1164 1485 1303 1526 meo.
1357 1472 1450 1528 Sic
1501 1473 1645 1527 enim
1695 1482 1883 1542 potero
1917 1473 2044 1529 Jesu

468 1564 607 1616 duce
637 1572 898 1632 purgatus
931 1565 999 1619 ab
1023 1565 1278 1619 omnibus
1309 1565 1583 1634 prioribus
1617 1566 1794 1633 malis,
1825 1567 1962 1622 ellici
1991 1569 2042 1622 in

466 1652 784 1710 civitatibus
846 1654 1080 1708 ﬁliorum
1143 1655 1352 1723 Israel,
1405 1657 1472 1711 de
1528 1657 1724 1727 quibus
1783 1659 2042 1727 scriptum

464 1753 548 1797 est
569 1745 613 1776 "
642 1759 657 1797 :
695 1763 712 1795 ι
753 1744 1189 1799 IEdiﬁcabuntur
1220 1748 1468 1801 civitates
1500 1747 1651 1802 Judte
1683 1749 1818 1820 (47),
1858 1760 1913 1804 et
1943 1751 2041 1803 ba-

463 1835 712 1888 bitabunt
743 1836 796 1888 in
825 1837 923 1891 eis.
967 1855 986 1889 ι
1034 1837 1243 1890 Etenim
1280 1853 1422 1892 nunc
1473 1817 1898 1910 uniuscujusque
1938 1856 2039 1896 uo-
2073 1817 2115 1872 Β

469 1936 647 1984 elrum
690 1928 801 2000 (48)
839 1931 1076 1984 animam
1106 1929 1265 1985 Iesus
1310 1932 1541 1986 destruit
1584 1942 1638 1987 et
1689 1934 1920 1988 aediﬁcat
1951 1951 1965 1986 :
1993 1945 2047 1988 et

463 2018 606 2073 sicut
647 2021 962 2078 dicebamus
995 2032 1120 2078 tunc
1150 2040 1272 2079 cum
1313 2024 1606 2080 Jeremiam
1651 2027 2044 2083 disserercmus

461 2110 587 2178 quia
618 2111 729 2181 (49)
758 2124 1043 2183 acceperat
1081 2118 1247 2171 verba
1283 2118 1337 2171 in
1379 2133 1440 2172 os
1495 2134 1649 2173 suum
1682 2120 1878 2188 quibus
1915 2120 2044 2175 sub-

459 2211 702 2257 verteret
753 2214 806 2258 et
845 2207 1168 2272 aediﬁcaret,
1225 2209 1481 2265 evelleret
1512 2220 1566 2264 et
1613 2210 1926 2279 plantaret;
1965 2215 2039 2267 ita

461 2296 625 2350 etiam
678 2312 821 2352 nunc
853 2298 908 2351 in
939 2299 1024 2353 bis
1052 2315 1169 2367 quae
1207 2301 1468 2356 habemus
1500 2304 1551 2356 in
1594 2303 1844 2357 manibus
1883 2304 2039 2358 intel-

458 2386 733 2456 ligendum
767 2403 897 2458 puto
923 2433 938 2457 ,
993 2408 1098 2446 non
1131 2393 1425 2448 secundum
1458 2396 1768 2462 haereticos,
1814 2397 1896 2450 vel
1949 2411 2039 2452 se-

460 2481 696 2533 cundum
726 2477 978 2549 Judaeos;
1017 2485 1110 2538 sed
1137 2485 1280 2539 sicut
1312 2486 1382 2541 ibi
1426 2489 1492 2542 ad
1516 2487 1807 2542 Jeremiam
1837 2489 2040 2544 dictum

459 2581 543 2623 est
565 2568 650 2622 “z
689 2589 708 2622 ι
745 2570 886 2627 Ecce
919 2575 1178 2629 constitui
1224 2587 1272 2630 te
1307 2578 1467 2633 hodie
1518 2591 1680 2647 super
1747 2590 1938 2648 gentes
1986 2588 2042 2635 et

462 2675 653 2731 regna,
684 2664 988 2731 eradicare,
1025 2675 1079 2720 et
1111 2668 1444 2734 subvertere,
1488 2679 1544 2724 et
1583 2671 1854 2740 perditum
1887 2673 2039 2740 dare,

461 2759 519 2805 et
552 2761 674 2820 post
705 2754 820 2810 lucc
847 2756 1140 2825 aediﬁcare,
1176 2769 1229 2813 et
1262 2759 1552 2829 plantare;
1587 2779 1604 2813 ι
1643 2762 1718 2815 ita
1772 2771 1825 2817 et
1861 2763 1926 2818 de
1974 2763 2042 2819 iis

466 2857 588 2912 quae
620 2861 716 2915 per
745 2847 928 2902 Jesum
965 2851 1282 2905 scribuntur
1319 2865 1467 2921 gesta
1529 2854 1860 2914 credendum
1911 2865 2039 2911 est:

465 2935 575 2991 imo
623 2940 804 3006 potius
846 2943 910 2996 de
960 2943 1025 2997 iis
1064 2959 1184 3014 quae
1233 2960 1329 3014 per
1363 2954 1606 3000 nostrum
1641 2947 1924 3002 Dominum
1953 2948 2042 3004 Je-

463 3042 585 3082 sum
611 3030 775 3084 etiam
797 3047 938 3087 nunc
960 3047 1224 3102 geruntur
1251 3038 1301 3091 iu
1329 3037 1500 3092 nobis.
1532 3037 1774 3092 Primum
1804 3056 2042 3111 namque

461 3132 598 3188 Opus
631 3120 788 3175 Verbi
824 3120 918 3176 Dei
951 3134 1030 3177 est
1059 3165 1074 3188 ,
1110 3126 1391 3180 eradicare
1448 3127 1807 3195 praecedentia
1851 3129 1990 3182 mala
2020 3168 2037 3194 ,
2067 3167 2110 3224 ε

460 3211 648 3282 spinas
675 3227 740 3266 ac
772 3213 999 3269 tribulos
1043 3216 1314 3270 vitiorum.
1353 3217 1489 3271 Dum
1523 3218 1666 3272 enim
1722 3219 1838 3274 ista:
1883 3221 2038 3276 mala:

464 3303 678 3357 radices
711 3316 1029 3374 occupatam
1058 3307 1304 3361 detinent
1337 3316 1536 3363 terram
1567 3350 1581 3374 ,
1615 3325 1719 3364 non
1749 3320 1928 3380 potest
1954 3327 2038 3367 se-

462 3391 609 3446 mina
638 3392 772 3447 bona
803 3404 856 3448 et
887 3404 1076 3450 sancta
1102 3399 1398 3467 suscipere.

531 3481 586 3535 4.
627 3480 1010 3540 Necessarium
1043 3499 1175 3556 ergo
1206 3499 1260 3542 et
1289 3489 1520 3557 primum
1557 3491 1660 3545 hoc
1703 3507 1838 3561 opus
1875 3493 2038 3547 Verbi

461 3570 554 3626 Dei
587 3583 688 3641 est,
723 3575 962 3646 plantam
999 3579 1112 3651 (50)
1133 3581 1414 3636 eradicare
1446 3585 1689 3651 peccati,
1737 3594 1792 3638 et
1822 3601 2036 3640 omnem

461 3665 700 3733 plantam
749 3685 909 3738 quam
957 3686 1062 3725 non
1108 3672 1369 3740 plantavit
1410 3673 1572 3730 Pater
1600 3676 1856 3743 caelestis,
1887 3679 2036 3733 evel-

460 3755 602 3820 lere,
640 3759 858 3828 ignique
890 3775 1236 3818 consumere.
1287 3765 1522 3819 Secundi
1569 3767 1678 3834 jam
1732 3770 1914 3838 operis
1955 3779 2040 3824 est

460 3847 726 3916 plantarc.
767 3851 906 3916 Quid
941 3863 1026 3908 est
1063 3854 1203 3923 quod
1238 3856 1447 3924 plantat
1481 3857 1665 3912 Deus?
1697 3860 1912 3931 Moyses
1960 3863 2038 3915 di-

460 3939 556 4005 cit,
605 3942 732 4010 quia
780 3945 1096 4011 paradisum
1146 3947 1410 4014 plantavit
1443 3949 1604 4005 Deus.
1643 3951 1747 4006 Sed
1793 3961 1845 4004 et
1895 3970 2038 4008 nunc

461 4031 671 4099 plantat
707 4031 850 4087 Deus
881 4033 992 4105 (51)
1021 4052 1034 4101 ;
1062 4045 1115 4089 et
1149 4038 1389 4105 quotidie
1419 4039 1629 4107 plantat
1665 4042 1717 4095 in
1749 4045 2039 4100 animabus

461 4122 824 4178 credentium.
876 4122 934 4178 In
989 4126 1172 4180 anima
1209 4129 1353 4182 enim
1389 4130 1454 4184 de
1487 4145 1590 4198 qua
1637 4133 1842 4189 excidit
1874 4135 2036 4202 iram,

462 4213 931 4270 mansuetudinem
968 4216 1211 4286 plantat;
1247 4232 1301 4274 et
1348 4221 1416 4276 de
1450 4237 1555 4289 qua
1602 4225 1806 4280 excidit
1851 4243 2039 4295 super-

461 4305 627 4371 biam,
662 4304 876 4374 plantat
900 4307 1303 4377 humilitatem;
1329 4322 1382 4366 et
1405 4315 1470 4368 de
1493 4331 1596 4384 qua
1621 4317 1864 4372 eradicat
1887 4318 2040 4374 lasci-

458 4396 625 4462 viam,
660 4398 972 4467 pudicitiam
1006 4401 1253 4470 plantat;
1288 4413 1342 4458 et
1365 4405 1430 4458 de
1459 4421 1565 4474 qua
1595 4409 1859 4478 exstirpat
1889 4411 2039 4481 igno-

2153 566 2336 608 sermo
2367 550 2462 606 Dei
2499 549 2768 605 subvertit
2825 558 2882 604 et
2933 549 3178 613 subruit,
3213 558 3275 602 ut
3309 548 3514 602 merito
3546 563 3721 603 secun-

2151 646 2280 698 dum
2333 641 2647 712 Apostolum
2683 641 2729 673 “
2760 640 3054 696 elliciamur
3091 659 3109 692 ι
3139 641 3235 695 Dei
3283 641 3532 704 cultura,
3561 651 3614 695 et
3643 642 3722 697 Dei

2152 736 2481 800 mdiﬁcatio,
2539 749 2700 806 supra
2765 733 3178 788 fundamentum
3251 733 3628 804 apostolorum
3677 744 3722 788 et

2151 828 2545 898 prophetarum
2591 826 2755 896 positi
2804 825 2872 880 ab
2914 825 3031 896 ipso
3063 826 3180 895 (55)
3235 840 3464 880 summo
3498 825 3720 894 anglari

2149 919 2316 991 429
2348 919 2527 989 lapide
2553 917 2775 974 Christo
2805 915 2958 985 Jcsu,
2993 932 3059 972 ex
3080 931 3190 986 quo
3221 917 3496 987 iunctura
3530 915 3721 970 aedilicii

2149 1019 2368 1068 crescat
2399 1012 2452 1067 in
2494 1010 2755 1080 templum
2781 1009 2877 1065 Dei
2921 1011 2976 1064 in
2999 1013 3229 1081 Spiritu,
3269 1028 3290 1062 ι
3326 1019 3386 1062 et
3419 1009 3497 1062 ita
3534 1007 3724 1064 demu-

2149 1103 2286 1158 ellici
2329 1118 2642 1158 mereamur
2672 1103 2724 1157 in
2757 1103 3078 1158 haereditate
3101 1112 3263 1156 terra:
3286 1099 3575 1155 sanctazin
3600 1110 3725 1169 parte

2148 1195 2470 1262 lsraelitica,
2503 1197 2792 1253 exstinctis
2841 1196 3095 1250 omnibus
3142 1205 3198 1248 et
3231 1192 3554 1264 peremptis
3582 1191 3725 1246 hosti-

2149 1287 2251 1342 bus
2280 1287 2480 1342 nostris
2516 1303 2532 1351 ;
2572 1287 2646 1340 ita
2680 1295 2738 1341 ut
2763 1301 2868 1342 non
2907 1286 3252 1354 relinquatur
3299 1300 3367 1338 ex
3421 1284 3510 1337 eis
3539 1284 3627 1351 qui
3658 1299 3726 1336 re-

2147 1379 2324 1447 spiret
2355 1380 2410 1432 in
2443 1378 2622 1443 nobis,
2651 1377 2747 1434 sed
2774 1377 2922 1432 solus
2955 1379 3007 1432 in
3043 1378 3202 1432 nobis
3236 1376 3491 1444 respiret
3519 1374 3727 1442 Spiritus

2150 1471 2356 1526 Christi
2382 1485 2480 1540 per
2503 1485 2622 1538 ora,
2657 1479 2714 1525 et
2744 1485 3049 1537 sermones,
3077 1481 3130 1524 et
3162 1468 3601 1538 intelligentiam
3640 1467 3729 1534 spi-

2150 1561 2394 1629 ritalem,
2429 1561 2726 1616 secundum
2765 1561 3070 1616 doctrinam
3104 1556 3232 1614 Jesu
3277 1557 3504 1613 Christi
3539 1556 3726 1610 Domini

2147 1653 2349 1719 nostri,
2384 1654 2471 1707 cui
2503 1662 2584 1708 est
2624 1652 2738 1724 (54)
2768 1653 2941 1708 virtus
2965 1660 3016 1708 et
3042 1661 3290 1721 potestas
3318 1651 3380 1704 in
3422 1647 3727 1705 saculasa-

2145 1744 2410 1798 culorum.
2436 1743 2630 1798 Amen.

2703 1851 2980 1908 HOMILIA
3021 1852 3162 1908 XIV.

2145 1944 2224 2000 De
2241 1944 2401 1999 Jabin
2423 1961 2540 2015 rege
2563 1944 2718 2007 Aser,
2746 1956 2797 1998 et
2821 1945 2883 1997 de
2913 1946 3114 1998 ca’leris
3146 1947 3389 2015 regibus,
3417 1944 3517 2015 qui
3538 1960 3723 2013 cngre-

2531 2016 2642 2084 gatt’
2675 2025 2795 2068 sunt
2835 2015 3109 2069 adversum
3148 2014 3352 2070 Israel.

2221 2107 2271 2160 l.
2310 2107 2418 2160 llas
2450 2107 2664 2161 easdem
2692 2103 3009 2175 Seripturas
3032 2116 3159 2162 ante
3191 2108 3511 2162 adventum
3535 2108 3720 2176 quidem

2147 2197 2361 2251 Domini
2413 2196 2584 2252 nostri
2634 2194 2758 2251 Jesu
2789 2197 2989 2251 Christi
3021 2212 3142 2251 cum
3176 2197 3396 2268 legeret
3449 2198 3619 2252 Israel
3653 2200 3720 2252 ille

2145 2292 2237 2359 qui
2265 2291 2565 2344 secundum
2594 2303 2814 2344 carnem
2833 2297 2933 2353 est,
2962 2290 3096 2344 nihil
3122 2290 3274 2344 aliud
3302 2291 3357 2345 in
3387 2291 3462 2344 iis
3487 2291 3718 2344 nisibth

2143 2393 2198 2436 et
2231 2381 2550 2437 ell‘usionem
2584 2383 2870 2454 sanguinis
2900 2381 3260 2451 intelligebat,
3299 2396 3368 2437 ex
3420 2397 3538 2450 quo
3583 2385 3720 2438 etim

2143 2478 2210 2532 ad
2247 2477 2466 2530 nimiam
2497 2475 2835 2530 ferocitatem
2869 2477 3202 2531 acuebantur
3237 2477 3418 2529 animi
3454 2487 3716 2539 eorum,ct

2143 2584 2360 2637 semper
2395 2568 2552 2622 bellis
2597 2583 2660 2623 ac
2700 2568 3062 2624 seditionibus
3093 2567 3506 2638 pascebantur.
3550 2566 3714 2622 Postea

2142 2673 2275 2712 vero
2310 2674 2472 2726 quam
2501 2660 2791 2727 praiseutia
2836 2659 3047 2714 Domini
3091 2659 3195 2713 mei
3228 2657 3367 2714 Iesu
3403 2658 3610 2714 Christi
3636 2662 3714 2714 bn-

2145 2751 2327 2805 manis
2370 2751 2627 2806 cordibus
2670 2752 2938 2821 placidum
2991 2753 3234 2806 scientia:
3290 2751 3490 2807 lumen
3531 2752 3714 2817 inludit,

2143 2843 2341 2914 quippe
2366 2858 2487 2898 cum
2521 2845 2818 2898 secundum
2854 2844 3170 2914 Apostolum
3205 2845 3250 2876 ⁸⁸
3298 2845 3427 2914 ipse
3451 2846 3527 2899 sit
3575 2863 3592 2895 ι
3633 2863 3713 2914 pax

2146 2946 2353 3004 nostra,
2389 2955 2407 2989 ι
2439 2952 2634 3007 pacem
2676 2952 2778 2993 nos
2829 2937 2987 2991 docet
3033 2951 3096 2992 ex
3129 2937 3246 3006 ipsa
3301 2936 3547 2993 leCtione
3575 2937 3716 2992 bello-

2144 3044 2284 3083 rum.
2314 3028 2423 3082 Pax
2452 3029 2597 3084 enim
2629 3030 2874 3084 redditur
2909 3029 3122 3093 animae,
3155 3031 3200 3085 si
3231 3029 3305 3084 ab
3328 3045 3399 3085 ea
3430 3031 3614 3087 hostes
3648 3034 3712 3086 sai

2143 3127 2363 3186 peccata
2418 3133 2482 3173 ac
2531 3119 2661 3173 vitia
2713 3118 3108 3188 propellantur.
3151 3119 3220 3174 Et
3256 3119 3389 3175 ideo
3443 3127 3714 3176 secundum

2149 3215 2496 3269 traditionem
2547 3215 2761 3271 Domini
2814 3217 2984 3270 nostri
3036 3215 3164 3270 Jesu
3195 3217 3443 3284 Christi,
3494 3235 3611 3274 cum
3638 3235 3719 3274 nos

2143 3305 2374 3375 legimus
2398 3307 2523 3371 ista,
2549 3322 2826 3362 armantur
2849 3309 3062 3378 quidem
3089 3310 3253 3362 etiam
3279 3326 3412 3372 nos,
3437 3321 3496 3366 et
3512 3313 3715 3367 concita-

2142 3415 2266 3453 mur
2305 3400 2371 3452 ad
2409 3400 2678 3469 praelium,
2715 3401 2806 3454 sed
2838 3401 3106 3453 adversus
3141 3401 3263 3454 illos
3307 3403 3510 3455 hostes
3545 3403 3627 3469 qui
3663 3403 3714 3456 de

2143 3502 2330 3548 nostro
2355 3493 2518 3547 corde
2544 3494 2867 3562 procedunt,
2894 3493 3258 3562 cogitationes
3293 3494 3522 3548 scilicet
3550 3493 3710 3554 malae,

2143 3581 2309 3649 l‘urta,
2336 3583 2475 3638 l‘alsa
2510 3583 2838 3650 testimonia,
2865 3584 3256 3653 blasphemias,
3301 3593 3716 3654 caeterosqueut

2143 3673 2352 3729 similes
2403 3674 2749 3728 adversarios
2794 3674 2988 3728 anima:
3033 3684 3278 3730 nostrae:
3312 3675 3383 3730 de
3428 3691 3541 3744 qua
3579 3691 3714 3730 cona-

2143 3781 2286 3831 mur,
2332 3765 2634 3820 secundum
2670 3767 2812 3834 quod
2843 3766 2958 3820 haec
2988 3766 3260 3834 scriptura
3313 3766 3520 3830 refert,
3548 3769 3587 3820 si
3620 3767 3710 3819 ﬁeri

2140 3870 2338 3932 potest,
2371 3876 2478 3914 non
2525 3860 2834 3929 relinquere
2859 3861 3026 3916 ullqu
3058 3863 3149 3930 qui
3176 3861 3367 3917 salvus
3401 3864 3524 3926 ﬁat,
3569 3877 3711 3928 neque

2139 3957 2230 4026 qui
2258 3957 2511 4026 respiret.
2553 3957 2608 4012 Si
2629 3958 2771 4012 enim
2796 3957 2896 4010 bos
2928 3955 3109 4010 hostes
3137 3956 3576 4020 obtinuerimus,
3597 3971 3711 4009 com-

2140 4059 2392 4120 petenter
2427 4049 2798 4106 obtinebimus
2841 4048 3004 4102 etiam
3051 4061 3245 4100 aereas
3296 4057 3634 4116 potestates,
3667 4057 3708 4098 et

2141 4158 2308 4211 regno
2339 4158 2439 4198 suo
2472 4158 2588 4208 eas,
2627 4144 2768 4212 quod
2800 4142 2940 4195 intra
2969 4155 3066 4194 nos
3093 4153 3259 4208 supra
3288 4141 3553 4193 vitiorum
3580 4139 3712 4191 sedes

2142 4236 2566 4301 collocaveram,
2598 4234 2948 4305 depellemus.
2981 4230 3039 4286 In
3077 4231 3364 4301 prioribus
3406 4230 3709 4286 lectionibus

2147 4345 2240 4382 rex
2273 4328 2573 4384 Jerusalem
2623 4335 3053 4398 congregaverat
3102 4340 3290 4381 secum
3329 4326 3478 4380 alios
3502 4332 3708 4394 quatuor

2146 4433 2302 4488 reges
2333 4420 2620 4474 adversum
2667 4417 2853 4475 Jesum
2885 4426 2938 4473 et
2990 4416 3280 4472 adversum
3335 4415 3485 4469 ﬁlios
3536 4412 3705 4473 Israel.

462 4489 692 4546 rantiam
717 4531 733 4556 ,
770 4492 962 4549 inserit
996 4496 1304 4552 scientiam.
1355 4497 1470 4554 Non
1516 4501 1608 4555 tibi
1660 4501 1878 4556 videtur
1909 4504 2036 4559 talis
2070 4508 2112 4562 D
2147 4527 2290 4567 nunc
2327 4518 2506 4563 autem
2534 4509 2646 4577 jam
2682 4525 2787 4565 non
2831 4523 2968 4564 unus
3003 4517 3241 4577 quatuor
3270 4515 3595 4574 congregat,
3633 4513 3706 4554 ant

459 4596 580 4636 esse
628 4583 824 4639 debere
861 4587 1126 4656 plantatio
1163 4604 1322 4657 quam
1373 4591 1585 4661 plantat
1642 4593 1804 4659 Deus,
1864 4598 2035 4664 magis

455 4687 621 4750 quam
685 4679 1019 4734 sensibilium
1074 4691 1526 4755 terrenorumque
1573 4685 1894 4755 lignorum?
1941 4688 2037 4744 Est

459 4765 590 4820 item
625 4768 678 4821 in
730 4772 922 4839 primis
981 4789 1117 4842 Opus
1174 4773 1334 4832 Verbi
1388 4776 1539 4843 Dei,
1586 4777 1869 4834 destruere
1908 4781 2038 4834 tedi-

462 4857 584 4913 ﬁeia
619 4860 919 4928 diabolica,
962 4882 1081 4933 quae
1122 4867 1172 4920 iu
1207 4868 1388 4922 anima
1414 4870 1726 4925 construxit
1773 4871 2032 4926 humana.

461 4953 555 5010 llle
615 4959 817 5013 etenim
865 4969 1044 5016 turres
1096 4964 1366 5031 superbire
1417 4965 1470 5018 in
1528 4980 1856 5034 unoqucquc
1935 4981 2034 5020 no-

533 5093 578 5127 ”
603 5093 768 5151 Amos
797 5113 869 5164 ix,
903 5098 987 5153 l4.

531 5232 642 5307 (46)
674 5235 858 5307 Codex
895 5235 1180 5307 Sangcrm.
1223 5259 1244 5292 ι
1295 5242 1495 5297 rectius
1531 5251 1587 5297 et
1620 5243 1960 5299 clementius.
2013 5264 2032 5297 ι

532 5305 644 5377 (47)
674 5305 843 5375 Idem,
876 5326 895 5360 ι
925 5305 1143 5363 Jutlzcte.
1173 5329 1191 5361 ι

533 5375 646 5448 (48)
677 5377 847 5448 ldem,
887 5396 905 5430 ι
931 5390 1193 5434 vestrum.
1222 5400 1240 5433 ι

535 5446 648 5529 (49)
673 5446 819 5529 idem
868 5451 1475 5529 cum-unonEbroicensi
1510 5473 1522 5507 :
1559 5456 1996 5529 edissereremus
2024 5496 2038 5523 ,

462 5517 652 5596 quia”
681 5517 840 5596 _L_ibb.
869 5521 1021 5596 editi,
1056 5539 1074 5572 ι
1105 5522 1523 5591 disserebamus,
1557 5527 1672 5596 qui.
1700 5545 1720 5579 ι

680 5588 847 5655 Idem,
886 5610 903 5643 ι
929 5591 1159 5659 plautas.
1185 5612 1203 5645 ι

539 5657 650 5727 (51)
675 5659 778 5712 Sed
812 5669 860 5714 et
893 5657 1028 5714 nunc
1072 5663 1276 5726 plantat
1318 5664 1482 5720 Deus.
1514 5665 1638 5722 Haec
1671 5669 1859 5724 desunt
1891 5668 1944 5722 ἰιι
1977 5668 2042 5723 Ιί-

468 5727 800 5863 lérgsoegétis,
842 5733 937 5788 sed
982 5733 1235 5804 leguntur
1283 5737 1335 5792 iu
1397 5735 1687 5810 Sangerm.
1721 5755 1820 5795 ms.
1855 5749 1906 5795 et
1934 5754 2043 5795 uno

560 5813 640 5852 rt
710 5814 826 5860 ιιει..

560 5813 585 5852 1⁵
586 5813 826 5860 01001181..

1092 5101 1136 5132 ⁸³
1156 5100 1358 5156 Jerem.
1392 5118 1427 5166 ι,
1460 5103 1544 5158 10.
1623 5104 1667 5134 ⁸³
1699 5101 1866 5160 lCor.
1900 5121 1980 5170 ιιι,
2012 5105 2064 5171 9,
2094 5115 2146 5161 et
2173 5105 2367 5175 Ephes.
2395 5121 2456 5170 ll,
2480 5104 2572 5160 20.

2146 4606 2405 4674 quinque,
2439 4605 2531 4660 sed
2563 4606 2683 4659 vide
2709 4618 2848 4657 unus
2877 4610 3134 4670 quantam
3168 4599 3581 4652 multitudinem
3602 4613 3707 4649 ωιι-

2141 4705 2326 4767 gregat
2355 4713 2368 4750 :
2401 4714 2418 4746 ι
2451 4694 2520 4750 Ut
2539 4703 2716 4747 autem
2734 4685 3232 4757 audivit,inquit“,
3255 4687 3427 4742 Jabin
3449 4702 3547 4741 rex
3573 4688 3704 4745 Asor,

2143 4785 2295 4841 misit
2327 4786 2393 4840 ad
2421 4783 2595 4838 .lohab
2625 4798 2805 4851 regem
2856 4781 3324 4841 Amorrhmorutn,
3361 4789 3419 4833 et
3457 4779 3522 4832 ad
3551 4791 3701 4844 regem

2111 4859 2402 4942 'Symeou,
2429 4885 2483 4931 et
2513 4875 2579 4929 ad
2611 4889 2789 4944 regem
2825 4871 2914 4926 Zif
2936 4870 3070 4943 (55),
3096 4879 3150 4924 et
3175 4871 3240 4923 ad
3270 4887 3434 4939 reges
3458 4869 3548 4940 qui
3573 4874 3702 4922 erant

2142 4970 2287 5024 circa
2343 4968 2599 5024 Sidonent
2657 4982 2924 5036 magnam,
2985 4974 3042 5020 et
3093 4980 3192 5034 per
3247 4975 3539 5024 montana,
3583 4958 3702 5013 etin

2650 5104 2693 5137 ⁸⁵
2733 5104 2932 5174 Ephes.
2971 5119 3030 5169 ιι,
3061 5103 3149 5157 14.
3230 5103 3274 5135 ⁵⁸
3318 5102 3438 5159 Jos.
3472 5121 3544 5168 ιι,
3573 5100 3696 5156 ΗΘ.

2222 5245 2334 5317 (ὅὲ)
2383 5245 2562 5298 Codex
2608 5243 2902 5317 ‘Sangerm.
2932 5280 2948 5306 ,
3016 5260 3035 5294 ι
3078 5250 3450 5296 exstruxerat.
3488 5259 3506 5291 ι
3559 5239 3696 5292 Libb.

2146 5314 2296 5370 editi.
2317 5314 2352 5366 ⁷(
2377 5314 2665 5369 exstruxit.
2697 5331 2715 5364 ι

2218 5387 2330 5456 (ξῦ)
2373 5386 2536 5450 ldcm,
2567 5402 2586 5435 ι
2612 5383 2768 5455 positi
2800 5382 2872 5437 ab
2897 5382 3034 5452 ipso.
3060 5399 3084 5435 ι
3115 5380 3274 5436 Libb.
3311 5379 3466 5446 editi,
3498 5401 3516 5432 ι
3544 5390 3698 5451 posito

2378 5525 2543 5592 Idem,
2582 5544 2600 5577 ι
2639 5525 2722 5579 cui
2752 5533 2855 5580 est.
2891 5545 2908 5577 ι
2939 5523 3094 5604 Libb.
3131 5523 3344 5604 editi-,3
3374 5523 3522 5604 cujus
3549 5529 3690 5604 ρει.)

2145 5589 2346 5650 Ibidem
2380 5604 2502 5665 post
2531 5589 2551 5647 ι
2592 5604 2831 5664 potestas
2857 5614 2876 5648 ι
2904 5599 3068 5650 codex
3095 5610 3234 5649 unus
3262 5589 3595 5648 Ebroicensis
3613 5589 3696 5643 ad-

2147 5669 2269 5738 dit;
2310 5686 2327 5717 ι
2357 5682 2495 5738 cum
2525 5666 2730 5738 Spiritu
2760 5676 2973 5738 sancto.
3011 5685 3031 5719 ι

2215 5737 2454 5809 (55)Zt‘f.
2480 5733 2631 5795 Alter
2659 5737 3004 5795 ltlbroicensis
3037 5752 3051 5789 :
3085 5754 3103 5788 ι
3123 5735 3290 5803 Aliae,
3318 5752 3335 5786 ι
3362 5733 3488 5789 alter
3522 5753 3541 5784 σ
3573 5736 3692 5787 Aie

2146 5809 2297 5886 ριιθι.
2328 5829 2356 5871 ι,
