3874 6526
107 336 217 394 ἱκᾩὸ

1064 347 1134 405 IN
1170 351 1430 411 LIBRUM
1462 355 1628 415 .IESU
1667 356 1852 413 NAVE
1892 357 2177 414 IIOMILIA
2211 357 2351 415 XIV.

3247 359 3356 416 891

125 445 297 541 Araba
318 444 454 519 (56),
485 463 607 520 qua
636 457 722 507 est
744 464 937 512 contra
967 458 1336 532 Ceneroth,et
1360 470 1426 524 ad
1446 484 1686 541 campos,
1718 474 1765 531 Α
1792 481 2036 537 caeteros,
2064 482 2118 527 et
2141 474 2208 526 ad
2223 469 2654 539 coniurationem
2680 469 2904 528 sceleris
2927 469 3366 538 invitans,.labin

123 548 173 594 et
193 539 238 591 in
257 535 605 608 Faneandor,
622 553 676 599 et
698 547 764 600 ad
782 548 1140 620 Chananazos,
1160 559 1251 624 qui
1277 573 1435 616 erant
1454 563 1507 616 in
1535 535 1695 617 mari-

124 629 256 684 timis
273 630 338 684 ab
351 632 582 698 oriente,
604 643 658 689 et
681 637 747 692 ad
765 639 1112 700 Amorrbteos
1127 649 1217 716 qui
1241 661 1395 705 erant
1414 654 1466 706 in
1488 669 1570 708 ma
1581 655 1696 708 riti-

121 721 215 776 mis
236 720 370 791 (57),
401 725 537 777 etad
554 722 819 793 Cetltzzeos,
838 740 894 784 et
934 733 1001 788 ad
1029 732 1512 808 Plterczzeos,etad
1531 743 1695 798 Jebu-

121 828 268 878 saeos,
297 815 390 882 qui
417 826 575 870 erant
601 820 653 871 in
678 825 972 890 montanis,
999 837 1053 880 et
1071 826 1390 901 Evaeos,qui
1412 843 1566 888 erant
1596 836 1695 891 sub

118 908 323 963 deserto
339 909 632 980 Masecma,
648 921 702 968 et
722 917 976 975 exierunt
1004 921 1104 992 ipsi
1122 932 1177 977 et
1196 939 1352 997 reges
1364 942 1552 983 eorum
1571 945 1692 986 cum

119 1000 266 1070 ipsis,
293 1001 436 1056 sicut
466 1014 550 1058 est
575 1021 741 1061 arena
780 1012 950 1066 maris
981 1012 1037 1067 in
1070 1016 1438 1085 multitudine,
1467 1031 1522 1076 et
1545 1023 1692 1091 equi,

116 1103 166 1147 et
207 1095 482 1166 quadrigae
535 1099 718 1154 multa:
767 1103 948 1158 nimis.
983 1106 1050 1160 Et
1105 1122 1478 1182 convenerunt
1503 1129 1694 1171 omnes

121 1201 268 1255 reges
312 1186 427 1250 isti,
467 1197 523 1241 et
551 1191 804 1246 coierunt
857 1194 912 1248 in
948 1212 1110 1250 unum
1144 1199 1212 1253 ad
1258 1215 1456 1269 aquam
1504 1203 1692 1259 Maron

115 1288 352 1341 pugnare
383 1285 573 1331 contra
599 1277 788 1336 Israel.
819 1281 968 1336 Dixit
998 1293 1180 1340 autem
1214 1287 1475 1346 Dominus
1505 1293 1572 1346 ad
1602 1291 1696 1348 Je-

116 1379 231 1417 sum
269 1381 283 1417 :
325 1364 444 1420 Non
497 1373 741 1426 verearis
772 1389 800 1426 a
838 1374 979 1429 facie
1008 1377 1247 1446 illorum,
1291 1383 1416 1450 quia
1448 1384 1688 1440 crastina

112 1456 195 1508 die
226 1457 293 1508 ad
325 1457 467 1512 hanc
495 1459 683 1514 ltoram
715 1478 816 1532 ego
864 1468 1071 1521 tradam
1123 1484 1218 1524 eos
1267 1473 1545 1529 sauciatos
1568 1484 1695 1532 ante

113 1548 301 1602 faciem
335 1550 524 1606 Israel.
554 1552 734 1622 Equos
756 1570 946 1611 eorum
981 1561 1371 1628 subnervabis,
1408 1572 1463 1620 et
1497 1581 1692 1624 currus

109 1654 294 1692 eorum
321 1640 430 1710 igni
459 1657 674 1698 exures.
699 1645 762 1700 Et
791 1649 936 1701 venit
963 1648 1143 1717 Jesus,
1173 1662 1226 1706 et
1253 1654 1432 1709 omnis
1463 1656 1693 1724 pupulas

109 1729 426 1786 bellatorum
459 1748 580 1807 cum
614 1749 679 1790 eo
702 1751 866 1805 super
895 1739 1043 1808 ipsos
1071 1742 1136 1795 ad
1171 1758 1365 1812 aquam
1391 1746 1602 1811 Maron,
1630 1757 1686 1802 et

1799 566 2130 628 nominatur,
2172 563 2263 632 qui
2299 571 2420 616 erat
2471 577 2567 616 rex
2603 562 2762 619 Asor.
2799 563 2920 633 Ipse
2962 565 3106 619 enim
3157 574 3243 619 est
3275 566 3366 635 qui

1795 654 1997 708 dicitur
2027 655 2190 708 etiam
2221 662 2455 707 caeteros
2482 667 2834 708 convocasse.
2872 654 3029 710 Jabin
3067 667 3248 710 autem
3287 656 3374 712 in-

1799 753 2133 812 terpretatur
2147 761 2350 808 sensus,
2370 744 2487 799 sive
2515 744 2790 813 prudentia
2822 745 2956 817 (59).
2987 745 3119 813 Quis
3139 763 3269 819 ergo
3289 755 3375 804 est

1797 834 1901 889 iste
1956 849 2171 902 sensus,
2225 837 2341 889 sive
2392 835 2703 905 prudentia,
2750 837 2853 890 nisi
2907 838 2996 892 ille
3029 856 3190 910 quem
3241 841 3376 896 dicit

1794 926 1966 983 Isaias
1996 929 2256 998 propheta
2289 942 2510 982 sensum
2545 930 2839 998 magnum?
2875 930 2964 984 Ait
2990 932 3134 986 enim
3157 932 3202 965 ⁸⁷
3233 936 3376 990 :tEt

1795 1011 2050 1077 inducam
2084 1038 2246 1091 super
2291 1021 2457 1094 430
2497 1037 2720 1078 sensum
2769 1039 3022 1093 magnum
3072 1029 3375 1097 principem

1795 1112 2148 1182 Assyriorum
2197 1114 2287 1183 qui
2321 1112 2457 1166 dixit
2485 1131 2499 1167 :
2531 1112 2647 1167 Mea
2700 1113 2904 1168 virtute
2935 1114 3156 1180 faciam,
3198 1126 3251 1170 et
3284 1131 3376 1169 sa-

1797 1206 2000 1275 pientia
2035 1220 2227 1258 sensus
2261 1205 2366 1259 mei
2391 1205 2634 1259 auferam
2663 1204 2797 1260 fines
2819 1206 3084 1274 gentium,
3113 1216 3168 1261 et
3201 1207 3375 1262 virtu-

1766 1306 1902 1350 'tem
1935 1311 2120 1350 eorum
2150 1295 2522 1366 depraedabor.
2562 1315 2582 1348 ›
2617 1296 2725 1351 Iste
2763 1310 2894 1366 ergo
2915 1307 2999 1352 est
3027 1300 3118 1368 qui
3150 1299 3221 1352 ibi
3256 1300 3379 1369 qui-

1795 1393 1918 1444 dem
1948 1387 2149 1442 dicitur
2171 1401 2365 1443 sensus
2383 1403 2618 1458 magnus
2646 1405 2738 1445 rex
2765 1391 3139 1461 Assyriorum,
3171 1391 3259 1445 hic
3286 1406 3380 1444 au.

1798 1490 1903 1536 tem
1937 1479 2118 1544 Jabin,
2169 1495 2362 1536 sensus
2409 1480 2492 1535 vel
2529 1483 2837 1549 prudentia.
2880 1482 3098 1538 Etenim
3153 1497 3381 1551 serpens

1797 1570 1963 1626 fuisse
1995 1571 2047 1624 in
2083 1571 2337 1635 paradiso
2382 1572 2648 1626 scribitur
2674 1575 2994 1643 prudentior
3019 1574 3261 1630 omnium
3289 1575 3384 1629 be-

1797 1666 2026 1716 sﬁarum
2073 1676 2194 1731 qua:
2227 1670 2387 1716 erant
2426 1677 2590 1731 super
2647 1674 2869 1721 terram.
2912 1666 3020 1720 Sed
3074 1677 3130 1722 et
3170 1666 3386 1722 villicus

1799 1750 2106 1821 iniquitatis
2134 1752 2433 1820 prudenter
2470 1751 2666 1808 fecisse
2713 1755 2913 1809 dicitur
2952 1756 3043 1809 illa
3078 1771 3197 1824 qua:
3224 1754 3380 1812 fecit.

108 1823 288 1877 subito
343 1825 502 1878 irruit
551 1843 717 1897 super
747 1845 841 1884 eos
889 1833 942 1886 in
985 1844 1192 1900 monte,
1227 1845 1281 1888 et
1328 1839 1554 1892 tradidit
1591 1855 1688 1894 eos
1723 1815 1765 1875 Β
1803 1815 1914 1896 υἰέ
1939 1841 2103 1912 igitur
2131 1841 2312 1907 Jabin,
2340 1857 2436 1897 rex
2465 1853 2550 1898 est
2583 1845 2742 1898 Asor.
2780 1845 3171 1916 Interpretatur
3200 1859 3380 1902 autem

108 1916 372 1973 Dominus
400 1919 453 1972 in
485 1935 678 1976 manus
701 1922 892 1989 Israel,
915 1934 970 1978 et
991 1928 1264 1982 cadentes
1295 1945 1388 1984 eos
1417 1935 1692 2000 persecuti

109 2023 236 2064 sunt
283 2027 455 2080 usque
485 2014 550 2066 ad
599 2012 860 2070 Sidonem
897 2033 1173 2089 magnam,
1201 2031 1254 2075 et
1289 2038 1460 2090 usque
1499 2025 1549 2078 in
1581 2026 1694 2079 Ma-

108 2101 284 2158 sefotlt
315 2105 382 2159 ad
433 2121 653 2178 aqttam,
687 2116 741 2161 et
782 2125 952 2178 usque
983 2111 1048 2164 ad
1088 2126 1308 2182 campos
1335 2114 1533 2170 Masfre
1561 2134 1695 2172 con-

111 2204 188 2248 tra
207 2194 519 2262 Orientem,
538 2207 593 2252 et
618 2201 1026 2257 trucidaverunt
1053 2217 1146 2257 eos
1174 2221 1453 2276 usquequo
1475 2225 1579 2263 non
1603 2226 1694 2265 su-

107 2297 354 2356 peresset
400 2303 468 2342 ex
515 2291 595 2345 eis
631 2292 724 2360 qui
759 2295 1038 2354 evaderet.
1100 2298 1170 2352 Et
1220 2299 1351 2354 fecit
1400 2301 1480 2356 eis
1537 2302 1693 2359 Jesns

107 2379 245 2434 sicut
274 2381 537 2450 praecepit
567 2383 616 2436 ei
657 2383 938 2450 Dominus,
969 2396 1024 2440 et
1058 2402 1226 2457 equos
1254 2405 1439 2445 eorum
1467 2391 1693 2446 subner—

108 2471 279 2537 vavit,
324 2482 380 2526 et
413 2488 608 2530 currus
659 2491 848 2556 corum
883 2480 1095 2533 exussit
1131 2481 1263 2550 igni.
1304 2482 1366 2536 Et
1395 2497 1693 2541 conversus

107 2563 381 2620 cstJesus
415 2567 467 2620 in
515 2570 635 2636 ipso
675 2579 952 2639 tempore,
997 2584 1053 2626 et
1099 2577 1389 2644 occupavit
1423 2576 1582 2642 Asor,
1640 2587 1696 2633 et

105 2671 290 2725 regem
319 2657 436 2728 ejus
466 2658 745 2714 interfecit
767 2661 968 2730 gladio.
1006 2683 1025 2716 ι
1057 2662 1222 2721 Vides
1263 2677 1468 2736 quanta
1499 2670 1694 2725 adver-

105 2762 218 2800 sum
241 2747 432 2810 Iesum
460 2760 514 2806 et
538 2752 895 2807 lsraeliticum
927 2757 1258 2822 exercitum,
1288 2762 1690 2816 contrariarum

105 2840 372 2894 virtutum
400 2850 455 2895 et
484 2843 852 2922 pessimorum
880 2847 1186 2902 daemonum
1219 2852 1469 2903 examina
1506 2852 1694 2908 conci-

107 2933 332 2987 tentur?
355 2932 445 2989 Isti
475 2950 663 2991 omnes
687 2937 959 2992 dmmones
982 2950 1107 2994 ante
1150 2941 1444 2996 adventum
1478 2943 1688 2998 Domini

103 3036 157 3080 et
189 3025 507 3082 Salvatoris
530 3029 727 3094 nostri,
755 3030 923 3098 quieti
974 3041 1029 3084 et
1073 3033 1258 3088 securi
1285 3035 1551 3091 humanas
1575 3035 1694 3090 ani-

105 3133 220 3173 mas
255 3119 631 3189 possidentes,
655 3121 706 3174 in
735 3135 922 3176 earum
957 3123 1234 3178 mentibus
1264 3127 1692 3196 corporibusque

106 3211 436 3280 regnabant.
478 3208 584 3265 Sed
621 3222 679 3265 ut
709 3212 762 3266 in
801 3213 960 3267 terris
991 3215 1246 3284 apparuit
1299 3216 1474 3284 gratia
1502 3226 1556 3271 et
1593 3219 1693 3271 nti-

108 3302 414 3356 sericordia
447 3296 749 3358 Salvatoris
783 3306 955 3360 nostri
992 3306 1108 3374 Dei,
1136 3308 1374 3362 edocens
1400 3323 1499 3362 nos
1527 3317 1586 3363 ut
1609 3310 1698 3378 pie

109 3403 160 3448 et
186 3405 381 3450 sancte
417 3395 470 3449 in
503 3396 608 3452 boc
649 3398 848 3453 mundo
869 3437 888 3466 ,
921 3409 974 3454 et
1005 3401 1276 3470 segregati
1297 3401 1365 3456 ab
1395 3403 1540 3456 omni
1565 3417 1698 3456 con-

110 3487 326 3556 tagione
357 3489 568 3557 peccati
603 3489 869 3555 vivamus,
911 3499 970 3544 ut
1000 3491 1308 3548 libertatem
1347 3507 1498 3548 suam
1537 3502 1700 3563 atque

110 3577 408 3643 imaginem
443 3579 562 3644 Dei,
599 3581 651 3635 in
691 3597 798 3651 qua
831 3599 896 3639 ex
929 3584 1087 3638 initio
1119 3571 1328 3640 creata
1356 3594 1460 3652 est,
1517 3587 1696 3640 anima

113 3683 464 3739 unaquaeque
513 3672 765 3740 recipiat,
824 3673 927 3728 ista
961 3674 1026 3728 de
1056 3689 1221 3730 causa
1252 3676 1322 3730 ab
1357 3676 1467 3731 illis
1502 3676 1701 3746 iniquis

112 3761 396 3815 veteribus
421 3765 832 3831 possessoribus
866 3779 1054 3819 earum
1089 3781 1281 3836 pugna:
1305 3768 1628 3823 exoriuntur
1647 3777 1702 3824 et

107 3854 314 3922 pnelia.
349 3855 418 3907 Et
441 3856 485 3910 si
521 3857 900 3926 opprimantur
940 3860 1100 3928 primi
1135 3897 1152 3923 ,
1193 3859 1363 3916 multo
1392 3861 1577 3930 plures
1605 3877 1705 3916 ex-

112 3957 346 4014 surgunt
375 3949 722 4016 postmodum
751 3958 915 4018 atque
945 3951 996 4004 in
1031 3966 1199 4004 unum
1224 3961 1450 4016 coeunt,
1482 3954 1548 4022 et;
1567 3967 1703 4006 con-

111 4038 325 4105 spirant
360 4040 414 4092 in
447 4040 672 4107 malum,
705 4043 794 4111 qui
823 4056 1040 4112 semper
1064 4043 1336 4098 dissident
1379 4060 1408 4097 a
1437 4045 1598 4100 bono.
1637 4045 1705 4098 Et

111 4132 154 4184 si
190 4133 439 4186 secundo
473 4134 596 4188 victi
629 4134 855 4204 fuerint,
894 4139 1088 4193 iterum
1136 4141 1298 4194 tertio
1327 4139 1447 4192 alite
1477 4141 1705 4194 virtutes

113 4223 413 4292 nequiores
466 4233 789 4296 exsurgunt.
841 4229 909 4283 Et
957 4229 1207 4286 fortassis
1275 4242 1478 4301 quanto
1532 4231 1706 4300 magis

118 4327 354 4383 augetur
383 4318 616 4387 populus
645 4319 760 4385 Dci,
797 4331 848 4375 et
879 4322 1046 4376 multo
1087 4324 1207 4392 plus
1239 4325 1438 4380 crescit
1471 4335 1526 4378 et
1561 4327 1704 4379 mul-

115 4410 432 4487 ιίιηὶςειιιιιδἸ
465 4421 618 4466 tanto
641 4412 717 4466 illi
746 4413 926 4483 plures
952 4416 1018 4470 ad
1041 4417 1459 4486 oppugnandum
1491 4419 1707 4488 conspi-

116 4511 262 4556 rant.

115 4691 228 4739 tere
249 4687 502 4756 singulos
525 4703 768 4758 quosque
798 4693 1007 4745 adversi
1028 4692 1302 4747 exercitus
1329 4707 1509 4761 reges,
1537 4701 1592 4747 et
1613 4708 1712 4763 pro

111 4775 504 4843 signiﬁcantiis
532 4781 808 4834 nominum
864 4782 1290 4853 uniuscujusque
1353 4784 1518 4838 etiam
1574 4799 1710 4853 opus

113 4869 259 4936 quod
290 4869 438 4938 gerit
467 4869 521 4923 in
558 4871 764 4927 malitia
796 4875 1175 4943 contemplari.
1197 4875 1417 4931 Primus
1443 4876 1709 4942 omnium,

113 4959 208 5031 qui
232 4968 293 5014 et
326 4971 524 5016 auctor
545 4963 672 5017 belli
701 4963 862 5032 hujus
891 4967 1208 5022 nominatus
1231 4976 1337 5036 est,
1367 4982 1712 5038 congregans

187 5102 231 5133 ⁸⁷
263 5099 401 5156 Isai.
433 5118 486 5171 x,
530 5102 625 5168 12,
657 5103 743 5156 15.
822 5104 866 5136 ⁸⁸
890 5104 1083 5160 Matth.
1122 5123 1216 5162 xtt.
1295 5107 1339 5142 '9
1368 5107 1526 5164 Prov.
1552 5125 1603 5175 v,
1643 5109 1699 5166 Δ.

191 5219 312 5313 (56)
347 5247 529 5308 Codex
549 5246 838 5317 Sangerm.
879 5265 895 5296 ι
931 5247 1152 5303 Arabia.
1192 5265 1211 5298 ι

193 5317 314 5386 (57)
361 5317 528 5383 Idem,
563 5334 580 5366 σ
618 5319 898 5372 maritimi.
928 5339 945 5370 ι

191 5389 316 5461 (58)
360 5387 502 5444 Idem
529 5429 543 5454 ,
585 5403 605 5440 ι
657 5397 945 5447 tentemus.
984 5410 1002 5442 ι
1042 5390 1176 5448 Libb
1249 5393 1401 5462 editi,
1441 5412 1460 5446 ι
1499 5400 1713 5461 tempus

119 5474 318 5602 e75?”
350 5527 509 5602 labia
531 5537 707 5602 autem
737 5533 1119 5602 interpretatur
1134 5550 1314 5589 sensus
1346 5533 1452 5588 sive
1476 5533 1712 5602 pruden-

435 5615 455 5685 t
487 5599 810 5685 intelligere.
848 5629 862 5649 ι

196 5669 340 5744 (60)’
364 5669 752 5744 Interpretatur
774 5685 948 5727 autem
977 5674 1112 5728 Asor
1141 5676 1290 5730 aula.
1323 5675 1404 5730 Ab
1426 5683 1547 5736 1m
1572 5675 1714 5744 quod

124 5739 258 5798 esti
297 5739 521 5803 atrium,
547 5739 689 5793 aula.
731 5761 748 5791 ι

201 5813 322 5884 (tit)
363 5808 530 5862 Jobab
553 5812 763 5881 quidem
796 5815 1170 5887 interpretatur
1188 5816 1500 5886 irtimiciliw,
1523 5815 1713 5871 Maron

1801 1933 1937 1986 Asor
1975 1935 2102 1986 aula
2154 1932 2289 2004 (60).
2342 1933 2440 1989 Est
2485 1949 2616 2004 ergo
2658 1937 2834 1991 omnis
2866 1945 3008 1992 terra
3061 1940 3182 1992 aula
3218 1940 3382 2010 hujus

1801 2025 1965 2092 regis,
1989 2025 2080 2093 qui
2116 2026 2280 2080 totius
2302 2035 2462 2080 terra:
2483 2027 2634 2082 velut
2651 2029 2786 2082 aulae
2812 2029 2974 2083 unius
2992 2029 3203 2085 obtinet
3227 2032 3382 2101 prin-

1800 2117 2059 2184 cipatum,
2083 2117 2172 2184 qui
2192 2124 2277 2170 est
2295 2115 2567 2172 diabolus.
2590 2116 2678 2172 Vis
2703 2130 2883 2174 autem
2914 2122 3097 2178 videre
3121 2121 3383 2190 quoniam

1801 2208 1924 2260 aula
1960 2208 2131 2275 ipsius
2152 2216 2235 2262 est
2267 2209 2451 2262 terra?
2481 2207 2538 2261 ltt
2571 2207 2879 2280 Evangeliis
2903 2214 2948 2245 ⁸⁸
2982 2214 3244 2283 scriptum
3278 2222 3384 2278 est,

1800 2300 1924 2368 quia
1955 2298 2111 2353 fortis
2145 2300 2200 2352 in
2229 2299 2349 2352 aula
2405 2313 2502 2352 sua
2560 2314 2787 2356 securus
2832 2304 3054 2372 dormit,
3099 2321 3386 2375 usquequo

1801 2392 1983 2445 veniat
2009 2389 2204 2445 fortior
2229 2392 2321 2459 qui
2361 2401 2415 2445 et
2439 2392 2616 2460 ipsum
2651 2395 2859 2464 alliget,
2897 2407 2951 2452 et
2977 2412 3094 2466 qua:
3137 2399 3385 2465 possidet

1802 2481 2033 2537 auferat.
2065 2481 2164 2538 Est
2187 2498 2320 2553 ergo
2345 2499 2436 2538 rex
2469 2485 2626 2549 aulae,
2654 2487 2911 2557 princeps
2945 2490 3127 2543 mundi
3163 2489 3328 2560 ltujus
3363 2506 3380 2546 :

1801 2583 1901 2636 iste
1935 2582 2102 2636 mittit
2149 2583 2215 2637 ad
2248 2582 2424 2639 Jobab
2455 2601 2470 2639 :
2507 2585 2623 2656 ipse
2663 2598 2746 2642 est
2793 2590 2940 2642 enint
2988 2585 3078 2654 qui
3118 2583 3288 2637 mittit
3316 2579 3386 2635 ad

1799 2689 1992 2729 omnes
2022 2685 2236 2743 gentes,
2275 2685 2330 2730 et
2364 2676 2566 2732 invitat
2616 2679 2684 2732 ad
2731 2677 2998 2747 praelium.
3041 2673 3202 2729 Mittit
3233 2680 3287 2727 et
3312 2669 3383 2725 ad

1799 2779 1978 2834 regem
2003 2764 2210 2820 Maron.
2237 2766 2416 2823 Jobab
2445 2767 2669 2837 quidem
2717 2769 3113 2836 interpretatur
3151 2760 3388 2816 inimici-

1800 2856 1910 2920 tiw,
1931 2855 2117 2910 Maron
2139 2866 2318 2911 autem
2349 2858 2736 2911 amaritudines
2760 2853 2896 2927 (61)..
2927 2853 3090 2908 Mittit
3117 2859 3246 2918 ergo
3273 2849 3390 2903 dia-

1800 2948 1958 3002 bolus
1987 2948 2054 3002 ad
2087 2948 2248 3002 aliam
2284 2949 2542 3004 virtutem
2581 2948 2866 3002 inimicam
2919 2960 2982 2999 ex
3015 2942 3224 3011 angelis
3266 2941 3388 2996 sine

1800 3041 1962 3095 dubio
1984 3040 2212 3108 refugis,
2235 3054 2355 3107 quae
2379 3040 2554 3093 virtus
2571 3037 3006 3091 amaritudinum
3028 3049 3126 3088 rex
3145 3041 3226 3088 est
3245 3048 3259 3088 :
3278 3045 3388 3101 quo

1803 3141 2027 3185 auctore
2064 3129 2347 3184 scilicetet
2377 3143 2598 3197 operam
2630 3128 2812 3190 dante,
2840 3140 3033 3180 omnes
3061 3139 3183 3194 quae
3208 3123 3259 3176 in
3286 3123 3388 3176 hoc

1809 3221 2011 3274 mundo
2035 3219 2425 3273 amaritudines
2465 3227 2521 3273 et
2562 3217 2887 3285 asperitates
2932 3215 3144 3269 miseris
3183 3220 3390 3266 morta-

1777 3310 1947 3376 llibus
2003 3308 2320 3379 inlliguntur
2376 3308 2512 3380 (62),
2560 3309 2842 3363 eveniunt.
2891 3305 3032 3361 Sunt
3070 3314 3249 3358 autem
3286 3303 3387 3356 ista

1807 3403 2018 3458 diversa
2043 3417 2240 3471 genera
2269 3403 2498 3472 peccati.
2523 3400 2710 3470 Neque
2734 3400 2878 3456 enim
2915 3398 3119 3467 aliquid
3149 3395 3389 3449 amarius

1806 3503 1984 3562 potest
2011 3509 2132 3548 esse
2158 3508 2404 3563 peccato,
2434 3496 2647 3549 etiamsi
2677 3491 2928 3560 quaedam
2957 3488 3134 3541 dulcia
3171 3485 3391 3539 videan-

1810 3601 1897 3643 tur
1933 3590 1987 3644 itt
2037 3589 2253 3658 primis,
2307 3587 2451 3642 sicut
2497 3585 2757 3642 Salomon
2792 3583 2986 3638 scribit
3011 3582 3054 3611 ⁶⁹
3091 3595 3104 3632 :
3135 3596 3153 3629 ι
3188 3577 3294 3632 Sed
3334 3576 3389 3628 in

1809 3681 2142 3747 novissimis,
2163 3680 2361 3749 inquit,
2389 3680 2627 3733 amarius
2651 3675 2776 3732 felle
2803 3674 3052 3728 invenies
3069 3670 3209 3742 quod
3235 3668 3392 3724 dulce

1812 3775 1867 3828 in
1898 3773 2072 3828 initiis
2110 3772 2416 3838 videbatur,
2444 3779 2499 3825 et
2521 3769 2734 3824 acutius
2759 3766 2876 3821 acie
2903 3764 3085 3834 gladii.
3119 3781 3136 3814 ι
3162 3759 3393 3816 Justitize
3489 3779 3492 3782 ’

1809 3881 1936 3921 vero
1985 3873 2178 3919 natura
2225 3863 2504 3919 contraria
2532 3870 2636 3927 est,
2679 3861 2731 3914 in
2779 3857 2952 3913 initiis
2981 3855 3198 3910 videtur
3233 3868 3384 3906 ama-

1815 3959 1951 4023 rior,
1986 3959 2038 4011 in
2070 3956 2383 4011 novissimis
2432 3969 2566 4010 vero
2618 3952 2807 4014 melle,
2835 3948 3046 4005 dulcior
3079 3945 3388 4009 invenitur,

1811 4064 1934 4105 cum
1960 4049 2180 4102 virtutis
2211 4046 2322 4119 (63)
2351 4047 2559 4101 fructus
2595 4043 2862 4099 attulerit.
2885 4031 3038 4095 Misit
3081 4038 3248 4109 igitur
3278 4037 3396 4091 dia-

1811 4142 1966 4198 bolus
1988 4143 2054 4197 ad
2081 4140 2254 4196 Jobab
2283 4140 2564 4194 inimicum
2597 4134 2982 4192 amaritudinis
3001 4145 3204 4202 regem.
3230 4127 3398 4183 Mittit

1813 4242 1999 4287 autem
2033 4233 2198 4286 etiam
2230 4232 2297 4285 ad
2333 4244 2514 4302 regem
2557 4227 2820 4300 Symeon,
2865 4225 2955 4295 qui
2999 4225 3395 4291 interpretatur

1812 4324 2080 4379 exauditio
2114 4321 2248 4395 (64).
2285 4321 2394 4376 Sed
2427 4320 2625 4391 duplex
2679 4319 2895 4373 videtur
2940 4329 3060 4370 esse
3092 4311 3394 4367 exauditio.

1814 4415 2121 4482 Aliquando
2155 4413 2371 4482 quidem
2404 4426 2527 4467 cum
2561 4409 2785 4464 exaudit
2819 4406 2930 4479 (65)
2955 4404 3226 4460 hominem
3255 4401 3396 4455 Deus

387 4568 394 4576 .
1743 4542 1787 4598 υ
1817 4506 2114 4561 secundum
2146 4504 2287 4573 quod
2323 4513 2378 4557 et
2400 4503 2636 4576 Symeon
2667 4515 2806 4555 unus
2839 4514 2906 4553 ex
2932 4494 3389 4598 patriarchisﬂno-

186 4595 245 4650 2.
281 4593 396 4650 Sed
430 4605 696 4652 tentemus
748 4599 881 4672 (58),
915 4612 1077 4670 prout
1108 4600 1250 4657 Deus
1279 4602 1509 4668 dederit,
1535 4602 1714 4658 discu-
1745 4593 1766 4648 ἶ

1819 4615 1942 4654 men
1994 4597 2239 4666 accepit,
2281 4597 2540 4666 quoniam
2595 4594 2814 4664 quidem
2875 4589 3198 4646 exaudierat
3251 4584 3394 4640 Deus

1817 4706 2033 4760 precem
2067 4689 2264 4744 matris
2316 4689 2454 4759 ejus.
2511 4687 2722 4741 Dicitur
2764 4685 2929 4738 etiam
2963 4679 3258 4742 exauditio,
3288 4691 3393 4746 qua
3445 4725 3453 4731 .

1815 4783 1936 4851 quis
1975 4781 2196 4835 exaudit
2222 4789 2548 4849 praeceptum
2582 4777 2807 4832 diaboli.
2847 4775 2995 4830 Solet
3036 4775 3178 4830 enim
3210 4772 3397 4826 dicere

1813 4873 2063 4928 diabolus
2092 4872 2139 4904 ⁷⁸
2169 4888 2183 4926 :
2215 4888 2237 4922 ι,
2267 4870 2324 4926 Si
2354 4871 2642 4939 procidens
2668 4869 2985 4922 adoraveris
3003 4882 3106 4933 me,
3135 4865 3228 4920 tibi
3257 4862 3398 4918 dabo

1815 4969 1932 5024 haec
1959 4970 2162 5024 omnia.
2203 4989 2224 5023 ι
2261 4967 2366 5024 Sed
2397 4979 2450 5022 tu
2500 4969 2542 5022 si
2574 4967 2756 5023 Iesum
2789 4965 3034 5034 sequeris
3055 5005 3070 5031 ,
3123 4962 3261 5018 dicis
3293 4959 3344 5015 ei
3372 4972 3388 5010 :

1775 5109 1828 5144 ὀν
1846 5109 2038 5166 Matth.
2072 5127 2146 5178 tv,
2171 5110 2222 5164 9.

1824 5258 1998 5303 autem
2038 5246 2443 5302 amaritudines.
2471 5244 2642 5301 Jobab
2669 5246 2735 5300 ab
2764 5253 2866 5306 39a:
2895 5243 3195 5300 «inimicus
3220 5240 3320 5296 fuit
3339 5254 3391 5306 ς’

1821 5319 2009 5377 Maron
2042 5329 2219 5372 autem
2255 5334 2282 5370 a
2311 5328 2442 5380 'tﬁn
2468 5335 2485 5368 ‹
2516 5333 2774 5371 amarum.
2806 5333 2948 5371 esse.
2983 5335 3002 5368 ι

1893 5391 2005 5460 (62)
2047 5387 2200 5452 Mss.,
2237 5407 2256 5440 ι
2295 5388 2629 5459 inlliguntur.
2662 5407 2682 5440 ι
2716 5385 2872 5441 Libb.
2901 5387 3032 5439 editi
3063 5424 3078 5450 ,
3104 5403 3121 5436 ι
3160 5382 3395 5451 inﬁgun-

1822 5473 1926 5517 lur.
1971 5480 1990 5512 ι

1913 5530 2002 5601 65)
2044 5529 2195 5593 Mss.,
2238 5548 2258 5581 ι
2298 5528 2532 5584 virtutis.
2564 5549 2581 5580 ι
2621 5527 2775 5582 Libb.
2809 5526 2961 5590 editi,
2994 5524 3275 5601 rvinas.»

1915 5595 2003 5662 64)
2044 5601 2385 5671 Symeou,qui
2419 5601 2796 5666 interpretatur
2835 5597 3128 5651 exauditio.
3161 5595 3200 5648 A
3249 5601 3393 5658 mam

1825 5693 1844 5725 α
1886 5673 2092 5744 audire,
2120 5673 2401 5724 exaudire.
2439 5688 2467 5744 ρ-
2603 5738 2621 5744 _
2650 5738 2681 5744 __
2706 5737 2717 5744 _
2843 5736 2877 5744 η
2911 5735 2923 5744 _
3201 5732 3234 5744 ..
3277 5732 3288 5744 .

1893 5742 2004 5814 (65)
2043 5742 2192 5808 Mss,
2221 5758 2240 5792 ι
2274 5739 2517 5795 exaudit.
2547 5758 2566 5792 ι
2603 5737 2758 5794 Libb.
2793 5735 2926 5792 editi
2986 5752 3005 5785 ι
3039 5732 3338 5789 exaudivit.
3364 5749 3384 5784 ο
