3874 6512
482 350 590 410 895

1939 345 2048 403 ORI

2157 341 2261 429 NIS
2874 317 2885 328 ’
3634 352 3720 408 εκ

484 472 772 528 Dominum
803 471 967 526 Deum
997 471 1256 535 adorabo,
1296 480 1349 526 et
1383 471 1481 541 ipsi
1527 469 1626 527 soli
1664 468 1918 526 serviam.
1951 466 2060 519 Au-
2089 467 2136 524 Α
2165 462 2432 516 dicentem
2467 457 2534 514 ad
2567 455 2862 527 discipulos
2884 471 3011 513 suos
3041 458 3091 492 "
3125 478 3140 514 :
3174 478 3193 512 ι
3226 460 3348 516 Sint
3380 461 3551 518 lumbi
3579 470 3723 523 vestri

485 568 641 623 diunt
674 575 852 620 autem
886 566 1058 632 illum,
1083 566 1174 634 qui
1214 574 1340 620 sunt
1365 579 1430 619 ex
1480 575 1634 634 parte
1669 562 1806 630 ejus,
1838 561 1979 616 sicut
2006 567 2060 615 et

484 672 629 712 nunc
661 656 789 712 fecit
846 658 949 712 iste
1002 657 1270 728 Symeon,
1330 657 1481 710 illum
1533 657 1762 711 audiens
1815 654 2083 708 venitad'

483 765 716 819 pugnam
748 758 940 816 contra
989 747 1197 803 Jesum.
1232 748 1401 803 Mittit
1431 756 1612 802 autem
1669 758 1723 801 et
1755 747 1822 799 ad
1873 759 2055 810 regem

483 840 585 894 Zil'.
608 840 892 894 Zil‘autem
915 841 1301 910 interpretatur
1323 840 1713 910 quomodoﬂuit
1733 838 1755 892 .'
1773 836 1882 909 (66)
1916 836 2058 890 velut

481 933 801 987 admirantis
823 947 1074 988 sermone
1102 949 1117 986 :
1149 932 1274 1002 quia
1310 940 1365 986 et
1401 946 1590 986 revera
1616 929 1920 984 mirandum
1950 935 2055 993 est,

479 1025 753 1092 quomodo
770 1022 936 1076 ﬂuunt
957 1023 1135 1076 omnia
1159 1037 1278 1092 qum
1304 1031 1431 1078 sunt
1456 1023 1616 1093 hujus
1648 1021 1832 1076 mundi
1864 1035 2058 1074 carna-

477 1111 570 1177 lia,
591 1122 645 1167 et
672 1115 943 1180 quomodo
968 1113 1106 1167 ﬂuxa
1128 1123 1254 1168 sunt
1287 1123 1340 1168 et
1371 1115 1595 1178 caduca,
1622 1127 1740 1182 quae
1767 1113 1905 1182 apud
1931 1111 2054 1166 inll-

475 1205 625 1259 deles
652 1205 901 1260 homines
929 1207 1302 1276 permanentia
1329 1207 1660 1274 deputantur
1689 1213 1743 1260 et
1775 1212 2051 1274 perpetua.

475 1295 576 1362 Qui
608 1308 786 1352 autem
819 1313 1000 1352 rerum
1032 1298 1343 1353 considerat
1375 1297 1666 1361 rationem,
1696 1305 1748 1350 et
1789 1297 1912 1350 vita:
1955 1295 2055 1348 hu-

467 1388 558 1457 jus
583 1405 704 1459 qua:
725 1401 986 1460 putantur
1008 1391 1168 1455 bona,
1201 1399 1513 1456 contuetur,
1535 1390 1805 1459 quomodo
1836 1403 2054 1457 semper

479 1489 763 1534 minentur
817 1491 870 1535 et
903 1489 1214 1544 transeant,
1253 1479 1354 1534 iste
1383 1477 1837 1544 dicit,Quomodo
1893 1479 2048 1534 ﬂuit!

475 1570 648 1624 Vocat
681 1580 862 1626 autem
897 1581 1088 1626 contra
1117 1570 1260 1625 ﬁlios
1302 1568 1464 1625 Israel
1496 1569 1741 1624 diabolus
1767 1569 1930 1625 etiam
1959 1583 2055 1625 eos

473 1662 567 1732 qui
597 1663 740 1717 circa
775 1662 1032 1719 Sidonem
1069 1679 1317 1734 magnam
1356 1672 1503 1719 sunt.
1538 1663 1652 1734 Ego
1678 1664 1896 1734 quidem
1926 1679 2050 1719 cum

474 1755 527 1807 in
556 1755 687 1811 locis
713 1757 930 1811 Sidonis
952 1756 1243 1824 aliquoties
1271 1758 1584 1813 demoratus
1608 1757 1732 1822 sint,
1770 1773 2048 1826 nunquam

471 1849 709 1918 comperi
742 1849 875 1903 duas
903 1864 1023 1904 esse
1047 1849 1300 1914 Sidonas,
1323 1865 1484 1903 unam
1509 1864 1782 1921 magnam,
1808 1859 1861 1903 et
1887 1849 2046 1903 aliam

471 1954 717 2008 parvam,
744 1951 1004 2008 quantum
1036 1941 1103 1994 ad
1139 1950 1412 1995 terrenum
1441 1943 1677 2010 pertinet
1709 1940 1910 1996 locum.
1940 1938 2047 1994 Sed

472 2031 516 2084 si
542 2031 608 2084 ad
633 2031 1136 2101 interpretationem
1166 2035 1403 2089 nominis
1432 2033 1675 2097 redeam,
1705 2033 1850 2102 quod
1881 2033 2049 2102 signi-

475 2121 604 2176 ﬁcat
649 2125 1001 2191 venatricem,
1054 2125 1136 2180 vel
1196 2136 1485 2182 venatores
1533 2123 1666 2199 (67),
1716 2124 1872 2179 video
1903 2124 2046 2193 quod

471 2213 910 2270 adversariarum
941 2216 1230 2281 virtutum,
1261 2217 1315 2271 in
1354 2217 1549 2287 quibus
1584 2217 1765 2270 multa:
1794 2228 1918 2270 sunt
1946 2215 2048 2269 dif-

469 2303 735 2370 ferentiae,
765 2308 985 2376 quidam
1021 2317 1146 2364 sunt
1201 2318 1492 2365 venatores
1521 2310 1575 2364 in
1607 2309 1812 2378 parvis,
1843 2318 1898 2364 et
1929 2309 2049 2379 qui-

469 2395 594 2448 dam
651 2407 937 2452 venatores
980 2397 1036 2451 in
1084 2398 1330 2468 magnis;
1374 2398 1426 2452 id
1480 2406 1595 2461 est,
1630 2398 1772 2467 quod
1812 2397 1902 2451 alii
1948 2410 2046 2466 per

470 2500 636 2554 parva
667 2497 892 2554 peccata
955 2490 1190 2554 animas,
1229 2489 1320 2543 alii
1372 2504 1469 2558 per
1511 2505 1702 2559 magna
1747 2488 2043 2558 decipiunt.

473 2575 634 2632 Verbi
665 2579 866 2648 gratia,
917 2594 1040 2634 cum
1077 2580 1128 2633 in
1166 2577 1538 2649 voluptatibus
1570 2581 1755 2634 saeculi
1779 2590 1831 2634 et
1863 2581 2046 2635 carnis

473 2669 684 2724 deliciis
717 2669 895 2725 anima
918 2672 1204 2742 decipitur,
1237 2672 1290 2726 in
1316 2686 1483 2740 parvo
1507 2681 1659 2740 capta
1693 2673 1920 2727 dicenda
1943 2680 2044 2729 est.

469 2760 606 2816 Cum
641 2777 768 2818 vero
805 2773 895 2817 aut
950 2763 1360 2819 Providentiam
1395 2771 1578 2834 negat,
1638 2773 1728 2817 aut
1775 2764 2046 2819 daemones

470 2853 625 2920 quasi
666 2849 830 2907 Deum
879 2855 1033 2920 colit,
1065 2857 1178 2910 lure
1211 2855 1262 2909 in
1309 2870 1503 2925 magno
1547 2855 1780 2923 putanda
1813 2866 1895 2910 est
1929 2870 2048 2910 esse

468 2942 717 3012 decepta.
739 2943 802 2996 Et
824 2944 941 2998 ideo
961 2959 1103 2997 nunc
1124 2944 1289 2997 mittit
1304 2943 1370 2998 ad
1386 2942 1644 2998 Sidonem
1663 2957 1912 3012 magnam
1932 2941 2045 3010 (68)

469 3039 561 3105 qui
603 3040 756 3108 quasi
787 3040 853 3094 ad
881 3041 1220 3094 venationem
1249 3054 1497 3110 inagnam
1513 3040 2045 3095 conveniant‘contra

2165 553 2460 622 prmeincti,
2484 560 2538 605 et
2576 550 2809 605 lucerna:
2837 561 3031 608 vestrae
3057 554 3340 610 ardentes.
3377 574 3400 610 ι
3450 555 3594 610 Sunt
3616 573 3723 631 ergo

2163 659 2347 700 eorum
2393 643 2485 713 qui
2530 644 2584 698 in
2635 642 2876 698 Beclesia
2921 645 3080 700 iidem
3125 647 3457 702 catholicam
3513 652 3723 719 docent,

2161 747 2216 792 et
2257 737 2470 807 plebem
2511 736 2604 792 Dei
2637 737 2806 792 verbo
2835 738 3083 794 veritatis
3117 739 3471 806 illuminant,
3515 742 3727 801 lucerna:

2161 836 2436 890 ardentes.
2470 832 2506 888 li
2545 849 2674 890 vero
2723 835 2814 904 qui
2865 835 3120 890 hzeretica
3174 836 3435 907 dogmata
3490 853 3558 891 ex
3587 837 3724 910 531

2161 926 2454 994 Scriptnrce
2525 935 2724 979 sancta:
2794 925 3120 980 testimoniis
3190 925 3342 980 falsis
3424 929 3728 981 assertimiio

2158 1022 2259 1076 bus
2310 1020 2539 1084 docent,
2590 1032 2688 1088 pro
2743 1031 2808 1073 eo
2870 1019 3012 1086 quod
3050 1017 3369 1087 Scripturas
3428 1019 3637 1089 legunt,
3667 1022 3728 1072 ri-

2158 1115 2360 1170 dentur
2400 1112 2701 1168 accendere
2744 1112 2998 1167 lucernas
3027 1129 3043 1166 ;
3073 1111 3166 1166 sed
3196 1112 3323 1182 quia
3359 1111 3526 1165 falsis
3575 1126 3728 1165 asser-

2157 1205 2397 1261 tionibus
2429 1213 2679 1268 uluntur,
2707 1218 2813 1258 non
2841 1213 2968 1258 sunt
2992 1203 3364 1269 lucernae,sed
3384 1201 3549 1270 quasi
3583 1203 3730 1256 Incer-

2121 1310 2128 1316 '
2159 1311 2265 1352 nte.
2301 1297 2446 1351 Misit
2472 1297 2634 1351 etiam
2678 1297 2744 1350 ad
2777 1309 3035 1361 campos;
3069 1308 3294 1347 necesse
3324 1292 3483 1346 enim
3528 1303 3660 1354 erat,
3687 1307 3730 1346 ut

2157 1385 2210 1440 in
2237 1387 2554 1441 societatem
2579 1402 2732 1440 suam
2763 1394 2984 1440 vocaret
3004 1386 3171 1438 etiam
3198 1397 3296 1436 eos
3329 1383 3429 1452 qui
3469 1384 3526 1434 in
3550 1387 3730 1452 campis

2157 1489 2307 1546 sunt,
2348 1489 2401 1535 et
2444 1479 2668 1536 humilia
2711 1481 2934 1548 sapiunt
2979 1493 3042 1532 ac
3081 1485 3328 1532 terrena.
3387 1476 3543 1530 Misit
3595 1487 3646 1530 et
3689 1482 3726 1529 in

2155 1570 2503 1640 Faneandor,
2559 1571 2650 1641 qui
2705 1572 3100 1640 interpretatur
3151 1571 3436 1623 conversio
3495 1568 3629 1637 (7-2).
3680 1567 3729 1623 Et

2155 1665 2446 1719 conversio
2479 1666 2675 1734 duplex
2713 1664 3054 1733 intelligitur.
3103 1663 3200 1717 Est
3227 1665 3383 1717 enim
3437 1665 3726 1729 conversio,

2157 1774 2261 1827 qua
2297 1757 2417 1825 quis
2447 1757 2513 1811 ad
2552 1757 2720 1811 Deum
2753 1758 3119 1823 convertitur,
3154 1757 3234 1811 vel
3277 1772 3307 1809 a
3339 1756 3462 1808 Deo
3501 1763 3585 1808 est
3618 1771 3725 1811 coa-

2151 1867 2337 1907 versus
2377 1851 2442 1904 ad
2489 1851 2650 1904 bona.
2711 1849 2808 1905 Est
2838 1859 3018 1904 autem
3059 1860 3113 1905 et
3148 1851 3253 1905 alia
3286 1847 3408 1919 (75)
3440 1850 3726 1916 conversio,

2151 1956 2253 2011 qua
2288 1957 2379 1995 rex
2409 1939 2593 2004 Jabin,
2628 1941 2679 1995 id
2710 1952 2793 1996 est
2833 1943 3100 2009 diabolus,
3146 1944 3212 1997 ad
3256 1957 3321 1996 se
3370 1942 3596 1995 animas
3620 1957 3727 1995 caa-

2151 2036 2336 2098 vertit,
2401 2035 2539 2088 sicut
2589 2043 2643 2086 et
2695 2033 2760 2088 de
2813 2033 3085 2104 Symeone
3120 2050 3290 2103 supra
3332 2033 3723 2103 exposuimus:

2150 2128 2326 2197 qualis
2357 2126 2592 2194 putanda
2640 2134 2722 2180 est
2775 2134 2829 2179 et
2863 2127 2948 2179 illa
2993 2126 3315 2188 conversio,
3365 2141 3502 2196 qua
3556 2124 3725 2180 Calatis

2151 2219 2445 2282 acciderat,
2495 2219 2561 2270 de
2589 2232 2696 2285 qua
2734 2216 2868 2270 dicit
2907 2217 3198 2286 Apostolus
3243 2217 3340 2266 7':
3385 2235 3406 2266 ι
3441 2215 3726 2270 Currebatis

2149 2311 2310 2375 bene,
2364 2309 2486 2379 quis
2523 2324 2619 2364 vos
2669 2308 2970 2376 impedivit,
3009 2327 3027 2359 ι
3089 2309 3195 2362 hoc
3247 2317 3337 2360 est
3397 2308 3662 2359 convertit
3701 2322 3722 2358 a

2149 2421 2312 2461 cursu
2351 2404 2493 2458 bono
2529 2411 2584 2455 et
2620 2401 2821 2454 itinere
2858 2400 3050 2454 recto?
3087 2399 3254 2452 Mittit
3288 2411 3345 2452 et
3401 2401 3474 2451 ad
3508 2399 3724 2466 θος,ῳεί

2148 2507 2306 2554 erant
2335 2498 2388 2551 in
2425 2495 2716 2551 maritimis
2746 2495 2905 2559 locis,
2947 2497 3013 2548 ad
3046 2495 3259 2548 vicinos
3297 2492 3580 2546 ﬂuctuum
3613 2490 3724 2545 Cha.

2151 2607 2389 2654 nanaaos,
2445 2590 2534 2658 qui
2591 2591 3022 2658 interpretantur
3061 2586 3195 2640 velut
3227 2586 3494 2640 commoti
3532 2585 3659 2655 (7i),
3685 2584 3722 2637 id

2149 2692 2231 2739 est
2259 2683 2350 2752 qui
2394 2695 2607 2750 semper
2641 2679 2972 2734 motionibus
3015 2687 3069 2732 ct
3118 2678 3387 2732 [luctibus
3437 2688 3723 2746 permovent

2148 2782 2366 2837 cuncta,
2426 2783 2481 2827 et
2515 2773 2582 2825 ad
2635 2771 2940 2825 maritimos
2987 2770 3368 2824 Amorrhzeos.
3441 2770 3723 2821 Amorrhzi

2149 2866 2584 2936 interpretantur
2621 2871 3009 2917 amarescentea
3051 2862 3164 2933 (75)
3192 2904 3207 2926 ,
3240 2862 3337 2930 qui
3383 2871 3523 2914 sunt
3553 2860 3725 2914 similes

2151 2957 2277 3020 illis,
2311 2957 2378 3010 de
2421 2955 2620 3024 quibus
2660 2954 2910 3024 superius
2947 2951 3332 3007 disseruimus.
3387 2949 3548 3004 Talis
3591 2950 3726 3015 igitur

2149 3059 2238 3106 est
2286 3047 2567 3117 catalogus
2629 3046 2795 3101 totius
2848 3044 3052 3099 militia:
3099 3043 3477 3097 invisibilium
3521 3042 3724 3096 hostium

470 3130 611 3184 ﬁlios
633 3131 821 3187 Israel.
853 3131 1022 3186 Mittit
1056 3141 1109 3186 et
1137 3131 1204 3185 ad
1241 3143 1520 3187 montana.
1557 3132 1811 3187 Montana
1846 3133 2048 3187 intelli-
2075 3159 2120 3220 ο
2151 3143 2244 3212 qui
2301 3133 2709 3210 congregantur
2730 3152 2826 3206 per
2873 3152 3051 3206 regem
3082 3134 3240 3190 Jabin
3267 3175 3282 3198 ,
3339 3145 3404 3189 ut
3444 3143 3724 3204 expugnent

470 3224 647 3292 genda
679 3233 803 3278 sunt
847 3225 1026 3279 omnis
1073 3239 1265 3279 sensus
1300 3225 1393 3294 qui
1427 3225 1637 3280 extollit
1685 3240 1745 3280 se
1795 3234 1849 3279 ct
1885 3225 2047 3293 erigit

471 3314 735 3370 adversus
761 3315 1043 3370 scientiam
1095 3315 1212 3372 Dei.
1252 3316 1415 3372 Mittit
1441 3327 1494 3372 et
1528 3319 1581 3372 iu
1637 3316 1842 3371 Araba.
1876 3317 2048 3371 Inter-

470 3418 719 3475 pretatur
751 3416 930 3462 autem
956 3409 1135 3461 Araba
1159 3409 1368 3463 insidia:
1395 3408 1526 3480 (69).
1555 3408 1750 3463 Invitat
1774 3425 1904 3479 ergo
1938 3410 2050 3462 vir-

469 3506 613 3553 tutes
641 3498 1024 3564 insidiatrices,
1045 3514 1164 3570 quae
1188 3502 1456 3555 humanas
1480 3501 1686 3555 animas
1717 3516 1822 3554 non
1857 3502 1928 3565 vi,
1950 3517 2049 3558 nec

466 3589 669 3658 apertis
692 3589 1188 3660 impugnationibus
1221 3590 1358 3664 (70),
1389 3593 1481 3646 sed
1502 3592 1814 3663 improvisis
1837 3595 2048 3650 insidiis

467 3680 784 3750 callidisque
815 3682 1126 3750 decipiant:
1163 3682 1304 3737 forte
1335 3683 1532 3752 quales
1571 3694 1703 3738 sunt
1746 3693 1800 3738 et
1833 3685 1907 3738 illi
1931 3727 1946 3751 ,
1981 3684 2048 3739 de

465 3777 664 3844 quibus
714 3775 981 3847 Propheta
1028 3777 1160 3832 dicit
1187 3779 1276 3830 τίς
1319 3796 1338 3829 ι
1377 3777 1677 3833 Insidiatur
1720 3779 1774 3832 in
1830 3779 2047 3832 occulto

466 3870 610 3923 sicut
661 3868 744 3922 leo
774 3869 825 3922 in
863 3869 1026 3924 cubili
1061 3884 1182 3936 suo,
1217 3870 1504 3924 insidiatur
1529 3880 1588 3924 ut
1619 3872 1797 3941 rapiat
1845 3887 2048 3941 paupe-

465 3976 604 4017 rem.
631 3979 649 4012 ι
668 3960 774 4014 Sed
806 3966 850 4015 si
883 3963 1008 4029 quis
1033 3961 1156 4016 talis
1174 3971 1256 4016 est
1278 3962 1452 4031 qualis
1472 3961 1690 4029 Paulus,
1711 3964 2047 4019 conlidentcr

467 4053 595 4105 dicit
627 4052 718 4107 ἠε
761 4070 780 4104 t
827 4051 944 4107 Non
1001 4053 1142 4108 enim
1200 4054 1510 4122 ignoramus
1566 4056 1794 4111 astutias
1845 4057 1982 4127 ejus.
2017 4077 2037 4111 ι

468 4141 631 4197 Mittit
663 4144 789 4198 etin
821 4142 1109 4202 Ceneroth.
1136 4145 1528 4216 Interpretatur
1557 4157 1738 4202 autem
1773 4147 2046 4205 Ceneroth

467 4237 619 4304 quasi
648 4236 876 4290 lucerme
895 4235 1028 4308 (7i).
1062 4235 1176 4291 Non
1205 4237 1458 4308 lucernae,
1487 4239 1580 4296 sed
1608 4241 1760 4310 quasi
1787 4240 2044 4296 lucernte.

468 4327 630 4382 Aliud
667 4335 749 4382 est
783 4329 928 4382 enim
961 4328 1202 4396 lucerna,
1239 4331 1382 4384 aliud
1419 4333 1574 4403 quasi
1606 4332 1851 4387 lucerna.
1881 4331 2047 4387 Joan-

466 4437 563 4475 nes
597 4441 615 4472 t
648 4423 871 4477 lucerna
922 4433 1039 4478 erat
1093 4426 1292 4482 ardens
1321 4426 1386 4492 ⁷³,
1432 4444 1450 4478 ι
1491 4426 1617 4496 quia
1655 4434 1773 4482 erat
1821 4424 2047 4495 angelus

2152 3248 2249 3286 nos
2317 3231 2410 3301 qui
2476 3227 2762 3298 sequimur
2812 3226 3006 3280 ducem
3057 3223 3240 3279 Jesum
3296 3234 3355 3278 et
3408 3225 3722 3278 Salvatorw

2150 3334 2420 3379 nostrum.
2475 3320 2582 3376 Sed
2619 3319 2748 3390 quid
2773 3318 2904 3372 dicit
2936 3315 3240 3371 Dominus?
3301 3335 3320 3367 ι
3349 3315 3439 3370 Ne
3493 3315 3720 3374 verearis.

2152 3416 2331 3486 inquit
2359 3414 2426 3479 ⁷⁸,
2463 3428 2491 3465 a
2518 3409 2659 3465 facie
2684 3425 2897 3472 eorum,
2929 3406 3054 3476 quia
3085 3408 3330 3460 crastina
3362 3408 3465 3460 die
3494 3408 3594 3460 hac
3617 3408 3720 3460 hora

2151 3505 2358 3561 tradam
2391 3520 2488 3560 eos
2519 3504 2572 3558 in
2605 3516 2801 3556 manus
2833 3511 2972 3556 tuas.
3000 3519 3019 3552 ι
3047 3498 3217 3554 Video
3253 3499 3412 3568 quod
3442 3499 3604 3555 hodie
3634 3513 3716 3552 non

2151 3613 2435 3670 possumus
2466 3595 2590 3652 illos
2632 3610 2822 3651 omnes
2858 3594 3205 3664 opprimere,
3242 3609 3354 3648 nec
3394 3603 3628 3648 cunctos
3660 3593 3720 3645 ia.

2153 3690 2420 3756 terticere,
2475 3689 2570 3744 sed
2638 3687 2882 3742 crastino
2935 3686 3301 3756 perimeatur,
3375 3686 3438 3739 id
3494 3695 3578 3740 est
3626 3691 3722 3754 past

2150 3781 2672 3838 consummationem
2702 3779 2860 3848 hujus
2889 3780 3093 3834 sazculi.
3137 3778 3300 3834 Tunc
3331 3782 3548 3835 etenim
3575 3781 3722 3835 Otuuis

2148 3877 2323 3930 virtus
2353 3873 2631 3929 contraria
2661 3874 3001 3937 destruetur,
3039 3881 3093 3927 et
3130 3879 3262 3927 tunc
3301 3873 3534 3942 penitus
3570 3873 3722 3924 vince-

2150 3979 2258 4034 tur,
2306 3980 2430 4020 cum
2478 3964 2677 4019 videris
2711 3965 2776 4019 iis
2820 3965 2910 4034 qui
2956 3980 2986 4018 a
3037 3964 3286 4019 sinistris
3332 3975 3471 4018 sunt
3519 3965 3718 4020 dici":

2155 4059 2274 4114 tlte
2327 4058 2381 4112 in
2424 4058 2602 4128 ignem
2655 4065 2940 4122 aeternum,
2993 4071 3152 4125 quem
3213 4058 3564 4126 praeparavit
3607 4057 3720 4109 Deus

2153 4148 2368 4204 diabolo
2390 4157 2444 4203 et
2471 4147 2676 4218 angelis
2708 4148 2847 4218 ejus.
2877 4167 2895 4200 ι
2934 4146 3088 4202 Tunc
3118 4147 3265 4202 enim
3301 4156 3358 4201 et
3397 4164 3505 4202 nos
3532 4149 3578 4202 si
3603 4149 3720 4200 vice-

2151 4243 2342 4307 rimus,
2375 4250 2429 4296 et
2460 4240 2715 4295 obtinere
2743 4241 3062 4311 poterimus,
3098 4251 3404 4310 sequentes
3433 4240 3616 4296 Iesum
3640 4243 3720 4294 du-

2149 4348 2286 4398 cem,
2341 4333 2712 4402 percipiemus
2761 4349 2983 4402 regnum
3019 4337 3160 4401 quod
3216 4335 3556 4402 praeparavit
3602 4333 3720 4386 Deus

2151 4425 2317 4479 Pater
2346 4427 2554 4481 sanctis
2581 4427 2716 4494 suis,
2746 4435 2801 4480 et
2834 4427 2899 4480 iis
2926 4428 3014 4494 qui
3047 4426 3304 4479 mandata
3336 4425 3463 4493 ejus
3497 4436 3554 4479 et
3576 4425 3718 4492 justi-

466 4513 625 4571 lucis.
662 4515 824 4583 Quasi
868 4515 1088 4571 lucerna
1125 4528 1306 4574 autem
1368 4529 1450 4573 est
1495 4517 1583 4571 ille
1626 4519 1715 4586 qui
1760 4518 2047 4588 transligu~
2076 4505 2122 4559 Ι)
2155 4515 2256 4568 tias
2302 4515 2688 4585 impleverunt.
2746 4531 2843 4584 per
2907 4517 3081 4585 ipsum
3132 4515 3434 4571 Dominum
3491 4527 3718 4571 nostra:

469 4617 554 4660 rat
591 4622 649 4662 se
702 4609 753 4663 in
791 4611 1039 4680 angelum
1083 4611 1241 4666 lucis.
1285 4611 1353 4665 Et
1393 4611 1440 4664 si
1491 4610 1574 4663 vis
1618 4611 1792 4663 adhuc
1822 4609 2044 4664 eviden-

469 4699 576 4752 tius
615 4714 838 4756 noscere
873 4702 1206 4758 differentias
1249 4702 1638 4768 lucernarum,
1674 4711 1724 4754 ct
1764 4701 1918 4770 quasi
1964 4701 2045 4754 ln-

468 4804 778 4859 cernarunt,
814 4811 932 4863 qua:
959 4796 1011 4848 in
1047 4796 1317 4850 Ceneroth
1354 4803 1500 4860 sunt,
1537 4795 1661 4848 audi
1699 4792 2039 4848 Salvatorem

535 4882 584 4911 τι
618 4882 904 4938 Psalm.tx.
982 4887 1026 4918 τ’
1055 4887 1095 4940 ll
1131 4887 1255 4941 Cor.
1290 4902 1350 4953 ιι,
1384 4885 1469 4939 H.
1547 4883 1772 4939 "Joan.
1812 4901 1865 4949 v,
1891 4883 1983 4939 35.

468 4970 596 5018 xxv,
631 4955 720 5008 41.

539 5046 651 5113 (66)
693 5045 787 5114 ΖιῙ
831 5056 1008 5118 autem
1063 5048 1461 5114 interpretatur,
1510 5048 1774 5118 quomodo
1804 5047 1922 5116 ﬂuit
1948 5047 1967 5100 .'
2002 5048 2048 5101 A

463 5128 552 5178 :77
576 5119 653 5172 vel
678 5127 768 5177 ιιι-ς
801 5137 819 5170 t
861 5117 1042 5171 ﬂuere.
1080 5135 1098 5167 ι

541 5188 654 5259 (67)
699 5191 851 5253 Quod
881 5189 1141 5257 significat
1185 5191 1522 5254 venatricem,
1561 5187 1636 5242 vel
1667 5197 1966 5241 venatores.
2000 5189 2041 5240 Λ

464 5267 561 5318 ’της
602 5277 619 5308 t
661 5259 867 5313 venari.
900 5277 918 5308 ι

538 5329 650 5400 (68)
694 5329 964 5398 Magnam.
997 5327 1157 5383 Deest
1185 5330 1235 5382 in
1263 5328 1394 5383 libb.
1426 5330 1607 5395 editis,
1645 5329 1736 5382 sed
1768 5329 1963 5399 legitur
1991 5328 2043 5382 in

469 5399 853 5454 Gettictit‘ensi.

518 5402 853 5455 ettictit‘eltsi.

543 5473 654 5540 (69)
697 5471 1084 5538 Interpretatur
1125 5481 1298 5525 autem
1341 5472 1516 5525 Araba
1555 5470 1784 5525 inaiditt’.
1818 5469 1901 5523 Ab
1925 5478 2046 5528 rm

475 5557 494 5590 ι
532 5543 814 5595 insidiatus
839 5553 938 5595 est.
979 5560 996 5594 ι

541 5611 650 5683 (70)
692 5612 870 5667 Codex
902 5613 1215 5681 Sangertn.,
1253 5631 1270 5665 t
1308 5611 1794 5683 impugnatoribus.
1827 5630 1846 5663 ι
1885 5609 2039 5664 Libb.

470 5683 622 5746 editi,
654 5703 670 5733 ι
701 5685 1178 5753 expugnatoribus.
1205 5701 1224 5736 ι

543 5753 655 5824 (τι)
697 5750 1082 5821 Interpretatur
1111 5768 1281 5808 autem
1317 5752 1571 5808 Ceneroth
1601 5750 1752 5822 quasi
1788 5752 2035 5806 lucernte.

472 5821 548 5875 Et
573 5837 606 5884 δ
636 5821 656 5877 ε
692 5826 845 5895 quasi
881 5842 898 5875 ι
932 5833 988 5880 ct
1011 5835 1078 5884 Ἦ
1118 5845 1136 5877 ι
1164 5826 1403 5880 lucerna.
1451 5846 1468 5877 ι

2059 4883 2104 4916 ⁷⁵
2130 4883 2262 4940 Luc.
2300 4900 2402 4951 xu,
2426 4883 2516 4938 55.

2153 4607 2336 4664 Jcsum
2363 4607 2664 4674 Christum,
2691 4611 2774 4664 cui
2802 4619 2886 4663 est
2913 4610 3082 4680 gloria
3124 4619 3181 4664 et
3214 4599 3521 4679 imperium
3546 4611 3594 4664 iu
3627 4625 3714 4664 sx-

2153 4702 2275 4755 cula
2298 4701 2641 4756 saeculorum.
2670 4704 2860 4756 Amen.

2592 4883 2638 4915 ⁷⁸
2669 4884 2789 4942 Gal.
2822 4901 2870 4952 v,
2907 4885 2958 4939 7.
3036 4884 3081 4916 "
3103 4883 3214 4938 Jos.
3243 4900 3321 4946 xi,
3353 4885 3409 4938 6.
3478 4884 3710 4939 "Matth.

2225 5046 2338 5113 (72)
2380 5045 2728 5112 Faneandor,
2761 5049 2850 5116 qni
2875 5048 3256 5115 interpretatur
3286 5050 3582 5102 conrenio.
3623 5045 3713 5099 leo

2153 5115 2262 5170 lius
2286 5119 2741 5185 interpretaretur
2773 5115 2790 5168 ι
2816 5121 3102 5171 conversio
3125 5118 3503 5185 generationis
3531 5138 3549 5169 ι
3572 5136 3599 5170 a
3621 5124 3712 5175 ΠΣ

2160 5205 2178 5236 ι
2205 5189 2475 5241 convertit
2502 5205 2520 5238 ι
2554 5199 2608 5242 et
2632 5197 2729 5247 -ππ
2765 5206 2782 5238 ι
2811 5189 3108 5257 generatio.
3149 5205 3168 5237 ι

2226 5257 2337 5324 (75)
2369 5257 2500 5311 Mss.
2537 5276 2555 5309 t
2587 5257 2713 5310 alia.
2749 5277 2766 5309 ι
2801 5256 2958 5311 Libb.
3001 5258 3126 5310 editi
3156 5271 3172 5308 :
3207 5275 3225 5308 ι
3254 5256 3368 5310 illa.
3401 5276 3422 5310 ι

2223 5327 2727 5399 (74)“Chananteos,
2789 5329 2877 5399 qui
2930 5330 3350 5394 interpretantur
3403 5328 3534 5380 velut
3579 5342 3712 5399 ceta-

2152 5401 2298 5450 moti.
2332 5397 2410 5450 Ex
2426 5409 2487 5456 ει(
2515 5398 2650 5451 sicut
2680 5397 2862 5462 ietyu
2893 5399 3153 5459 uuoveri,
3181 5399 3566 5451 commoveri.»
3601 5398 3710 5446 Ca-

2153 5476 2324 5521 terum
2346 5467 3082 5536 protvelutconitnotiiQuod
3103 5469 3300 5536 legitur
3330 5469 3381 5520 in
3415 5482 3564 5530 mss.,
3594 5464 3708 5536 libri

2147 5539 2277 5591 editi
2312 5509 2508 5591 habent
2541 5557 2560 5588 ι
2589 5509 2741 5593 νυῖυί
2764 5509 3076 5593 coniuratio.
3111 5557 3128 5588 ι
3156 5509 3365 5593 ibidem
3398 5538 3518 5590 libb.
3545 5509 3706 5588 Enni:

2155 5625 2173 5657 ι
2215 5609 2305 5676 qui
2331 5623 2545 5676 semper
2567 5608 2621 5662 in
2653 5611 2977 5664 motionibus
3006 5619 3060 5662 et
3095 5608 3345 5662 ﬂuctibus
3374 5614 3708 5676 permaneat,

2150 5688 2201 5730 et
2235 5680 2300 5730 ad
2327 5679 2650 5744 maritimos,
2681 5698 2698 5730 ι
2736 5684 2827 5734 sed
2856 5696 2981 5733 mss.
3020 5689 3078 5733 ut
3111 5681 3163 5733 in
3194 5692 3377 5731 nosuo
3405 5687 3572 5732 textu.

2219 5747 2330 5820 (75)
2361 5747 2652 5802 Amori-latri
2678 5753 3088 5820 interpretantur
3122 5761 3514 5805 «inornatam.
3535 5748 3711 5801 A11:

2153 5835 2174 5871 ι
2207 5833 2448 5872 amarum
2485 5834 2625 5877 esse.
2661 5840 2679 5872 ι
