3874 6516
128 323 223 382 891

663 426 939 482 IIOMILIA
985 428 1101 484 XV.

124 528 186 588 In
215 543 271 582 ea
295 538 407 594 qui:
431 532 821 594 consequuntur
855 532 967 590 post
1004 522 1183 594 Jubin:
1203 540 1221 573 ί
1250 522 1316 578 Et
1333 524 1452 593 fecit
1491 524 1671 592 Iesus,

341 592 524 662 inquit,
557 592 690 644 sicut
718 603 1033 661 praeceperat
1065 594 1111 646 ei
1146 592 1426 649 Dominus.
1464 618 1483 649 ι

189 715 238 771 I.
268 711 375 767 Nisi
398 708 530 763 bella
567 708 669 763 ista
699 709 939 763 carnalia
970 710 1194 778 ﬁguram
1230 710 1495 765 bellorum
1525 714 1677 783 spiri-

127 808 295 865 talium
350 810 620 872 gererent,
687 817 1002 870 nunquam,
1052 802 1270 870 opinor,
1318 800 1671 859 Iudaicarum

124 896 451 956 historiarum
485 890 602 946 libri
636 893 917 962 discipulis
934 894 1157 956 Christi,
1188 895 1278 963 qui
1317 896 1459 949 venit
1486 911 1673 964 pacem

125 994 323 1053 docere,
371 985 581 1054 legendi
636 986 689 1038 in
734 986 984 1041 ecclesiis
1020 987 1249 1042 fuissent
1298 988 1368 1042 ab
1417 989 1678 1057 apostolis

125 1083 313 1142 traditi.
360 1080 476 1146 Quo
525 1079 670 1133 enim
711 1079 791 1133 eis
819 1078 1081 1133 bellorum
1115 1078 1405 1147 proficeret
1445 1081 1548 1135 ista
1578 1083 1669 1135 de-

122 1175 352 1245 scriptio,
384 1170 580 1241 quibus
607 1170 803 1225 dicitnr
834 1169 902 1223 ab
925 1168 1053 1225 .Icsu
1078 1170 1124 1201 ⁷⁸
1155 1184 1170 1223 :
1209 1188 1227 1220 ‹
1258 1170 1454 1226 Pacem
1499 1188 1673 1226 meam

122 1272 184 1325 do
221 1265 399 1330 vobis,
452 1278 637 1331 pacem
672 1277 844 1316 meam
883 1262 1129 1332 relinquo
1162 1263 1361 1319 vobis?
1390 1284 1408 1316 ›
1456 1265 1519 1318 Et
1558 1265 1678 1334 qui-

120 1362 211 1416 bus
262 1372 353 1426 per
413 1352 727 1424 Apostolum
776 1353 1002 1423 jubetur
1055 1364 1110 1410 et
1168 1356 1477 1411 dicitur":
1520 1357 1679 1412 «Non

120 1429 459 1516 vosmetipsos
516 1447 850 1501 vindicantes
876 1486 892 1511 ,
924 1464 943 1498 ι
991 1455 1047 1501 et
1083 1463 1097 1505 :
1136 1465 1154 1498 ‹
1182 1447 1352 1519 Magis
1425 1448 1677 1516 iniuriam

120 1540 357 1611 accipite,
394 1558 413 1591 ι
451 1550 547 1594 et:
581 1557 600 1590 ο
628 1538 796 1608 Magis
845 1538 1090 1595 fraudem
1140 1541 1429 1609 patimini?
1466 1562 1484 1594 ι
1525 1541 1679 1597 Unde

120 1634 341 1701 denique
384 1630 568 1685 sciens
616 1630 909 1700 Apostolus
962 1631 1110 1685 nulla
1168 1634 1322 1688 nobis
1375 1634 1485 1703 jam
1540 1635 1679 1688 ultra

117 1727 243 1780 bella
274 1739 391 1780 esse
415 1724 708 1779 carnaliter
738 1728 1069 1797 peragenda,
1129 1730 1223 1781 sed
1275 1728 1472 1783 anima:
1502 1739 1680 1783 certa-

116 1818 250 1872 mina
303 1825 491 1871 contra
547 1816 822 1885 spiritales
901 1818 1247 1872 adversarios
1317 1819 1672 1883 desudanda,

115 1910 248 1962 velut
293 1908 554 1977 magister
607 1907 811 1962 militiae
872 1920 1198 1977 praeceptum
1256 1911 1350 1963 dat
1413 1910 1675 1966 militibus

114 2000 298 2055 Christi
328 2002 517 2054 dicens
542 2000 585 2032 ⁸ο
616 2017 629 2053 :
678 2019 696 2052 ‹
727 2001 931 2056 Induite
963 2016 1055 2055 vos
1089 2016 1241 2054 arma
1272 2001 1364 2055 Dei
1394 2041 1411 2068 ,
1455 2012 1514 2055 ut
1546 2018 1672 2071 pos-

114 2092 220 2146 sitis
241 2101 382 2145 stare
422 2092 687 2147 adversus
735 2092 962 2146 astutias
1003 2090 1116 2165 (76)
1170 2092 1391 2147 diaboli.
1428 2112 1446 2145 ι
1489 2094 1559 2148 Et
1617 2106 1676 2150 ut

114 2183 289 2238 borum
338 2183 668 2250 spiritalium
728 2184 998 2239 bellorum
1069 2200 1135 2238 ex
1198 2195 1443 2241 veterum
1512 2188 1679 2257 gestis

113 2275 298 2329 habere
327 2276 601 2343 possimus
630 2276 902 2346 exempla,
936 2277 1069 2331 istas
1094 2277 1249 2332 nobis
1279 2284 1463 2334 rerum
1496 2290 1674 2352 gesta-

116 2381 221 2421 rum
253 2367 599 2420 narrationes
631 2366 682 2419 in
719 2367 952 2421 ecclesia
983 2368 1153 2422 voluit
1184 2370 1430 2433 recitari,
1464 2380 1521 2424 ut
1554 2386 1673 2433 nos,

115 2458 153 2513 si
181 2456 448 2526 spiritales
474 2471 684 2521 smnus,
711 2459 997 2513 audientes
1016 2461 1142 2528 quia
1177 2460 1259 2515 lex
1281 2462 1543 2530 spiritalis
1571 2472 1678 2525 est,

118 2554 163 2607 in
230 2552 291 2604 iis
347 2564 475 2619 qua:
536 2550 788 2603 audimus
835 2552 945 2619 (77)
1001 2554 1341 2623 spiritalibus
1408 2555 1678 2622 spiritalia

115 2654 495 2710 comparemus,
522 2648 576 2692 et
611 2641 1041 2708 contemplemur
1072 2658 1137 2697 ex
1174 2644 1240 2698 iis
1280 2645 1536 2715 gentibus
1561 2661 1682 2712 quae

116 2732 369 2786 carnalem
434 2730 600 2785 Israel
648 2732 933 2786 visibiliter
982 2745 1401 2805 Oppugnarunt,
1464 2746 1683 2806 quantze

115 2826 211 2879 sint
261 2833 454 2893 gentes
492 2825 894 2879 contrariarum
922 2827 1182 2881 virtutum
1209 2840 1274 2877 ex
1309 2824 1677 2896 spiritalibus,

116 2932 220 2984 qua:
246 2916 502 2969 dicuntur
535 2915 807 2984 spiritales
825 2917 1079 2986 nequitiae
1102 2919 1153 2971 iu
1188 2919 1522 2983 caelestibus,
1556 2935 1676 2987 qua:

117 3010 353 3062 adversus
386 3008 698 3063 Ecclesiam
731 3010 967 3077 Domini,
1004 3025 1126 3080 quae
1168 3025 1252 3066 est
1295 3029 1459 3067 verus
1492 3014 1678 3078 Israel,

116 3099 361 3151 susciteut
392 3099 559 3153 bella.
592 3097 848 3153 Moabita:
889 3102 1114 3154 veniunt
1145 3111 1198 3154 et
1235 3102 1586 3167 Ammouitm,
1626 3114 1679 3158 et
1708 3115 1753 3177 ε

113 3204 288 3245 onines
326 3190 397 3243 illi
442 3205 619 3259 reges,
649 3201 700 3245 et
739 3200 927 3261 gentes
960 3194 1296 3258 invisibiles,
1342 3211 1481 3264 quas
1520 3211 1678 3264 supe-

116 3285 216 3337 rius
250 3286 709 3352 memoravimus,
751 3287 1036 3342 adversum
1077 3303 1176 3342 nos
1210 3290 1433 3343 veniunt
1470 3305 1679 3359 pugna—

117 3386 237 3432 turre
263 3378 394 3448 (78),
426 3379 500 3431 ad
534 3380 633 3434 hoc
665 3389 721 3433 ut
751 3394 977 3449 peccare
1003 3397 1104 3436 nos
1130 3380 1350 3435 faciant.
1378 3382 1513 3447 Quia
1539 3384 1682 3436 sicut

116 3484 296 3539 corpus
332 3483 560 3541 accepto
585 3472 712 3526 ferri
741 3473 964 3528 vulnere
1005 3475 1259 3533 moritur.
1300 3475 1374 3528 ita
1405 3485 1457 3529 et
1498 3477 1676 3529 anima

115 3573 320 3632 accepto
385 3566 601 3634 peccati
654 3564 876 3620 vulnere
935 3567 1184 3621 moritur.
1236 3568 1300 3620 Et
1355 3579 1486 3635 puto
1535 3569 1681 3636 quod

114 3658 288 3712 eadem
317 3658 663 3727 frequentius
688 3660 869 3714 dicere
897 3662 1052 3714 nobis
1078 3660 1296 3729 quidem
1323 3662 1535 3731 pigrum
1563 3677 1682 3716 esse

115 3750 323 3816 debeat,
356 3753 515 3806 vobis
544 3761 719 3807 tamen
759 3755 1122 3808 necessarium
1156 3755 1247 3808 sit.
1282 3753 1498 3808 Utinam
1532 3757 1681 3811 enim

115 3843 192 3897 vel
248 3843 597 3914 frequentius
647 3846 791 3900 dicta
842 3847 955 3901 haec
1005 3848 1202 3901 animis
1250 3849 1449 3902 vestris
1491 3850 1683 3904 crebro

115 3938 369 3993 inculcata
404 3941 661 4005 teneatis,
694 3950 753 3993 ut
792 3954 893 3994 neu
934 3942 1046 3994 haec
1082 3940 1342 4009 legentes,
1382 3942 1464 3994 vel
1492 3940 1682 3995 Iudai-

114 4046 226 4085 cum
273 4033 325 4086 in
370 4035 460 4088 eis
508 4048 723 4088 sensum
756 4035 1006 4098 teneatis,
1065 4034 1146 4087 vel
1200 4034 1538 4087 haereticum.
1578 4033 1683 4088 Sed

114 4134 463 4195 posteaquam
518 4126 845 4195 generaliter
898 4126 1354 4189 commonuimus,
1413 4142 1520 4180 non
1576 4127 1684 4181 erit

114 4219 436 4290 superﬂuum
474 4221 637 4275 etiam
685 4218 967 4289 speciatim
1003 4220 1070 4275 de
1100 4219 1167 4275 iis
1194 4235 1315 4290 qua:
1355 4220 1489 4273 lecta
1532 4229 1682 4287 sunt,

116 4323 276 4379 pauca
308 4310 612 4365 disserere.
645 4312 972 4381 Repeteutes
1004 4312 1171 4381 igitur
1199 4326 1260 4367 ea
1286 4326 1403 4382 quae
1432 4310 1487 4365 in
1523 4327 1685 4383 supe-

117 4402 344 4457 rioribus
371 4404 578 4458 omissa
610 4405 843 4469 fuerant,
880 4405 1237 4460 disseramus.

1074 315 1141 372 IN
1180 314 1438 372 LIBRUM
1473 310 1638 368 JESU
1676 311 1861 368 NAVE
1901 314 2183 372 HOMILIA
2225 316 2341 372 XV.

3244 308 3353 365 898

1704 436 1747 493 Α
1782 430 1878 485 Dei
1908 431 2135 500 iuiplens
2154 431 2336 493 Jesus,
2367 429 2496 484 fecit
2525 427 2666 483 sicut
2694 424 2951 495 prtecepit
2983 423 3031 481 ei
3066 422 3347 482 Dominus.

1779 523 1834 576 In
1872 539 1977 592 quo
2011 526 2185 592 primo
2216 523 2457 577 omnium
2499 521 2731 574 dicimus
2759 518 2825 571 ad
2857 531 2971 582 eos,
3020 519 3110 588 qui
3163 520 3352 573 volunt

1777 615 2075 670 secundum
2102 614 2337 668 litteram
2374 622 2582 665 tantum
2616 611 2730 665 ιιίιεο
2754 608 2915 681 432
2941 611 3189 682 intelligi,
3225 612 3352 679 quia

1779 701 1823 756 si
1853 700 2071 769 quidem
2095 696 2493 766 superfuissent
2530 699 2697 766 aliqui
2730 715 2798 753 ex
2847 702 3116 765 hostibus,
3154 718 3349 755 conse-

1777 805 1951 861 queus
1977 791 2258 844 videbatur
2283 804 2453 857 equos
2483 792 2832 853 subnervari,
2881 807 2947 845 ne
2991 794 3067 846 uti
3097 794 3176 846 eis
3226 792 3349 861 quis

1780 891 1965 948 posset
2005 882 2071 935 ad
2135 880 2339 949 fugam.
2380 879 2536 934 Nunc
2579 896 2707 937 vero
2758 897 2881 936 cum
2930 884 3147 938 dicatur
3176 885 3356 939 nullus

1780 976 2005 1029 relictus
2050 988 2171 1029 esse
2221 974 2314 1044 qui
2348 973 2583 1043 spiraret
2639 974 2689 1027 in
2738 975 3007 1040 hostibus,
3041 992 3139 1031 cur
3190 978 3354 1030 etiam

1780 1071 1901 1139 equi
1931 1068 2254 1123 subnervari
2295 1065 2584 1135 jubentur,
2637 1065 2725 1133 qui
2775 1068 2961 1134 utique
2994 1069 3110 1121 usui
3141 1084 3204 1121 ac
3258 1068 3359 1121 mi-

1781 1159 2006 1214 nisterio
2039 1168 2290 1227 poterant
2320 1172 2440 1213 esse
2476 1158 2809 1212 victoribus?
2858 1157 2953 1211 Vis
2995 1168 3172 1212 autem
3213 1160 3357 1213 scire

1780 1253 1907 1322 quia
1935 1252 2141 1305 soleant
2190 1251 2445 1305 Israelita:
2485 1250 2647 1316 hujus
2681 1249 2756 1304 rei
2786 1261 2842 1305 et
2872 1250 3124 1303 utilitatis
3149 1251 3354 1304 habere

1782 1358 1991 1407 curam,
2022 1353 2074 1396 et
2113 1343 2343 1398 devictis
2386 1344 2636 1396 hostibus
2662 1344 2727 1395 ad
2759 1357 2887 1397 suos
2919 1357 3046 1395 usus
3077 1357 3357 1396 reservare

1777 1433 2053 1502 jumenta?
2112 1433 2168 1487 In
2212 1433 2466 1489 Numeris
2510 1433 2743 1503 legimus
2784 1435 3047 1502 scriptum
3096 1434 3164 1501 θ’,
3230 1436 3359 1504 quia

1783 1540 1903 1580 cum
1934 1541 1998 1580 ex
2032 1535 2299 1594 praecepto
2336 1524 2432 1579 Dei
2466 1526 2863 1595 processissent
2889 1541 3134 1595 pugnare
3164 1527 3358 1579 adver-

1783 1636 1900 1676 sum
1948 1619 2300 1684 Madianitas,
2357 1620 2582 1674 devictis
2630 1620 2877 1674 hostibus
2931 1618 3137 1688 aliquot
3193 1620 3359 1674 millia

1787 1715 2062 1768 asinorum
2104 1713 2170 1767 de
2206 1711 2384 1782 praeda
2422 1712 2662 1767 hostium
2703 1723 3055 1766 reservarunt
3091 1713 3207 1767 suis
3249 1714 3360 1765 usi-

1712 1778 1756 1833 Β
1784 1803 1885 1855 bus
1913 1802 2246 1873 profuturos,
2286 1819 2386 1859 nec
2416 1804 2637 1856 omnino
2668 1803 2905 1857 refertur
2933 1804 3005 1859 ibi
3039 1805 3163 1874 quia
3188 1806 3362 1858 inter-

1780 1895 2007 1950 fecerint
2041 1898 2222 1951 asinos
2268 1895 2510 1950 hostibus
2537 1897 2827 1964 superatis.

1853 1990 1907 2045 5.
1968 1991 2074 2044 Nos
2136 2004 2264 2059 ergo
2322 1988 2659 2057 Scripturani
2719 1998 2965 2044 sanctam
3035 1990 3359 2060 sibimetipsi

1780 2086 2146 2151 conferentes,
2178 2093 2232 2140 et
2257 2083 2597 2153 spiritalibus
2627 2083 2896 2151 spiritalia
2946 2092 3358 2151 comparantes,

1783 2177 2125 2245 requiramus
2155 2176 2285 2246 quid
2315 2184 2397 2229 est
2423 2175 2566 2242 quod
2592 2173 2657 2227 de
2691 2175 2864 2227 asinis
2891 2174 3109 2243 quidem
3136 2190 3243 2227 non
3279 2181 3362 2227 est

1783 2268 2044 2335 scriptum
2074 2268 2197 2337 quia
2245 2265 2558 2321 subuervati
2587 2275 2748 2328 sunt,
2795 2280 2893 2319 nec
2940 2264 3359 2319 Madianitarum

1784 2361 1952 2430 spolia
1983 2361 2066 2415 vel
2104 2360 2360 2413 animalia
2402 2360 2726 2427 interempta
2786 2357 3055 2423 dicantur,
3097 2358 3189 2412 sed
3234 2374 3363 2427 pro-

1788 2454 1951 2508 fuisse
1984 2453 2297 2509 Israeliticis
2356 2452 2540 2506 usibus
2568 2467 2583 2503 :
2611 2452 2678 2505 de
2705 2450 2825 2504 istis
2870 2458 3051 2503 autem
3094 2450 3185 2519 qui
3242 2466 3350 2506 non

1787 2548 2061 2601 habebant
2097 2546 2297 2606 asinos,
2337 2544 2431 2598 sed
2469 2557 2641 2610 equos
2669 2582 2684 2607 ,
2732 2541 2988 2611 praecepit
3038 2543 3151 2611 ipse
3182 2543 3365 2598 Domi-

1788 2654 1912 2701 nus,
1948 2647 2001 2691 et
2032 2637 2386 2707 dixit,Equos
2417 2652 2607 2690 eorum
2640 2636 3050 2692 subnervabitis
3083 2656 3097 2693 :
3130 2639 3273 2707 quod
3311 2646 3365 2693 et

1785 2728 1946 2783 Jesus
1979 2728 2119 2783 sicut
2149 2745 2178 2780 a
2212 2727 2441 2782 Domino
2473 2729 2783 2793 mandatur,
2807 2728 3069 2798 explevit.
3103 2728 3364 2784 Putamus

1786 2821 1901 2874 haec
1938 2820 2201 2873 accidisse
2239 2818 2501 2885 fortuitu,
2551 2830 2607 2872 ut
2657 2822 2779 2889 equi
2820 2820 3045 2875 hostiles
3084 2821 3367 2874 interime-

1788 2922 2000 2971 rentur,
2041 2918 2094 2962 et
2130 2910 2270 2963 asini
2310 2922 2683 2976 servarentur,
2742 2920 2799 2964 et
2852 2911 2904 2964 in
2944 2913 3226 2980 praeceptis
3274 2912 3365 2966 Dei

1788 3001 2010 3054 fortuita
2058 3001 2239 3071 aliqua
2290 3004 2624 3057 arbitramur
2686 3005 2968 3058 incidere?
3025 3007 3105 3058 Au
3154 3005 3368 3073 dignius

1787 3095 1999 3149 videtur
2038 3104 2092 3149 ut
2125 3105 2378 3164 putemus
2411 3097 2584 3164 magis
2626 3097 2676 3150 iu
2706 3098 2771 3151 iis
2804 3097 3147 3166 Seripturam
3173 3100 3367 3168 mysti-

1785 3206 1907 3243 cum
1946 3189 2148 3257 aliquid
2187 3189 2476 3245 indicare?
2516 3192 2758 3259 Denique
2791 3198 2844 3244 et
2888 3191 2980 3243 filii
3020 3190 3187 3244 Israel
3235 3206 3369 3244 nun-

1786 3298 1948 3352 quam
1994 3282 2151 3352 equis
2201 3282 2280 3336 usi
2324 3297 2445 3337 esse
2491 3282 2825 3346 referuntur,
2878 3292 2934 3336 et
2974 3282 3059 3336 lex
3113 3274 3249 3337 nihil
3303 3284 3370 3335 de

1784 3376 1961 3445 equis,
1996 3376 2088 3429 sed
2119 3375 2185 3429 de
2212 3373 2386 3429 asinis
2436 3374 2676 3439 mandat,
2715 3384 2901 3443 utpote
2934 3374 3000 3428 de
3043 3373 3371 3428 animalibus

1787 3485 1908 3540 qua:
1954 3473 2022 3524 ad
2074 3470 2341 3524 humanos
2389 3468 2603 3523 labores
2645 3469 2934 3538 juvandos,
2989 3478 3043 3523 et
3091 3469 3157 3523 ad
3198 3484 3369 3522 onera

1786 3580 1972 3619 eorum
2008 3564 2270 3630 portanda
2295 3562 2548 3615 videntur
2569 3563 2855 3625 exsistere,
2889 3563 3012 3631 equi
3038 3576 3165 3615 vero
3196 3562 3371 3631 magis

1788 3656 1851 3709 ad
1886 3656 2161 3710 hominum
2194 3655 2554 3722 perditionem
2586 3672 2598 3707 :
2639 3654 2741 3707 hoc
2781 3654 2926 3708 enim
2963 3665 3066 3717 est,
3098 3655 3240 3721 quod
3275 3669 3371 3722 per

1788 3764 1882 3802 eos
1933 3749 1987 3800 in
2031 3747 2230 3817 prsuliis
2271 3747 2504 3817 geritur.
2555 3744 2767 3800 Lascivi
2806 3755 2983 3800 motus
3038 3746 3263 3810 animal,
3314 3756 3411 3823 et.

1788 3842 2034 3909 superbia
2087 3840 2318 3894 cervicis
2374 3840 2662 3907 accipitur.
2717 3838 2856 3891 Sunt
2899 3854 3031 3906 ergo
3066 3838 3203 3891 asini
3260 3838 3371 3893 fre-

1788 3943 2018 4001 quenter
2042 3948 2071 3985 a
2109 3932 2393 4000 Scriptura
2446 3930 2502 3984 in
2544 3940 2668 4000 typo
2711 3930 2953 3999 gentium
2990 3930 3149 3999 positi
3188 3930 3372 3985 :sicut

1788 4036 1844 4078 et
1878 4023 2125 4077 Salvator
2154 4021 2465 4076 ostenditur
2492 4036 2653 4091 supra
2695 4022 2911 4075 asinum
2949 4020 3168 4084 sedens,
3220 4033 3365 4073 nun-

1789 4131 1951 4185 quam
1977 4126 2155 4169 autem
2179 4129 2318 4183 equo
2345 4114 2542 4169 sedens
2569 4112 2823 4169 refertur.
2850 4112 2953 4167 Sed
2975 4122 3031 4167 et
3061 4127 3184 4166 cum
3211 4110 3373 4166 disci-

1788 4210 1945 4281 pulos
1983 4209 2146 4263 mittit
2191 4211 2257 4262 ad
2285 4207 2600 4262 solvendam
2639 4207 2868 4270 asinam,
2925 4216 2981 4261 et
3019 4206 3225 4276 pullum
3261 4205 3371 4261 asi-

1792 4320 1894 4369 me,
1917 4302 2046 4356 dicit
2072 4303 2151 4356 eis
2176 4302 2221 4332 ⁸³
2248 4318 2260 4353 :
2298 4319 2317 4353 ι
2356 4302 2413 4356 Si
2442 4300 2563 4369 quis
2595 4314 2690 4356 vos
2721 4299 3159 4370 interregaverit,
3207 4298 3372 4352 dicite

1791 4398 1917 4467 quia
1947 4397 2204 4450 Dominus
2240 4396 2320 4450 eis
2356 4410 2495 4462 opus
2530 4394 2711 4449 habet.
2741 4412 2759 4445 ι
2832 4392 2899 4445 Ει
2957 4392 3157 4446 sedens
3209 4406 3374 4460 super

181 4495 234 4550 2,
274 4516 291 4547 ε
318 4497 380 4551 Et
413 4498 545 4552 fecit
570 4538 584 4561 ,
618 4497 792 4565 inquit
815 4497 882 4563 δι’
916 4498 995 4553 eis
1023 4497 1180 4552 Jesus
1200 4539 1215 4563 ,
1244 4498 1387 4552 sicut
1414 4512 1684 4567 ρι-ωοερθ-
1718 4470 1765 4528 ο
1792 4498 1915 4540 eum
1938 4484 2236 4553 ingreditur
2260 4483 2583 4547 Jerusalem,
2617 4492 2672 4537 et
2699 4496 2973 4550 nunquam
2996 4495 3138 4551 equo
3165 4481 3367 4535 sedens

118 4599 197 4642 rat
227 4591 273 4644 ei
323 4590 605 4645 Dominus.
645 4592 825 4662 Equos
854 4605 1041 4645 eorum
1070 4590 1443 4655 subnervavit,
1479 4600 1533 4644 et
1562 4605 1691 4644 cur—

120 4698 206 4736 rus
231 4700 422 4739 eorum
455 4687 666 4740 exussit
699 4685 828 4756 igni.
876 4684 942 4738 Et
983 4697 1280 4739 conversus
1315 4682 1474 4737 Jesus
1514 4684 1567 4735 in
1604 4683 1692 4737 illo

120 4785 356 4845 tempore
380 4779 674 4847 occupavit
718 4778 859 4831 Aser
886 4786 939 4831 et
972 4790 1150 4846 regem
1195 4775 1312 4843 ejus
1342 4774 1543 4830 occidit
1578 4774 1693 4844 gla-

120 4870 223 4935 dio,
254 4881 309 4924 et
340 4870 619 4925 interfecit
660 4886 874 4924 omnem
906 4870 999 4939 qui
1041 4870 1284 4937 spirabat
1322 4868 1378 4921 in
1412 4883 1476 4922 ea
1520 4870 1573 4921 in
1600 4883 1694 4921 ore

118 4961 298 5028 gladii,
328 4972 382 5018 et
411 4965 756 5019 exterminati
794 4972 919 5017 sunt
957 4975 1169 5025 omnes,
1206 4960 1280 5013 ita
1310 4967 1371 5013 ut
1397 4975 1502 5013 non
1534 4959 1695 5014 relin-

120 5074 377 5129 queretur
412 5062 466 5114 in
499 5048 560 5113 ca
594 5056 685 5127 qui
715 5056 1033 5124 respiraret.
1053 5072 1071 5105 ›
1098 5050 1411 5105 Mandatum
1438 5050 1640 5105 dicitur
1663 5064 1692 5101 a

120 5155 229 5210 Deo
259 5156 453 5209 datum
494 5152 557 5205 ad
586 5148 794 5215 Iesum,
840 5156 899 5202 ut
940 5154 1291 5215 posteaquam
1332 5150 1699 5212 expugnasset

122 5246 304 5301 hostes
352 5245 606 5314 superius
671 5248 1025 5302 memoratos,
1086 5235 1217 5289 nulli
1267 5242 1551 5303 parceret,
1600 5232 1695 5286 sed

120 5355 286 5407 equos
330 5352 520 5395 eorum
558 5333 939 5389 subnervaret.
990 5327 1143 5383 Unde
1187 5326 1335 5380 velut
1372 5326 1693 5379 mandatum

187 5438 233 5469 "
255 5436 416 5491 Joan.
461 5450 570 5491 xw.
618 5431 709 5484 2'7.
787 5428 882 5481 "I
929 5426 1054 5481 Cor.
1106 5440 1181 5488 v1,
1233 5423 1286 5478 7.

121 5523 231 5573 xxi,
260 5510 315 5563 5.
395 5506 444 5538 ⁸⁸
484 5504 648 5558 Zach.
680 5518 757 5567 ix,
781 5498 868 5554 10.

193 5624 304 5693 (76)
335 5625 455 5677 Duo
484 5639 611 5677 mss.
641 5620 1015 5683 Ebroicenses,
1038 5636 1079 5693 __t
1111 5613 1439 5693 insitlias.__:_
1561 5684 1592 5693 υ
1628 5682 1637 5693 ο

194 5684 306 5766 (7η
350 5696 533 5749 Codex
570 5696 857 5763 Sangerm.
904 5707 922 5740 ‹
947 5688 1221 5742 audimus.
1249 5705 1268 5738 ο
1326 5684 1480 5741 Libb.
1510 5684 1641 5740 editi
1683 5700 1695 5736 :

133 5786 149 5819 ι
170 5767 498 5823 audivimus.
522 5784 539 5816 ι

1360 5425 1407 5457 ⁸ο
1456 5421 1654 5491 Ephes.
1702 5434 1777 5483 vr,
1827 5418 1914 5471 11.

1789 4577 2070 4647 ingressus
2098 4590 2219 4630 esse
2245 4575 2464 4629 dicitur.
2509 4575 2613 4629 Sed
2650 4583 2705 4627 et
2744 4574 3010 4643 propheta
3044 4575 3111 4627 de
3149 4574 3264 4643 ipso
3301 4574 3373 4626 ita

1789 4668 2257 4739 praenuntiaverat
2304 4666 2448 4734 quod
2493 4666 2689 4719 sedens
2741 4665 2894 4719 asino
2942 4664 3152 4718 veniret
3184 4664 3251 4717 ad
3286 4663 3374 4718 Je-

1790 4764 2050 4830 rusalem,
2119 4762 2308 4817 dicens
2359 4760 2405 4792 ⁸⁸
2444 4778 2456 4812 ε
2493 4759 2679 4813 «Ecce
2737 4774 2830 4812 rex
2883 4767 3005 4812 tuus
3058 4768 3375 4811 mansuetus

1809 4860 2005 4912 sedens
2022 4870 2186 4924 super
2211 4852 2547 4923 subjugalem
2582 4862 2638 4906 et
2664 4849 2868 4919 pullum
2892 4850 3057 4904 asina:
3080 4851 3372 4904 novellum.

1791 4951 1857 5004 Et
1886 4948 2272 5004 exterminabit
2296 4961 2491 5001 currus
2523 4943 2777 5013 Ephrem,
2817 4951 2872 4996 et
2895 4957 3091 5011 equum
3118 4956 3185 4995 ex
3217 4941 3374 4996 Jeru-

1794 5042 1987 5095 salem.
2027 5060 2045 5092 ι
2103 5040 2265 5096 Vides
2304 5051 2433 5107 ergo
2459 5037 2584 5105 quia
2613 5034 2747 5105 (79),
2777 5035 3071 5087 secundum
3103 5034 3378 5102 prophetae

1794 5134 2142 5198 sententiam,
2174 5131 2262 5200 qui
2304 5142 2467 5199 super
2512 5127 2723 5181 asinum
2757 5125 2937 5189 sedet,
2996 5125 3379 5179 exterminabit

1795 5241 1989 5280 currus
2020 5226 2279 5293 Ephrem,
2315 5231 2370 5277 et
2416 5235 2615 5289 equum
2659 5220 2723 5273 de
2776 5216 3100 5273 Jerusalem.
3153 5217 3217 5269 Et
3260 5217 3378 5269 ideo

1744 5344 1747 5347 ν
1797 5321 2050 5373 videntur
2087 5318 2216 5371 mihi
2259 5315 2397 5371 asini
2432 5313 2677 5383 quidem,
2735 5320 2794 5365 ut
2845 5312 3100 5374 diximus,
3151 5308 3377 5378 figuram

1989 5416 2033 5447 ⁸³
2063 5412 2177 5469 Jos.
2218 5428 2297 5478 x1,
2346 5411 2503 5466 9-H.
2592 5409 2639 5441 ⁸¹
2672 5408 2831 5462 Num.
2876 5421 3027 5460 xxxi.
3101 5403 3147 5435 ⁸³
3180 5402 3375 5456 Matth.

1876 5606 1987 5680 (78)
2030 5605 2194 5673 Idem,
2230 5623 2248 5657 ‹
2294 5612 2632 5675 pugnatum.
2672 5619 2689 5652 ι
2737 5597 2894 5653 Libb.
2933 5594 3083 5659 editi,
3132 5611 3151 5645 ι
3176 5608 3379 5664 pugna-

1808 5691 1992 5822 u“(7.9;
2022 5747 2145 5803 Mss.
2182 5766 2199 5797 ι
2230 5746 2377 5815 quia.
2408 5762 2426 5796 ι
2464 5742 2621 5797 Libb.
2658 5740 2805 5802 editi,
2852 5756 2870 5790 ς
2903 5736 3194 5809 quomodo.
3225 5752 3247 5789 ι
