  <div class='ocr_page' id='page_1' title='image "/cluster/home/n/w/nwhite01/storage/ocr_20150623/12/hvd.32044019207638/453.png"; bbox 0 0 3874 6510; ppageno 0'>
   <div class='ocr_carea' id='block_1_1' title="bbox 487 318 594 376">
    <p class='ocr_par' dir='ltr' id='par_1_1' title="bbox 487 318 594 376">
     <span class='ocr_line' id='line_1_1' title="bbox 487 318 594 376; baseline 0 0"><span class='ocrx_word' id='word_1_1' title='bbox 487 318 594 376; x_wconf 81' lang='lat'><strong>899</strong></span> 
     </span>
    </p>
   </div>
   <div class='ocr_carea' id='block_1_2' title="bbox 1927 307 2248 372">
    <p class='ocr_par' dir='ltr' id='par_1_2' title="bbox 1927 307 2248 372">
     <span class='ocr_line' id='line_1_2' title="bbox 1927 307 2248 372; baseline -0.022 0"><span class='ocrx_word' id='word_1_2' title='bbox 1927 307 2248 372; x_wconf 64' lang='lat' dir='ltr'><strong>ORIGENIS</strong></span> 
     </span>
    </p>
   </div>
   <div class='ocr_carea' id='block_1_3' title="bbox 488 425 3739 509">
    <p class='ocr_par' dir='ltr' id='par_1_3' title="bbox 488 425 3739 509">
     <span class='ocr_line' id='line_1_3' title="bbox 488 425 3739 509; baseline -0.002 -12"><span class='ocrx_word' id='word_1_3' title='bbox 488 453 709 497; x_wconf 78' lang='lat' dir='ltr'><strong>servare</strong></span> <span class='ocrx_word' id='word_1_4' title='bbox 745 454 932 494; x_wconf 83' lang='lat' dir='ltr'><strong>eorum</strong></span> <span class='ocrx_word' id='word_1_5' title='bbox 963 437 1053 508; x_wconf 99' lang='lat' dir='ltr'><strong>qui</strong></span> <span class='ocrx_word' id='word_1_6' title='bbox 1080 454 1144 493; x_wconf 79' lang='lat' dir='ltr'><strong>ex</strong></span> <span class='ocrx_word' id='word_1_7' title='bbox 1173 439 1419 509; x_wconf 77' lang='lat' dir='ltr'><strong>gentibus</strong></span> <span class='ocrx_word' id='word_1_8' title='bbox 1453 440 1706 505; x_wconf 91' lang='lat' dir='ltr'><strong>credunt,</strong></span> <span class='ocrx_word' id='word_1_9' title='bbox 1741 453 1905 508; x_wconf 85' lang='lat' dir='ltr'><strong>super</strong></span> <span class='ocrx_word' id='word_1_10' title='bbox 1927 451 2063 506; x_wconf 91' lang='lat' dir='ltr'><strong>quos</strong></span> <span class='ocrx_word' id='word_1_11' title='bbox 2093 440 2137 493; x_wconf 78' lang='grc' dir='ltr'>Α</span> <span class='ocrx_word' id='word_1_12' title='bbox 2165 433 2289 502; x_wconf 84' lang='lat' dir='ltr'><strong>quis</strong></span> <span class='ocrx_word' id='word_1_13' title='bbox 2340 433 2524 501; x_wconf 86' lang='lat' dir='ltr'><strong>equini</strong></span> <span class='ocrx_word' id='word_1_14' title='bbox 2574 433 2790 500; x_wconf 81' lang='lat' dir='ltr'><strong>generis</strong></span> <span class='ocrx_word' id='word_1_15' title='bbox 2835 431 2902 484; x_wconf 92' lang='lat' dir='ltr'><strong>de</strong></span> <span class='ocrx_word' id='word_1_16' title='bbox 2935 429 3126 499; x_wconf 81' lang='lat' dir='ltr'><strong>spoliis</strong></span> <span class='ocrx_word' id='word_1_17' title='bbox 3158 427 3398 481; x_wconf 70' lang='lat' dir='ltr'><strong>hostium</strong></span> <span class='ocrx_word' id='word_1_18' title='bbox 3427 433 3590 492; x_wconf 62' lang='grc' dir='ltr'><strong>ωριτε</strong></span> <span class='ocrx_word' id='word_1_19' title='bbox 3623 425 3739 479; x_wconf 61' lang='grc' dir='ltr'><strong>διιδ-</strong></span> 
     </span>
    </p>
   </div>
   <div class='ocr_carea' id='block_1_4' title="bbox 491 532 2067 605">
    <p class='ocr_par' dir='ltr' id='par_1_4' title="bbox 491 532 2067 605">
     <span class='ocr_line' id='line_1_4' title="bbox 491 532 2067 605; baseline -0.003 -18"><span class='ocrx_word' id='word_1_20' title='bbox 491 534 604 605; x_wconf 84' lang='grc'><strong>(80)</strong></span> <span class='ocrx_word' id='word_1_21' title='bbox 637 532 838 587; x_wconf 86' lang='lat' dir='ltr'><strong>sedisse</strong></span> <span class='ocrx_word' id='word_1_22' title='bbox 872 532 1134 586; x_wconf 77' lang='lat' dir='ltr'><strong>scribitur</strong></span> <span class='ocrx_word' id='word_1_23' title='bbox 1159 532 1448 598; x_wconf 86' lang='lat' dir='ltr'><strong>Dominus;</strong></span> <span class='ocrx_word' id='word_1_24' title='bbox 1472 533 1593 599; x_wconf 84' lang='lat' dir='ltr'><strong>equi</strong></span> <span class='ocrx_word' id='word_1_25' title='bbox 1618 546 1742 584; x_wconf 90' lang='lat' dir='ltr'><strong>vero</strong></span> <span class='ocrx_word' id='word_1_26' title='bbox 1768 533 1856 600; x_wconf 91' lang='lat' dir='ltr'><strong>qui</strong></span> <span class='ocrx_word' id='word_1_27' title='bbox 1884 540 2067 585; x_wconf 84' lang='lat' dir='ltr'><strong>exter-</strong></span> 
     </span>
    </p>
   </div>
   <div class='ocr_carea' id='block_1_5' title="bbox 492 624 2064 694">
    <p class='ocr_par' dir='ltr' id='par_1_5' title="bbox 492 624 2064 694">
     <span class='ocr_line' id='line_1_5' title="bbox 492 624 2064 694; baseline -0.003 -16"><span class='ocrx_word' id='word_1_28' title='bbox 492 627 782 689; x_wconf 87' lang='lat' dir='ltr'><strong>minantur,</strong></span> <span class='ocrx_word' id='word_1_29' title='bbox 819 635 874 679; x_wconf 90' lang='lat' dir='ltr'><strong>et</strong></span> <span class='ocrx_word' id='word_1_30' title='bbox 896 640 1110 690; x_wconf 91' lang='lat' dir='ltr'><strong>currus,</strong></span> <span class='ocrx_word' id='word_1_31' title='bbox 1141 625 1364 694; x_wconf 90' lang='lat' dir='ltr'><strong>figuram</strong></span> <span class='ocrx_word' id='word_1_32' title='bbox 1395 636 1578 678; x_wconf 91' lang='lat' dir='ltr'><strong>tenere</strong></span> <span class='ocrx_word' id='word_1_33' title='bbox 1605 625 1819 678; x_wconf 90' lang='lat' dir='ltr'><strong>illorum</strong></span> <span class='ocrx_word' id='word_1_34' title='bbox 1839 663 1854 687; x_wconf 90' lang='lat'><strong>,</strong></span> <span class='ocrx_word' id='word_1_35' title='bbox 1880 624 1972 691; x_wconf 87' lang='lat' dir='ltr'><strong>qui</strong></span> <span class='ocrx_word' id='word_1_36' title='bbox 2013 626 2064 675; x_wconf 92' lang='lat' dir='ltr'><strong>in</strong></span> 
     </span>
    </p>
   </div>
   <div class='ocr_carea' id='block_1_6' title="bbox 488 715 2064 785">
    <p class='ocr_par' dir='ltr' id='par_1_6' title="bbox 488 715 2064 785">
     <span class='ocr_line' id='line_1_6' title="bbox 488 715 2064 785; baseline -0.002 -15"><span class='ocrx_word' id='word_1_37' title='bbox 488 715 801 770; x_wconf 83' lang='lat' dir='ltr'><strong>coelestibus</strong></span> <span class='ocrx_word' id='word_1_38' title='bbox 826 716 1007 783; x_wconf 79' lang='lat' dir='ltr'><strong>positi,</strong></span> <span class='ocrx_word' id='word_1_39' title='bbox 1036 732 1132 785; x_wconf 84' lang='lat' dir='ltr'><strong>per</strong></span> <span class='ocrx_word' id='word_1_40' title='bbox 1164 715 1445 770; x_wconf 78' lang='lat' dir='ltr'><strong>lasciviam</strong></span> <span class='ocrx_word' id='word_1_41' title='bbox 1477 723 1531 770; x_wconf 91' lang='lat' dir='ltr'><strong>et</strong></span> <span class='ocrx_word' id='word_1_42' title='bbox 1575 715 1882 785; x_wconf 84' lang='lat' dir='ltr'><strong>superbiam</strong></span> <span class='ocrx_word' id='word_1_43' title='bbox 1915 715 2064 768; x_wconf 88' lang='lat' dir='ltr'><strong>deci-</strong></span> 
     </span>
    </p>
   </div>
   <div class='ocr_carea' id='block_1_7' title="bbox 489 807 2066 878">
    <p class='ocr_par' dir='ltr' id='par_1_7' title="bbox 489 807 2066 878">
     <span class='ocr_line' id='line_1_7' title="bbox 489 807 2066 878; baseline 0 -17"><span class='ocrx_word' id='word_1_44' title='bbox 489 809 703 870; x_wconf 92' lang='lat' dir='ltr'><strong>derunt,</strong></span> <span class='ocrx_word' id='word_1_45' title='bbox 736 809 950 876; x_wconf 84' lang='lat' dir='ltr'><strong>quando</strong></span> <span class='ocrx_word' id='word_1_46' title='bbox 974 807 1054 862; x_wconf 85' lang='lat' dir='ltr'><strong>vel</strong></span> <span class='ocrx_word' id='word_1_47' title='bbox 1084 807 1150 860; x_wconf 89' lang='lat' dir='ltr'><strong>ad</strong></span> <span class='ocrx_word' id='word_1_48' title='bbox 1190 807 1328 861; x_wconf 89' lang='lat' dir='ltr'><strong>filias</strong></span> <span class='ocrx_word' id='word_1_49' title='bbox 1361 807 1638 862; x_wconf 83' lang='lat' dir='ltr'><strong>hominum</strong></span> <span class='ocrx_word' id='word_1_50' title='bbox 1670 808 2066 878; x_wconf 87' lang='lat' dir='ltr'><strong>concupiscen-</strong></span> 
     </span>
    </p>
   </div>
   <div class='ocr_carea' id='block_1_8' title="bbox 487 896 2063 967">
    <p class='ocr_par' dir='ltr' id='par_1_8' title="bbox 487 896 2063 967">
     <span class='ocr_line' id='line_1_8' title="bbox 487 896 2063 967; baseline -0.001 -15"><span class='ocrx_word' id='word_1_51' title='bbox 487 896 605 962; x_wconf 89' lang='lat' dir='ltr'><strong>das,</strong></span> <span class='ocrx_word' id='word_1_52' title='bbox 640 898 962 966; x_wconf 89' lang='lat' dir='ltr'><strong>semetipsos</strong></span> <span class='ocrx_word' id='word_1_53' title='bbox 1011 897 1320 952; x_wconf 89' lang='lat' dir='ltr'><strong>incentores</strong></span> <span class='ocrx_word' id='word_1_54' title='bbox 1375 897 1485 967; x_wconf 83' lang='lat' dir='ltr'><strong>(Si)</strong></span> <span class='ocrx_word' id='word_1_55' title='bbox 1532 900 1922 966; x_wconf 79' lang='lat' dir='ltr'><strong>praebuerunt,</strong></span> <span class='ocrx_word' id='word_1_56' title='bbox 1981 897 2063 952; x_wconf 90' lang='lat' dir='ltr'><strong>vel</strong></span> 
     </span>
    </p>
   </div>
   <div class='ocr_carea' id='block_1_9' title="bbox 487 985 2068 1058">
    <p class='ocr_par' dir='ltr' id='par_1_9' title="bbox 487 985 2068 1058">
     <span class='ocr_line' id='line_1_9' title="bbox 487 985 2068 1058; baseline 0.001 -19"><span class='ocrx_word' id='word_1_57' title='bbox 487 985 660 1040; x_wconf 87' lang='lat' dir='ltr'><strong>secuti</strong></span> <span class='ocrx_word' id='word_1_58' title='bbox 712 997 838 1040; x_wconf 87' lang='lat' dir='ltr'><strong>sunt</strong></span> <span class='ocrx_word' id='word_1_59' title='bbox 890 987 1064 1050; x_wconf 90' lang='lat' dir='ltr'><strong>illum,</strong></span> <span class='ocrx_word' id='word_1_60' title='bbox 1115 987 1207 1056; x_wconf 90' lang='lat' dir='ltr'><strong>qui</strong></span> <span class='ocrx_word' id='word_1_61' title='bbox 1257 986 1397 1040; x_wconf 82' lang='lat' dir='ltr'><strong>dixit</strong></span> <span class='ocrx_word' id='word_1_62' title='bbox 1438 987 1484 1018; x_wconf 82' lang='grc'><strong>⁸⁵</strong></span> <span class='ocrx_word' id='word_1_63' title='bbox 1530 1005 1544 1041; x_wconf 89' lang='lat'><strong>:</strong></span> <span class='ocrx_word' id='word_1_64' title='bbox 1598 987 1847 1042; x_wconf 81' lang='lat' dir='ltr'><strong>tPnnam</strong></span> <span class='ocrx_word' id='word_1_65' title='bbox 1905 1003 2068 1058; x_wconf 82' lang='lat' dir='ltr'><strong>super</strong></span> 
     </span>
    </p>
   </div>
   <div class='ocr_carea' id='block_1_10' title="bbox 489 1077 2061 1140">
    <p class='ocr_par' dir='ltr' id='par_1_10' title="bbox 489 1077 2061 1140">
     <span class='ocr_line' id='line_1_10' title="bbox 489 1077 2061 1140; baseline -0.001 -10"><span class='ocrx_word' id='word_1_66' title='bbox 489 1077 660 1132; x_wconf 89' lang='lat' dir='ltr'><strong>nubes</strong></span> <span class='ocrx_word' id='word_1_67' title='bbox 707 1077 888 1130; x_wconf 84' lang='lat' dir='ltr'><strong>sedem</strong></span> <span class='ocrx_word' id='word_1_68' title='bbox 943 1092 1136 1140; x_wconf 84' lang='lat' dir='ltr'><strong>meam,</strong></span> <span class='ocrx_word' id='word_1_69' title='bbox 1199 1085 1252 1129; x_wconf 92' lang='lat' dir='ltr'><strong>et</strong></span> <span class='ocrx_word' id='word_1_70' title='bbox 1303 1090 1396 1130; x_wconf 89' lang='lat' dir='ltr'><strong>ero</strong></span> <span class='ocrx_word' id='word_1_71' title='bbox 1449 1077 1640 1132; x_wconf 85' lang='lat' dir='ltr'><strong>similis</strong></span> <span class='ocrx_word' id='word_1_72' title='bbox 1695 1078 2000 1133; x_wconf 87' lang='lat' dir='ltr'><strong>Altissimo.</strong></span> <span class='ocrx_word' id='word_1_73' title='bbox 2043 1095 2061 1128; x_wconf 72' lang='grc' dir='ltr'><strong><em>ι</em></strong></span> 
     </span>
    </p>
   </div>
   <div class='ocr_carea' id='block_1_11' title="bbox 489 1168 2068 1242">
    <p class='ocr_par' dir='ltr' id='par_1_11' title="bbox 489 1168 2068 1242">
     <span class='ocr_line' id='line_1_11' title="bbox 489 1168 2068 1242; baseline 0.001 -20"><span class='ocrx_word' id='word_1_74' title='bbox 489 1169 616 1224; x_wconf 92' lang='lat' dir='ltr'><strong>lude</strong></span> <span class='ocrx_word' id='word_1_75' title='bbox 652 1169 898 1223; x_wconf 90' lang='lat' dir='ltr'><strong>fortassis</strong></span> <span class='ocrx_word' id='word_1_76' title='bbox 929 1179 1014 1223; x_wconf 89' lang='lat' dir='ltr'><strong>est</strong></span> <span class='ocrx_word' id='word_1_77' title='bbox 1045 1168 1185 1238; x_wconf 91' lang='lat' dir='ltr'><strong>quod</strong></span> <span class='ocrx_word' id='word_1_78' title='bbox 1217 1179 1271 1223; x_wconf 89' lang='lat' dir='ltr'><strong>et</strong></span> <span class='ocrx_word' id='word_1_79' title='bbox 1301 1169 1570 1242; x_wconf 85' lang='lat' dir='ltr'><strong>Propheta</strong></span> <span class='ocrx_word' id='word_1_80' title='bbox 1608 1171 1741 1225; x_wconf 90' lang='lat' dir='ltr'><strong>dicit</strong></span> <span class='ocrx_word' id='word_1_81' title='bbox 1771 1171 1816 1203; x_wconf 79' lang='grc'><strong>⁸⁸</strong></span> <span class='ocrx_word' id='word_1_82' title='bbox 1850 1190 1862 1225; x_wconf 94' lang='lat'>:</span> <span class='ocrx_word' id='word_1_83' title='bbox 1902 1190 1919 1222; x_wconf 75' lang='grc' dir='ltr'>ι</span> <span class='ocrx_word' id='word_1_84' title='bbox 1945 1170 2068 1224; x_wconf 87' lang='lat' dir='ltr'><strong>Fal-</strong></span> 
     </span>
    </p>
   </div>
   <div class='ocr_carea' id='block_1_12' title="bbox 499 1260 2065 1332">
    <p class='ocr_par' dir='ltr' id='par_1_12' title="bbox 499 1260 2065 1332">
     <span class='ocr_line' id='line_1_12' title="bbox 499 1260 2065 1332; baseline 0.001 -17"><span class='ocrx_word' id='word_1_85' title='bbox 499 1276 593 1316; x_wconf 85' lang='lat' dir='ltr'><strong>sus</strong></span> <span class='ocrx_word' id='word_1_86' title='bbox 625 1275 800 1330; x_wconf 84' lang='lat' dir='ltr'><strong>equus</strong></span> <span class='ocrx_word' id='word_1_87' title='bbox 823 1262 888 1314; x_wconf 85' lang='lat' dir='ltr'><strong>ad</strong></span> <span class='ocrx_word' id='word_1_88' title='bbox 921 1260 1170 1314; x_wconf 78' lang='lat' dir='ltr'><strong>salutem.</strong></span> <span class='ocrx_word' id='word_1_89' title='bbox 1205 1279 1224 1313; x_wconf 75' lang='grc' dir='ltr'><strong>ι</strong></span> <span class='ocrx_word' id='word_1_90' title='bbox 1276 1260 1342 1314; x_wconf 82' lang='grc' dir='ltr'><strong>Ει</strong></span> <span class='ocrx_word' id='word_1_91' title='bbox 1368 1261 1563 1315; x_wconf 88' lang='lat' dir='ltr'><strong>iterum</strong></span> <span class='ocrx_word' id='word_1_92' title='bbox 1592 1262 1725 1316; x_wconf 86' lang='lat' dir='ltr'><strong>dicit</strong></span> <span class='ocrx_word' id='word_1_93' title='bbox 1774 1263 1840 1317; x_wconf 90' lang='lat' dir='ltr'><strong>de</strong></span> <span class='ocrx_word' id='word_1_94' title='bbox 1883 1263 1947 1318; x_wconf 91' lang='lat' dir='ltr'><strong>iis</strong></span> <span class='ocrx_word' id='word_1_95' title='bbox 1974 1264 2065 1332; x_wconf 92' lang='lat' dir='ltr'><strong>qui</strong></span> 
     </span>
    </p>
   </div>
   <div class='ocr_carea' id='block_1_13' title="bbox 491 1352 2061 1420">
    <p class='ocr_par' dir='ltr' id='par_1_13' title="bbox 491 1352 2061 1420">
     <span class='ocr_line' id='line_1_13' title="bbox 491 1352 2061 1420; baseline 0.002 -14"><span class='ocrx_word' id='word_1_96' title='bbox 491 1353 547 1406; x_wconf 93' lang='lat' dir='ltr'><strong>in</strong></span> <span class='ocrx_word' id='word_1_97' title='bbox 583 1353 918 1406; x_wconf 65' lang='lat' dir='ltr'><strong>dwmouibus</strong></span> <span class='ocrx_word' id='word_1_98' title='bbox 955 1352 1295 1407; x_wconf 82' lang='lat' dir='ltr'><strong>confidebant</strong></span> <span class='ocrx_word' id='word_1_99' title='bbox 1329 1352 1374 1384; x_wconf 82' lang='grc'><strong>⁸⁷</strong></span> <span class='ocrx_word' id='word_1_100' title='bbox 1412 1370 1426 1408; x_wconf 93' lang='lat'><strong>:</strong></span> <span class='ocrx_word' id='word_1_101' title='bbox 1461 1373 1478 1404; x_wconf 74' lang='grc' dir='ltr'>ι</span> <span class='ocrx_word' id='word_1_102' title='bbox 1507 1352 1568 1406; x_wconf 88' lang='lat' dir='ltr'><strong>Hi</strong></span> <span class='ocrx_word' id='word_1_103' title='bbox 1605 1354 1654 1407; x_wconf 93' lang='lat' dir='ltr'><strong>in</strong></span> <span class='ocrx_word' id='word_1_104' title='bbox 1691 1355 1978 1420; x_wconf 90' lang='lat' dir='ltr'><strong>curribus,</strong></span> <span class='ocrx_word' id='word_1_105' title='bbox 2006 1365 2061 1409; x_wconf 90' lang='lat' dir='ltr'><strong>et</strong></span> 
     </span>
    </p>
   </div>
   <div class='ocr_carea' id='block_1_14' title="bbox 489 1444 2067 1507">
    <p class='ocr_par' dir='ltr' id='par_1_14' title="bbox 489 1444 2067 1507">
     <span class='ocr_line' id='line_1_14' title="bbox 489 1444 2067 1507; baseline 0.002 -9"><span class='ocrx_word' id='word_1_106' title='bbox 489 1445 527 1500; x_wconf 91' lang='lat' dir='ltr'><strong>ii</strong></span> <span class='ocrx_word' id='word_1_107' title='bbox 560 1444 613 1498; x_wconf 89' lang='lat' dir='ltr'><strong>in</strong></span> <span class='ocrx_word' id='word_1_108' title='bbox 644 1446 826 1507; x_wconf 86' lang='lat' dir='ltr'><strong>equis,</strong></span> <span class='ocrx_word' id='word_1_109' title='bbox 857 1460 953 1498; x_wconf 91' lang='lat' dir='ltr'><strong>nos</strong></span> <span class='ocrx_word' id='word_1_110' title='bbox 979 1456 1159 1499; x_wconf 89' lang='lat' dir='ltr'><strong>autem</strong></span> <span class='ocrx_word' id='word_1_111' title='bbox 1196 1447 1248 1499; x_wconf 94' lang='lat' dir='ltr'><strong>in</strong></span> <span class='ocrx_word' id='word_1_112' title='bbox 1287 1446 1507 1499; x_wconf 89' lang='lat' dir='ltr'><strong>nomine</strong></span> <span class='ocrx_word' id='word_1_113' title='bbox 1557 1445 1649 1499; x_wconf 89' lang='lat' dir='ltr'><strong>Dei</strong></span> <span class='ocrx_word' id='word_1_114' title='bbox 1699 1446 1870 1500; x_wconf 90' lang='lat' dir='ltr'><strong>nostri</strong></span> <span class='ocrx_word' id='word_1_115' title='bbox 1915 1446 2067 1501; x_wconf 87' lang='lat' dir='ltr'><strong>invo-</strong></span> 
     </span>
    </p>
   </div>
   <div class='ocr_carea' id='block_1_15' title="bbox 490 1535 2066 1608">
    <p class='ocr_par' dir='ltr' id='par_1_15' title="bbox 490 1535 2066 1608">
     <span class='ocr_line' id='line_1_15' title="bbox 490 1535 2066 1608; baseline 0.002 -18"><span class='ocrx_word' id='word_1_116' title='bbox 490 1535 732 1602; x_wconf 21' lang='lat' dir='ltr'><strong>cxabimus</strong></span> <span class='ocrx_word' id='word_1_117' title='bbox 779 1537 910 1608; x_wconf 73' lang='grc'><strong>(82).</strong></span> <span class='ocrx_word' id='word_1_118' title='bbox 947 1556 965 1588; x_wconf 72' lang='grc' dir='ltr'><strong><em>ι</em></strong></span> <span class='ocrx_word' id='word_1_119' title='bbox 1008 1536 1193 1607; x_wconf 85' lang='lat' dir='ltr'><strong>Neque</strong></span> <span class='ocrx_word' id='word_1_120' title='bbox 1224 1538 1368 1590; x_wconf 90' lang='lat' dir='ltr'><strong>enim</strong></span> <span class='ocrx_word' id='word_1_121' title='bbox 1406 1551 1606 1591; x_wconf 90' lang='lat' dir='ltr'><strong>currus</strong></span> <span class='ocrx_word' id='word_1_122' title='bbox 1641 1546 1694 1592; x_wconf 89' lang='lat' dir='ltr'><strong>et</strong></span> <span class='ocrx_word' id='word_1_123' title='bbox 1735 1553 1904 1606; x_wconf 82' lang='lat' dir='ltr'><strong>equos</strong></span> <span class='ocrx_word' id='word_1_124' title='bbox 1955 1539 2066 1594; x_wconf 89' lang='lat' dir='ltr'><strong>Deo</strong></span> 
     </span>
    </p>
   </div>
   <div class='ocr_carea' id='block_1_16' title="bbox 489 1626 2065 1698">
    <p class='ocr_par' dir='ltr' id='par_1_16' title="bbox 489 1626 2065 1698">
     <span class='ocr_line' id='line_1_16' title="bbox 489 1626 2065 1698; baseline 0.003 -19"><span class='ocrx_word' id='word_1_125' title='bbox 489 1626 811 1680; x_wconf 89' lang='lat' dir='ltr'><strong>contulisset</strong></span> <span class='ocrx_word' id='word_1_126' title='bbox 841 1635 1105 1696; x_wconf 87' lang='lat' dir='ltr'><strong>quantum</strong></span> <span class='ocrx_word' id='word_1_127' title='bbox 1164 1629 1230 1681; x_wconf 92' lang='lat' dir='ltr'><strong>ad</strong></span> <span class='ocrx_word' id='word_1_128' title='bbox 1285 1627 1645 1682; x_wconf 90' lang='lat' dir='ltr'><strong>invocandum</strong></span> <span class='ocrx_word' id='word_1_129' title='bbox 1690 1638 1898 1698; x_wconf 87' lang='lat' dir='ltr'><strong>spectat</strong></span> <span class='ocrx_word' id='word_1_130' title='bbox 1932 1631 2065 1684; x_wconf 88' lang='lat' dir='ltr'><strong>:sed</strong></span> 
     </span>
    </p>
   </div>
   <div class='ocr_carea' id='block_1_17' title="bbox 489 1714 2063 1785">
    <p class='ocr_par' dir='ltr' id='par_1_17' title="bbox 489 1714 2063 1785">
     <span class='ocr_line' id='line_1_17' title="bbox 489 1714 2063 1785; baseline 0.004 -18"><span class='ocrx_word' id='word_1_131' title='bbox 489 1714 675 1783; x_wconf 89' lang='lat' dir='ltr'><strong>utique</strong></span> <span class='ocrx_word' id='word_1_132' title='bbox 742 1717 842 1770; x_wconf 90' lang='lat' dir='ltr'><strong>hoc</strong></span> <span class='ocrx_word' id='word_1_133' title='bbox 897 1716 1160 1781; x_wconf 87' lang='lat' dir='ltr'><strong>ostendit,</strong></span> <span class='ocrx_word' id='word_1_134' title='bbox 1218 1718 1342 1785; x_wconf 87' lang='lat' dir='ltr'><strong>quia</strong></span> <span class='ocrx_word' id='word_1_135' title='bbox 1398 1717 1542 1772; x_wconf 87' lang='lat' dir='ltr'><strong>sicut</strong></span> <span class='ocrx_word' id='word_1_136' title='bbox 1588 1732 1686 1773; x_wconf 89' lang='lat' dir='ltr'><strong>nos</strong></span> <span class='ocrx_word' id='word_1_137' title='bbox 1745 1718 2063 1774; x_wconf 90' lang='lat' dir='ltr'><strong>invocamus</strong></span> 
     </span>
    </p>
   </div>
   <div class='ocr_carea' id='block_1_18' title="bbox 2171 517 3735 590">
    <p class='ocr_par' dir='ltr' id='par_1_18' title="bbox 2171 517 3735 590">
     <span class='ocr_line' id='line_1_18' title="bbox 2171 517 3735 590; baseline -0.003 -13"><span class='ocrx_word' id='word_1_138' title='bbox 2171 535 2376 578; x_wconf 88' lang='lat' dir='ltr'><strong>nervet.</strong></span> <span class='ocrx_word' id='word_1_139' title='bbox 2396 523 2633 589; x_wconf 85' lang='lat' dir='ltr'><strong>Quorum</strong></span> <span class='ocrx_word' id='word_1_140' title='bbox 2655 533 2832 578; x_wconf 90' lang='lat' dir='ltr'><strong>autem</strong></span> <span class='ocrx_word' id='word_1_141' title='bbox 2853 523 2976 590; x_wconf 91' lang='lat' dir='ltr'><strong>equi</strong></span> <span class='ocrx_word' id='word_1_142' title='bbox 3002 518 3439 575; x_wconf 84' lang='lat' dir='ltr'><strong>subnervantur?</strong></span> <span class='ocrx_word' id='word_1_143' title='bbox 3462 517 3560 571; x_wconf 81' lang='lat' dir='ltr'><strong>Est</strong></span> <span class='ocrx_word' id='word_1_144' title='bbox 3583 520 3735 573; x_wconf 71' lang='lat' dir='ltr'><strong>eti:</strong></span> 
     </span>
    </p>
   </div>
   <div class='ocr_carea' id='block_1_19' title="bbox 2170 606 3740 683">
    <p class='ocr_par' dir='ltr' id='par_1_19' title="bbox 2170 606 3740 683">
     <span class='ocr_line' id='line_1_19' title="bbox 2170 606 3740 683; baseline -0.003 -15"><span class='ocrx_word' id='word_1_145' title='bbox 2170 615 2268 669; x_wconf 89' lang='lat' dir='ltr'><strong>hoc</strong></span> <span class='ocrx_word' id='word_1_146' title='bbox 2291 629 2466 682; x_wconf 66' lang='lat' dir='ltr'><strong>operae</strong></span> <span class='ocrx_word' id='word_1_147' title='bbox 2493 617 2722 683; x_wconf 92' lang='lat' dir='ltr'><strong>pretium</strong></span> <span class='ocrx_word' id='word_1_148' title='bbox 2752 627 3017 682; x_wconf 68' lang='lat' dir='ltr'><strong>qumrere.</strong></span> <span class='ocrx_word' id='word_1_149' title='bbox 3051 610 3257 680; x_wconf 88' lang='lat' dir='ltr'><strong>Equos,</strong></span> <span class='ocrx_word' id='word_1_150' title='bbox 3288 609 3471 677; x_wconf 82' lang='lat' dir='ltr'><strong>inquit</strong></span> <span class='ocrx_word' id='word_1_151' title='bbox 3493 609 3565 674; x_wconf 78' lang='lat'><strong>&quot;,</strong></span> <span class='ocrx_word' id='word_1_152' title='bbox 3597 606 3740 664; x_wconf 73' lang='lat' dir='ltr'><strong>labi-</strong></span> 
     </span>
    </p>
   </div>
   <div class='ocr_carea' id='block_1_20' title="bbox 2166 700 3742 779">
    <p class='ocr_par' dir='ltr' id='par_1_20' title="bbox 2166 700 3742 779">
     <span class='ocr_line' id='line_1_20' title="bbox 2166 700 3742 779; baseline -0.004 -18"><span class='ocrx_word' id='word_1_153' title='bbox 2166 707 2326 779; x_wconf 63' lang='grc'><strong>433</strong></span> <span class='ocrx_word' id='word_1_154' title='bbox 2341 706 2769 760; x_wconf 87' lang='lat' dir='ltr'><strong>subnervandos.</strong></span> <span class='ocrx_word' id='word_1_155' title='bbox 2788 704 2946 759; x_wconf 81' lang='lat' dir='ltr'><strong>Jabin</strong></span> <span class='ocrx_word' id='word_1_156' title='bbox 2967 712 3146 756; x_wconf 85' lang='lat' dir='ltr'><strong>autem</strong></span> <span class='ocrx_word' id='word_1_157' title='bbox 3169 701 3456 769; x_wconf 77' lang='lat' dir='ltr'><strong>prudentia</strong></span> <span class='ocrx_word' id='word_1_158' title='bbox 3486 700 3742 767; x_wconf 81' lang='lat' dir='ltr'><strong>interpre-</strong></span> 
     </span>
    </p>
   </div>
   <div class='ocr_carea' id='block_1_21' title="bbox 2171 790 3746 862">
    <p class='ocr_par' dir='ltr' id='par_1_21' title="bbox 2171 790 3746 862">
     <span class='ocr_line' id='line_1_21' title="bbox 2171 790 3746 862; baseline -0.002 -13"><span class='ocrx_word' id='word_1_159' title='bbox 2171 805 2317 850; x_wconf 84' lang='lat' dir='ltr'><strong>tatur</strong></span> <span class='ocrx_word' id='word_1_160' title='bbox 2363 796 2448 849; x_wconf 89' lang='lat' dir='ltr'><strong>vel</strong></span> <span class='ocrx_word' id='word_1_161' title='bbox 2477 813 2685 853; x_wconf 76' lang='lat' dir='ltr'><strong>sensus.</strong></span> <span class='ocrx_word' id='word_1_162' title='bbox 2733 793 2866 861; x_wconf 63' lang='lat' dir='ltr'><strong>Quae</strong></span> <span class='ocrx_word' id='word_1_163' title='bbox 2915 802 3000 849; x_wconf 90' lang='lat' dir='ltr'><strong>est</strong></span> <span class='ocrx_word' id='word_1_164' title='bbox 3029 797 3130 848; x_wconf 86' lang='lat' dir='ltr'><strong>ista</strong></span> <span class='ocrx_word' id='word_1_165' title='bbox 3161 790 3480 862; x_wconf 74' lang='lat' dir='ltr'><strong>prudentia,</strong></span> <span class='ocrx_word' id='word_1_166' title='bbox 3519 792 3606 842; x_wconf 78' lang='lat' dir='ltr'><strong>vel</strong></span> <span class='ocrx_word' id='word_1_167' title='bbox 3639 790 3746 859; x_wconf 66' lang='lat' dir='ltr'><strong>qui</strong></span> 
     </span>
    </p>
   </div>
   <div class='ocr_carea' id='block_1_22' title="bbox 2168 880 3743 955">
    <p class='ocr_par' dir='ltr' id='par_1_22' title="bbox 2168 880 3743 955">
     <span class='ocr_line' id='line_1_22' title="bbox 2168 880 3743 955; baseline -0.004 -13"><span class='ocrx_word' id='word_1_168' title='bbox 2168 903 2390 955; x_wconf 89' lang='lat' dir='ltr'><strong>sensus,</strong></span> <span class='ocrx_word' id='word_1_169' title='bbox 2429 887 2584 955; x_wconf 88' lang='lat' dir='ltr'><strong>cujus</strong></span> <span class='ocrx_word' id='word_1_170' title='bbox 2628 886 3049 941; x_wconf 88' lang='lat' dir='ltr'><strong>subnervandus</strong></span> <span class='ocrx_word' id='word_1_171' title='bbox 3085 895 3169 939; x_wconf 88' lang='lat' dir='ltr'><strong>est</strong></span> <span class='ocrx_word' id='word_1_172' title='bbox 3206 883 3454 938; x_wconf 82' lang='lat' dir='ltr'><strong>currus?</strong></span> <span class='ocrx_word' id='word_1_173' title='bbox 3493 880 3646 935; x_wconf 81' lang='lat' dir='ltr'><strong>Illius</strong></span> <span class='ocrx_word' id='word_1_174' title='bbox 3674 884 3743 935; x_wconf 81' lang='lat' dir='ltr'><strong>ni-</strong></span> 
     </span>
    </p>
   </div>
   <div class='ocr_carea' id='block_1_23' title="bbox 2169 976 3742 1049">
    <p class='ocr_par' dir='ltr' id='par_1_23' title="bbox 2169 976 3742 1049">
     <span class='ocr_line' id='line_1_23' title="bbox 2169 976 3742 1049; baseline -0.003 -15"><span class='ocrx_word' id='word_1_175' title='bbox 2169 983 2365 1036; x_wconf 90' lang='lat' dir='ltr'><strong>mirum</strong></span> <span class='ocrx_word' id='word_1_176' title='bbox 2385 1024 2398 1048; x_wconf 95' lang='lat'><strong>,</strong></span> <span class='ocrx_word' id='word_1_177' title='bbox 2438 982 2503 1036; x_wconf 92' lang='lat' dir='ltr'><strong>de</strong></span> <span class='ocrx_word' id='word_1_178' title='bbox 2531 994 2635 1049; x_wconf 90' lang='lat' dir='ltr'><strong>qua</strong></span> <span class='ocrx_word' id='word_1_179' title='bbox 2665 979 2797 1033; x_wconf 89' lang='lat' dir='ltr'><strong>dicit</strong></span> <span class='ocrx_word' id='word_1_180' title='bbox 2828 977 3116 1048; x_wconf 80' lang='lat' dir='ltr'><strong>Apostolus</strong></span> <span class='ocrx_word' id='word_1_181' title='bbox 3147 977 3214 1040; x_wconf 82' lang='grc'><strong>⁹¹,</strong></span> <span class='ocrx_word' id='word_1_182' title='bbox 3247 977 3378 1045; x_wconf 87' lang='lat' dir='ltr'><strong>quia</strong></span> <span class='ocrx_word' id='word_1_183' title='bbox 3417 992 3440 1026; x_wconf 75' lang='grc' dir='ltr'><strong><em>ι</em></strong></span> <span class='ocrx_word' id='word_1_184' title='bbox 3464 976 3742 1046; x_wconf 77' lang='lat' dir='ltr'><strong>prudentia</strong></span> 
     </span>
    </p>
   </div>
   <div class='ocr_carea' id='block_1_24' title="bbox 2169 1069 3746 1139">
    <p class='ocr_par' dir='ltr' id='par_1_24' title="bbox 2169 1069 3746 1139">
     <span class='ocr_line' id='line_1_24' title="bbox 2169 1069 3746 1139; baseline -0.004 -10"><span class='ocrx_word' id='word_1_185' title='bbox 2169 1075 2352 1129; x_wconf 88' lang='lat' dir='ltr'><strong>carnis</strong></span> <span class='ocrx_word' id='word_1_186' title='bbox 2399 1073 2622 1128; x_wconf 89' lang='lat' dir='ltr'><strong>inimica</strong></span> <span class='ocrx_word' id='word_1_187' title='bbox 2656 1079 2739 1125; x_wconf 90' lang='lat' dir='ltr'><strong>est</strong></span> <span class='ocrx_word' id='word_1_188' title='bbox 2789 1071 2936 1125; x_wconf 89' lang='lat' dir='ltr'><strong>Deo:</strong></span> <span class='ocrx_word' id='word_1_189' title='bbox 2977 1089 2995 1123; x_wconf 70' lang='grc' dir='ltr'>δ</span> <span class='ocrx_word' id='word_1_190' title='bbox 3047 1082 3102 1125; x_wconf 91' lang='lat' dir='ltr'><strong>et</strong></span> <span class='ocrx_word' id='word_1_191' title='bbox 3142 1069 3229 1124; x_wconf 92' lang='lat' dir='ltr'><strong>ille</strong></span> <span class='ocrx_word' id='word_1_192' title='bbox 3275 1084 3482 1124; x_wconf 78' lang='lat' dir='ltr'><strong>sensus</strong></span> <span class='ocrx_word' id='word_1_193' title='bbox 3514 1109 3531 1132; x_wconf 93' lang='lat'><strong>,</strong></span> <span class='ocrx_word' id='word_1_194' title='bbox 3565 1069 3632 1123; x_wconf 87' lang='lat' dir='ltr'><strong>de</strong></span> <span class='ocrx_word' id='word_1_195' title='bbox 3659 1085 3746 1139; x_wconf 74' lang='lat' dir='ltr'><strong>quo</strong></span> 
     </span>
    </p>
   </div>
   <div class='ocr_carea' id='block_1_25' title="bbox 2169 1161 3747 1234">
    <p class='ocr_par' dir='ltr' id='par_1_25' title="bbox 2169 1161 3747 1234">
     <span class='ocr_line' id='line_1_25' title="bbox 2169 1161 3747 1234; baseline -0.003 -11"><span class='ocrx_word' id='word_1_196' title='bbox 2169 1169 2300 1223; x_wconf 86' lang='lat' dir='ltr'><strong>dicit</strong></span> <span class='ocrx_word' id='word_1_197' title='bbox 2344 1168 2409 1234; x_wconf 68' lang='grc' dir='ltr'><strong>θ’,</strong></span> <span class='ocrx_word' id='word_1_198' title='bbox 2467 1167 2686 1222; x_wconf 70' lang='lat' dir='ltr'><strong>«inflati</strong></span> <span class='ocrx_word' id='word_1_199' title='bbox 2724 1181 2882 1222; x_wconf 86' lang='lat' dir='ltr'><strong>sensu</strong></span> <span class='ocrx_word' id='word_1_200' title='bbox 2936 1163 3118 1220; x_wconf 84' lang='lat' dir='ltr'><strong>carnis</strong></span> <span class='ocrx_word' id='word_1_201' title='bbox 3163 1179 3297 1218; x_wconf 64' lang='lat' dir='ltr'><strong>suae.</strong></span> <span class='ocrx_word' id='word_1_202' title='bbox 3330 1183 3352 1216; x_wconf 73' lang='grc' dir='ltr'><strong><em>ι</em></strong></span> <span class='ocrx_word' id='word_1_203' title='bbox 3414 1161 3590 1217; x_wconf 82' lang='lat' dir='ltr'><strong>Jabin</strong></span> <span class='ocrx_word' id='word_1_204' title='bbox 3636 1179 3747 1218; x_wconf 74' lang='lat' dir='ltr'><strong>vero</strong></span> 
     </span>
    </p>
   </div>
   <div class='ocr_carea' id='block_1_26' title="bbox 2171 1253 3744 1326">
    <p class='ocr_par' dir='ltr' id='par_1_26' title="bbox 2171 1253 3744 1326">
     <span class='ocr_line' id='line_1_26' title="bbox 2171 1253 3744 1326; baseline -0.003 -13"><span class='ocrx_word' id='word_1_205' title='bbox 2171 1273 2264 1313; x_wconf 79' lang='lat' dir='ltr'><strong>rex</strong></span> <span class='ocrx_word' id='word_1_206' title='bbox 2293 1260 2452 1314; x_wconf 89' lang='lat' dir='ltr'><strong>Asor.</strong></span> <span class='ocrx_word' id='word_1_207' title='bbox 2496 1260 2638 1314; x_wconf 88' lang='lat' dir='ltr'><strong>Asnr</strong></span> <span class='ocrx_word' id='word_1_208' title='bbox 2669 1267 2850 1313; x_wconf 89' lang='lat' dir='ltr'><strong>autem</strong></span> <span class='ocrx_word' id='word_1_209' title='bbox 2901 1259 3026 1310; x_wconf 83' lang='lat' dir='ltr'><strong>aula</strong></span> <span class='ocrx_word' id='word_1_210' title='bbox 3057 1259 3487 1326; x_wconf 85' lang='lat' dir='ltr'><strong>interpretatur.</strong></span> <span class='ocrx_word' id='word_1_211' title='bbox 3534 1253 3658 1308; x_wconf 69' lang='lat' dir='ltr'><strong>Hac</strong></span> <span class='ocrx_word' id='word_1_212' title='bbox 3676 1269 3744 1308; x_wconf 81' lang='lat' dir='ltr'><strong>est</strong></span> 
     </span>
    </p>
   </div>
   <div class='ocr_carea' id='block_1_27' title="bbox 2167 1346 3746 1419">
    <p class='ocr_par' dir='ltr' id='par_1_27' title="bbox 2167 1346 3746 1419">
     <span class='ocr_line' id='line_1_27' title="bbox 2167 1346 3746 1419; baseline -0.003 -15"><span class='ocrx_word' id='word_1_213' title='bbox 2167 1351 2310 1405; x_wconf 85' lang='lat' dir='ltr'><strong>Asor</strong></span> <span class='ocrx_word' id='word_1_214' title='bbox 2341 1365 2462 1419; x_wconf 75' lang='lat' dir='ltr'><strong>qua:</strong></span> <span class='ocrx_word' id='word_1_215' title='bbox 2489 1351 2731 1404; x_wconf 90' lang='lat' dir='ltr'><strong>omnium</strong></span> <span class='ocrx_word' id='word_1_216' title='bbox 2765 1349 2960 1404; x_wconf 87' lang='lat' dir='ltr'><strong>horum</strong></span> <span class='ocrx_word' id='word_1_217' title='bbox 3014 1362 3307 1418; x_wconf 84' lang='lat' dir='ltr'><strong>regnorum</strong></span> <span class='ocrx_word' id='word_1_218' title='bbox 3335 1346 3604 1416; x_wconf 79' lang='lat' dir='ltr'><strong>obtinere</strong></span> <span class='ocrx_word' id='word_1_219' title='bbox 3634 1347 3746 1400; x_wconf 76' lang='lat' dir='ltr'><strong>diei-</strong></span> 
     </span>
    </p>
   </div>
   <div class='ocr_carea' id='block_1_28' title="bbox 2169 1441 3744 1513">
    <p class='ocr_par' dir='ltr' id='par_1_28' title="bbox 2169 1441 3744 1513">
     <span class='ocr_line' id='line_1_28' title="bbox 2169 1441 3744 1513; baseline -0.003 -16"><span class='ocrx_word' id='word_1_220' title='bbox 2169 1453 2258 1497; x_wconf 90' lang='lat' dir='ltr'><strong>tur</strong></span> <span class='ocrx_word' id='word_1_221' title='bbox 2303 1443 2718 1512; x_wconf 79' lang='lat' dir='ltr'><strong>principatum:</strong></span> <span class='ocrx_word' id='word_1_222' title='bbox 2769 1444 2860 1512; x_wconf 89' lang='lat' dir='ltr'><strong>qui</strong></span> <span class='ocrx_word' id='word_1_223' title='bbox 2907 1442 3233 1513; x_wconf 83' lang='lat' dir='ltr'><strong>intelligitur</strong></span> <span class='ocrx_word' id='word_1_224' title='bbox 3279 1441 3556 1509; x_wconf 90' lang='lat' dir='ltr'><strong>princeps</strong></span> <span class='ocrx_word' id='word_1_225' title='bbox 3610 1441 3744 1507; x_wconf 60' lang='grc' dir='ltr'><strong>δυῇυε</strong></span> 
     </span>
    </p>
   </div>
   <div class='ocr_carea' id='block_1_29' title="bbox 2169 1535 3748 1604">
    <p class='ocr_par' dir='ltr' id='par_1_29' title="bbox 2169 1535 3748 1604">
     <span class='ocr_line' id='line_1_29' title="bbox 2169 1535 3748 1604; baseline 0.001 -15"><span class='ocrx_word' id='word_1_226' title='bbox 2169 1535 2356 1589; x_wconf 91' lang='lat' dir='ltr'><strong>mundi</strong></span> <span class='ocrx_word' id='word_1_227' title='bbox 2396 1549 2631 1604; x_wconf 85' lang='lat' dir='ltr'><strong>regnans</strong></span> <span class='ocrx_word' id='word_1_228' title='bbox 2660 1536 2710 1589; x_wconf 92' lang='lat' dir='ltr'><strong>in</strong></span> <span class='ocrx_word' id='word_1_229' title='bbox 2744 1535 2866 1588; x_wconf 90' lang='lat' dir='ltr'><strong>aula</strong></span> <span class='ocrx_word' id='word_1_230' title='bbox 2899 1575 2913 1596; x_wconf 89' lang='lat'><strong>,</strong></span> <span class='ocrx_word' id='word_1_231' title='bbox 2964 1535 3014 1589; x_wconf 88' lang='lat' dir='ltr'><strong>id</strong></span> <span class='ocrx_word' id='word_1_232' title='bbox 3043 1545 3124 1589; x_wconf 89' lang='lat' dir='ltr'><strong>est</strong></span> <span class='ocrx_word' id='word_1_233' title='bbox 3149 1576 3164 1600; x_wconf 97' lang='lat'><strong>,</strong></span> <span class='ocrx_word' id='word_1_234' title='bbox 3193 1550 3364 1604; x_wconf 90' lang='lat' dir='ltr'><strong>super</strong></span> <span class='ocrx_word' id='word_1_235' title='bbox 3399 1544 3642 1597; x_wconf 77' lang='lat' dir='ltr'><strong>terram,</strong></span> <span class='ocrx_word' id='word_1_236' title='bbox 3682 1538 3748 1590; x_wconf 75' lang='lat' dir='ltr'><strong>vel</strong></span> 
     </span>
    </p>
   </div>
   <div class='ocr_carea' id='block_1_30' title="bbox 2169 1626 3746 1697">
    <p class='ocr_par' dir='ltr' id='par_1_30' title="bbox 2169 1626 3746 1697">
     <span class='ocr_line' id='line_1_30' title="bbox 2169 1626 3746 1697; baseline -0.002 -15"><span class='ocrx_word' id='word_1_237' title='bbox 2169 1628 2312 1696; x_wconf 89' lang='lat' dir='ltr'><strong>quod</strong></span> <span class='ocrx_word' id='word_1_238' title='bbox 2361 1627 2535 1697; x_wconf 82' lang='lat' dir='ltr'><strong>majus</strong></span> <span class='ocrx_word' id='word_1_239' title='bbox 2563 1637 2648 1684; x_wconf 92' lang='lat' dir='ltr'><strong>est</strong></span> <span class='ocrx_word' id='word_1_240' title='bbox 2678 1669 2692 1692; x_wconf 89' lang='lat'><strong>,</strong></span> <span class='ocrx_word' id='word_1_241' title='bbox 2736 1629 2789 1682; x_wconf 93' lang='lat' dir='ltr'><strong>in</strong></span> <span class='ocrx_word' id='word_1_242' title='bbox 2825 1628 2972 1683; x_wconf 87' lang='lat' dir='ltr'><strong>vitiis</strong></span> <span class='ocrx_word' id='word_1_243' title='bbox 3006 1630 3212 1683; x_wconf 88' lang='lat' dir='ltr'><strong>carnis.</strong></span> <span class='ocrx_word' id='word_1_244' title='bbox 3264 1626 3380 1681; x_wconf 89' lang='lat' dir='ltr'><strong>Sed</strong></span> <span class='ocrx_word' id='word_1_245' title='bbox 3434 1636 3494 1681; x_wconf 91' lang='lat' dir='ltr'><strong>et</strong></span> <span class='ocrx_word' id='word_1_246' title='bbox 3527 1629 3746 1681; x_wconf 67' lang='lat' dir='ltr'><strong>omnium</strong></span> 
     </span>
    </p>
   </div>
   <div class='ocr_carea' id='block_1_31' title="bbox 2175 1718 3749 1790">
    <p class='ocr_par' dir='ltr' id='par_1_31' title="bbox 2175 1718 3749 1790">
     <span class='ocr_line' id='line_1_31' title="bbox 2175 1718 3749 1790; baseline -0.001 -20"><span class='ocrx_word' id='word_1_247' title='bbox 2175 1718 2385 1774; x_wconf 92' lang='lat' dir='ltr'><strong>illorum</strong></span> <span class='ocrx_word' id='word_1_248' title='bbox 2432 1734 2640 1790; x_wconf 88' lang='lat' dir='ltr'><strong>regum,</strong></span> <span class='ocrx_word' id='word_1_249' title='bbox 2688 1735 2926 1789; x_wconf 89' lang='lat' dir='ltr'><strong>quorum</strong></span> <span class='ocrx_word' id='word_1_250' title='bbox 2967 1721 3075 1774; x_wconf 90' lang='lat' dir='ltr'><strong>vim</strong></span> <span class='ocrx_word' id='word_1_251' title='bbox 3117 1720 3432 1774; x_wconf 88' lang='lat' dir='ltr'><strong>secundum</strong></span> <span class='ocrx_word' id='word_1_252' title='bbox 3491 1720 3749 1772; x_wconf 71' lang='lat' dir='ltr'><strong>nominas;</strong></span> 
     </span>
    </p>
   </div>
   <div class='ocr_carea' id='block_1_32' title="bbox 492 1781 3750 1881">
    <p class='ocr_par' dir='ltr' id='par_1_32' title="bbox 492 1781 3750 1881">
     <span class='ocr_line' id='line_1_32' title="bbox 492 1781 3750 1881; baseline 0 -21"><span class='ocrx_word' id='word_1_253' title='bbox 492 1809 656 1863; x_wconf 88' lang='lat' dir='ltr'><strong>Deum</strong></span> <span class='ocrx_word' id='word_1_254' title='bbox 685 1824 891 1874; x_wconf 84' lang='lat' dir='ltr'><strong>verum,</strong></span> <span class='ocrx_word' id='word_1_255' title='bbox 927 1810 999 1863; x_wconf 85' lang='lat' dir='ltr'><strong>ita</strong></span> <span class='ocrx_word' id='word_1_256' title='bbox 1030 1809 1105 1863; x_wconf 88' lang='lat' dir='ltr'><strong>illi</strong></span> <span class='ocrx_word' id='word_1_257' title='bbox 1160 1811 1417 1864; x_wconf 89' lang='lat' dir='ltr'><strong>invocant</strong></span> <span class='ocrx_word' id='word_1_258' title='bbox 1443 1824 1638 1865; x_wconf 89' lang='lat' dir='ltr'><strong>currus</strong></span> <span class='ocrx_word' id='word_1_259' title='bbox 1681 1819 1737 1866; x_wconf 90' lang='lat' dir='ltr'><strong>et</strong></span> <span class='ocrx_word' id='word_1_260' title='bbox 1769 1826 1959 1880; x_wconf 91' lang='lat' dir='ltr'><strong>equos,</strong></span> <span class='ocrx_word' id='word_1_261' title='bbox 2007 1813 2061 1866; x_wconf 87' lang='lat' dir='ltr'><strong>id</strong></span> <span class='ocrx_word' id='word_1_262' title='bbox 2097 1781 2138 1839; x_wconf 75' lang='grc' dir='ltr'><strong>Β</strong></span> <span class='ocrx_word' id='word_1_263' title='bbox 2168 1823 2390 1864; x_wconf 90' lang='lat' dir='ltr'><strong>suorum</strong></span> <span class='ocrx_word' id='word_1_264' title='bbox 2417 1811 2919 1881; x_wconf 86' lang='lat' dir='ltr'><strong>interpretationem</strong></span> <span class='ocrx_word' id='word_1_265' title='bbox 2942 1811 3053 1878; x_wconf 84' lang='lat' dir='ltr'><strong>jam</strong></span> <span class='ocrx_word' id='word_1_266' title='bbox 3083 1820 3206 1864; x_wconf 87' lang='lat' dir='ltr'><strong>ante</strong></span> <span class='ocrx_word' id='word_1_267' title='bbox 3226 1809 3625 1878; x_wconf 82' lang='lat' dir='ltr'><strong>exposuimus,</strong></span> <span class='ocrx_word' id='word_1_268' title='bbox 3649 1813 3750 1878; x_wconf 77' lang='lat' dir='ltr'><strong>equi</strong></span> 
     </span>
    </p>
   </div>
   <div class='ocr_carea' id='block_1_33' title="bbox 488 1901 2065 1974">
    <p class='ocr_par' dir='ltr' id='par_1_33' title="bbox 488 1901 2065 1974">
     <span class='ocr_line' id='line_1_33' title="bbox 488 1901 2065 1974; baseline 0.003 -19"><span class='ocrx_word' id='word_1_269' title='bbox 488 1911 573 1955; x_wconf 86' lang='lat' dir='ltr'><strong>est</strong></span> <span class='ocrx_word' id='word_1_270' title='bbox 612 1904 902 1966; x_wconf 77' lang='lat' dir='ltr'><strong>daemones,</strong></span> <span class='ocrx_word' id='word_1_271' title='bbox 963 1917 1098 1972; x_wconf 88' lang='lat' dir='ltr'><strong>quos</strong></span> <span class='ocrx_word' id='word_1_272' title='bbox 1137 1901 1462 1957; x_wconf 88' lang='lat' dir='ltr'><strong>invocabant</strong></span> <span class='ocrx_word' id='word_1_273' title='bbox 1513 1913 1705 1974; x_wconf 90' lang='lat' dir='ltr'><strong>gentes</strong></span> <span class='ocrx_word' id='word_1_274' title='bbox 1761 1905 1895 1969; x_wconf 73' lang='lat' dir='ltr'><strong>illze,</strong></span> <span class='ocrx_word' id='word_1_275' title='bbox 1948 1920 2065 1974; x_wconf 64' lang='lat' dir='ltr'><strong>quae</strong></span> 
     </span>
    </p>
   </div>
   <div class='ocr_carea' id='block_1_34' title="bbox 487 1995 2064 2068">
    <p class='ocr_par' dir='ltr' id='par_1_34' title="bbox 487 1995 2064 2068">
     <span class='ocr_line' id='line_1_34' title="bbox 487 1995 2064 2068; baseline 0.004 -22"><span class='ocrx_word' id='word_1_276' title='bbox 487 1995 748 2048; x_wconf 88' lang='lat' dir='ltr'><strong>adversus</strong></span> <span class='ocrx_word' id='word_1_277' title='bbox 794 1995 959 2049; x_wconf 88' lang='lat' dir='ltr'><strong>lsrael</strong></span> <span class='ocrx_word' id='word_1_278' title='bbox 991 1995 1187 2050; x_wconf 88' lang='lat' dir='ltr'><strong>bellum</strong></span> <span class='ocrx_word' id='word_1_279' title='bbox 1219 1996 1500 2065; x_wconf 75' lang='lat' dir='ltr'><strong>gerebant.</strong></span> <span class='ocrx_word' id='word_1_280' title='bbox 1538 1997 1645 2052; x_wconf 86' lang='lat' dir='ltr'><strong>Sed</strong></span> <span class='ocrx_word' id='word_1_281' title='bbox 1681 2006 1738 2052; x_wconf 89' lang='lat' dir='ltr'><strong>et</strong></span> <span class='ocrx_word' id='word_1_282' title='bbox 1779 1998 2064 2068; x_wconf 75' lang='lat' dir='ltr'><strong>.IEgyptio-</strong></span> 
     </span>
    </p>
   </div>
   <div class='ocr_carea' id='block_1_35' title="bbox 488 2086 2068 2157">
    <p class='ocr_par' dir='ltr' id='par_1_35' title="bbox 488 2086 2068 2157">
     <span class='ocr_line' id='line_1_35' title="bbox 488 2086 2068 2157; baseline 0.004 -21"><span class='ocrx_word' id='word_1_283' title='bbox 488 2100 605 2137; x_wconf 91' lang='lat' dir='ltr'><strong>rum</strong></span> <span class='ocrx_word' id='word_1_284' title='bbox 638 2099 811 2154; x_wconf 87' lang='lat' dir='ltr'><strong>equos</strong></span> <span class='ocrx_word' id='word_1_285' title='bbox 845 2096 1238 2140; x_wconf 89' lang='lat' dir='ltr'><strong>commemorat</strong></span> <span class='ocrx_word' id='word_1_286' title='bbox 1294 2086 1578 2155; x_wconf 82' lang='lat' dir='ltr'><strong>Scriptura</strong></span> <span class='ocrx_word' id='word_1_287' title='bbox 1607 2129 1621 2154; x_wconf 94' lang='lat'><strong>,</strong></span> <span class='ocrx_word' id='word_1_288' title='bbox 1665 2097 1719 2144; x_wconf 92' lang='lat' dir='ltr'><strong>et</strong></span> <span class='ocrx_word' id='word_1_289' title='bbox 1754 2090 1886 2144; x_wconf 93' lang='lat' dir='ltr'><strong>istos</strong></span> <span class='ocrx_word' id='word_1_290' title='bbox 1923 2090 2068 2157; x_wconf 88' lang='lat' dir='ltr'><strong>ipsos</strong></span> 
     </span>
    </p>
   </div>
   <div class='ocr_carea' id='block_1_36' title="bbox 486 2178 2068 2252">
    <p class='ocr_par' dir='ltr' id='par_1_36' title="bbox 486 2178 2068 2252">
     <span class='ocr_line' id='line_1_36' title="bbox 486 2178 2068 2252; baseline 0.003 -22"><span class='ocrx_word' id='word_1_291' title='bbox 486 2191 621 2245; x_wconf 91' lang='lat' dir='ltr'><strong>quos</strong></span> <span class='ocrx_word' id='word_1_292' title='bbox 654 2192 796 2232; x_wconf 90' lang='lat' dir='ltr'><strong>nunc</strong></span> <span class='ocrx_word' id='word_1_293' title='bbox 845 2178 1086 2233; x_wconf 91' lang='lat' dir='ltr'><strong>interimi</strong></span> <span class='ocrx_word' id='word_1_294' title='bbox 1133 2178 1305 2245; x_wconf 89' lang='lat' dir='ltr'><strong>jubet.</strong></span> <span class='ocrx_word' id='word_1_295' title='bbox 1360 2178 1509 2234; x_wconf 91' lang='lat' dir='ltr'><strong>Unde</strong></span> <span class='ocrx_word' id='word_1_296' title='bbox 1552 2181 1655 2235; x_wconf 92' lang='lat' dir='ltr'><strong>hoc</strong></span> <span class='ocrx_word' id='word_1_297' title='bbox 1707 2181 1929 2252; x_wconf 78' lang='lat' dir='ltr'><strong>intelligi</strong></span> <span class='ocrx_word' id='word_1_298' title='bbox 1975 2182 2068 2234; x_wconf 86' lang='lat' dir='ltr'><strong>da-</strong></span> 
     </span>
    </p>
   </div>
   <div class='ocr_carea' id='block_1_37' title="bbox 487 2268 2069 2344">
    <p class='ocr_par' dir='ltr' id='par_1_37' title="bbox 487 2268 2069 2344">
     <span class='ocr_line' id='line_1_37' title="bbox 487 2268 2069 2344; baseline 0.004 -22"><span class='ocrx_word' id='word_1_299' title='bbox 487 2278 574 2322; x_wconf 89' lang='lat' dir='ltr'><strong>tur</strong></span> <span class='ocrx_word' id='word_1_300' title='bbox 599 2268 732 2340; x_wconf 76' lang='lat'><strong>(85),</strong></span> <span class='ocrx_word' id='word_1_301' title='bbox 756 2270 975 2338; x_wconf 92' lang='lat' dir='ltr'><strong>quodin</strong></span> <span class='ocrx_word' id='word_1_302' title='bbox 1010 2279 1136 2342; x_wconf 82' lang='lat' dir='ltr'><strong>typo</strong></span> <span class='ocrx_word' id='word_1_303' title='bbox 1166 2271 1381 2340; x_wconf 89' lang='lat' dir='ltr'><strong>quidem</strong></span> <span class='ocrx_word' id='word_1_304' title='bbox 1415 2274 1693 2328; x_wconf 85' lang='lat' dir='ltr'><strong>asinorum</strong></span> <span class='ocrx_word' id='word_1_305' title='bbox 1727 2285 1915 2343; x_wconf 83' lang='lat' dir='ltr'><strong>gentes</strong></span> <span class='ocrx_word' id='word_1_306' title='bbox 1947 2291 2069 2344; x_wconf 68' lang='lat' dir='ltr'><strong>quae</strong></span> 
     </span>
    </p>
   </div>
   <div class='ocr_carea' id='block_1_38' title="bbox 487 2359 2062 2426">
    <p class='ocr_par' dir='ltr' id='par_1_38' title="bbox 487 2359 2062 2426">
     <span class='ocr_line' id='line_1_38' title="bbox 487 2359 2062 2426; baseline 0.004 -14"><span class='ocrx_word' id='word_1_307' title='bbox 487 2359 553 2412; x_wconf 89' lang='lat' dir='ltr'><strong>ad</strong></span> <span class='ocrx_word' id='word_1_308' title='bbox 601 2360 978 2414; x_wconf 86' lang='lat' dir='ltr'><strong>credulitatem</strong></span> <span class='ocrx_word' id='word_1_309' title='bbox 1032 2363 1274 2426; x_wconf 86' lang='lat' dir='ltr'><strong>veniunt,</strong></span> <span class='ocrx_word' id='word_1_310' title='bbox 1333 2364 1526 2418; x_wconf 90' lang='lat' dir='ltr'><strong>merito</strong></span> <span class='ocrx_word' id='word_1_311' title='bbox 1580 2375 1976 2420; x_wconf 89' lang='lat' dir='ltr'><strong>reservantur:</strong></span> <span class='ocrx_word' id='word_1_312' title='bbox 2009 2367 2062 2421; x_wconf 92' lang='lat' dir='ltr'><strong>in</strong></span> 
     </span>
    </p>
   </div>
   <div class='ocr_carea' id='block_1_39' title="bbox 489 2459 2064 2530">
    <p class='ocr_par' dir='ltr' id='par_1_39' title="bbox 489 2459 2064 2530">
     <span class='ocr_line' id='line_1_39' title="bbox 489 2459 2064 2530; baseline 0.006 -25"><span class='ocrx_word' id='word_1_313' title='bbox 489 2461 614 2522; x_wconf 83' lang='lat' dir='ltr'><strong>typo</strong></span> <span class='ocrx_word' id='word_1_314' title='bbox 663 2467 792 2506; x_wconf 91' lang='lat' dir='ltr'><strong>vero</strong></span> <span class='ocrx_word' id='word_1_315' title='bbox 841 2469 1125 2523; x_wconf 81' lang='lat' dir='ltr'><strong>equorum,</strong></span> <span class='ocrx_word' id='word_1_316' title='bbox 1179 2467 1235 2510; x_wconf 90' lang='lat' dir='ltr'><strong>et</strong></span> <span class='ocrx_word' id='word_1_317' title='bbox 1289 2472 1585 2524; x_wconf 89' lang='lat' dir='ltr'><strong>curruum,</strong></span> <span class='ocrx_word' id='word_1_318' title='bbox 1646 2459 1918 2515; x_wconf 72' lang='lat' dir='ltr'><strong>dremones</strong></span> <span class='ocrx_word' id='word_1_319' title='bbox 1972 2462 2064 2530; x_wconf 92' lang='lat' dir='ltr'><strong>qui</strong></span> 
     </span>
    </p>
   </div>
   <div class='ocr_carea' id='block_1_40' title="bbox 487 2544 2067 2615">
    <p class='ocr_par' dir='ltr' id='par_1_40' title="bbox 487 2544 2067 2615">
     <span class='ocr_line' id='line_1_40' title="bbox 487 2544 2067 2615; baseline 0.006 -18"><span class='ocrx_word' id='word_1_320' title='bbox 487 2544 739 2597; x_wconf 67' lang='lat' dir='ltr'><strong>humanae</strong></span> <span class='ocrx_word' id='word_1_321' title='bbox 777 2544 935 2598; x_wconf 87' lang='lat' dir='ltr'><strong>saluti</strong></span> <span class='ocrx_word' id='word_1_322' title='bbox 965 2545 1260 2600; x_wconf 84' lang='lat' dir='ltr'><strong>adversarii</strong></span> <span class='ocrx_word' id='word_1_323' title='bbox 1296 2557 1441 2614; x_wconf 86' lang='lat' dir='ltr'><strong>sunt,</strong></span> <span class='ocrx_word' id='word_1_324' title='bbox 1497 2558 1551 2604; x_wconf 84' lang='lat' dir='ltr'><strong>et</strong></span> <span class='ocrx_word' id='word_1_325' title='bbox 1603 2550 1832 2615; x_wconf 92' lang='lat' dir='ltr'><strong>inimici,</strong></span> <span class='ocrx_word' id='word_1_326' title='bbox 1867 2555 2067 2608; x_wconf 91' lang='lat' dir='ltr'><strong>merito</strong></span> 
     </span>
    </p>
   </div>
   <div class='ocr_carea' id='block_1_41' title="bbox 487 2633 2068 2711">
    <p class='ocr_par' dir='ltr' id='par_1_41' title="bbox 487 2633 2068 2711">
     <span class='ocr_line' id='line_1_41' title="bbox 487 2633 2068 2711; baseline 0.006 -23"><span class='ocrx_word' id='word_1_327' title='bbox 487 2635 852 2701; x_wconf 85' lang='lat' dir='ltr'><strong>perimuntur.</strong></span> <span class='ocrx_word' id='word_1_328' title='bbox 886 2633 990 2691; x_wconf 86' lang='lat' dir='ltr'><strong>Sed</strong></span> <span class='ocrx_word' id='word_1_329' title='bbox 1022 2646 1077 2690; x_wconf 87' lang='lat' dir='ltr'><strong>et</strong></span> <span class='ocrx_word' id='word_1_330' title='bbox 1111 2639 1154 2691; x_wconf 92' lang='lat' dir='ltr'><strong>si</strong></span> <span class='ocrx_word' id='word_1_331' title='bbox 1186 2641 1468 2706; x_wconf 85' lang='lat' dir='ltr'><strong>passiones</strong></span> <span class='ocrx_word' id='word_1_332' title='bbox 1501 2643 1744 2711; x_wconf 89' lang='lat' dir='ltr'><strong>corporis</strong></span> <span class='ocrx_word' id='word_1_333' title='bbox 1767 2681 1784 2706; x_wconf 92' lang='lat'><strong>,</strong></span> <span class='ocrx_word' id='word_1_334' title='bbox 1841 2644 1897 2697; x_wconf 89' lang='lat' dir='ltr'><strong>id</strong></span> <span class='ocrx_word' id='word_1_335' title='bbox 1948 2653 2068 2707; x_wconf 90' lang='lat' dir='ltr'><strong>est,</strong></span> 
     </span>
    </p>
   </div>
   <div class='ocr_carea' id='block_1_42' title="bbox 488 2725 2063 2799">
    <p class='ocr_par' dir='ltr' id='par_1_42' title="bbox 488 2725 2063 2799">
     <span class='ocr_line' id='line_1_42' title="bbox 488 2725 2063 2799; baseline 0.004 -20"><span class='ocrx_word' id='word_1_336' title='bbox 488 2725 796 2793; x_wconf 88' lang='lat' dir='ltr'><strong>libidinem,</strong></span> <span class='ocrx_word' id='word_1_337' title='bbox 827 2727 1125 2790; x_wconf 90' lang='lat' dir='ltr'><strong>lasciviam,</strong></span> <span class='ocrx_word' id='word_1_338' title='bbox 1161 2729 1245 2784; x_wconf 90' lang='lat' dir='ltr'><strong>vel</strong></span> <span class='ocrx_word' id='word_1_339' title='bbox 1277 2731 1588 2799; x_wconf 87' lang='lat' dir='ltr'><strong>superbiam</strong></span> <span class='ocrx_word' id='word_1_340' title='bbox 1612 2771 1628 2796; x_wconf 97' lang='lat'><strong>,</strong></span> <span class='ocrx_word' id='word_1_341' title='bbox 1663 2746 1727 2787; x_wconf 86' lang='lat' dir='ltr'><strong>ac</strong></span> <span class='ocrx_word' id='word_1_342' title='bbox 1763 2732 2063 2798; x_wconf 82' lang='lat' dir='ltr'><strong>levitatem,</strong></span> 
     </span>
    </p>
   </div>
   <div class='ocr_carea' id='block_1_43' title="bbox 489 2815 2073 2890">
    <p class='ocr_par' dir='ltr' id='par_1_43' title="bbox 489 2815 2073 2890">
     <span class='ocr_line' id='line_1_43' title="bbox 489 2815 2073 2890; baseline 0.007 -22"><span class='ocrx_word' id='word_1_343' title='bbox 489 2815 690 2886; x_wconf 88' lang='lat' dir='ltr'><strong>quibus</strong></span> <span class='ocrx_word' id='word_1_344' title='bbox 741 2815 930 2872; x_wconf 79' lang='lat' dir='ltr'><strong>infelix</strong></span> <span class='ocrx_word' id='word_1_345' title='bbox 985 2818 1164 2873; x_wconf 88' lang='lat' dir='ltr'><strong>anima</strong></span> <span class='ocrx_word' id='word_1_346' title='bbox 1221 2819 1366 2873; x_wconf 84' lang='lat' dir='ltr'><strong>velut</strong></span> <span class='ocrx_word' id='word_1_347' title='bbox 1415 2824 1672 2890; x_wconf 89' lang='lat' dir='ltr'><strong>equitans</strong></span> <span class='ocrx_word' id='word_1_348' title='bbox 1706 2833 1982 2890; x_wconf 85' lang='lat' dir='ltr'><strong>vectatur,</strong></span> <span class='ocrx_word' id='word_1_349' title='bbox 2017 2835 2073 2879; x_wconf 90' lang='lat' dir='ltr'><strong>et</strong></span> 
     </span>
    </p>
   </div>
   <div class='ocr_carea' id='block_1_44' title="bbox 489 2911 2064 2983">
    <p class='ocr_par' dir='ltr' id='par_1_44' title="bbox 489 2911 2064 2983">
     <span class='ocr_line' id='line_1_44' title="bbox 489 2911 2064 2983; baseline 0.005 -17"><span class='ocrx_word' id='word_1_350' title='bbox 489 2911 664 2967; x_wconf 79' lang='lat' dir='ltr'><strong>fertur</strong></span> <span class='ocrx_word' id='word_1_351' title='bbox 723 2913 790 2968; x_wconf 89' lang='lat' dir='ltr'><strong>ad</strong></span> <span class='ocrx_word' id='word_1_352' title='bbox 835 2913 1151 2983; x_wconf 83' lang='lat' dir='ltr'><strong>praecipitia,</strong></span> <span class='ocrx_word' id='word_1_353' title='bbox 1210 2927 1380 2982; x_wconf 92' lang='lat' dir='ltr'><strong>equos</strong></span> <span class='ocrx_word' id='word_1_354' title='bbox 1427 2932 1571 2972; x_wconf 91' lang='lat' dir='ltr'><strong>nunc</strong></span> <span class='ocrx_word' id='word_1_355' title='bbox 1606 2918 1710 2972; x_wconf 90' lang='lat' dir='ltr'><strong>dici</strong></span> <span class='ocrx_word' id='word_1_356' title='bbox 1757 2927 1813 2973; x_wconf 87' lang='lat' dir='ltr'><strong>et</strong></span> <span class='ocrx_word' id='word_1_357' title='bbox 1870 2934 2064 2974; x_wconf 89' lang='lat' dir='ltr'><strong>currus</strong></span> 
     </span>
    </p>
   </div>
   <div class='ocr_carea' id='block_1_45' title="bbox 491 3003 2069 3080">
    <p class='ocr_par' dir='ltr' id='par_1_45' title="bbox 491 3003 2069 3080">
     <span class='ocr_line' id='line_1_45' title="bbox 491 3003 2069 3080; baseline 0.006 -25"><span class='ocrx_word' id='word_1_358' title='bbox 491 3003 888 3074; x_wconf 74' lang='lat' dir='ltr'><strong>intelligamus,</strong></span> <span class='ocrx_word' id='word_1_359' title='bbox 931 3013 986 3058; x_wconf 90' lang='lat' dir='ltr'><strong>et</strong></span> <span class='ocrx_word' id='word_1_360' title='bbox 1036 3005 1178 3073; x_wconf 91' lang='lat' dir='ltr'><strong>ipsos</strong></span> <span class='ocrx_word' id='word_1_361' title='bbox 1207 3019 1328 3058; x_wconf 91' lang='lat' dir='ltr'><strong>esse</strong></span> <span class='ocrx_word' id='word_1_362' title='bbox 1383 3007 1471 3074; x_wconf 91' lang='lat' dir='ltr'><strong>qui</strong></span> <span class='ocrx_word' id='word_1_363' title='bbox 1524 3023 1591 3062; x_wconf 84' lang='lat' dir='ltr'><strong>ex</strong></span> <span class='ocrx_word' id='word_1_364' title='bbox 1642 3021 1920 3080; x_wconf 64' lang='lat' dir='ltr'><strong>praecepto</strong></span> <span class='ocrx_word' id='word_1_365' title='bbox 1975 3011 2069 3064; x_wconf 87' lang='lat' dir='ltr'><strong>Dei</strong></span> 
     </span>
    </p>
   </div>
   <div class='ocr_carea' id='block_1_46' title="bbox 2169 1901 3752 1968">
    <p class='ocr_par' dir='ltr' id='par_1_46' title="bbox 2169 1901 3752 1968">
     <span class='ocr_line' id='line_1_46' title="bbox 2169 1901 3752 1968; baseline -0.004 -10"><span class='ocrx_word' id='word_1_366' title='bbox 2169 1905 2240 1959; x_wconf 88' lang='lat' dir='ltr'><strong>ab</strong></span> <span class='ocrx_word' id='word_1_367' title='bbox 2263 1902 2390 1958; x_wconf 88' lang='lat' dir='ltr'><strong>Jesu</strong></span> <span class='ocrx_word' id='word_1_368' title='bbox 2423 1904 2678 1958; x_wconf 90' lang='lat' dir='ltr'><strong>dicuntur</strong></span> <span class='ocrx_word' id='word_1_369' title='bbox 2711 1904 2966 1958; x_wconf 87' lang='lat' dir='ltr'><strong>interfici.</strong></span> <span class='ocrx_word' id='word_1_370' title='bbox 3003 1901 3242 1968; x_wconf 89' lang='lat' dir='ltr'><strong>Qunrnm</strong></span> <span class='ocrx_word' id='word_1_371' title='bbox 3277 1917 3384 1956; x_wconf 89' lang='lat' dir='ltr'><strong>nos</strong></span> <span class='ocrx_word' id='word_1_372' title='bbox 3419 1901 3467 1953; x_wconf 93' lang='lat' dir='ltr'><strong>si</strong></span> <span class='ocrx_word' id='word_1_373' title='bbox 3498 1911 3646 1954; x_wconf 84' lang='lat' dir='ltr'><strong>recte</strong></span> <span class='ocrx_word' id='word_1_374' title='bbox 3671 1904 3752 1952; x_wconf 76' lang='lat' dir='ltr'><strong>Sub</strong></span> 
     </span>
    </p>
   </div>
   <div class='ocr_carea' id='block_1_47' title="bbox 2167 1993 3752 2062">
    <p class='ocr_par' dir='ltr' id='par_1_47' title="bbox 2167 1993 3752 2062">
     <span class='ocr_line' id='line_1_47' title="bbox 2167 1993 3752 2062; baseline -0.006 -9"><span class='ocrx_word' id='word_1_375' title='bbox 2167 1997 2294 2053; x_wconf 82' lang='lat' dir='ltr'><strong>Jesu</strong></span> <span class='ocrx_word' id='word_1_376' title='bbox 2341 1998 2480 2052; x_wconf 90' lang='lat' dir='ltr'><strong>duce</strong></span> <span class='ocrx_word' id='word_1_377' title='bbox 2537 1996 2874 2062; x_wconf 86' lang='lat' dir='ltr'><strong>militamus,</strong></span> <span class='ocrx_word' id='word_1_378' title='bbox 2933 1997 3193 2050; x_wconf 87' lang='lat' dir='ltr'><strong>debemus</strong></span> <span class='ocrx_word' id='word_1_379' title='bbox 3234 1995 3290 2047; x_wconf 91' lang='lat' dir='ltr'><strong>in</strong></span> <span class='ocrx_word' id='word_1_380' title='bbox 3353 1993 3752 2061; x_wconf 73' lang='lat' dir='ltr'><strong>nobismetipsis</strong></span> 
     </span>
    </p>
   </div>
   <div class='ocr_carea' id='block_1_48' title="bbox 2169 2085 3751 2159">
    <p class='ocr_par' dir='ltr' id='par_1_48' title="bbox 2169 2085 3751 2159">
     <span class='ocr_line' id='line_1_48' title="bbox 2169 2085 3751 2159; baseline -0.003 -16"><span class='ocrx_word' id='word_1_381' title='bbox 2169 2090 2492 2144; x_wconf 87' lang='lat' dir='ltr'><strong>abscindere</strong></span> <span class='ocrx_word' id='word_1_382' title='bbox 2525 2090 2683 2153; x_wconf 89' lang='lat' dir='ltr'><strong>vitia,</strong></span> <span class='ocrx_word' id='word_1_383' title='bbox 2716 2097 2771 2144; x_wconf 91' lang='lat' dir='ltr'><strong>et</strong></span> <span class='ocrx_word' id='word_1_384' title='bbox 2797 2101 3020 2159; x_wconf 86' lang='lat' dir='ltr'><strong>accepto</strong></span> <span class='ocrx_word' id='word_1_385' title='bbox 3053 2087 3289 2154; x_wconf 86' lang='lat' dir='ltr'><strong>spiritali</strong></span> <span class='ocrx_word' id='word_1_386' title='bbox 3325 2085 3528 2156; x_wconf 84' lang='lat' dir='ltr'><strong>gladio</strong></span> <span class='ocrx_word' id='word_1_387' title='bbox 3552 2087 3751 2141; x_wconf 72' lang='lat' dir='ltr'><strong>subaer-</strong></span> 
     </span>
    </p>
   </div>
   <div class='ocr_carea' id='block_1_49' title="bbox 2169 2178 3751 2249">
    <p class='ocr_par' dir='ltr' id='par_1_49' title="bbox 2169 2178 3751 2249">
     <span class='ocr_line' id='line_1_49' title="bbox 2169 2178 3751 2249; baseline -0.001 -17"><span class='ocrx_word' id='word_1_388' title='bbox 2169 2195 2297 2233; x_wconf 87' lang='lat' dir='ltr'><strong>vare</strong></span> <span class='ocrx_word' id='word_1_389' title='bbox 2322 2194 2538 2234; x_wconf 91' lang='lat' dir='ltr'><strong>omnem</strong></span> <span class='ocrx_word' id='word_1_390' title='bbox 2583 2180 2746 2234; x_wconf 86' lang='lat' dir='ltr'><strong>istum</strong></span> <span class='ocrx_word' id='word_1_391' title='bbox 2783 2181 3084 2249; x_wconf 88' lang='lat' dir='ltr'><strong>equitatum</strong></span> <span class='ocrx_word' id='word_1_392' title='bbox 3131 2181 3449 2248; x_wconf 80' lang='lat' dir='ltr'><strong>pessimum</strong></span> <span class='ocrx_word' id='word_1_393' title='bbox 3495 2178 3751 2233; x_wconf 75' lang='lat' dir='ltr'><strong>vitiorum.</strong></span> 
     </span>
    </p>
   </div>
   <div class='ocr_carea' id='block_1_50' title="bbox 2172 2269 3750 2335">
    <p class='ocr_par' dir='ltr' id='par_1_50' title="bbox 2172 2269 3750 2335">
     <span class='ocr_line' id='line_1_50' title="bbox 2172 2269 3750 2335; baseline -0.001 -11"><span class='ocrx_word' id='word_1_394' title='bbox 2172 2269 2278 2324; x_wconf 87' lang='lat' dir='ltr'><strong>Sed</strong></span> <span class='ocrx_word' id='word_1_395' title='bbox 2308 2280 2362 2324; x_wconf 90' lang='lat' dir='ltr'><strong>et</strong></span> <span class='ocrx_word' id='word_1_396' title='bbox 2403 2286 2596 2326; x_wconf 92' lang='lat' dir='ltr'><strong>currus</strong></span> <span class='ocrx_word' id='word_1_397' title='bbox 2620 2272 2880 2326; x_wconf 83' lang='lat' dir='ltr'><strong>debemus</strong></span> <span class='ocrx_word' id='word_1_398' title='bbox 2911 2273 3203 2326; x_wconf 71' lang='lat' dir='ltr'><strong>incendere</strong></span> <span class='ocrx_word' id='word_1_399' title='bbox 3223 2313 3237 2334; x_wconf 94' lang='lat'><strong>,</strong></span> <span class='ocrx_word' id='word_1_400' title='bbox 3273 2273 3326 2324; x_wconf 90' lang='lat' dir='ltr'><strong>id</strong></span> <span class='ocrx_word' id='word_1_401' title='bbox 3361 2281 3480 2335; x_wconf 87' lang='lat' dir='ltr'><strong>est,</strong></span> <span class='ocrx_word' id='word_1_402' title='bbox 3506 2286 3750 2325; x_wconf 72' lang='lat' dir='ltr'><strong>omnem:</strong></span> 
     </span>
    </p>
   </div>
   <div class='ocr_carea' id='block_1_51' title="bbox 2173 2362 3752 2433">
    <p class='ocr_par' dir='ltr' id='par_1_51' title="bbox 2173 2362 3752 2433">
     <span class='ocr_line' id='line_1_51' title="bbox 2173 2362 3752 2433; baseline 0.003 -19"><span class='ocrx_word' id='word_1_403' title='bbox 2173 2362 2330 2416; x_wconf 91' lang='lat' dir='ltr'><strong>nobis</strong></span> <span class='ocrx_word' id='word_1_404' title='bbox 2354 2365 2775 2433; x_wconf 72' lang='lat' dir='ltr'><strong>arrogantire&#39;et</strong></span> <span class='ocrx_word' id='word_1_405' title='bbox 2809 2363 3064 2419; x_wconf 90' lang='lat' dir='ltr'><strong>elationis</strong></span> <span class='ocrx_word' id='word_1_406' title='bbox 3097 2366 3359 2433; x_wconf 84' lang='lat' dir='ltr'><strong>spiritum</strong></span> <span class='ocrx_word' id='word_1_407' title='bbox 3403 2381 3674 2426; x_wconf 78' lang='lat' dir='ltr'><strong>resecare,</strong></span> <span class='ocrx_word' id='word_1_408' title='bbox 3705 2377 3752 2418; x_wconf 85' lang='lat' dir='ltr'><strong>ut</strong></span> 
     </span>
    </p>
   </div>
   <div class='ocr_carea' id='block_1_52' title="bbox 2171 2456 3750 2526">
    <p class='ocr_par' dir='ltr' id='par_1_52' title="bbox 2171 2456 3750 2526">
     <span class='ocr_line' id='line_1_52' title="bbox 2171 2456 3750 2526; baseline 0.001 -20"><span class='ocrx_word' id='word_1_409' title='bbox 2171 2456 2312 2508; x_wconf 89' lang='lat' dir='ltr'><strong>ultra</strong></span> <span class='ocrx_word' id='word_1_410' title='bbox 2355 2469 2465 2511; x_wconf 90' lang='lat' dir='ltr'><strong>non</strong></span> <span class='ocrx_word' id='word_1_411' title='bbox 2501 2456 2552 2509; x_wconf 90' lang='lat' dir='ltr'><strong>in</strong></span> <span class='ocrx_word' id='word_1_412' title='bbox 2583 2458 2740 2525; x_wconf 90' lang='lat' dir='ltr'><strong>equis</strong></span> <span class='ocrx_word' id='word_1_413' title='bbox 2778 2472 2952 2526; x_wconf 90' lang='lat' dir='ltr'><strong>neque</strong></span> <span class='ocrx_word' id='word_1_414' title='bbox 2985 2458 3038 2510; x_wconf 91' lang='lat' dir='ltr'><strong>in</strong></span> <span class='ocrx_word' id='word_1_415' title='bbox 3071 2459 3239 2510; x_wconf 88' lang='lat' dir='ltr'><strong>armis</strong></span> <span class='ocrx_word' id='word_1_416' title='bbox 3267 2498 3282 2520; x_wconf 92' lang='lat'><strong>,</strong></span> <span class='ocrx_word' id='word_1_417' title='bbox 3325 2457 3433 2511; x_wconf 88' lang='lat' dir='ltr'><strong>sed</strong></span> <span class='ocrx_word' id='word_1_418' title='bbox 3475 2458 3531 2510; x_wconf 90' lang='lat' dir='ltr'><strong>in</strong></span> <span class='ocrx_word' id='word_1_419' title='bbox 3560 2458 3750 2510; x_wconf 74' lang='lat' dir='ltr'><strong>nomine</strong></span> 
     </span>
    </p>
   </div>
   <div class='ocr_carea' id='block_1_53' title="bbox 2175 2547 3748 2614">
    <p class='ocr_par' dir='ltr' id='par_1_53' title="bbox 2175 2547 3748 2614">
     <span class='ocr_line' id='line_1_53' title="bbox 2175 2547 3748 2614; baseline 0.001 -15"><span class='ocrx_word' id='word_1_420' title='bbox 2175 2547 2384 2602; x_wconf 86' lang='lat' dir='ltr'><strong>Domini</strong></span> <span class='ocrx_word' id='word_1_421' title='bbox 2431 2547 2523 2603; x_wconf 88' lang='lat' dir='ltr'><strong>Dei</strong></span> <span class='ocrx_word' id='word_1_422' title='bbox 2557 2551 2727 2603; x_wconf 89' lang='lat' dir='ltr'><strong>nostri</strong></span> <span class='ocrx_word' id='word_1_423' title='bbox 2775 2550 3107 2603; x_wconf 82' lang='lat' dir='ltr'><strong>invocemus.</strong></span> <span class='ocrx_word' id='word_1_424' title='bbox 3143 2549 3450 2614; x_wconf 79' lang='lat' dir='ltr'><strong>Quomodo</strong></span> <span class='ocrx_word' id='word_1_425' title='bbox 3496 2559 3671 2603; x_wconf 81' lang='lat' dir='ltr'><strong>autem</strong></span> <span class='ocrx_word' id='word_1_426' title='bbox 3709 2551 3748 2599; x_wconf 74' lang='lat' dir='ltr'><strong>in</strong></span> 
     </span>
    </p>
   </div>
   <div class='ocr_carea' id='block_1_54' title="bbox 2173 2640 3752 2710">
    <p class='ocr_par' dir='ltr' id='par_1_54' title="bbox 2173 2640 3752 2710">
     <span class='ocr_line' id='line_1_54' title="bbox 2173 2640 3752 2710; baseline 0.001 -16"><span class='ocrx_word' id='word_1_427' title='bbox 2173 2640 2582 2710; x_wconf 88' lang='lat' dir='ltr'><strong>nobismetipsis</strong></span> <span class='ocrx_word' id='word_1_428' title='bbox 2625 2641 3017 2709; x_wconf 90' lang='lat' dir='ltr'><strong>complebimus</strong></span> <span class='ocrx_word' id='word_1_429' title='bbox 3061 2653 3113 2695; x_wconf 90' lang='lat' dir='ltr'><strong>et</strong></span> <span class='ocrx_word' id='word_1_430' title='bbox 3163 2643 3269 2695; x_wconf 90' lang='lat' dir='ltr'><strong>hoc</strong></span> <span class='ocrx_word' id='word_1_431' title='bbox 3312 2643 3475 2710; x_wconf 90' lang='lat' dir='ltr'><strong>quod</strong></span> <span class='ocrx_word' id='word_1_432' title='bbox 3518 2643 3662 2708; x_wconf 87' lang='lat' dir='ltr'><strong>dicit,</strong></span> <span class='ocrx_word' id='word_1_433' title='bbox 3706 2657 3752 2696; x_wconf 75' lang='lat' dir='ltr'><strong>ut</strong></span> 
     </span>
    </p>
   </div>
   <div class='ocr_carea' id='block_1_55' title="bbox 2175 2731 3752 2800">
    <p class='ocr_par' dir='ltr' id='par_1_55' title="bbox 2175 2731 3752 2800">
     <span class='ocr_line' id='line_1_55' title="bbox 2175 2731 3752 2800; baseline 0.004 -16"><span class='ocrx_word' id='word_1_434' title='bbox 2175 2747 2279 2786; x_wconf 93' lang='lat' dir='ltr'><strong>non</strong></span> <span class='ocrx_word' id='word_1_435' title='bbox 2331 2731 2647 2786; x_wconf 85' lang='lat' dir='ltr'><strong>remittatur</strong></span> <span class='ocrx_word' id='word_1_436' title='bbox 2697 2731 2841 2786; x_wconf 92' lang='lat' dir='ltr'><strong>ullus</strong></span> <span class='ocrx_word' id='word_1_437' title='bbox 2875 2731 2966 2800; x_wconf 90' lang='lat' dir='ltr'><strong>qui</strong></span> <span class='ocrx_word' id='word_1_438' title='bbox 3019 2732 3304 2800; x_wconf 77' lang='lat' dir='ltr'><strong>respiret?</strong></span> <span class='ocrx_word' id='word_1_439' title='bbox 3346 2731 3654 2788; x_wconf 76' lang='lat' dir='ltr'><strong>Vide::durn</strong></span> <span class='ocrx_word' id='word_1_440' title='bbox 3685 2751 3752 2790; x_wconf 73' lang='lat' dir='ltr'><strong>est</strong></span> 
     </span>
    </p>
   </div>
   <div class='ocr_carea' id='block_1_56' title="bbox 2173 2822 3750 2896">
    <p class='ocr_par' dir='ltr' id='par_1_56' title="bbox 2173 2822 3750 2896">
     <span class='ocr_line' id='line_1_56' title="bbox 2173 2822 3750 2896; baseline 0.004 -23"><span class='ocrx_word' id='word_1_441' title='bbox 2173 2822 2294 2890; x_wconf 85' lang='lat' dir='ltr'><strong>quis</strong></span> <span class='ocrx_word' id='word_1_442' title='bbox 2323 2822 2516 2890; x_wconf 91' lang='lat' dir='ltr'><strong>sitqui</strong></span> <span class='ocrx_word' id='word_1_443' title='bbox 2563 2837 2664 2878; x_wconf 93' lang='lat' dir='ltr'><strong>nec</strong></span> <span class='ocrx_word' id='word_1_444' title='bbox 2709 2823 2986 2894; x_wconf 88' lang='lat' dir='ltr'><strong>respirare</strong></span> <span class='ocrx_word' id='word_1_445' title='bbox 3031 2825 3254 2892; x_wconf 89' lang='lat' dir='ltr'><strong>quidem</strong></span> <span class='ocrx_word' id='word_1_446' title='bbox 3307 2840 3416 2895; x_wconf 85' lang='lat' dir='ltr'><strong>per</strong></span> <span class='ocrx_word' id='word_1_447' title='bbox 3448 2837 3750 2896; x_wconf 51' lang='lat' dir='ltr'><strong>praeceptum</strong></span> 
     </span>
    </p>
   </div>
   <div class='ocr_carea' id='block_1_57' title="bbox 2178 2913 3749 2982">
    <p class='ocr_par' dir='ltr' id='par_1_57' title="bbox 2178 2913 3749 2982">
     <span class='ocr_line' id='line_1_57' title="bbox 2178 2913 3749 2982; baseline 0.004 -16"><span class='ocrx_word' id='word_1_448' title='bbox 2178 2914 2397 2968; x_wconf 89' lang='lat' dir='ltr'><strong>Domini</strong></span> <span class='ocrx_word' id='word_1_449' title='bbox 2423 2913 2668 2982; x_wconf 90' lang='lat' dir='ltr'><strong>jubetur.</strong></span> <span class='ocrx_word' id='word_1_450' title='bbox 2713 2915 2878 2972; x_wconf 79' lang='lat' dir='ltr'><strong>Verbi</strong></span> <span class='ocrx_word' id='word_1_451' title='bbox 2911 2930 3070 2970; x_wconf 87' lang='lat' dir='ltr'><strong>causa</strong></span> <span class='ocrx_word' id='word_1_452' title='bbox 3104 2956 3118 2975; x_wconf 86' lang='lat'><strong>.</strong></span> <span class='ocrx_word' id='word_1_453' title='bbox 3158 2917 3202 2970; x_wconf 92' lang='lat' dir='ltr'><strong>si</strong></span> <span class='ocrx_word' id='word_1_454' title='bbox 3252 2917 3336 2970; x_wconf 88' lang='lat' dir='ltr'><strong>ira</strong></span> <span class='ocrx_word' id='word_1_455' title='bbox 3377 2921 3686 2974; x_wconf 75' lang='lat' dir='ltr'><strong>ascenderit</strong></span> <span class='ocrx_word' id='word_1_456' title='bbox 3712 2922 3749 2972; x_wconf 74' lang='lat' dir='ltr'><strong>in</strong></span> 
     </span>
    </p>
   </div>
   <div class='ocr_carea' id='block_1_58' title="bbox 2173 3007 3752 3078">
    <p class='ocr_par' dir='ltr' id='par_1_58' title="bbox 2173 3007 3752 3078">
     <span class='ocr_line' id='line_1_58' title="bbox 2173 3007 3752 3078; baseline 0.004 -19"><span class='ocrx_word' id='word_1_457' title='bbox 2173 3019 2268 3059; x_wconf 91' lang='lat' dir='ltr'><strong>cor</strong></span> <span class='ocrx_word' id='word_1_458' title='bbox 2299 3021 2476 3059; x_wconf 90' lang='lat' dir='ltr'><strong>meum</strong></span> <span class='ocrx_word' id='word_1_459' title='bbox 2503 3045 2517 3069; x_wconf 95' lang='lat'><strong>,</strong></span> <span class='ocrx_word' id='word_1_460' title='bbox 2551 3015 2728 3076; x_wconf 88' lang='lat' dir='ltr'><strong>potest</strong></span> <span class='ocrx_word' id='word_1_461' title='bbox 2761 3007 2876 3062; x_wconf 87' lang='lat' dir='ltr'><strong>fieri</strong></span> <span class='ocrx_word' id='word_1_462' title='bbox 2925 3017 2983 3060; x_wconf 91' lang='lat' dir='ltr'><strong>ut</strong></span> <span class='ocrx_word' id='word_1_463' title='bbox 3011 3023 3175 3078; x_wconf 85' lang='lat' dir='ltr'><strong>opera</strong></span> <span class='ocrx_word' id='word_1_464' title='bbox 3213 3009 3454 3077; x_wconf 85' lang='lat' dir='ltr'><strong>quidem</strong></span> <span class='ocrx_word' id='word_1_465' title='bbox 3491 3011 3752 3067; x_wconf 67' lang='lat' dir='ltr'><strong>iracundi:</strong></span> 
     </span>
    </p>
   </div>
   <div class='ocr_carea' id='block_1_59' title="bbox 489 3096 2065 3182">
    <p class='ocr_par' dir='ltr' id='par_1_59' title="bbox 489 3096 2065 3165">
     <span class='ocr_line' id='line_1_59' title="bbox 489 3096 2065 3165; baseline 0.005 -15"><span class='ocrx_word' id='word_1_466' title='bbox 489 3097 806 3150; x_wconf 88' lang='lat' dir='ltr'><strong>subnervari</strong></span> <span class='ocrx_word' id='word_1_467' title='bbox 835 3096 1113 3165; x_wconf 87' lang='lat' dir='ltr'><strong>jubentur,</strong></span> <span class='ocrx_word' id='word_1_468' title='bbox 1164 3112 1268 3150; x_wconf 91' lang='lat' dir='ltr'><strong>non</strong></span> <span class='ocrx_word' id='word_1_469' title='bbox 1311 3097 1417 3152; x_wconf 90' lang='lat' dir='ltr'><strong>erit</strong></span> <span class='ocrx_word' id='word_1_470' title='bbox 1470 3101 1667 3156; x_wconf 91' lang='lat' dir='ltr'><strong>rationi</strong></span> <span class='ocrx_word' id='word_1_471' title='bbox 1709 3115 1907 3158; x_wconf 73' lang='lat' dir='ltr'><strong>nostra:</strong></span> <span class='ocrx_word' id='word_1_472' title='bbox 1940 3119 2065 3159; x_wconf 92' lang='lat' dir='ltr'><strong>con-</strong></span> 
     </span>
    </p>
   </div>
   <div class='ocr_carea' id='block_1_60' title="bbox 2174 3096 3746 3182">
    <p class='ocr_par' dir='ltr' id='par_1_60' title="bbox 2179 3099 3746 3168">
     <span class='ocr_line' id='line_1_60' title="bbox 2179 3099 3746 3168; baseline 0.006 -17"><span class='ocrx_word' id='word_1_473' title='bbox 2179 3113 2282 3152; x_wconf 92' lang='lat' dir='ltr'><strong>non</strong></span> <span class='ocrx_word' id='word_1_474' title='bbox 2316 3099 2598 3166; x_wconf 90' lang='lat' dir='ltr'><strong>impleam,</strong></span> <span class='ocrx_word' id='word_1_475' title='bbox 2629 3099 2714 3154; x_wconf 86' lang='lat' dir='ltr'><strong>vel</strong></span> <span class='ocrx_word' id='word_1_476' title='bbox 2753 3109 2895 3154; x_wconf 90' lang='lat' dir='ltr'><strong>metu</strong></span> <span class='ocrx_word' id='word_1_477' title='bbox 2927 3101 3246 3168; x_wconf 89' lang='lat' dir='ltr'><strong>deterritus,</strong></span> <span class='ocrx_word' id='word_1_478' title='bbox 3281 3103 3374 3157; x_wconf 86' lang='lat' dir='ltr'><strong>vel</strong></span> <span class='ocrx_word' id='word_1_479' title='bbox 3405 3105 3578 3159; x_wconf 87' lang='lat' dir='ltr'><strong>etiam</strong></span> <span class='ocrx_word' id='word_1_480' title='bbox 3607 3107 3746 3160; x_wconf 80' lang='lat' dir='ltr'><strong>futuri</strong></span> 
     </span>
    </p>
   </div>
   <div class='ocr_carea' id='block_1_61' title="bbox 489 3189 2070 3268">
    <p class='ocr_par' dir='ltr' id='par_1_61' title="bbox 489 3189 2070 3268">
     <span class='ocr_line' id='line_1_61' title="bbox 489 3189 2070 3268; baseline 0.004 -22"><span class='ocrx_word' id='word_1_481' title='bbox 489 3189 657 3246; x_wconf 76' lang='lat' dir='ltr'><strong>traria</strong></span> <span class='ocrx_word' id='word_1_482' title='bbox 723 3190 1098 3260; x_wconf 84' lang='lat' dir='ltr'><strong>intelligentia.</strong></span> <span class='ocrx_word' id='word_1_483' title='bbox 1167 3192 1546 3249; x_wconf 86' lang='lat' dir='ltr'><strong>Subnervatur</strong></span> <span class='ocrx_word' id='word_1_484' title='bbox 1632 3211 1808 3267; x_wconf 92' lang='lat' dir='ltr'><strong>equus</strong></span> <span class='ocrx_word' id='word_1_485' title='bbox 1874 3199 2070 3268; x_wconf 89' lang='lat' dir='ltr'><strong>quippe</strong></span> 
     </span>
    </p>
   </div>
   <div class='ocr_carea' id='block_1_62' title="bbox 489 3283 2072 3357">
    <p class='ocr_par' dir='ltr' id='par_1_62' title="bbox 489 3283 2072 3357">
     <span class='ocr_line' id='line_1_62' title="bbox 489 3283 2072 3357; baseline 0.008 -23"><span class='ocrx_word' id='word_1_486' title='bbox 489 3283 704 3350; x_wconf 80' lang='lat' dir='ltr'><strong>quando</strong></span> <span class='ocrx_word' id='word_1_487' title='bbox 761 3285 979 3353; x_wconf 87' lang='lat' dir='ltr'><strong>jejuniis</strong></span> <span class='ocrx_word' id='word_1_488' title='bbox 1030 3296 1085 3341; x_wconf 89' lang='lat' dir='ltr'><strong>et</strong></span> <span class='ocrx_word' id='word_1_489' title='bbox 1134 3286 1359 3357; x_wconf 80' lang='lat' dir='ltr'><strong>vigiliis,</strong></span> <span class='ocrx_word' id='word_1_490' title='bbox 1412 3299 1468 3344; x_wconf 91' lang='lat' dir='ltr'><strong>et</strong></span> <span class='ocrx_word' id='word_1_491' title='bbox 1522 3289 1671 3344; x_wconf 93' lang='lat' dir='ltr'><strong>omni</strong></span> <span class='ocrx_word' id='word_1_492' title='bbox 1727 3291 2072 3346; x_wconf 75' lang='lat' dir='ltr'><strong>abstinentiae</strong></span> 
     </span>
    </p>
   </div>
   <div class='ocr_carea' id='block_1_63' title="bbox 489 3373 2072 3454">
    <p class='ocr_par' dir='ltr' id='par_1_63' title="bbox 489 3373 2072 3454">
     <span class='ocr_line' id='line_1_63' title="bbox 489 3373 2072 3454; baseline 0.007 -27"><span class='ocrx_word' id='word_1_493' title='bbox 489 3373 781 3432; x_wconf 72' lang='lat' dir='ltr'><strong>afflictione</strong></span> <span class='ocrx_word' id='word_1_494' title='bbox 832 3392 1033 3446; x_wconf 89' lang='lat' dir='ltr'><strong>corpus</strong></span> <span class='ocrx_word' id='word_1_495' title='bbox 1084 3379 1424 3436; x_wconf 90' lang='lat' dir='ltr'><strong>humiliatur.</strong></span> <span class='ocrx_word' id='word_1_496' title='bbox 1477 3382 1546 3436; x_wconf 88' lang='lat' dir='ltr'><strong>Et</strong></span> <span class='ocrx_word' id='word_1_497' title='bbox 1577 3398 1771 3438; x_wconf 90' lang='lat' dir='ltr'><strong>currus</strong></span> <span class='ocrx_word' id='word_1_498' title='bbox 1803 3383 1910 3454; x_wconf 84' lang='lat' dir='ltr'><strong>igni</strong></span> <span class='ocrx_word' id='word_1_499' title='bbox 1939 3399 2072 3438; x_wconf 84' lang='lat' dir='ltr'><strong>exu-</strong></span> 
     </span>
    </p>
   </div>
   <div class='ocr_carea' id='block_1_64' title="bbox 491 3469 2071 3542">
    <p class='ocr_par' dir='ltr' id='par_1_64' title="bbox 491 3469 2071 3542">
     <span class='ocr_line' id='line_1_64' title="bbox 491 3469 2071 3542; baseline 0.008 -21"><span class='ocrx_word' id='word_1_500' title='bbox 491 3477 699 3533; x_wconf 90' lang='lat' dir='ltr'><strong>runtur,</strong></span> <span class='ocrx_word' id='word_1_501' title='bbox 757 3483 877 3522; x_wconf 93' lang='lat' dir='ltr'><strong>cum</strong></span> <span class='ocrx_word' id='word_1_502' title='bbox 935 3469 987 3522; x_wconf 92' lang='lat' dir='ltr'><strong>in</strong></span> <span class='ocrx_word' id='word_1_503' title='bbox 1049 3471 1205 3526; x_wconf 94' lang='lat' dir='ltr'><strong>nobis</strong></span> <span class='ocrx_word' id='word_1_504' title='bbox 1261 3474 1570 3542; x_wconf 86' lang='lat' dir='ltr'><strong>completur</strong></span> <span class='ocrx_word' id='word_1_505' title='bbox 1625 3490 1805 3531; x_wconf 83' lang='lat' dir='ltr'><strong>sermo</strong></span> <span class='ocrx_word' id='word_1_506' title='bbox 1857 3475 2071 3534; x_wconf 87' lang='lat' dir='ltr'><strong>Domini</strong></span> 
     </span>
    </p>
   </div>
   <div class='ocr_carea' id='block_1_65' title="bbox 488 3557 2070 3639">
    <p class='ocr_par' dir='ltr' id='par_1_65' title="bbox 488 3557 2070 3639">
     <span class='ocr_line' id='line_1_65' title="bbox 488 3557 2070 3639; baseline 0.006 -25"><span class='ocrx_word' id='word_1_507' title='bbox 488 3559 719 3614; x_wconf 89' lang='lat' dir='ltr'><strong>dicentis</strong></span> <span class='ocrx_word' id='word_1_508' title='bbox 736 3557 852 3608; x_wconf 72' lang='grc' dir='ltr'><strong>δἐι</strong></span> <span class='ocrx_word' id='word_1_509' title='bbox 876 3561 1056 3630; x_wconf 90' lang='lat' dir='ltr'><strong>Ignem</strong></span> <span class='ocrx_word' id='word_1_510' title='bbox 1083 3563 1205 3616; x_wconf 90' lang='lat' dir='ltr'><strong>veni</strong></span> <span class='ocrx_word' id='word_1_511' title='bbox 1251 3565 1466 3620; x_wconf 84' lang='lat' dir='ltr'><strong>mittere</strong></span> <span class='ocrx_word' id='word_1_512' title='bbox 1493 3566 1543 3620; x_wconf 93' lang='lat' dir='ltr'><strong>in</strong></span> <span class='ocrx_word' id='word_1_513' title='bbox 1574 3575 1797 3633; x_wconf 88' lang='lat' dir='ltr'><strong>terram,</strong></span> <span class='ocrx_word' id='word_1_514' title='bbox 1829 3577 1883 3623; x_wconf 89' lang='lat' dir='ltr'><strong>et</strong></span> <span class='ocrx_word' id='word_1_515' title='bbox 1906 3583 2070 3639; x_wconf 84' lang='lat' dir='ltr'><strong>quam</strong></span> 
     </span>
    </p>
   </div>
   <div class='ocr_carea' id='block_1_66' title="bbox 488 3651 2072 3724">
    <p class='ocr_par' dir='ltr' id='par_1_66' title="bbox 488 3651 2072 3724">
     <span class='ocr_line' id='line_1_66' title="bbox 488 3651 2072 3724; baseline 0.008 -21"><span class='ocrx_word' id='word_1_516' title='bbox 488 3651 610 3705; x_wconf 87' lang='lat' dir='ltr'><strong>volo</strong></span> <span class='ocrx_word' id='word_1_517' title='bbox 645 3661 704 3705; x_wconf 89' lang='lat' dir='ltr'><strong>ut</strong></span> <span class='ocrx_word' id='word_1_518' title='bbox 737 3654 1083 3706; x_wconf 80' lang='lat' dir='ltr'><strong>accendatur.</strong></span> <span class='ocrx_word' id='word_1_519' title='bbox 1125 3672 1142 3706; x_wconf 74' lang='grc' dir='ltr'><strong><em>ι</em></strong></span> <span class='ocrx_word' id='word_1_520' title='bbox 1210 3654 1326 3720; x_wconf 87' lang='lat' dir='ltr'><strong>Quo</strong></span> <span class='ocrx_word' id='word_1_521' title='bbox 1364 3656 1485 3724; x_wconf 85' lang='lat' dir='ltr'><strong>igne</strong></span> <span class='ocrx_word' id='word_1_522' title='bbox 1526 3656 1640 3724; x_wconf 88' lang='lat' dir='ltr'><strong>jam</strong></span> <span class='ocrx_word' id='word_1_523' title='bbox 1669 3675 1726 3713; x_wconf 91' lang='lat' dir='ltr'><strong>se</strong></span> <span class='ocrx_word' id='word_1_524' title='bbox 1770 3659 1843 3713; x_wconf 89' lang='lat' dir='ltr'><strong>illi</strong></span> <span class='ocrx_word' id='word_1_525' title='bbox 1879 3663 2072 3715; x_wconf 87' lang='lat' dir='ltr'><strong>ardere</strong></span> 
     </span>
    </p>
   </div>
   <div class='ocr_carea' id='block_1_67' title="bbox 425 3742 2066 3816">
    <p class='ocr_par' dir='ltr' id='par_1_67' title="bbox 425 3742 2066 3816">
     <span class='ocr_line' id='line_1_67' title="bbox 425 3742 2066 3816; baseline 0.005 -19"><span class='ocrx_word' id='word_1_526' title='bbox 425 3810 434 3816; x_wconf 37' lang='lat'><em>&#39;</em></span> <span class='ocrx_word' id='word_1_527' title='bbox 488 3742 722 3798; x_wconf 83' lang='lat' dir='ltr'><strong>confessi</strong></span> <span class='ocrx_word' id='word_1_528' title='bbox 748 3753 890 3808; x_wconf 92' lang='lat' dir='ltr'><strong>sunt,</strong></span> <span class='ocrx_word' id='word_1_529' title='bbox 926 3746 1015 3815; x_wconf 92' lang='lat' dir='ltr'><strong>qui</strong></span> <span class='ocrx_word' id='word_1_530' title='bbox 1051 3745 1404 3801; x_wconf 73' lang='lat' dir='ltr'><strong>dicebant”:</strong></span> <span class='ocrx_word' id='word_1_531' title='bbox 1431 3766 1449 3798; x_wconf 84' lang='grc'>‹</span> <span class='ocrx_word' id='word_1_532' title='bbox 1481 3749 1670 3804; x_wconf 84' lang='lat' dir='ltr'><strong>Nonne</strong></span> <span class='ocrx_word' id='word_1_533' title='bbox 1704 3767 1800 3805; x_wconf 90' lang='lat' dir='ltr'><strong>cor</strong></span> <span class='ocrx_word' id='word_1_534' title='bbox 1826 3764 2066 3807; x_wconf 87' lang='lat' dir='ltr'><strong>nostrum</strong></span> 
     </span>
    </p>
   </div>
   <div class='ocr_carea' id='block_1_68' title="bbox 487 3835 2062 3910">
    <p class='ocr_par' dir='ltr' id='par_1_68' title="bbox 487 3835 2062 3910">
     <span class='ocr_line' id='line_1_68' title="bbox 487 3835 2062 3910; baseline 0.006 -22"><span class='ocrx_word' id='word_1_535' title='bbox 487 3843 607 3889; x_wconf 88' lang='lat' dir='ltr'><strong>erat</strong></span> <span class='ocrx_word' id='word_1_536' title='bbox 627 3836 826 3888; x_wconf 88' lang='lat' dir='ltr'><strong>ardens</strong></span> <span class='ocrx_word' id='word_1_537' title='bbox 857 3835 995 3889; x_wconf 85' lang='lat' dir='ltr'><strong>intra</strong></span> <span class='ocrx_word' id='word_1_538' title='bbox 1028 3852 1151 3904; x_wconf 90' lang='lat' dir='ltr'><strong>nos,</strong></span> <span class='ocrx_word' id='word_1_539' title='bbox 1197 3852 1320 3892; x_wconf 91' lang='lat' dir='ltr'><strong>cum</strong></span> <span class='ocrx_word' id='word_1_540' title='bbox 1349 3840 1678 3910; x_wconf 27' lang='lat' dir='ltr'><strong>.adaperiret</strong></span> <span class='ocrx_word' id='word_1_541' title='bbox 1715 3844 1870 3897; x_wconf 88' lang='lat' dir='ltr'><strong>nobis</strong></span> <span class='ocrx_word' id='word_1_542' title='bbox 1909 3845 2062 3899; x_wconf 84' lang='lat' dir='ltr'><strong>Scri-</strong></span> 
     </span>
    </p>
   </div>
   <div class='ocr_carea' id='block_1_69' title="bbox 488 3928 2067 4004">
    <p class='ocr_par' dir='ltr' id='par_1_69' title="bbox 488 3928 2067 4004">
     <span class='ocr_line' id='line_1_69' title="bbox 488 3928 2067 4004; baseline 0.007 -24"><span class='ocrx_word' id='word_1_543' title='bbox 488 3928 715 3998; x_wconf 84' lang='lat' dir='ltr'><strong>pturas?</strong></span> <span class='ocrx_word' id='word_1_544' title='bbox 747 3952 766 3980; x_wconf 72' lang='grc' dir='ltr'><strong><em>ι</em></strong></span> <span class='ocrx_word' id='word_1_545' title='bbox 801 3929 928 3983; x_wconf 88' lang='lat' dir='ltr'><strong>Ideo</strong></span> <span class='ocrx_word' id='word_1_546' title='bbox 949 3944 1079 3998; x_wconf 85' lang='lat' dir='ltr'><strong>ergo</strong></span> <span class='ocrx_word' id='word_1_547' title='bbox 1111 3941 1164 3985; x_wconf 89' lang='lat' dir='ltr'><strong>et</strong></span> <span class='ocrx_word' id='word_1_548' title='bbox 1201 3932 1366 3989; x_wconf 83' lang='lat' dir='ltr'><strong>falsus</strong></span> <span class='ocrx_word' id='word_1_549' title='bbox 1390 3949 1562 4004; x_wconf 85' lang='lat' dir='ltr'><strong>equus</strong></span> <span class='ocrx_word' id='word_1_550' title='bbox 1602 3935 1804 3989; x_wconf 88' lang='lat' dir='ltr'><strong>dicitur</strong></span> <span class='ocrx_word' id='word_1_551' title='bbox 1833 3936 1897 3988; x_wconf 88' lang='lat' dir='ltr'><strong>ad</strong></span> <span class='ocrx_word' id='word_1_552' title='bbox 1921 3935 2067 3990; x_wconf 84' lang='lat' dir='ltr'><strong>Salu-</strong></span> 
     </span>
    </p>
   </div>
   <div class='ocr_carea' id='block_1_70' title="bbox 492 4021 2068 4098">
    <p class='ocr_par' dir='ltr' id='par_1_70' title="bbox 492 4021 2068 4098">
     <span class='ocr_line' id='line_1_70' title="bbox 492 4021 2068 4098; baseline 0.007 -25"><span class='ocrx_word' id='word_1_553' title='bbox 492 4029 622 4081; x_wconf 88' lang='lat' dir='ltr'><strong>tem,</strong></span> <span class='ocrx_word' id='word_1_554' title='bbox 668 4021 712 4074; x_wconf 91' lang='lat' dir='ltr'><strong>si</strong></span> <span class='ocrx_word' id='word_1_555' title='bbox 761 4031 939 4076; x_wconf 89' lang='lat' dir='ltr'><strong>motus</strong></span> <span class='ocrx_word' id='word_1_556' title='bbox 989 4026 1234 4092; x_wconf 86' lang='lat' dir='ltr'><strong>corporis</strong></span> <span class='ocrx_word' id='word_1_557' title='bbox 1293 4027 1462 4080; x_wconf 89' lang='lat' dir='ltr'><strong>nostri</strong></span> <span class='ocrx_word' id='word_1_558' title='bbox 1515 4027 1645 4080; x_wconf 86' lang='lat' dir='ltr'><strong>ferri</strong></span> <span class='ocrx_word' id='word_1_559' title='bbox 1691 4030 2068 4098; x_wconf 88' lang='lat' dir='ltr'><strong>permittamus</strong></span> 
     </span>
    </p>
   </div>
   <div class='ocr_carea' id='block_1_71' title="bbox 490 4109 2067 4191">
    <p class='ocr_par' dir='ltr' id='par_1_71' title="bbox 490 4109 2067 4191">
     <span class='ocr_line' id='line_1_71' title="bbox 490 4109 2067 4191; baseline 0.007 -28"><span class='ocrx_word' id='word_1_560' title='bbox 490 4109 756 4176; x_wconf 88' lang='lat' dir='ltr'><strong>infrenes,</strong></span> <span class='ocrx_word' id='word_1_561' title='bbox 790 4128 889 4167; x_wconf 91' lang='lat' dir='ltr'><strong>nec</strong></span> <span class='ocrx_word' id='word_1_562' title='bbox 927 4115 1272 4170; x_wconf 80' lang='lat' dir='ltr'><strong>abstinentiae</strong></span> <span class='ocrx_word' id='word_1_563' title='bbox 1302 4115 1432 4188; x_wconf 84' lang='lat' dir='ltr'><strong>jugo</strong></span> <span class='ocrx_word' id='word_1_564' title='bbox 1475 4119 1680 4172; x_wconf 87' lang='lat' dir='ltr'><strong>lasciva</strong></span> <span class='ocrx_word' id='word_1_565' title='bbox 1721 4123 1906 4176; x_wconf 88' lang='lat' dir='ltr'><strong>carnis</strong></span> <span class='ocrx_word' id='word_1_566' title='bbox 1953 4120 2067 4191; x_wconf 68' lang='grc'>(8.4)</span> 
     </span>
    </p>
   </div>
   <div class='ocr_carea' id='block_1_72' title="bbox 488 4205 2068 4284">
    <p class='ocr_par' dir='ltr' id='par_1_72' title="bbox 488 4205 2068 4284">
     <span class='ocr_line' id='line_1_72' title="bbox 488 4205 2068 4284; baseline 0.006 -26"><span class='ocrx_word' id='word_1_567' title='bbox 488 4213 546 4258; x_wconf 89' lang='lat' dir='ltr'><strong>et</strong></span> <span class='ocrx_word' id='word_1_568' title='bbox 577 4205 806 4273; x_wconf 88' lang='lat' dir='ltr'><strong>superba</strong></span> <span class='ocrx_word' id='word_1_569' title='bbox 843 4207 981 4261; x_wconf 85' lang='lat' dir='ltr'><strong>colla</strong></span> <span class='ocrx_word' id='word_1_570' title='bbox 1015 4209 1331 4267; x_wconf 85' lang='lat' dir='ltr'><strong>subdatuus.</strong></span> <span class='ocrx_word' id='word_1_571' title='bbox 1387 4212 1496 4267; x_wconf 91' lang='lat' dir='ltr'><strong>Sed</strong></span> <span class='ocrx_word' id='word_1_572' title='bbox 1540 4223 1594 4266; x_wconf 93' lang='lat' dir='ltr'><strong>et</strong></span> <span class='ocrx_word' id='word_1_573' title='bbox 1656 4227 1799 4268; x_wconf 92' lang='lat' dir='ltr'><strong>nunc</strong></span> <span class='ocrx_word' id='word_1_574' title='bbox 1847 4212 1892 4267; x_wconf 92' lang='lat' dir='ltr'><strong>si</strong></span> <span class='ocrx_word' id='word_1_575' title='bbox 1942 4215 2068 4284; x_wconf 91' lang='lat' dir='ltr'><strong>quis</strong></span> 
     </span>
    </p>
   </div>
   <div class='ocr_carea' id='block_1_73' title="bbox 2169 3191 3750 3267">
    <p class='ocr_par' dir='ltr' id='par_1_73' title="bbox 2169 3191 3750 3267">
     <span class='ocr_line' id='line_1_73' title="bbox 2169 3191 3750 3267; baseline 0.001 -21"><span class='ocrx_word' id='word_1_576' title='bbox 2169 3192 2359 3261; x_wconf 90' lang='lat' dir='ltr'><strong>judicii</strong></span> <span class='ocrx_word' id='word_1_577' title='bbox 2392 3193 2586 3246; x_wconf 88' lang='lat' dir='ltr'><strong>timore</strong></span> <span class='ocrx_word' id='word_1_578' title='bbox 2617 3191 2888 3247; x_wconf 86' lang='lat' dir='ltr'><strong>cohibitus</strong></span> <span class='ocrx_word' id='word_1_579' title='bbox 2917 3213 2929 3248; x_wconf 88' lang='lat'><strong>:</strong></span> <span class='ocrx_word' id='word_1_580' title='bbox 2969 3195 3065 3248; x_wconf 91' lang='lat' dir='ltr'><strong>sed</strong></span> <span class='ocrx_word' id='word_1_581' title='bbox 3116 3210 3248 3259; x_wconf 89' lang='lat' dir='ltr'><strong>non,</strong></span> <span class='ocrx_word' id='word_1_582' title='bbox 3289 3197 3501 3267; x_wconf 85' lang='lat' dir='ltr'><strong>inquit,</strong></span> <span class='ocrx_word' id='word_1_583' title='bbox 3537 3199 3632 3253; x_wconf 85' lang='lat' dir='ltr'><strong>hoc</strong></span> <span class='ocrx_word' id='word_1_584' title='bbox 3655 3201 3750 3253; x_wconf 65' lang='lat' dir='ltr'><strong>sui;</strong></span> 
     </span>
    </p>
   </div>
   <div class='ocr_carea' id='block_1_74' title="bbox 2177 3275 3748 3359">
    <p class='ocr_par' dir='ltr' id='par_1_74' title="bbox 2177 3275 3748 3359">
     <span class='ocr_line' id='line_1_74' title="bbox 2177 3275 3748 3359; baseline 0 -19"><span class='ocrx_word' id='word_1_585' title='bbox 2177 3286 2310 3350; x_wconf 85' lang='lat' dir='ltr'><strong>ficit,</strong></span> <span class='ocrx_word' id='word_1_586' title='bbox 2337 3275 2602 3355; x_wconf 87' lang='lat' dir='ltr'><strong>agendum</strong></span> <span class='ocrx_word' id='word_1_587' title='bbox 2636 3285 2727 3338; x_wconf 89' lang='lat' dir='ltr'><strong>tibi</strong></span> <span class='ocrx_word' id='word_1_588' title='bbox 2758 3284 2938 3354; x_wconf 88' lang='lat' dir='ltr'><strong>potius</strong></span> <span class='ocrx_word' id='word_1_589' title='bbox 2963 3297 3067 3348; x_wconf 91' lang='lat' dir='ltr'><strong>est,</strong></span> <span class='ocrx_word' id='word_1_590' title='bbox 3093 3298 3373 3355; x_wconf 89' lang='lat' dir='ltr'><strong>quatenus</strong></span> <span class='ocrx_word' id='word_1_591' title='bbox 3413 3306 3482 3345; x_wconf 89' lang='lat' dir='ltr'><strong>ne</strong></span> <span class='ocrx_word' id='word_1_592' title='bbox 3507 3296 3615 3359; x_wconf 75' lang='lat' dir='ltr'><strong>ipsa</strong></span> <span class='ocrx_word' id='word_1_593' title='bbox 3642 3295 3748 3359; x_wconf 78' lang='lat' dir='ltr'><strong>qui-</strong></span> 
     </span>
    </p>
   </div>
   <div class='ocr_carea' id='block_1_75' title="bbox 2177 3375 3745 3435">
    <p class='ocr_par' dir='ltr' id='par_1_75' title="bbox 2177 3375 3745 3435">
     <span class='ocr_line' id='line_1_75' title="bbox 2177 3375 3745 3435; baseline 0.002 -5"><span class='ocrx_word' id='word_1_594' title='bbox 2177 3377 2296 3430; x_wconf 90' lang='lat' dir='ltr'><strong>dem</strong></span> <span class='ocrx_word' id='word_1_595' title='bbox 2329 3376 2623 3429; x_wconf 92' lang='lat' dir='ltr'><strong>commotio</strong></span> <span class='ocrx_word' id='word_1_596' title='bbox 2650 3375 2942 3430; x_wconf 76' lang='lat' dir='ltr'><strong>iracundiae</strong></span> <span class='ocrx_word' id='word_1_597' title='bbox 2972 3376 3151 3431; x_wconf 91' lang='lat' dir='ltr'><strong>locum</strong></span> <span class='ocrx_word' id='word_1_598' title='bbox 3187 3378 3403 3433; x_wconf 84' lang='lat' dir='ltr'><strong>habeat</strong></span> <span class='ocrx_word' id='word_1_599' title='bbox 3440 3381 3582 3434; x_wconf 88' lang='lat' dir='ltr'><strong>intra</strong></span> <span class='ocrx_word' id='word_1_600' title='bbox 3611 3392 3672 3435; x_wconf 85' lang='lat' dir='ltr'><strong>te.</strong></span> <span class='ocrx_word' id='word_1_601' title='bbox 3701 3380 3745 3433; x_wconf 82' lang='lat' dir='ltr'><strong>Si</strong></span> 
     </span>
    </p>
   </div>
   <div class='ocr_carea' id='block_1_76' title="bbox 2178 3466 3744 3535">
    <p class='ocr_par' dir='ltr' id='par_1_76' title="bbox 2178 3466 3744 3535">
     <span class='ocr_line' id='line_1_76' title="bbox 2178 3466 3744 3535; baseline -0.001 -11"><span class='ocrx_word' id='word_1_602' title='bbox 2178 3471 2322 3524; x_wconf 89' lang='lat' dir='ltr'><strong>enim</strong></span> <span class='ocrx_word' id='word_1_603' title='bbox 2347 3468 2652 3524; x_wconf 83' lang='lat' dir='ltr'><strong>effervescit</strong></span> <span class='ocrx_word' id='word_1_604' title='bbox 2685 3466 2902 3522; x_wconf 90' lang='lat' dir='ltr'><strong>animus</strong></span> <span class='ocrx_word' id='word_1_605' title='bbox 2923 3476 2976 3522; x_wconf 87' lang='lat' dir='ltr'><strong>et</strong></span> <span class='ocrx_word' id='word_1_606' title='bbox 3005 3470 3400 3535; x_wconf 88' lang='lat' dir='ltr'><strong>conturbatur,</strong></span> <span class='ocrx_word' id='word_1_607' title='bbox 3420 3473 3630 3526; x_wconf 85' lang='lat' dir='ltr'><strong>etiamsi</strong></span> <span class='ocrx_word' id='word_1_608' title='bbox 3661 3492 3744 3525; x_wconf 72' lang='lat' dir='ltr'><strong>nan</strong></span> 
     </span>
    </p>
   </div>
   <div class='ocr_carea' id='block_1_77' title="bbox 2175 3559 3746 3631">
    <p class='ocr_par' dir='ltr' id='par_1_77' title="bbox 2175 3559 3746 3631">
     <span class='ocr_line' id='line_1_77' title="bbox 2175 3559 3746 3631; baseline -0.001 -15"><span class='ocrx_word' id='word_1_609' title='bbox 2175 3561 2484 3631; x_wconf 81' lang='lat' dir='ltr'><strong>impleverit</strong></span> <span class='ocrx_word' id='word_1_610' title='bbox 2517 3575 2653 3628; x_wconf 81' lang='lat' dir='ltr'><strong>Opus</strong></span> <span class='ocrx_word' id='word_1_611' title='bbox 2679 3600 2692 3623; x_wconf 96' lang='lat'><strong>,</strong></span> <span class='ocrx_word' id='word_1_612' title='bbox 2724 3559 2836 3628; x_wconf 87' lang='lat' dir='ltr'><strong>ipsa</strong></span> <span class='ocrx_word' id='word_1_613' title='bbox 2882 3571 3064 3614; x_wconf 88' lang='lat' dir='ltr'><strong>tamen</strong></span> <span class='ocrx_word' id='word_1_614' title='bbox 3113 3562 3473 3630; x_wconf 85' lang='lat' dir='ltr'><strong>perturbatio</strong></span> <span class='ocrx_word' id='word_1_615' title='bbox 3520 3565 3746 3618; x_wconf 74' lang='lat' dir='ltr'><strong>indecens</strong></span> 
     </span>
    </p>
   </div>
   <div class='ocr_carea' id='block_1_78' title="bbox 2175 3652 3746 3722">
    <p class='ocr_par' dir='ltr' id='par_1_78' title="bbox 2175 3652 3746 3722">
     <span class='ocr_line' id='line_1_78' title="bbox 2175 3652 3746 3722; baseline 0 -14"><span class='ocrx_word' id='word_1_616' title='bbox 2175 3664 2259 3709; x_wconf 90' lang='lat' dir='ltr'><strong>est</strong></span> <span class='ocrx_word' id='word_1_617' title='bbox 2303 3654 2352 3708; x_wconf 92' lang='lat' dir='ltr'><strong>ei</strong></span> <span class='ocrx_word' id='word_1_618' title='bbox 2403 3653 2492 3722; x_wconf 90' lang='lat' dir='ltr'><strong>qui</strong></span> <span class='ocrx_word' id='word_1_619' title='bbox 2540 3653 2642 3707; x_wconf 90' lang='lat' dir='ltr'><strong>sub</strong></span> <span class='ocrx_word' id='word_1_620' title='bbox 2667 3652 2794 3707; x_wconf 86' lang='lat' dir='ltr'><strong>Jesu</strong></span> <span class='ocrx_word' id='word_1_621' title='bbox 2835 3653 3033 3706; x_wconf 91' lang='lat' dir='ltr'><strong>militat</strong></span> <span class='ocrx_word' id='word_1_622' title='bbox 3081 3653 3242 3708; x_wconf 87' lang='lat' dir='ltr'><strong>duce.</strong></span> <span class='ocrx_word' id='word_1_623' title='bbox 3301 3655 3578 3711; x_wconf 84' lang='lat' dir='ltr'><strong>Similiter</strong></span> <span class='ocrx_word' id='word_1_624' title='bbox 3614 3667 3663 3711; x_wconf 82' lang='lat' dir='ltr'><strong>et</strong></span> <span class='ocrx_word' id='word_1_625' title='bbox 3691 3667 3746 3709; x_wconf 62' lang='lat' dir='ltr'><strong>ne</strong></span> 
     </span>
    </p>
   </div>
   <div class='ocr_carea' id='block_1_79' title="bbox 2174 3746 3743 3816">
    <p class='ocr_par' dir='ltr' id='par_1_79' title="bbox 2174 3746 3743 3816">
     <span class='ocr_line' id='line_1_79' title="bbox 2174 3746 3743 3816; baseline -0.001 -15"><span class='ocrx_word' id='word_1_626' title='bbox 2174 3747 2628 3816; x_wconf 76' lang='lat' dir='ltr'><strong>concupiscentiae</strong></span> <span class='ocrx_word' id='word_1_627' title='bbox 2681 3746 2813 3798; x_wconf 91' lang='lat' dir='ltr'><strong>vitio</strong></span> <span class='ocrx_word' id='word_1_628' title='bbox 2845 3785 2860 3809; x_wconf 95' lang='lat'><strong>,</strong></span> <span class='ocrx_word' id='word_1_629' title='bbox 2911 3756 2965 3800; x_wconf 92' lang='lat' dir='ltr'><strong>et</strong></span> <span class='ocrx_word' id='word_1_630' title='bbox 3011 3746 3080 3800; x_wconf 92' lang='lat' dir='ltr'><strong>de</strong></span> <span class='ocrx_word' id='word_1_631' title='bbox 3118 3747 3404 3813; x_wconf 58' lang='lat' dir='ltr'><strong>tristitia},</strong></span> <span class='ocrx_word' id='word_1_632' title='bbox 3455 3752 3743 3815; x_wconf 55' lang='lat' dir='ltr'><strong>exterisque</strong></span> 
     </span>
    </p>
   </div>
   <div class='ocr_carea' id='block_1_80' title="bbox 2174 3837 3743 3910">
    <p class='ocr_par' dir='ltr' id='par_1_80' title="bbox 2174 3837 3743 3910">
     <span class='ocr_line' id='line_1_80' title="bbox 2174 3837 3743 3910; baseline -0.001 -18"><span class='ocrx_word' id='word_1_633' title='bbox 2174 3839 2428 3892; x_wconf 89' lang='lat' dir='ltr'><strong>omnibus</strong></span> <span class='ocrx_word' id='word_1_634' title='bbox 2451 3837 2794 3892; x_wconf 88' lang='lat' dir='ltr'><strong>sentiendum</strong></span> <span class='ocrx_word' id='word_1_635' title='bbox 2820 3846 2922 3891; x_wconf 90' lang='lat' dir='ltr'><strong>est.</strong></span> <span class='ocrx_word' id='word_1_636' title='bbox 2953 3837 3024 3891; x_wconf 93' lang='lat' dir='ltr'><strong>De</strong></span> <span class='ocrx_word' id='word_1_637' title='bbox 3041 3839 3244 3907; x_wconf 91' lang='lat' dir='ltr'><strong>quibus</strong></span> <span class='ocrx_word' id='word_1_638' title='bbox 3269 3841 3497 3893; x_wconf 86' lang='lat' dir='ltr'><strong>cunctis</strong></span> <span class='ocrx_word' id='word_1_639' title='bbox 3524 3840 3592 3893; x_wconf 83' lang='lat' dir='ltr'><strong>ita</strong></span> <span class='ocrx_word' id='word_1_640' title='bbox 3608 3856 3743 3910; x_wconf 72' lang='lat' dir='ltr'><strong>agra-</strong></span> 
     </span>
    </p>
   </div>
   <div class='ocr_carea' id='block_1_81' title="bbox 2176 3926 3740 3998">
    <p class='ocr_par' dir='ltr' id='par_1_81' title="bbox 2176 3926 3740 3998">
     <span class='ocr_line' id='line_1_81' title="bbox 2176 3926 3740 3998; baseline -0.003 -12"><span class='ocrx_word' id='word_1_641' title='bbox 2176 3932 2300 3986; x_wconf 91' lang='lat' dir='ltr'><strong>dum</strong></span> <span class='ocrx_word' id='word_1_642' title='bbox 2328 3940 2412 3985; x_wconf 90' lang='lat' dir='ltr'><strong>est</strong></span> <span class='ocrx_word' id='word_1_643' title='bbox 2460 3928 2727 3998; x_wconf 88' lang='lat' dir='ltr'><strong>discipulo</strong></span> <span class='ocrx_word' id='word_1_644' title='bbox 2759 3926 2912 3991; x_wconf 78' lang='lat' dir='ltr'><strong>Jesu,</strong></span> <span class='ocrx_word' id='word_1_645' title='bbox 2947 3939 3006 3982; x_wconf 93' lang='lat' dir='ltr'><strong>ut</strong></span> <span class='ocrx_word' id='word_1_646' title='bbox 3035 3929 3170 3984; x_wconf 89' lang='lat' dir='ltr'><strong>nihil</strong></span> <span class='ocrx_word' id='word_1_647' title='bbox 3209 3931 3447 3984; x_wconf 90' lang='lat' dir='ltr'><strong>omnino</strong></span> <span class='ocrx_word' id='word_1_648' title='bbox 3479 3933 3658 3985; x_wconf 79' lang='lat' dir='ltr'><strong>horum</strong></span> <span class='ocrx_word' id='word_1_649' title='bbox 3697 3931 3740 3981; x_wconf 71' lang='lat' dir='ltr'><strong>in</strong></span> 
     </span>
    </p>
   </div>
   <div class='ocr_carea' id='block_1_82' title="bbox 2174 4024 3740 4094">
    <p class='ocr_par' dir='ltr' id='par_1_82' title="bbox 2174 4024 3740 4094">
     <span class='ocr_line' id='line_1_82' title="bbox 2174 4024 3740 4094; baseline -0.003 -15"><span class='ocrx_word' id='word_1_650' title='bbox 2174 4025 2291 4094; x_wconf 88' lang='lat' dir='ltr'><strong>ejus</strong></span> <span class='ocrx_word' id='word_1_651' title='bbox 2327 4026 2497 4079; x_wconf 91' lang='lat' dir='ltr'><strong>corde</strong></span> <span class='ocrx_word' id='word_1_652' title='bbox 2546 4025 2820 4092; x_wconf 88' lang='lat' dir='ltr'><strong>respiret:</strong></span> <span class='ocrx_word' id='word_1_653' title='bbox 2857 4039 2926 4078; x_wconf 93' lang='lat' dir='ltr'><strong>ne</strong></span> <span class='ocrx_word' id='word_1_654' title='bbox 2948 4024 3090 4078; x_wconf 88' lang='lat' dir='ltr'><strong>forte</strong></span> <span class='ocrx_word' id='word_1_655' title='bbox 3116 4025 3160 4077; x_wconf 90' lang='lat' dir='ltr'><strong>si</strong></span> <span class='ocrx_word' id='word_1_656' title='bbox 3196 4024 3356 4092; x_wconf 85' lang='lat' dir='ltr'><strong>parvi</strong></span> <span class='ocrx_word' id='word_1_657' title='bbox 3394 4025 3622 4094; x_wconf 85' lang='lat' dir='ltr'><strong>alicujus</strong></span> <span class='ocrx_word' id='word_1_658' title='bbox 3645 4024 3740 4074; x_wconf 69' lang='lat' dir='ltr'><strong>ritii</strong></span> 
     </span>
    </p>
   </div>
   <div class='ocr_carea' id='block_1_83' title="bbox 2173 4115 3741 4186">
    <p class='ocr_par' dir='ltr' id='par_1_83' title="bbox 2173 4115 3741 4186">
     <span class='ocr_line' id='line_1_83' title="bbox 2173 4115 3741 4186; baseline -0.001 -16"><span class='ocrx_word' id='word_1_659' title='bbox 2173 4127 2266 4170; x_wconf 89' lang='lat' dir='ltr'><strong>aut</strong></span> <span class='ocrx_word' id='word_1_660' title='bbox 2297 4117 2636 4172; x_wconf 90' lang='lat' dir='ltr'><strong>consuetudo</strong></span> <span class='ocrx_word' id='word_1_661' title='bbox 2665 4125 2758 4170; x_wconf 87' lang='lat' dir='ltr'><strong>aut</strong></span> <span class='ocrx_word' id='word_1_662' title='bbox 2795 4115 3052 4186; x_wconf 78' lang='lat' dir='ltr'><strong>cogitatio</strong></span> <span class='ocrx_word' id='word_1_663' title='bbox 3087 4115 3441 4185; x_wconf 87' lang='lat' dir='ltr'><strong>relinquatur</strong></span> <span class='ocrx_word' id='word_1_664' title='bbox 3469 4117 3523 4169; x_wconf 91' lang='lat' dir='ltr'><strong>in</strong></span> <span class='ocrx_word' id='word_1_665' title='bbox 3562 4118 3706 4170; x_wconf 79' lang='lat' dir='ltr'><strong>corde</strong></span> <span class='ocrx_word' id='word_1_666' title='bbox 3726 4153 3741 4175; x_wconf 87' lang='lat'><strong>,</strong></span> 
     </span>
    </p>
   </div>
   <div class='ocr_carea' id='block_1_84' title="bbox 2174 4208 3742 4281">
    <p class='ocr_par' dir='ltr' id='par_1_84' title="bbox 2174 4208 3742 4281">
     <span class='ocr_line' id='line_1_84' title="bbox 2174 4208 3742 4281; baseline -0.003 -16"><span class='ocrx_word' id='word_1_667' title='bbox 2174 4226 2432 4281; x_wconf 90' lang='lat' dir='ltr'><strong>processu</strong></span> <span class='ocrx_word' id='word_1_668' title='bbox 2459 4211 2719 4280; x_wconf 88' lang='lat' dir='ltr'><strong>temporis</strong></span> <span class='ocrx_word' id='word_1_669' title='bbox 2742 4209 3111 4272; x_wconf 83' lang='lat' dir='ltr'><strong>convalescat,</strong></span> <span class='ocrx_word' id='word_1_670' title='bbox 3137 4220 3192 4263; x_wconf 91' lang='lat' dir='ltr'><strong>et</strong></span> <span class='ocrx_word' id='word_1_671' title='bbox 3214 4209 3485 4278; x_wconf 83' lang='lat' dir='ltr'><strong>paulatim</strong></span> <span class='ocrx_word' id='word_1_672' title='bbox 3520 4212 3653 4263; x_wconf 84' lang='lat' dir='ltr'><strong>vires</strong></span> <span class='ocrx_word' id='word_1_673' title='bbox 3675 4208 3742 4260; x_wconf 76' lang='lat' dir='ltr'><strong>la-</strong></span> 
     </span>
    </p>
   </div>
   <div class='ocr_carea' id='block_1_85' title="bbox 489 4294 3742 4378">
    <p class='ocr_par' dir='ltr' id='par_1_85' title="bbox 489 4294 3742 4378">
     <span class='ocr_line' id='line_1_85' title="bbox 489 4294 3742 4378; baseline 0.001 -28"><span class='ocrx_word' id='word_1_674' title='bbox 489 4294 628 4351; x_wconf 78' lang='lat' dir='ltr'><strong>forte</strong></span> <span class='ocrx_word' id='word_1_675' title='bbox 678 4311 744 4351; x_wconf 88' lang='lat' dir='ltr'><strong>ex</strong></span> <span class='ocrx_word' id='word_1_676' title='bbox 792 4299 872 4352; x_wconf 88' lang='lat' dir='ltr'><strong>his</strong></span> <span class='ocrx_word' id='word_1_677' title='bbox 934 4315 1054 4368; x_wconf 64' lang='lat' dir='ltr'><strong>quae</strong></span> <span class='ocrx_word' id='word_1_678' title='bbox 1097 4302 1331 4358; x_wconf 80' lang='lat' dir='ltr'><strong>dicimus</strong></span> <span class='ocrx_word' id='word_1_679' title='bbox 1378 4303 1473 4358; x_wconf 91' lang='lat' dir='ltr'><strong>Dei</strong></span> <span class='ocrx_word' id='word_1_680' title='bbox 1525 4305 1704 4358; x_wconf 90' lang='lat' dir='ltr'><strong>verbis</strong></span> <span class='ocrx_word' id='word_1_681' title='bbox 1753 4304 2068 4360; x_wconf 82' lang='lat' dir='ltr'><strong>Stimulatur</strong></span> <span class='ocrx_word' id='word_1_682' title='bbox 2103 4323 2143 4378; x_wconf 81' lang='grc' dir='ltr'><strong>ι)</strong></span> <span class='ocrx_word' id='word_1_683' title='bbox 2176 4304 2385 4358; x_wconf 90' lang='lat' dir='ltr'><strong>titaudo</strong></span> <span class='ocrx_word' id='word_1_684' title='bbox 2419 4302 2752 4372; x_wconf 88' lang='lat' dir='ltr'><strong>conquirat,</strong></span> <span class='ocrx_word' id='word_1_685' title='bbox 2802 4311 2967 4370; x_wconf 87' lang='lat' dir='ltr'><strong>atque</strong></span> <span class='ocrx_word' id='word_1_686' title='bbox 3001 4301 3068 4355; x_wconf 88' lang='lat' dir='ltr'><strong>ad</strong></span> <span class='ocrx_word' id='word_1_687' title='bbox 3103 4299 3358 4356; x_wconf 87' lang='lat' dir='ltr'><strong>ultimum</strong></span> <span class='ocrx_word' id='word_1_688' title='bbox 3402 4312 3618 4357; x_wconf 81' lang='lat' dir='ltr'><strong>revocet</strong></span> <span class='ocrx_word' id='word_1_689' title='bbox 3659 4316 3742 4354; x_wconf 82' lang='lat' dir='ltr'><strong>nos</strong></span> 
     </span>
    </p>
   </div>
   <div class='ocr_carea' id='block_1_86' title="bbox 487 4393 2068 4465">
    <p class='ocr_par' dir='ltr' id='par_1_86' title="bbox 487 4393 2068 4465">
     <span class='ocr_line' id='line_1_86' title="bbox 487 4393 2068 4465; baseline 0.006 -23"><span class='ocrx_word' id='word_1_690' title='bbox 487 4398 651 4458; x_wconf 88' lang='lat' dir='ltr'><strong>atque</strong></span> <span class='ocrx_word' id='word_1_691' title='bbox 673 4393 1074 4462; x_wconf 89' lang='lat' dir='ltr'><strong>compuugitur,</strong></span> <span class='ocrx_word' id='word_1_692' title='bbox 1105 4405 1159 4448; x_wconf 86' lang='lat' dir='ltr'><strong>et</strong></span> <span class='ocrx_word' id='word_1_693' title='bbox 1182 4395 1227 4449; x_wconf 87' lang='lat' dir='ltr'><strong>is</strong></span> <span class='ocrx_word' id='word_1_694' title='bbox 1257 4396 1349 4464; x_wconf 91' lang='lat' dir='ltr'><strong>qui</strong></span> <span class='ocrx_word' id='word_1_695' title='bbox 1383 4396 1639 4450; x_wconf 90' lang='lat' dir='ltr'><strong>hesterno</strong></span> <span class='ocrx_word' id='word_1_696' title='bbox 1673 4397 1757 4450; x_wconf 88' lang='lat' dir='ltr'><strong>die</strong></span> <span class='ocrx_word' id='word_1_697' title='bbox 1781 4411 1983 4465; x_wconf 86' lang='lat' dir='ltr'><strong>pronus</strong></span> <span class='ocrx_word' id='word_1_698' title='bbox 2012 4409 2068 4452; x_wconf 93' lang='lat' dir='ltr'><strong>et</strong></span> 
     </span>
    </p>
   </div>
   <div class='ocr_carea' id='block_1_87' title="bbox 491 4481 2066 4556">
    <p class='ocr_par' dir='ltr' id='par_1_87' title="bbox 491 4481 2066 4556">
     <span class='ocr_line' id='line_1_87' title="bbox 491 4481 2066 4556; baseline 0.008 -22"><span class='ocrx_word' id='word_1_699' title='bbox 491 4481 728 4538; x_wconf 87' lang='lat' dir='ltr'><strong>fervidus</strong></span> <span class='ocrx_word' id='word_1_700' title='bbox 786 4494 1041 4554; x_wconf 87' lang='lat' dir='ltr'><strong>tanquam</strong></span> <span class='ocrx_word' id='word_1_701' title='bbox 1102 4502 1275 4556; x_wconf 82' lang='lat' dir='ltr'><strong>equus</strong></span> <span class='ocrx_word' id='word_1_702' title='bbox 1329 4489 1379 4542; x_wconf 95' lang='lat' dir='ltr'><strong>in</strong></span> <span class='ocrx_word' id='word_1_703' title='bbox 1435 4488 1712 4544; x_wconf 90' lang='lat' dir='ltr'><strong>libidinem</strong></span> <span class='ocrx_word' id='word_1_704' title='bbox 1770 4490 2066 4553; x_wconf 87' lang='lat' dir='ltr'><strong>ferebatur,</strong></span> 
     </span>
    </p>
   </div>
   <div class='ocr_carea' id='block_1_88' title="bbox 490 4570 2066 4647">
    <p class='ocr_par' dir='ltr' id='par_1_88' title="bbox 490 4570 2066 4647">
     <span class='ocr_line' id='line_1_88' title="bbox 490 4570 2066 4647; baseline 0.009 -24"><span class='ocrx_word' id='word_1_705' title='bbox 490 4570 650 4626; x_wconf 89' lang='lat' dir='ltr'><strong>hodie</strong></span> <span class='ocrx_word' id='word_1_706' title='bbox 677 4573 722 4627; x_wconf 90' lang='lat' dir='ltr'><strong>si</strong></span> <span class='ocrx_word' id='word_1_707' title='bbox 750 4574 833 4628; x_wconf 90' lang='lat' dir='ltr'><strong>his</strong></span> <span class='ocrx_word' id='word_1_708' title='bbox 863 4575 1064 4631; x_wconf 89' lang='lat' dir='ltr'><strong>auditis</strong></span> <span class='ocrx_word' id='word_1_709' title='bbox 1092 4579 1342 4647; x_wconf 88' lang='lat' dir='ltr'><strong>poenitet,</strong></span> <span class='ocrx_word' id='word_1_710' title='bbox 1372 4580 1739 4646; x_wconf 91' lang='lat' dir='ltr'><strong>convertitur,</strong></span> <span class='ocrx_word' id='word_1_711' title='bbox 1775 4594 1838 4635; x_wconf 88' lang='lat' dir='ltr'><strong>ac</strong></span> <span class='ocrx_word' id='word_1_712' title='bbox 1871 4596 2066 4637; x_wconf 89' lang='lat' dir='ltr'><strong>secun-</strong></span> 
     </span>
    </p>
   </div>
   <div class='ocr_carea' id='block_1_89' title="bbox 489 4663 2066 4740">
    <p class='ocr_par' dir='ltr' id='par_1_89' title="bbox 489 4663 2066 4740">
     <span class='ocr_line' id='line_1_89' title="bbox 489 4663 2066 4740; baseline 0.009 -24"><span class='ocrx_word' id='word_1_713' title='bbox 489 4663 615 4717; x_wconf 87' lang='lat' dir='ltr'><strong>dmu</strong></span> <span class='ocrx_word' id='word_1_714' title='bbox 651 4669 965 4736; x_wconf 86' lang='lat' dir='ltr'><strong>prophetam</strong></span> <span class='ocrx_word' id='word_1_715' title='bbox 1003 4684 1033 4723; x_wconf 90' lang='lat' dir='ltr'><strong>a</strong></span> <span class='ocrx_word' id='word_1_716' title='bbox 1077 4671 1272 4726; x_wconf 88' lang='lat' dir='ltr'><strong>timore</strong></span> <span class='ocrx_word' id='word_1_717' title='bbox 1310 4673 1403 4728; x_wconf 92' lang='lat' dir='ltr'><strong>Dei</strong></span> <span class='ocrx_word' id='word_1_718' title='bbox 1435 4673 1686 4729; x_wconf 82' lang='lat' dir='ltr'><strong>confixus</strong></span> <span class='ocrx_word' id='word_1_719' title='bbox 1717 4673 1960 4729; x_wconf 87' lang='lat' dir='ltr'><strong>refrenat</strong></span> <span class='ocrx_word' id='word_1_720' title='bbox 1987 4690 2066 4740; x_wconf 93' lang='lat' dir='ltr'><strong>se,</strong></span> 
     </span>
    </p>
   </div>
   <div class='ocr_carea' id='block_1_90' title="bbox 490 4763 2063 4836">
    <p class='ocr_par' dir='ltr' id='par_1_90' title="bbox 490 4763 2063 4836">
     <span class='ocr_line' id='line_1_90' title="bbox 490 4763 2063 4836; baseline 0.01 -30"><span class='ocrx_word' id='word_1_721' title='bbox 490 4763 545 4808; x_wconf 89' lang='lat' dir='ltr'><strong>et</strong></span> <span class='ocrx_word' id='word_1_722' title='bbox 569 4766 787 4810; x_wconf 88' lang='lat' dir='ltr'><strong>revocat</strong></span> <span class='ocrx_word' id='word_1_723' title='bbox 815 4774 843 4811; x_wconf 92' lang='lat' dir='ltr'><strong>a</strong></span> <span class='ocrx_word' id='word_1_724' title='bbox 877 4771 1122 4828; x_wconf 89' lang='lat' dir='ltr'><strong>peccato,</strong></span> <span class='ocrx_word' id='word_1_725' title='bbox 1152 4773 1208 4817; x_wconf 91' lang='lat' dir='ltr'><strong>et</strong></span> <span class='ocrx_word' id='word_1_726' title='bbox 1233 4765 1484 4834; x_wconf 91' lang='lat' dir='ltr'><strong>pudicam</strong></span> <span class='ocrx_word' id='word_1_727' title='bbox 1521 4766 1715 4820; x_wconf 90' lang='lat' dir='ltr'><strong>dehinc</strong></span> <span class='ocrx_word' id='word_1_728' title='bbox 1745 4776 2063 4836; x_wconf 87' lang='lat' dir='ltr'><strong>castamque</strong></span> 
     </span>
    </p>
   </div>
   <div class='ocr_carea' id='block_1_91' title="bbox 489 4848 2064 4929">
    <p class='ocr_par' dir='ltr' id='par_1_91' title="bbox 489 4848 2064 4929">
     <span class='ocr_line' id='line_1_91' title="bbox 489 4848 2064 4929; baseline 0.008 -28"><span class='ocrx_word' id='word_1_729' title='bbox 489 4848 664 4918; x_wconf 80' lang='lat' dir='ltr'><strong>diligit</strong></span> <span class='ocrx_word' id='word_1_730' title='bbox 700 4851 903 4917; x_wconf 90' lang='lat' dir='ltr'><strong>vitam,</strong></span> <span class='ocrx_word' id='word_1_731' title='bbox 952 4855 1257 4911; x_wconf 87' lang='lat' dir='ltr'><strong>videbimur</strong></span> <span class='ocrx_word' id='word_1_732' title='bbox 1310 4857 1474 4912; x_wconf 90' lang='lat' dir='ltr'><strong>etiam</strong></span> <span class='ocrx_word' id='word_1_733' title='bbox 1535 4873 1634 4913; x_wconf 91' lang='lat' dir='ltr'><strong>nos</strong></span> <span class='ocrx_word' id='word_1_734' title='bbox 1685 4859 1863 4929; x_wconf 90' lang='lat' dir='ltr'><strong>gladio</strong></span> <span class='ocrx_word' id='word_1_735' title='bbox 1915 4861 2064 4914; x_wconf 84' lang='lat' dir='ltr'><strong>verbi</strong></span> 
     </span>
    </p>
   </div>
   <div class='ocr_carea' id='block_1_92' title="bbox 491 4935 2065 5020">
    <p class='ocr_par' dir='ltr' id='par_1_92' title="bbox 491 4935 2065 5020">
     <span class='ocr_line' id='line_1_92' title="bbox 491 4935 2065 5020; baseline 0.008 -27"><span class='ocrx_word' id='word_1_736' title='bbox 491 4940 584 4993; x_wconf 86' lang='lat' dir='ltr'><strong>Dei</strong></span> <span class='ocrx_word' id='word_1_737' title='bbox 619 4935 925 5012; x_wconf 53' lang='lat' dir='ltr'><strong>&#39;evaginato</strong></span> <span class='ocrx_word' id='word_1_738' title='bbox 979 4946 1340 5002; x_wconf 86' lang='lat' dir='ltr'><strong>subuervasse</strong></span> <span class='ocrx_word' id='word_1_739' title='bbox 1375 4963 1546 5018; x_wconf 88' lang='lat' dir='ltr'><strong>equos</strong></span> <span class='ocrx_word' id='word_1_740' title='bbox 1581 4966 1596 5004; x_wconf 90' lang='lat'><strong>:</strong></span> <span class='ocrx_word' id='word_1_741' title='bbox 1625 4961 1680 5004; x_wconf 92' lang='lat' dir='ltr'><strong>et</strong></span> <span class='ocrx_word' id='word_1_742' title='bbox 1736 4952 1906 5020; x_wconf 85' lang='lat' dir='ltr'><strong>magis</strong></span> <span class='ocrx_word' id='word_1_743' title='bbox 1969 4965 2065 5020; x_wconf 89' lang='lat' dir='ltr'><strong>per</strong></span> 
     </span>
    </p>
   </div>
   <div class='ocr_carea' id='block_1_93' title="bbox 491 5031 2064 5109">
    <p class='ocr_par' dir='ltr' id='par_1_93' title="bbox 491 5031 2064 5109">
     <span class='ocr_line' id='line_1_93' title="bbox 491 5031 2064 5109; baseline 0.006 -25"><span class='ocrx_word' id='word_1_744' title='bbox 491 5031 592 5086; x_wconf 84' lang='lat' dir='ltr'><strong>hoc</strong></span> <span class='ocrx_word' id='word_1_745' title='bbox 610 5031 770 5101; x_wconf 90' lang='lat' dir='ltr'><strong>digne</strong></span> <span class='ocrx_word' id='word_1_746' title='bbox 787 5033 1041 5102; x_wconf 90' lang='lat' dir='ltr'><strong>impletur</strong></span> <span class='ocrx_word' id='word_1_747' title='bbox 1065 5048 1393 5109; x_wconf 69' lang='lat' dir='ltr'><strong>praeceptum</strong></span> <span class='ocrx_word' id='word_1_748' title='bbox 1421 5039 1535 5108; x_wconf 88' lang='lat' dir='ltr'><strong>Dei,</strong></span> <span class='ocrx_word' id='word_1_749' title='bbox 1552 5054 1712 5109; x_wconf 90' lang='lat' dir='ltr'><strong>quam</strong></span> <span class='ocrx_word' id='word_1_750' title='bbox 1738 5041 1782 5094; x_wconf 91' lang='lat' dir='ltr'><strong>si</strong></span> <span class='ocrx_word' id='word_1_751' title='bbox 1808 5040 2064 5094; x_wconf 87' lang='lat' dir='ltr'><strong>animalia</strong></span> 
     </span>
    </p>
   </div>
   <div class='ocr_carea' id='block_1_94' title="bbox 557 5143 1018 5209">
    <p class='ocr_par' dir='ltr' id='par_1_94' title="bbox 557 5143 1018 5209">
     <span class='ocr_line' id='line_1_94' title="bbox 557 5143 1018 5209; baseline 0.007 -12"><span class='ocrx_word' id='word_1_752' title='bbox 557 5143 604 5176; x_wconf 84' lang='grc'><strong>⁸⁸</strong></span> <span class='ocrx_word' id='word_1_753' title='bbox 629 5144 747 5198; x_wconf 91' lang='lat' dir='ltr'><strong>lsai.</strong></span> <span class='ocrx_word' id='word_1_754' title='bbox 790 5161 900 5209; x_wconf 82' lang='lat' dir='ltr'><strong>xw,</strong></span> <span class='ocrx_word' id='word_1_755' title='bbox 931 5145 1018 5200; x_wconf 68' lang='lat' dir='ltr'><strong>l4.</strong></span> 
     </span>
    </p>
   </div>
   <div class='ocr_carea' id='block_1_95' title="bbox 1100 5147 1630 5214">
    <p class='ocr_par' dir='ltr' id='par_1_95' title="bbox 1100 5147 1630 5214">
     <span class='ocr_line' id='line_1_95' title="bbox 1100 5147 1630 5214; baseline 0 -12"><span class='ocrx_word' id='word_1_756' title='bbox 1100 5147 1146 5178; x_wconf 81' lang='grc'><strong>⁸⁸</strong></span> <span class='ocrx_word' id='word_1_757' title='bbox 1171 5149 1313 5205; x_wconf 85' lang='lat' dir='ltr'><strong>Psal.</strong></span> <span class='ocrx_word' id='word_1_758' title='bbox 1350 5165 1522 5214; x_wconf 83' lang='grc' dir='ltr'>χχχιι,</span> <span class='ocrx_word' id='word_1_759' title='bbox 1543 5150 1630 5203; x_wconf 87' lang='lat' dir='ltr'><strong>l7.</strong></span> 
     </span>
    </p>
   </div>
   <div class='ocr_carea' id='block_1_96' title="bbox 487 5214 951 5280">
    <p class='ocr_par' dir='ltr' id='par_1_96' title="bbox 487 5214 951 5280">
     <span class='ocr_line' id='line_1_96' title="bbox 487 5214 951 5280; baseline -0.002 -9"><span class='ocrx_word' id='word_1_760' title='bbox 487 5214 532 5247; x_wconf 83' lang='lat'>“</span> <span class='ocrx_word' id='word_1_761' title='bbox 565 5215 722 5271; x_wconf 73' lang='lat' dir='ltr'><strong>ﬂatu.</strong></span> <span class='ocrx_word' id='word_1_762' title='bbox 754 5232 867 5280; x_wconf 74' lang='lat' dir='ltr'><strong>rm,</strong></span> <span class='ocrx_word' id='word_1_763' title='bbox 897 5219 951 5270; x_wconf 90' lang='lat'><strong>7.</strong></span> 
     </span>
    </p>
   </div>
   <div class='ocr_carea' id='block_1_97' title="bbox 1026 5218 1510 5284">
    <p class='ocr_par' dir='ltr' id='par_1_97' title="bbox 1026 5218 1510 5284">
     <span class='ocr_line' id='line_1_97' title="bbox 1026 5218 1510 5284; baseline 0.004 -12"><span class='ocrx_word' id='word_1_764' title='bbox 1026 5218 1072 5250; x_wconf 71' lang='grc'><strong>⁸³</strong></span> <span class='ocrx_word' id='word_1_765' title='bbox 1095 5219 1299 5275; x_wconf 84' lang='lat' dir='ltr'><strong>Coloss.</strong></span> <span class='ocrx_word' id='word_1_766' title='bbox 1337 5237 1398 5284; x_wconf 89' lang='lat' dir='ltr'><strong>ll,</strong></span> <span class='ocrx_word' id='word_1_767' title='bbox 1427 5221 1510 5274; x_wconf 83' lang='grc'><strong>18.</strong></span> 
     </span>
    </p>
   </div>
   <div class='ocr_carea' id='block_1_98' title="bbox 483 5329 2072 5455">
    <p class='ocr_par' dir='ltr' id='par_1_98' title="bbox 483 5329 2072 5455">
     <span class='ocr_line' id='line_1_98' title="bbox 483 5329 2072 5455; baseline 0 -69"><span class='ocrx_word' id='word_1_768' title='bbox 483 5329 670 5455; x_wconf 63' lang='lat' dir='ltr'><strong>bu(880)</strong></span> <span class='ocrx_word' id='word_1_769' title='bbox 720 5329 849 5386; x_wconf 85' lang='lat' dir='ltr'><strong>Mss.</strong></span> <span class='ocrx_word' id='word_1_770' title='bbox 904 5349 923 5382; x_wconf 86' lang='grc'><em>‹</em></span> <span class='ocrx_word' id='word_1_771' title='bbox 969 5346 1128 5402; x_wconf 88' lang='lat' dir='ltr'><strong>super</strong></span> <span class='ocrx_word' id='word_1_772' title='bbox 1185 5348 1342 5402; x_wconf 91' lang='lat' dir='ltr'><strong>quos.</strong></span> <span class='ocrx_word' id='word_1_773' title='bbox 1388 5353 1407 5387; x_wconf 74' lang='grc' dir='ltr'>ι</span> <span class='ocrx_word' id='word_1_774' title='bbox 1461 5333 1623 5400; x_wconf 86' lang='lat' dir='ltr'><strong>Editi,</strong></span> <span class='ocrx_word' id='word_1_775' title='bbox 1671 5353 1690 5388; x_wconf 85' lang='grc'>‹</span> <span class='ocrx_word' id='word_1_776' title='bbox 1743 5348 1906 5404; x_wconf 72' lang='lat' dir='ltr'><strong>super</strong></span> <span class='ocrx_word' id='word_1_777' title='bbox 1951 5333 2072 5403; x_wconf 92' lang='lat' dir='ltr'><strong>qui-</strong></span> 
     </span>
     <span class='ocr_line' id='line_1_99' title="bbox 595 5419 661 5454; baseline 0.015 -1"><span class='ocrx_word' id='word_1_778' title='bbox 595 5439 609 5453; x_wconf 87' lang='lat'><strong>.</strong></span> <span class='ocrx_word' id='word_1_779' title='bbox 639 5419 661 5454; x_wconf 67' lang='grc' dir='ltr'>ι</span> 
     </span>
    </p>
   </div>
   <div class='ocr_carea' id='block_1_99' title="bbox 489 5471 2062 5593">
    <p class='ocr_par' dir='ltr' id='par_1_99' title="bbox 489 5471 2062 5593">
     <span class='ocr_line' id='line_1_100' title="bbox 489 5471 2062 5593; baseline 0.003 -70"><span class='ocrx_word' id='word_1_780' title='bbox 489 5549 508 5593; x_wconf 61' lang='grc' dir='ltr'>ι</span> <span class='ocrx_word' id='word_1_781' title='bbox 559 5474 671 5540; x_wconf 74' lang='lat' dir='ltr'><strong>(tsi)</strong></span> <span class='ocrx_word' id='word_1_782' title='bbox 707 5471 834 5529; x_wconf 85' lang='lat' dir='ltr'><strong>Mss.</strong></span> <span class='ocrx_word' id='word_1_783' title='bbox 879 5491 896 5525; x_wconf 83' lang='grc'><em>‹</em></span> <span class='ocrx_word' id='word_1_784' title='bbox 930 5473 1262 5530; x_wconf 87' lang='lat' dir='ltr'><strong>incentores.</strong></span> <span class='ocrx_word' id='word_1_785' title='bbox 1297 5495 1315 5528; x_wconf 74' lang='grc' dir='ltr'><strong><em>ι</em></strong></span> <span class='ocrx_word' id='word_1_786' title='bbox 1350 5475 1505 5530; x_wconf 85' lang='lat' dir='ltr'><strong>Libb.</strong></span> <span class='ocrx_word' id='word_1_787' title='bbox 1550 5477 1703 5531; x_wconf 91' lang='lat' dir='ltr'><strong>editi.</strong></span> <span class='ocrx_word' id='word_1_788' title='bbox 1759 5495 1778 5527; x_wconf 78' lang='grc' dir='ltr'>ι</span> <span class='ocrx_word' id='word_1_789' title='bbox 1825 5477 2062 5532; x_wconf 88' lang='lat' dir='ltr'><strong>incesta-</strong></span> 
     </span>
     <span class='ocr_line' id='line_1_101' title="bbox 511 5557 712 5593; baseline 0 0"><span class='ocrx_word' id='word_1_790' title='bbox 511 5557 654 5593; x_wconf 89' lang='lat' dir='ltr'><strong>ores.</strong></span> <span class='ocrx_word' id='word_1_791' title='bbox 693 5562 712 5593; x_wconf 71' lang='grc' dir='ltr'><strong><em>ι</em></strong></span> 
     </span>
    </p>
   </div>
   <div class='ocr_carea' id='block_1_100' title="bbox 511 5557 712 5596">
    <p class='ocr_par' dir='ltr' id='par_1_100' title="bbox 511 5557 712 5596">
     <span class='ocr_line' id='line_1_102' title="bbox 511 5557 712 5596; baseline -0.01 0"><span class='ocrx_word' id='word_1_792' title='bbox 511 5557 654 5596; x_wconf 70' lang='grc'><strong>01⁸65.</strong></span> <span class='ocrx_word' id='word_1_793' title='bbox 693 5562 712 5594; x_wconf 70' lang='grc' dir='ltr'><strong><em>ι</em></strong></span> 
     </span>
    </p>
   </div>
   <div class='ocr_carea' id='block_1_101' title="bbox 557 5633 2057 5708">
    <p class='ocr_par' dir='ltr' id='par_1_101' title="bbox 557 5633 2057 5708">
     <span class='ocr_line' id='line_1_103' title="bbox 557 5633 2057 5708; baseline 0.003 -20"><span class='ocrx_word' id='word_1_794' title='bbox 557 5635 669 5702; x_wconf 69' lang='grc'><strong>(89.)</strong></span> <span class='ocrx_word' id='word_1_795' title='bbox 706 5633 828 5689; x_wconf 82' lang='lat' dir='ltr'><strong>Mss.</strong></span> <span class='ocrx_word' id='word_1_796' title='bbox 867 5657 885 5689; x_wconf 74' lang='grc' dir='ltr'>ι</span> <span class='ocrx_word' id='word_1_797' title='bbox 914 5638 1309 5708; x_wconf 77' lang='lat' dir='ltr'><strong>invocabimus.</strong></span> <span class='ocrx_word' id='word_1_798' title='bbox 1337 5657 1354 5688; x_wconf 73' lang='grc' dir='ltr'><strong><em>ι</em></strong></span> <span class='ocrx_word' id='word_1_799' title='bbox 1393 5639 1549 5693; x_wconf 87' lang='lat' dir='ltr'><strong>Libb.</strong></span> <span class='ocrx_word' id='word_1_800' title='bbox 1590 5639 1722 5693; x_wconf 84' lang='lat' dir='ltr'><strong>editi</strong></span> <span class='ocrx_word' id='word_1_801' title='bbox 1773 5657 1794 5690; x_wconf 74' lang='grc' dir='ltr'><em>ς</em></span> <span class='ocrx_word' id='word_1_802' title='bbox 1843 5639 2057 5708; x_wconf 88' lang='lat' dir='ltr'><strong>magni-</strong></span> 
     </span>
    </p>
   </div>
   <div class='ocr_carea' id='block_1_102' title="bbox 491 5702 2055 5778">
    <p class='ocr_par' dir='ltr' id='par_1_102' title="bbox 491 5702 2055 5778">
     <span class='ocr_line' id='line_1_104' title="bbox 491 5702 2055 5778; baseline 0.006 -24"><span class='ocrx_word' id='word_1_803' title='bbox 491 5702 792 5760; x_wconf 71' lang='lat' dir='ltr'><strong>ficabiinur.</strong></span> <span class='ocrx_word' id='word_1_804' title='bbox 824 5725 842 5758; x_wconf 74' lang='grc' dir='ltr'><strong><em>ο</em></strong></span> <span class='ocrx_word' id='word_1_805' title='bbox 907 5707 1025 5761; x_wconf 79' lang='lat' dir='ltr'><strong>Mox</strong></span> <span class='ocrx_word' id='word_1_806' title='bbox 1085 5711 1256 5762; x_wconf 73' lang='lat' dir='ltr'><strong>codex</strong></span> <span class='ocrx_word' id='word_1_807' title='bbox 1310 5711 1599 5778; x_wconf 81' lang='lat' dir='ltr'><strong>Sangerm.</strong></span> <span class='ocrx_word' id='word_1_808' title='bbox 1654 5728 1670 5760; x_wconf 78' lang='grc' dir='ltr'>ι</span> <span class='ocrx_word' id='word_1_809' title='bbox 1702 5725 1874 5778; x_wconf 87' lang='lat' dir='ltr'><strong>neque</strong></span> <span class='ocrx_word' id='word_1_810' title='bbox 1911 5702 2055 5764; x_wconf 58' lang='lat' dir='ltr'><strong>e&#39;nim</strong></span> 
     </span>
    </p>
   </div>
   <div class='ocr_carea' id='block_1_103' title="bbox 489 5779 2049 5850">
    <p class='ocr_par' dir='ltr' id='par_1_103' title="bbox 489 5779 2049 5850">
     <span class='ocr_line' id='line_1_105' title="bbox 489 5779 2049 5850; baseline 0.004 -22"><span class='ocrx_word' id='word_1_811' title='bbox 489 5789 684 5831; x_wconf 81' lang='lat' dir='ltr'><strong>currus</strong></span> <span class='ocrx_word' id='word_1_812' title='bbox 716 5786 769 5832; x_wconf 88' lang='lat' dir='ltr'><strong>et</strong></span> <span class='ocrx_word' id='word_1_813' title='bbox 797 5793 962 5848; x_wconf 87' lang='lat' dir='ltr'><strong>equos</strong></span> <span class='ocrx_word' id='word_1_814' title='bbox 994 5779 1101 5834; x_wconf 88' lang='lat' dir='ltr'><strong>Deo</strong></span> <span class='ocrx_word' id='word_1_815' title='bbox 1137 5782 1450 5850; x_wconf 82' lang='lat' dir='ltr'><strong>contuleris,</strong></span> <span class='ocrx_word' id='word_1_816' title='bbox 1489 5783 1584 5836; x_wconf 85' lang='lat' dir='ltr'><strong>sed</strong></span> <span class='ocrx_word' id='word_1_817' title='bbox 1625 5782 1836 5850; x_wconf 83' lang='lat' dir='ltr'><strong>utique,</strong></span> <span class='ocrx_word' id='word_1_818' title='bbox 1869 5799 1891 5834; x_wconf 82' lang='grc'><strong>›</strong></span> <span class='ocrx_word' id='word_1_819' title='bbox 1943 5789 2049 5835; x_wconf 85' lang='lat' dir='ltr'><strong>etc.</strong></span> 
     </span>
    </p>
   </div>
   <div class='ocr_carea' id='block_1_104' title="bbox 1706 5149 2122 5212">
    <p class='ocr_par' dir='ltr' id='par_1_104' title="bbox 1706 5149 2122 5212">
     <span class='ocr_line' id='line_1_106' title="bbox 1706 5149 2122 5212; baseline -0.002 -8"><span class='ocrx_word' id='word_1_820' title='bbox 1706 5149 1751 5182; x_wconf 82' lang='grc'><strong>⁸⁷</strong></span> <span class='ocrx_word' id='word_1_821' title='bbox 1786 5149 1926 5204; x_wconf 86' lang='lat' dir='ltr'><strong>Psal.</strong></span> <span class='ocrx_word' id='word_1_822' title='bbox 1957 5149 2122 5212; x_wconf 75' lang='lat' dir='ltr'><strong>xx,7.</strong></span> 
     </span>
    </p>
   </div>
   <div class='ocr_carea' id='block_1_105' title="bbox 1589 5219 2111 5286">
    <p class='ocr_par' dir='ltr' id='par_1_105' title="bbox 1589 5219 2111 5286">
     <span class='ocr_line' id='line_1_107' title="bbox 1589 5219 2111 5286; baseline 0 -11"><span class='ocrx_word' id='word_1_823' title='bbox 1589 5219 1635 5251; x_wconf 78' lang='lat'>”</span> <span class='ocrx_word' id='word_1_824' title='bbox 1664 5219 1854 5275; x_wconf 82' lang='lat' dir='ltr'><strong>Matth.</strong></span> <span class='ocrx_word' id='word_1_825' title='bbox 1885 5235 1980 5286; x_wconf 79' lang='lat' dir='ltr'><strong>xu,</strong></span> <span class='ocrx_word' id='word_1_826' title='bbox 2021 5219 2111 5275; x_wconf 74' lang='grc'><strong>45.</strong></span> 
     </span>
    </p>
   </div>
   <div class='ocr_carea' id='block_1_106' title="bbox 2172 4395 3739 4456">
    <p class='ocr_par' dir='ltr' id='par_1_106' title="bbox 2172 4395 3739 4456">
     <span class='ocr_line' id='line_1_108' title="bbox 2172 4395 3739 4456; baseline -0.004 -6"><span class='ocrx_word' id='word_1_827' title='bbox 2172 4398 2237 4450; x_wconf 87' lang='lat' dir='ltr'><strong>ad</strong></span> <span class='ocrx_word' id='word_1_828' title='bbox 2269 4397 2529 4450; x_wconf 90' lang='lat' dir='ltr'><strong>vomitum</strong></span> <span class='ocrx_word' id='word_1_829' title='bbox 2561 4404 2830 4456; x_wconf 85' lang='lat' dir='ltr'><strong>nostrum,</strong></span> <span class='ocrx_word' id='word_1_830' title='bbox 2875 4405 2930 4450; x_wconf 86' lang='lat' dir='ltr'><strong>et</strong></span> <span class='ocrx_word' id='word_1_831' title='bbox 2958 4396 3090 4448; x_wconf 85' lang='lat' dir='ltr'><strong>fiant</strong></span> <span class='ocrx_word' id='word_1_832' title='bbox 3123 4412 3143 4445; x_wconf 70' lang='grc' dir='ltr'><strong><em>ι</em></strong></span> <span class='ocrx_word' id='word_1_833' title='bbox 3179 4395 3426 4448; x_wconf 88' lang='lat' dir='ltr'><strong>hominis</strong></span> <span class='ocrx_word' id='word_1_834' title='bbox 3460 4395 3599 4448; x_wconf 87' lang='lat' dir='ltr'><strong>illius</strong></span> <span class='ocrx_word' id='word_1_835' title='bbox 3622 4412 3640 4444; x_wconf 73' lang='grc' dir='ltr'>ι</span> <span class='ocrx_word' id='word_1_836' title='bbox 3667 4395 3739 4445; x_wconf 78' lang='lat' dir='ltr'><strong>cui</strong></span> 
     </span>
    </p>
   </div>
   <div class='ocr_carea' id='block_1_107' title="bbox 2174 4486 3736 4556">
    <p class='ocr_par' dir='ltr' id='par_1_107' title="bbox 2174 4486 3736 4556">
     <span class='ocr_line' id='line_1_109' title="bbox 2174 4486 3736 4556; baseline -0.006 -13"><span class='ocrx_word' id='word_1_837' title='bbox 2174 4492 2278 4544; x_wconf 93' lang='lat' dir='ltr'><strong>hoc</strong></span> <span class='ocrx_word' id='word_1_838' title='bbox 2327 4489 2627 4554; x_wconf 80' lang='lat' dir='ltr'><strong>acciderit,</strong></span> <span class='ocrx_word' id='word_1_839' title='bbox 2687 4504 2709 4539; x_wconf 73' lang='grc' dir='ltr'>ι</span> <span class='ocrx_word' id='word_1_840' title='bbox 2739 4487 3035 4543; x_wconf 88' lang='lat' dir='ltr'><strong>novissima</strong></span> <span class='ocrx_word' id='word_1_841' title='bbox 3087 4486 3274 4556; x_wconf 89' lang='lat' dir='ltr'><strong>pejora</strong></span> <span class='ocrx_word' id='word_1_842' title='bbox 3319 4488 3600 4556; x_wconf 85' lang='lat' dir='ltr'><strong>prioribus</strong></span> <span class='ocrx_word' id='word_1_843' title='bbox 3633 4487 3693 4535; x_wconf 83' lang='grc'><strong>’³.</strong></span> <span class='ocrx_word' id='word_1_844' title='bbox 3721 4505 3736 4534; x_wconf 78' lang='grc' dir='ltr'><strong><em>ι</em></strong></span> 
     </span>
    </p>
   </div>
   <div class='ocr_carea' id='block_1_108' title="bbox 2171 4573 3741 4647">
    <p class='ocr_par' dir='ltr' id='par_1_108' title="bbox 2171 4573 3741 4647">
     <span class='ocr_line' id='line_1_110' title="bbox 2171 4573 3741 4647; baseline -0.006 -14"><span class='ocrx_word' id='word_1_845' title='bbox 2171 4579 2287 4633; x_wconf 90' lang='lat' dir='ltr'><strong>lloc</strong></span> <span class='ocrx_word' id='word_1_846' title='bbox 2322 4588 2441 4633; x_wconf 88' lang='lat' dir='ltr'><strong>erat</strong></span> <span class='ocrx_word' id='word_1_847' title='bbox 2471 4577 2613 4647; x_wconf 87' lang='lat' dir='ltr'><strong>quod</strong></span> <span class='ocrx_word' id='word_1_848' title='bbox 2652 4584 2707 4632; x_wconf 92' lang='lat' dir='ltr'><strong>et</strong></span> <span class='ocrx_word' id='word_1_849' title='bbox 2752 4575 3025 4645; x_wconf 87' lang='lat' dir='ltr'><strong>Pr0pheta</strong></span> <span class='ocrx_word' id='word_1_850' title='bbox 3059 4574 3414 4645; x_wconf 78' lang='lat' dir='ltr'><strong>prospiciens</strong></span> <span class='ocrx_word' id='word_1_851' title='bbox 3455 4577 3509 4628; x_wconf 92' lang='lat' dir='ltr'><strong>in</strong></span> <span class='ocrx_word' id='word_1_852' title='bbox 3542 4573 3741 4628; x_wconf 75' lang='lat' dir='ltr'><strong>Psalmis</strong></span> 
     </span>
    </p>
   </div>
   <div class='ocr_carea' id='block_1_109' title="bbox 2172 4666 3741 4741">
    <p class='ocr_par' dir='ltr' id='par_1_109' title="bbox 2172 4666 3741 4741">
     <span class='ocr_line' id='line_1_111' title="bbox 2172 4666 3741 4741; baseline -0.007 -16"><span class='ocrx_word' id='word_1_853' title='bbox 2172 4679 2470 4741; x_wconf 66' lang='lat' dir='ltr'><strong>praemonet</strong></span> <span class='ocrx_word' id='word_1_854' title='bbox 2501 4669 2689 4725; x_wconf 88' lang='lat' dir='ltr'><strong>dicens</strong></span> <span class='ocrx_word' id='word_1_855' title='bbox 2726 4669 2811 4723; x_wconf 67' lang='grc' dir='ltr'><strong>’δε</strong></span> <span class='ocrx_word' id='word_1_856' title='bbox 2869 4687 2889 4722; x_wconf 72' lang='grc' dir='ltr'>ί</span> <span class='ocrx_word' id='word_1_857' title='bbox 2925 4668 3126 4722; x_wconf 88' lang='lat' dir='ltr'><strong>Beatus</strong></span> <span class='ocrx_word' id='word_1_858' title='bbox 3170 4668 3262 4736; x_wconf 92' lang='lat' dir='ltr'><strong>qui</strong></span> <span class='ocrx_word' id='word_1_859' title='bbox 3308 4676 3466 4722; x_wconf 87' lang='lat' dir='ltr'><strong>tenet</strong></span> <span class='ocrx_word' id='word_1_860' title='bbox 3495 4675 3551 4720; x_wconf 88' lang='lat' dir='ltr'><strong>et</strong></span> <span class='ocrx_word' id='word_1_861' title='bbox 3590 4666 3741 4718; x_wconf 78' lang='lat' dir='ltr'><strong>allidit</strong></span> 
     </span>
    </p>
   </div>
   <div class='ocr_carea' id='block_1_110' title="bbox 2174 4754 3739 4831">
    <p class='ocr_par' dir='ltr' id='par_1_110' title="bbox 2174 4754 3739 4831">
     <span class='ocr_line' id='line_1_112' title="bbox 2174 4754 3739 4831; baseline -0.008 -16"><span class='ocrx_word' id='word_1_862' title='bbox 2174 4761 2428 4831; x_wconf 86' lang='lat' dir='ltr'><strong>parvulos</strong></span> <span class='ocrx_word' id='word_1_863' title='bbox 2465 4769 2588 4815; x_wconf 91' lang='lat' dir='ltr'><strong>tuos</strong></span> <span class='ocrx_word' id='word_1_864' title='bbox 2615 4760 2682 4815; x_wconf 86' lang='lat' dir='ltr'><strong>ad</strong></span> <span class='ocrx_word' id='word_1_865' title='bbox 2712 4769 2958 4828; x_wconf 87' lang='lat' dir='ltr'><strong>petram;</strong></span> <span class='ocrx_word' id='word_1_866' title='bbox 2998 4777 3016 4808; x_wconf 74' lang='grc' dir='ltr'><strong><em>ι</em></strong></span> <span class='ocrx_word' id='word_1_867' title='bbox 3056 4754 3357 4826; x_wconf 84' lang='lat' dir='ltr'><strong>Babylonis</strong></span> <span class='ocrx_word' id='word_1_868' title='bbox 3394 4755 3602 4810; x_wconf 83' lang='lat' dir='ltr'><strong>scilicet</strong></span> <span class='ocrx_word' id='word_1_869' title='bbox 3631 4768 3739 4821; x_wconf 78' lang='lat' dir='ltr'><strong>par-</strong></span> 
     </span>
    </p>
   </div>
   <div class='ocr_carea' id='block_1_111' title="bbox 2173 4849 3741 4921">
    <p class='ocr_par' dir='ltr' id='par_1_111' title="bbox 2173 4849 3741 4921">
     <span class='ocr_line' id='line_1_113' title="bbox 2173 4849 3741 4921; baseline -0.004 -17"><span class='ocrx_word' id='word_1_870' title='bbox 2173 4851 2348 4917; x_wconf 85' lang='lat' dir='ltr'><strong>vulos,</strong></span> <span class='ocrx_word' id='word_1_871' title='bbox 2386 4852 2476 4921; x_wconf 91' lang='lat' dir='ltr'><strong>qui</strong></span> <span class='ocrx_word' id='word_1_872' title='bbox 2513 4853 2646 4906; x_wconf 91' lang='lat' dir='ltr'><strong>nulli</strong></span> <span class='ocrx_word' id='word_1_873' title='bbox 2681 4852 2773 4906; x_wconf 90' lang='lat' dir='ltr'><strong>alii</strong></span> <span class='ocrx_word' id='word_1_874' title='bbox 2812 4850 3212 4920; x_wconf 86' lang='lat' dir='ltr'><strong>intelliguntur,</strong></span> <span class='ocrx_word' id='word_1_875' title='bbox 3255 4849 3363 4905; x_wconf 88' lang='lat' dir='ltr'><strong>nisi</strong></span> <span class='ocrx_word' id='word_1_876' title='bbox 3407 4849 3741 4919; x_wconf 56' lang='lat' dir='ltr'><strong>cogitationis</strong></span> 
     </span>
    </p>
   </div>
   <div class='ocr_carea' id='block_1_112' title="bbox 2176 4943 3737 5015">
    <p class='ocr_par' dir='ltr' id='par_1_112' title="bbox 2176 4943 3737 5015">
     <span class='ocr_line' id='line_1_114' title="bbox 2176 4943 3737 5015; baseline -0.004 -16"><span class='ocrx_word' id='word_1_877' title='bbox 2176 4946 2330 4999; x_wconf 70' lang='lat' dir='ltr'><strong>malae</strong></span> <span class='ocrx_word' id='word_1_878' title='bbox 2361 4961 2484 5015; x_wconf 75' lang='lat' dir='ltr'><strong>qua:</strong></span> <span class='ocrx_word' id='word_1_879' title='bbox 2512 4959 2609 4999; x_wconf 91' lang='lat' dir='ltr'><strong>cor</strong></span> <span class='ocrx_word' id='word_1_880' title='bbox 2653 4954 2898 4999; x_wconf 90' lang='lat' dir='ltr'><strong>nostrum</strong></span> <span class='ocrx_word' id='word_1_881' title='bbox 2926 4943 3269 4999; x_wconf 90' lang='lat' dir='ltr'><strong>confundunt</strong></span> <span class='ocrx_word' id='word_1_882' title='bbox 3306 4952 3364 4998; x_wconf 83' lang='lat' dir='ltr'><strong>et</strong></span> <span class='ocrx_word' id='word_1_883' title='bbox 3411 4944 3737 4998; x_wconf 75' lang='lat' dir='ltr'><strong>conturbant.</strong></span> 
     </span>
    </p>
   </div>
   <div class='ocr_carea' id='block_1_113' title="bbox 2176 5038 3740 5112">
    <p class='ocr_par' dir='ltr' id='par_1_113' title="bbox 2176 5038 3740 5112">
     <span class='ocr_line' id='line_1_115' title="bbox 2176 5038 3740 5112; baseline -0.003 -17"><span class='ocrx_word' id='word_1_884' title='bbox 2176 5042 2290 5095; x_wconf 85' lang='lat' dir='ltr'><strong>Hoc</strong></span> <span class='ocrx_word' id='word_1_885' title='bbox 2326 5041 2475 5094; x_wconf 91' lang='lat' dir='ltr'><strong>enim</strong></span> <span class='ocrx_word' id='word_1_886' title='bbox 2507 5041 2896 5108; x_wconf 86' lang='lat' dir='ltr'><strong>interpretatur</strong></span> <span class='ocrx_word' id='word_1_887' title='bbox 2939 5039 3174 5112; x_wconf 86' lang='lat' dir='ltr'><strong>Babylon</strong></span> <span class='ocrx_word' id='word_1_888' title='bbox 3207 5040 3346 5112; x_wconf 72' lang='lat'><strong>(83).</strong></span> <span class='ocrx_word' id='word_1_889' title='bbox 3379 5040 3512 5107; x_wconf 70' lang='grc' dir='ltr'><strong>ρυω</strong></span> <span class='ocrx_word' id='word_1_890' title='bbox 3545 5038 3740 5106; x_wconf 59' lang='lat' dir='ltr'><strong>cogi!!-</strong></span> 
     </span>
    </p>
   </div>
   <div class='ocr_carea' id='block_1_114' title="bbox 2219 5147 3736 5211">
    <p class='ocr_par' dir='ltr' id='par_1_114' title="bbox 2219 5147 3736 5211">
     <span class='ocr_line' id='line_1_116' title="bbox 2219 5147 3736 5211; baseline -0.005 -6"><span class='ocrx_word' id='word_1_891' title='bbox 2219 5149 2265 5180; x_wconf 81' lang='grc'><strong>⁸⁸</strong></span> <span class='ocrx_word' id='word_1_892' title='bbox 2297 5150 2427 5204; x_wconf 86' lang='lat' dir='ltr'><strong>Luc.</strong></span> <span class='ocrx_word' id='word_1_893' title='bbox 2454 5165 2556 5211; x_wconf 83' lang='grc' dir='ltr'>χιι,</span> <span class='ocrx_word' id='word_1_894' title='bbox 2579 5150 2670 5204; x_wconf 68' lang='lat'><strong>49.</strong></span> <span class='ocrx_word' id='word_1_895' title='bbox 2767 5151 2812 5181; x_wconf 80' lang='lat'><strong>&quot;°</strong></span> <span class='ocrx_word' id='word_1_896' title='bbox 2841 5150 3127 5211; x_wconf 79' lang='lat' dir='ltr'><strong>Luc.xxtv,</strong></span> <span class='ocrx_word' id='word_1_897' title='bbox 3163 5150 3252 5204; x_wconf 74' lang='lat'><strong>&#39;52.</strong></span> <span class='ocrx_word' id='word_1_898' title='bbox 3358 5151 3408 5183; x_wconf 76' lang='lat'><strong>”</strong></span> <span class='ocrx_word' id='word_1_899' title='bbox 3444 5149 3551 5204; x_wconf 84' lang='lat' dir='ltr'><strong>Jos.</strong></span> <span class='ocrx_word' id='word_1_900' title='bbox 3577 5163 3657 5210; x_wconf 83' lang='grc' dir='ltr'><strong>χι,</strong></span> <span class='ocrx_word' id='word_1_901' title='bbox 3689 5147 3736 5197; x_wconf 75' lang='lat' dir='ltr'><strong>ti.</strong></span> 
     </span>
    </p>
   </div>
   <div class='ocr_carea' id='block_1_115' title="bbox 2189 5220 2743 5287">
    <p class='ocr_par' dir='ltr' id='par_1_115' title="bbox 2189 5220 2743 5287">
     <span class='ocr_line' id='line_1_117' title="bbox 2189 5220 2743 5287; baseline 0.002 -12"><span class='ocrx_word' id='word_1_902' title='bbox 2189 5220 2237 5253; x_wconf 65' lang='lat'><strong>9‘</strong></span> <span class='ocrx_word' id='word_1_903' title='bbox 2263 5220 2408 5275; x_wconf 92' lang='lat' dir='ltr'><strong>Psal.</strong></span> <span class='ocrx_word' id='word_1_904' title='bbox 2435 5235 2661 5287; x_wconf 79' lang='lat' dir='ltr'><strong>cxxxvr,</strong></span> <span class='ocrx_word' id='word_1_905' title='bbox 2689 5220 2743 5276; x_wconf 89' lang='lat'><strong>9.</strong></span> 
     </span>
    </p>
   </div>
   <div class='ocr_carea' id='block_1_116' title="bbox 2193 5331 3734 5418">
    <p class='ocr_par' dir='ltr' id='par_1_116' title="bbox 2193 5331 3734 5418">
     <span class='ocr_line' id='line_1_118' title="bbox 2193 5331 3734 5418; baseline -0.003 -29"><span class='ocrx_word' id='word_1_906' title='bbox 2193 5407 2203 5418; x_wconf 36' lang='lat'><em>.</em></span> <span class='ocrx_word' id='word_1_907' title='bbox 2255 5335 2368 5418; x_wconf 78' lang='lat'><strong>(8&#39;5)</strong></span> <span class='ocrx_word' id='word_1_908' title='bbox 2397 5334 2527 5392; x_wconf 79' lang='lat' dir='ltr'><strong>Mss.</strong></span> <span class='ocrx_word' id='word_1_909' title='bbox 2551 5397 2556 5404; x_wconf 46' lang='grc'><em>,</em></span> <span class='ocrx_word' id='word_1_910' title='bbox 2581 5353 2600 5386; x_wconf 74' lang='grc' dir='ltr'>ι</span> <span class='ocrx_word' id='word_1_911' title='bbox 2628 5335 2854 5407; x_wconf 88' lang='lat' dir='ltr'><strong>intelligi</strong></span> <span class='ocrx_word' id='word_1_912' title='bbox 2883 5337 3061 5390; x_wconf 87' lang='lat' dir='ltr'><strong>datur.</strong></span> <span class='ocrx_word' id='word_1_913' title='bbox 3101 5356 3119 5386; x_wconf 70' lang='grc' dir='ltr'><strong><em>ι</em></strong></span> <span class='ocrx_word' id='word_1_914' title='bbox 3151 5334 3312 5391; x_wconf 88' lang='lat' dir='ltr'><strong>Libb.</strong></span> <span class='ocrx_word' id='word_1_915' title='bbox 3351 5336 3504 5402; x_wconf 86' lang='lat' dir='ltr'><strong>editi,</strong></span> <span class='ocrx_word' id='word_1_916' title='bbox 3537 5352 3556 5386; x_wconf 85' lang='grc'><strong><em>‹</em></strong></span> <span class='ocrx_word' id='word_1_917' title='bbox 3580 5331 3734 5386; x_wconf 79' lang='lat' dir='ltr'><strong>inte!-</strong></span> 
     </span>
    </p>
   </div>
   <div class='ocr_carea' id='block_1_117' title="bbox 2171 5405 3733 5548">
    <p class='ocr_par' dir='ltr' id='par_1_117' title="bbox 2171 5405 3733 5548">
     <span class='ocr_line' id='line_1_119' title="bbox 2171 5405 3733 5548; baseline -0.003 -18"><span class='ocrx_word' id='word_1_918' title='bbox 2415 5425 2572 5530; x_wconf 56' lang='lat' dir='ltr'><strong>Libb.</strong></span> <span class='ocrx_word' id='word_1_919' title='bbox 2625 5478 2776 5540; x_wconf 90' lang='lat' dir='ltr'><strong>editi,</strong></span> <span class='ocrx_word' id='word_1_920' title='bbox 2826 5496 2844 5528; x_wconf 86' lang='grc'><strong>‹</strong></span> <span class='ocrx_word' id='word_1_921' title='bbox 2892 5478 3006 5534; x_wconf 88' lang='lat' dir='ltr'><strong>fieri</strong></span> <span class='ocrx_word' id='word_1_922' title='bbox 3056 5473 3733 5548; x_wconf 80' lang='lat' dir='ltr'><strong>permittamus_iufrenes,</strong></span> 
     </span>
    </p>
   </div>
   <div class='ocr_carea' id='block_1_118' title="bbox 2173 5546 3734 5618">
    <p class='ocr_par' dir='ltr' id='par_1_118' title="bbox 2173 5546 3734 5618">
     <span class='ocr_line' id='line_1_120' title="bbox 2173 5546 3734 5618; baseline 0.001 -18"><span class='ocrx_word' id='word_1_923' title='bbox 2173 5546 2273 5602; x_wconf 81' lang='lat' dir='ltr'><strong>nec</strong></span> <span class='ocrx_word' id='word_1_924' title='bbox 2305 5546 2645 5601; x_wconf 66' lang='lat' dir='ltr'><strong>abstinentia:</strong></span> <span class='ocrx_word' id='word_1_925' title='bbox 2666 5548 2793 5618; x_wconf 82' lang='lat' dir='ltr'><strong>jngo</strong></span> <span class='ocrx_word' id='word_1_926' title='bbox 2827 5546 3103 5603; x_wconf 83' lang='lat' dir='ltr'><strong>lasciviam</strong></span> <span class='ocrx_word' id='word_1_927' title='bbox 3135 5550 3342 5602; x_wconf 85' lang='lat' dir='ltr'><strong>carnis.</strong></span> <span class='ocrx_word' id='word_1_928' title='bbox 3379 5565 3400 5595; x_wconf 75' lang='grc' dir='ltr'><strong>ι</strong></span> <span class='ocrx_word' id='word_1_929' title='bbox 3447 5546 3542 5601; x_wconf 78' lang='lat' dir='ltr'><strong>Sed</strong></span> <span class='ocrx_word' id='word_1_930' title='bbox 3568 5547 3734 5599; x_wconf 63' lang='grc' dir='ltr'><strong>ωδεχ</strong></span> 
     </span>
    </p>
   </div>
   <div class='ocr_carea' id='block_1_119' title="bbox 2175 5618 3249 5684">
    <p class='ocr_par' dir='ltr' id='par_1_119' title="bbox 2175 5618 3249 5684">
     <span class='ocr_line' id='line_1_121' title="bbox 2175 5618 3249 5684; baseline 0 -12"><span class='ocrx_word' id='word_1_931' title='bbox 2175 5618 2662 5684; x_wconf 75' lang='lat' dir='ltr'><strong>Sangermauensis</strong></span> <span class='ocrx_word' id='word_1_932' title='bbox 2695 5632 2749 5672; x_wconf 89' lang='lat' dir='ltr'><strong>ut</strong></span> <span class='ocrx_word' id='word_1_933' title='bbox 2779 5621 2828 5672; x_wconf 92' lang='lat' dir='ltr'><strong>in</strong></span> <span class='ocrx_word' id='word_1_934' title='bbox 2858 5630 3047 5674; x_wconf 82' lang='lat' dir='ltr'><strong>nostro</strong></span> <span class='ocrx_word' id='word_1_935' title='bbox 3076 5629 3249 5674; x_wconf 63' lang='lat' dir='ltr'><strong>testu.</strong></span> 
     </span>
    </p>
   </div>
   <div class='ocr_carea' id='block_1_120' title="bbox 2247 5683 3724 5758">
    <p class='ocr_par' dir='ltr' id='par_1_120' title="bbox 2247 5683 3724 5758">
     <span class='ocr_line' id='line_1_122' title="bbox 2247 5683 3724 5758; baseline -0.003 -18"><span class='ocrx_word' id='word_1_936' title='bbox 2247 5683 2360 5758; x_wconf 75' lang='lat'><strong>(85)</strong></span> <span class='ocrx_word' id='word_1_937' title='bbox 2402 5687 2515 5741; x_wconf 79' lang='lat' dir='ltr'><strong>[Ioc</strong></span> <span class='ocrx_word' id='word_1_938' title='bbox 2569 5691 2707 5742; x_wconf 84' lang='lat' dir='ltr'><strong>enim</strong></span> <span class='ocrx_word' id='word_1_939' title='bbox 2757 5683 3724 5758; x_wconf 51' lang='lat' dir='ltr'><strong>interpretaturBnbylonnConfusiot</strong></span> 
     </span>
    </p>
   </div>
   <div class='ocr_carea' id='block_1_121' title="bbox 2165 5766 3400 5852">
    <p class='ocr_par' dir='ltr' id='par_1_121' title="bbox 2165 5766 3400 5852">
     <span class='ocr_line' id='line_1_123' title="bbox 2165 5766 3400 5852; baseline -0.001 -18"><span class='ocrx_word' id='word_1_940' title='bbox 2165 5780 2402 5852; x_wconf 83' lang='lat' dir='ltr'><strong>Babylon</strong></span> <span class='ocrx_word' id='word_1_941' title='bbox 2433 5783 2823 5851; x_wconf 85' lang='lat' dir='ltr'><strong>interpretatur</strong></span> <span class='ocrx_word' id='word_1_942' title='bbox 2853 5799 2880 5836; x_wconf 89' lang='lat' dir='ltr'><strong>a</strong></span> <span class='ocrx_word' id='word_1_943' title='bbox 2914 5766 3016 5843; x_wconf 66' lang='lat' dir='ltr'><strong>l)‘m</strong></span> <span class='ocrx_word' id='word_1_944' title='bbox 3042 5803 3059 5835; x_wconf 85' lang='grc'><strong>‹</strong></span> <span class='ocrx_word' id='word_1_945' title='bbox 3091 5784 3346 5839; x_wconf 83' lang='lat' dir='ltr'><strong>confudit.</strong></span> <span class='ocrx_word' id='word_1_946' title='bbox 3381 5803 3400 5833; x_wconf 75' lang='grc' dir='ltr'><strong><em>ι</em></strong></span> 
     </span>
    </p>
   </div>
   <div class='ocr_carea' id='block_1_122' title="bbox 2767 5150 3252 5217">
    <p class='ocr_par' dir='ltr' id='par_1_122' title="bbox 2767 5150 3252 5217">
     <span class='ocr_line' id='line_1_124' title="bbox 2767 5150 3252 5217; baseline 0 -13"><span class='ocrx_word' id='word_1_947' title='bbox 2767 5151 2812 5181; x_wconf 78' lang='grc'><strong>⁸⁹</strong></span> <span class='ocrx_word' id='word_1_948' title='bbox 2841 5150 3127 5217; x_wconf 78' lang='lat' dir='ltr'><strong>Luc.xx1v,</strong></span> <span class='ocrx_word' id='word_1_949' title='bbox 3163 5150 3252 5204; x_wconf 73' lang='lat'><strong>&#39;52.</strong></span> 
     </span>
    </p>
   </div>
  </div>
