3874 6522
113 339 205 400 901
1053 331 1122 386 IN
1161 330 1425 389 LIBRUM
1463 325 1626 388 JESU
1665 329 1856 389 NAVE
1889 325 2178 386 HOMILIA
2217 323 2336 384 XV.

3260 336 3368 394 902

119 461 279 516 tiones
307 454 433 510 dum
470 453 651 508 adhuc
697 452 935 521 parvulae
974 462 1122 518 sunt,
1158 461 1212 508 et
1261 453 1416 506 initia
1456 453 1678 516 habent,
1711 456 1759 514 Α
1785 449 1975 505 Potest
2006 454 2189 501 autem
2238 447 2403 501 etiam
2445 447 2512 501 de
2551 445 2671 516 ipso
2719 445 2950 505 Domino
2982 459 3037 506 et
3090 449 3378 510 Salvatora

115 547 349 607 tenendae
378 554 522 608 sunt,
549 555 602 598 et
631 545 911 598 allidendm
941 543 1004 597 ad
1032 553 1260 612 petram,
1288 545 1380 613 qui
1413 552 1496 598 est
1523 544 1685 598 Chri-

113 651 258 703 stus,
301 646 356 692 et
384 635 748 706 ipsojubeute
777 633 1086 705 jugulandae
1111 677 1124 701 ,
1162 644 1222 689 ut
1259 635 1394 688 nihil
1445 636 1497 688 in
1530 633 1685 689 nobis

112 732 341 791 resideat
369 734 512 799 quod
561 730 816 796 respiret.
851 725 1006 781 Sicut
1045 742 1177 798 ergo
1208 728 1280 782 ibi
1316 728 1533 782 beatum
1573 736 1681 792 est,

110 822 386 892 Babylonis
426 820 676 890 parvulos
722 828 926 884 tenere,
955 829 1008 874 et
1053 821 1275 876 allidere
1320 823 1385 877 ad
1433 832 1666 892 petram,

109 922 160 969 et
186 912 532 984 cogitationes
560 913 726 965 malas
755 912 932 965 statim
965 911 1018 964 in
1049 912 1213 966 initiis
1246 928 1439 967 necare
1476 931 1487 966 :
1516 913 1587 968 ita
1612 921 1667 969 et

111 1006 194 1059 hic
223 1005 437 1059 beatum
475 1003 878 1073 intelligendum
926 1012 1009 1055 est
1049 1010 1103 1056 et
1147 1004 1465 1070 perfectum.
1502 1005 1544 1058 si
1579 1005 1664 1058 ni-

109 1097 181 1151 hil
219 1096 552 1165 relinquatur
588 1095 640 1148 in
688 1094 842 1149 nobis
881 1094 1024 1163 quod
1066 1095 1232 1163 possit
1275 1097 1543 1165 gentiliter
1574 1112 1663 1151 re-

108 1189 324 1259 spirare.

168 1274 222 1329 4.
261 1292 282 1326 ι
309 1272 372 1329 Et
405 1289 626 1339 omnes,
665 1275 842 1346 inquit
886 1275 954 1343 ⁸⁸,
991 1288 1147 1346 reges
1177 1289 1363 1330 eorum
1404 1274 1681 1331 interfecit

98 1366 253 1424 Jesus
291 1368 343 1422 iu
393 1383 493 1423 ore
536 1368 721 1439 gladii.
754 1387 773 1420 ι
833 1367 890 1422 In
945 1368 1202 1422 omnibus
1234 1366 1390 1422 nobis
1427 1367 1680 1434 regnavit

99 1470 374 1530 peccatum
399 1500 414 1523 ,
438 1471 490 1514 et
521 1461 838 1515 inomnibus
869 1461 1024 1515 nobis
1054 1461 1180 1514 vitia
1207 1473 1592 1529 regnaverunt,
1625 1471 1680 1516 et

99 1553 265 1607 fuitin
284 1553 439 1609 nobis
457 1555 709 1608 omnibus
739 1568 968 1623 regnum.
997 1554 1252 1623 generale
1285 1555 1514 1622 peccati,
1539 1554 1679 1608 sicut

97 1653 150 1700 et
184 1647 482 1714 Apostolus
517 1645 651 1699 dicit
679 1646 760 1700 9°:
813 1663 832 1696 ι
859 1644 1060 1699 Omnes
1092 1645 1234 1698 enim
1268 1656 1677 1712 peccaverunt,

98 1747 151 1792 et
179 1748 338 1808 egent
383 1738 552 1806 gloria
605 1739 719 1792 Dei.
757 1756 776 1790 ι
821 1735 1207 1805 Unusquisque
1254 1745 1434 1792 tamen
1490 1739 1680 1792 habuit

1787 547 1980 595 nostro
2007 538 2145 603 dici,
2178 537 2303 606 quia
2338 552 2458 606 quae
2488 541 2749 608 praecepit
2789 541 3004 613 Moyses
3042 545 3092 598 in
3126 545 3263 616 lege.
3294 545 3376 600 fe-

1785 631 1862 687 cit
1897 628 2075 692 Jesus,
2110 637 2166 682 et
2197 641 2302 681 non
2334 637 2418 682 est
2461 635 2841 699 transgressus
2871 635 3201 705 quidquam:
3238 653 3378 706 quo-

1784 722 1932 775 niam
1963 721 2181 790 quidem
2214 719 2349 774 dicit
2377 721 2672 788 Aposmlus
2700 723 2742 785 ',
2774 725 2898 792 quia
2935 744 2954 776 ι
2981 742 3104 781 cum
3131 730 3371 784 venisset

1783 810 2062 880 plenitudo
2093 810 2356 878 temporis
2387 810 2498 881 (88)
2536 812 2681 866 misit
2709 813 2850 868 Deus
2878 816 3072 871 Filium
3105 834 3261 874 suum
3291 821 3374 876 fa‘

1785 910 1930 956 ctum
1962 915 2028 955 ex
2058 901 2308 966 muliere,
2345 901 2548 955 factum
2584 905 2686 959 sub
2717 903 2854 976 lege.
2888 927 2908 960 ι
2948 906 3005 962 Si
3035 925 3164 980 ergo
3197 914 3375 970 factus

1785 1005 1868 1051 est
1913 996 2013 1051 sub
2059 995 2213 1065 lege,
2244 1011 2367 1051 cum
2405 996 2506 1050 sub
2537 997 2654 1067 lege
2686 1009 2830 1055 esset
2869 1002 3005 1072 (89),
3041 1008 3220 1063 omnia
3255 1021 3376 1077 qua:

1780 1087 1868 1142 lex
1901 1089 2195 1144 mandabat
2231 1088 2494 1158 implevit,
2533 1099 2591 1144 ut
2621 1106 2721 1146 nos
2755 1094 3049 1150 redimeret
3079 1113 3107 1152 a
3143 1099 3373 1155 maledi-

1781 1188 1872 1235 cto
1901 1180 2056 1249 legis.
2087 1179 2194 1236 Sed
2229 1189 2285 1235 et
2323 1181 2435 1251 ipse
2463 1182 2527 1236 de
2557 1195 2616 1236 se
2649 1182 2780 1238 dicit
2809 1185 2851 1250 ³,
2883 1186 3016 1256 quia
3063 1206 3082 1240 ι
3115 1205 3222 1244 non
3251 1190 3375 1248 veni

1781 1270 1957 1343 legem
1982 1272 2215 1338 solvere,
2247 1274 2343 1328 sed
2373 1274 2695 1344 adimplere.
2732 1291 2752 1324 ι

1856 1364 1911 1419 5.
1950 1385 1968 1418 ι
1998 1365 2066 1422 Et
2101 1368 2345 1438 accepit,
2396 1367 2636 1437 inquit",
2671 1365 2830 1423 Jesus
2865 1383 3056 1426 omnes
3101 1373 3157 1426 in
3194 1373 3369 1441 bello,

1781 1459 1907 1528 quia
1958 1473 2055 1528 per
2100 1459 2388 1515 Dominum
2436 1460 2646 1515 factum
2698 1471 2785 1516 est
2842 1466 2902 1512 ut
2960 1459 3370 1519 confortaretur

1737 1572 1754 1580 -
1780 1549 1947 1620 434
1976 1565 2072 1604 cor
2105 1566 2317 1615 eorum,
2349 1559 2406 1606 et
2433 1564 2790 1608 occurrerent
2815 1555 2866 1607 in
2902 1555 3148 1624 praelium
3181 1567 3372 1613 contra

1782 1641 1973 1697 Israel.
2005 1661 2024 1694 ›
2068 1641 2184 1697 Non
2236 1644 2375 1699 dixit
2409 1646 2536 1714 quia
2591 1646 2805 1716 aliquos
2856 1649 3069 1717 accepit
3111 1647 3271 1704 Jesus
3315 1653 3372 1706 in

1785 1734 1924 1787 bello
1950 1775 1964 1800 ,
1998 1747 2051 1788 et
2077 1735 2290 1805 aliquos
2325 1751 2431 1791 non
2469 1737 2722 1806 accepit,
2763 1741 2858 1794 sed
2893 1755 3083 1796 omnes
3115 1743 3324 1813 accepit
3352 1779 3372 1810 ,

99 1834 150 1887 in
181 1847 241 1887 se
276 1832 508 1900 aliquem
533 1831 830 1901 specialem
862 1844 1066 1896 regem,
1101 1831 1191 1900 qui
1222 1831 1272 1882 in
1305 1844 1370 1883 eo
1399 1831 1677 1900 regnabat,
1716 1807 1756 1866 Β
1789 1825 1839 1878 id
1862 1836 1963 1886 est.
1995 1827 2140 1895 cepit
2166 1843 2379 1892 omnes,
2410 1829 2641 1897 peremit
2672 1845 2885 1886 omnes.
2918 1833 3128 1887 Etenim
3163 1807 3375 1904 spe—cies

94 1935 147 1979 et
176 1924 559 1979 dominabatur
588 1923 661 1978 ei.
699 1921 859 1977 Verbi
894 1935 1088 1986 causa,
1118 1921 1171 1974 in
1202 1921 1310 1974 alio
1345 1937 1569 1990 regnum
1604 1932 1686 1976 te-

95 2018 260 2070 nebat
292 2016 547 2080 avaritia,
579 2015 635 2068 in
663 2013 771 2068 alio
805 2015 1080 2084 superbia,
1113 2014 1166 2067 in
1199 2011 1310 2068 alio
1337 2013 1683 2068 mendacium

95 2111 398 2182 regnabat,
431 2111 484 2165 in
517 2109 624 2164 alio
671 2106 840 2162 libido
875 2106 1262 2162 dominabatur
1289 2147 1304 2170 ,
1339 2115 1394 2161 et
1428 2107 1568 2161 alius
1599 2123 1685 2162 re-

93 2220 208 2273 gem
243 2204 559 2272 patiebatur
587 2202 852 2258 furorem.
895 2200 1046 2267 Quod
1084 2209 1263 2254 autem
1303 2199 1419 2256 haec
1445 2199 1518 2254 ita
1552 2200 1681 2263 sint,

92 2308 143 2354 et
167 2299 218 2352 in
247 2313 578 2367 unoquoque
604 2307 848 2353 nostrum
881 2307 1071 2369 regnet
1098 2307 1404 2366 peccatum,
1433 2294 1682 2365 apostolo

92 2391 258 2447 Paulo
288 2393 449 2446 crede
487 2390 705 2445 dicenti.
736 2391 826 2444 Ait
859 2392 1000 2446 enim
1023 2392 1102 2446 ’7:
1141 2411 1158 2443 ι
1186 2390 1300 2444 Νοιι
1326 2403 1457 2460 ergo
1495 2396 1683 2458 regnet

89 2493 376 2554 peccatmn
404 2485 456 2537 in
485 2492 669 2537 vestro
699 2483 913 2538 mortali
945 2499 1176 2552 corpore
1213 2484 1279 2536 ad
1319 2481 1678 2536 obedientium

87 2580 155 2634 ei.
189 2598 209 2630 ι
259 2578 394 2631 Erat
421 2591 550 2647 ergo
589 2592 811 2646 regnum
864 2579 1068 2647 peccati
1114 2580 1164 2631 in
1211 2589 1534 2644 unoquoque
1581 2589 1681 2627 no-

86 2682 252 2725 Strum
276 2682 566 2739 antequam
599 2671 973 2728 crederemus.
999 2671 1192 2724 Postea
1225 2684 1354 2722 vero
1385 2682 1547 2736 quam
1585 2681 1679 2722 ve-

88 2763 164 2816 nit
191 2758 384 2827 Jesus,
411 2771 468 2816 et
506 2763 708 2818 occidit
741 2775 934 2817 omnes
977 2774 1162 2830 reges,
1193 2757 1283 2825 qui
1322 2758 1374 2810 in
1408 2754 1566 2810 nobis
1597 2762 1678 2808 te-

87 2855 297 2910 nebant
335 2871 500 2926 regna
540 2856 792 2925 peccati,
844 2852 1104 2924 przcccpit
1150 2849 1309 2904 nobis
1367 2848 1678 2902 interficere

86 2968 279 3009 omnes
311 2953 450 3008 istos
483 2967 638 3023 reges
660 2992 675 3018 ,
714 2961 768 3006 et
795 2949 999 3004 nullum
1031 2965 1098 3004 ex
1148 2948 1229 3002 eis
1259 2945 1584 3015 relinquere.
1617 2943 1677 3000 Si

87 3047 204 3115 quis
234 3046 394 3100 enim
445 3045 684 3114 aliquem
717 3045 909 3098 borum
948 3044 998 3096 in
1047 3041 1341 3110 semetipso
1378 3040 1679 3095 servaverit

1787 1916 1994 1984 peccati
2034 1919 2285 1988 purgavit
2319 1919 2582 1975 Dominus
2613 1921 2791 1988 Jesus,
2830 1939 3128 1995 omnesque
3162 1929 3375 1982 destru-

1786 2008 1886 2062 xit.
1919 2009 2112 2064 Cuncti
2143 2027 2378 2082 namque
2422 2029 2443 2064 ι
2477 2029 2697 2070 eramus
2724 2016 2986 2072 insensati
3012 2059 3027 2081 ,
3059 2019 3324 2074 increduli
3352 2060 3369 2086 ,

1784 2114 2052 2170 errantes,
2089 2105 2394 2161 servientes
2435 2106 2722 2164 desideriis
2754 2111 2942 2176 variis,
2976 2111 3030 2165 in
3067 2113 3274 2167 malitia
3315 2121 3373 2169 et

1786 2200 1985 2254 invidia
2022 2211 2281 2271 agentes,
2313 2201 2542 2256 odibiles
2567 2241 2582 2267 ,
2615 2203 2863 2260 odientes
2906 2204 3138 2260 invicem
3170 2206 3216 2272 ⁸,
3250 2225 3269 2259 ι
3313 2213 3373 2263 et

1783 2309 1946 2349 omne
1974 2295 2341 2365 quodcunque
2372 2294 2500 2349 illud
2531 2304 2614 2351 eSt
2647 2297 2854 2366 peccati
2888 2312 3079 2367 genus,
3110 2299 3253 2367 quod
3284 2299 3369 2352 in-

1783 2385 2000 2440 venitur
2031 2385 2083 2439 in
2111 2386 2425 2440 hominibus
2459 2395 2752 2456 antequam
2781 2391 3030 2444 credant.
3065 2389 3209 2444 Bene
3235 2405 3371 2461 ergo

1782 2475 1938 2540 dicit,
1969 2476 2097 2546 quia
2130 2489 2318 2530 omnes
2343 2475 2546 2530 occidit
2569 2475 2727 2531 Jesus
2754 2477 2846 2546 qui
2877 2478 3132 2534 exierunt
3157 2481 3224 2533 ad
3256 2479 3372 2534 bel-

1782 2567 1913 2621 lum.
1953 2566 2106 2621 Nulla
2140 2568 2285 2622 enim
2319 2568 2529 2638 species
2564 2569 2773 2639 peccati
2807 2577 2954 2624 tanta
2985 2579 3089 2635 est,
3121 2586 3224 2640 qua
3259 2587 3364 2627 non

1779 2661 1852 2716 sit
1877 2661 2128 2730 superior
2154 2659 2336 2726 Jesus,
2368 2661 2459 2731 qui
2493 2672 2577 2716 est
2607 2659 2843 2717 Verbum
2873 2669 2929 2716 ct
2952 2663 3216 2733 sapientia
3246 2663 3368 2720 Dei.

1779 2753 1975 2810 Omnia
2004 2754 2148 2808 enim
2173 2762 2394 2823 superat
2419 2763 2474 2808 et
2500 2753 2692 2809 vincit.
2726 2753 2920 2810 Annon
2949 2755 3023 2809 ita
3067 2757 3368 2823 credimus,

1780 2846 1906 2914 quia
1933 2860 2096 2900 omne
2127 2861 2301 2916 genus
2331 2845 2536 2914 peccati
2568 2862 2690 2899 cum
2717 2847 2783 2900 ad
2812 2846 3048 2901 salutare
3086 2847 3362 2903 lavacrum

1779 2938 2027 2992 venimus
2064 2935 2364 2994 aufertur?
2399 2937 2510 2992 Hoc
2544 2937 2689 2992 enim
2735 2948 2789 2992 et
2839 2939 3117 3009 apostolus
3168 2941 3368 2998 Paulus

1780 3031 2070 3102 designat:
2109 3033 2200 3103 qui
2237 3047 2360 3087 cum
2390 3033 2641 3086 universa
2676 3041 3024 3100 peccatorum
3058 3048 3253 3103 genera
3288 3035 3372 3088 di-

85 3141 262 3195 vivum
305 3181 320 3209 ,
356 3140 410 3194 in
441 3140 686 3194 exercitu
721 3137 846 3192 Jesu
894 3151 1014 3192 esse
1041 3150 1148 3190 non
1185 3134 1405 3205 poterit.
1453 3135 1510 3187 Si
1547 3149 1676 3204 ergo
1703 3169 1745 3227 ρ
1783 3135 2142 3189 numerasset,
2187 3125 2338 3179 addit
2383 3133 2505 3194 post
2530 3124 2732 3188 omnia,
2764 3134 2816 3178 et
2855 3124 2986 3180 dicit
3016 3125 3072 3180 θε
3108 3143 3126 3174 ι
3158 3126 3220 3178 Et
3254 3126 3371 3181 haec

84 3243 280 3304 regnet
317 3233 496 3287 adhuc
525 3232 638 3303 (86)
692 3233 742 3286 in
778 3242 828 3286 te
880 3230 1110 3284 avaritia
1135 3268 1149 3292 ,
1205 3228 1248 3282 si
1279 3227 1540 3298 iactantia
1569 3267 1584 3292 ,
1627 3229 1674 3282 si

87 3327 373 3395 superbia,
406 3328 449 3381 si
485 3326 672 3391 libido,
708 3339 811 3378 non
848 3324 958 3378 eris
991 3321 1327 3376 Israeliticus
1359 3321 1538 3384 miles,
1573 3335 1674 3376 nec

88 3416 276 3488 imples
308 3425 644 3486 praereptum
695 3415 839 3485 quod
877 3415 1025 3470 dedit
1067 3413 1328 3467 Dominus
1366 3413 1432 3466 ad
1467 3410 1672 3466 Jcsum.

93 3529 111 3562 ι
136 3512 286 3564 Sicut
313 3509 640 3575 constituit,
675 3509 854 3578 inquit
883 3507 949 3571 ’3,
981 3507 1031 3562 ei
1073 3505 1288 3576 Moyses
1319 3519 1456 3575 puer
1489 3504 1676 3558 Domi-

91 3603 162 3657 ni.
199 3620 216 3653 ι
267 3601 374 3658 Ilic
421 3617 556 3671 puer
596 3601 806 3654 Domini
860 3599 1073 3669 Moyses
1102 3639 1116 3664 ,
1154 3611 1334 3653 sermo
1388 3596 1504 3664 ipse
1543 3595 1678 3662 legis

91 3696 422 3764 appellatur,
465 3695 606 3750 sicut
647 3704 703 3750 et
728 3695 778 3748 in
807 3693 1104 3764 Evangelia
1135 3691 1268 3746 dicit
1294 3689 1378 3742 πε
1419 3706 1437 3737 ι
1467 3687 1680 3742 llaheut

90 3787 308 3858 Moysen
367 3798 421 3842 et
471 3788 807 3858 prephetas,
865 3787 1088 3840 audiant
1143 3781 1282 3838 illos.
1320 3801 1338 3833 ι
1377 3780 1490 3834 Lex
1545 3793 1677 3847 ergo

89 3883 352 3952 praecepit
393 3883 549 3936 nobis
574 3881 880 3935 interficere
911 3892 1101 3933 omnes
1131 3891 1289 3946 reges
1323 3873 1552 3944 peccati,
1588 3872 1678 3942 qui

90 3989 187 4030 nos
224 3981 538 4045 provocant
588 3972 655 4028 ad
699 3981 1005 4042 peccatum.
1046 3989 1064 4022 ι
1101 3969 1194 4025 Sic
1234 3968 1362 4024 fecit
1393 3967 1551 4022 Jesus
1575 4008 1590 4034 ,
1626 3975 1680 4020 et

92 4083 196 4122 non
245 4076 336 4124 est
391 4076 766 4136 transgressus
813 4065 1111 4135 quidquam
1155 4063 1224 4116 ab
1275 4060 1527 4116 omnibus
1562 4073 1682 4128 quae

90 4161 381 4216 constituit
404 4160 454 4215 ei
490 4157 760 4230 Moyses‘.
797 4177 814 4210 ι
854 4157 1100 4212 Diximus
1118 4157 1338 4225 quidem
1382 4153 1678 4209 secundum

88 4253 329 4323 priorem
388 4251 745 4322 expositionis
781 4249 893 4319 (87)
932 4250 1211 4314 ordinem,
1262 4248 1387 4317 quia
1418 4260 1679 4316 quatenu-

89 4359 193 4414 que
218 4344 306 4397 lex
338 4343 457 4406 Dei,
485 4341 578 4410 qui
605 4356 750 4396 nunc
777 4339 990 4410 Moyses
1017 4338 1340 4407 appellatur,
1371 4331 1678 4396 constituit,

90 4436 278 4506 implet
309 4435 473 4490 Jesus
506 4435 558 4487 in
611 4435 804 4488 nobis:
844 4443 898 4486 et
934 4433 1049 4500 ipse
1081 4441 1164 4485 cst
1198 4433 1286 4500 qui
1325 4427 1594 4482 interimit
1625 4425 1678 4480 in

1781 3218 1996 3286 quidem
2029 3217 2230 3283 fuistis,
2261 3215 2356 3270 sed
2387 3214 2556 3269 abluti
2609 3214 2744 3267 estis
2767 3253 2782 3277 ,
2857 3211 2956 3268 sed
3037 3211 3367 3267 sanctificati

1786 3309 1943 3371 estis,
1973 3307 2377 3376 sedjustilicati
2414 3308 2548 3362 estis
2597 3305 2712 3378 (90)
2765 3306 2816 3359 in
2880 3305 3101 3360 nomine
3152 3305 3371 3363 Domini

1783 3399 1953 3454 nostri
1976 3396 2100 3453 Jesu
2136 3397 2363 3452 Christi.
2398 3415 2416 3448 ι
2446 3395 2559 3450 Hoc
2591 3411 2724 3466 ergo
2752 3396 2909 3450 modo
2937 3410 3126 3451 omnes
3155 3398 3370 3466 cepisse

1782 3491 1836 3545 in
1879 3491 2063 3560 prrclio
2097 3489 2300 3544 dicitur
2325 3527 2341 3553 ,
2385 3497 2441 3542 et
2470 3502 2663 3542 omnes
2695 3486 3024 3554 peremisse,
3060 3505 3078 3538 ι
3112 3487 3239 3556 quia
3273 3501 3371 3556 per

1783 3583 2064 3638 Dominum
2097 3581 2298 3636 factum
2329 3589 2412 3635 est
2459 3589 2513 3632 ut
2556 3578 2915 3633 invalesceret
2940 3593 3036 3632 cor
3064 3592 3274 3644 eorum,
3310 3588 3368 3636 et

1782 3681 2135 3731 occurrerent
2165 3672 2217 3726 in
2251 3670 2496 3742 praelium
2552 3678 2740 3724 contra
2779 3670 2982 3734 Israel,
3017 3680 3073 3723 ut
3106 3671 3370 3726 extermi-

1783 3777 2064 3824 narentur.
2105 3788 2123 3820 ι
2161 3766 2298 3821 Dum
2329 3765 2476 3820 enim
2515 3780 2635 3819 'non
2668 3763 2892 3819 veniunt
2920 3764 3160 3819 inimicae
3197 3764 3371 3823 virtu-

1786 3873 1864 3918 tes
1890 3903 1904 3926 ,
1949 3877 2073 3932 qua:
2105 3868 2326 3931 peccata
2377 3865 2675 3929 Operantur
2722 3858 2774 3911 in
2821 3858 3010 3923 nobis,
3047 3872 3145 3911 nec
3173 3872 3370 3927 provo-

1785 3965 1909 4011 cant
1940 3970 2038 4010 nos
2065 3955 2134 4008 ad
2172 3953 2526 4024 peccandum,
2561 3967 2661 4006 nec
2694 3951 2972 4005 lacessunt
3007 3950 3073 4004 ad
3101 3951 3371 4005 dimican-

1783 4052 1910 4104 dum
1932 4091 1947 4114 ,
1985 4047 2216 4102 interfici
2248 4062 2352 4101 non
2388 4055 2656 4116 possunt,
2688 4060 2786 4100 nec
2830 4044 3207 4099 exterminari.
3242 4042 3368 4098 Ideo

1784 4155 1912 4211 ergo
1947 4138 2089 4195 Deus
2119 4137 2318 4192 dicitur
2353 4137 2667 4206 permittere
2689 4176 2703 4201 ,
2739 4136 2848 4189 imo
2879 4143 2934 4190 et
2979 4135 3204 4189 incitare
3236 4147 3365 4203 pro-

1785 4231 2074 4302 pemodum
2107 4229 2452 4285 adversarias
2489 4229 2722 4282 virtutes
2749 4227 2902 4282 exire
2935 4227 3220 4280 adversum
3263 4238 3368 4280 nos

1784 4326 1838 4381 in
1878 4323 2124 4394 praelium
2155 4362 2171 4389 ,
2207 4330 2268 4376 ut
2297 4330 2352 4376 et
2386 4336 2483 4375 nos
2513 4319 2795 4374 victoriam
2835 4319 3137 4388 capiamus,
3171 4326 3226 4370 et
3262 4317 3369 4373 illa:

1786 4417 2068 4474 interitum
2102 4425 2526 4483 consequantur.
2564 4409 2719 4467 Unde
2748 4409 2880 4463 mihi
2908 4409 3120 4463 videtur
3137 4421 3256 4462 esse
3283 4406 3371 4460 iu-

93 4501 246 4587 nobis
276 4530 434 4593 vitia,
464 4537 519 4583 et
566 4528 904 4596 nequissima
958 4525 1164 4594 peccati
1200 4538 1362 4593 regna
1395 4517 1686 4576 subvertit.
1721 4515 1762 4569 D
1796 4511 2215 4582 tinitusquidam
2239 4504 2920 4562 numeruscontrariarum
2948 4503 3205 4557 virtutum
3230 4501 3367 4572 (9i),

157 4674 202 4708 ”
230 4672 352 4728 Jos.
391 4687 466 4733 XI,
511 4670 599 4724 12.
701 4670 747 4701 ⁹⁶
780 4667 932 4721 liom.
979 4683 1058 4733 ιιι,
1101 4667 1192 4720 ‘25.

158 4883 272 4956 (86)
331 4882 544 4936 Adhuc.
579 4880 740 4936 Deest
783 4879 838 4933 in
886 4877 1016 4932 libb.
1054 4874 1240 4944 editis,
1269 4872 1363 4930 sed
1411 4878 1590 4927 exstat
1620 4869 1674 4924 in

91 4973 222 5012 mss.

162 5048 278 5121 (87)
298 5047 552 5121 Uterque
595 5043 999 5121 Ebroicensis:_
1033 5059 1052 5093 ι
1083 5041 1327 5111 priorem
1373 5035 1676 5119 expositio-

93 5111 196 5177 nis'.
228 5111 268 5172 ι’
290 5111 820 5187 Sangérmanensis,
870 5132 889 5164 ι
922 5113 1160 5187 priorem
1198 5111 1621 5178 expositionum.
1654 5122 1673 5156 ι

93 5192 248 5245 Lihb.
282 5184 458 5254 editi',
496 5205 513 5238 ι
540 5188 736 5254 prioris
765 5184 1144 5255 expositionis.
1183 5200 1201 5231 ι

184 5285 278 5354 88)
318 5283 503 5354 Codex
531 5281 846 5354 Sangerm.,
886 5296 905 5328 ι
939 5283 1262 5354 temporum.
1298 5291 1316 5324 ι

184 5288 278 5354 88)
318 5288 503 5339 Codex
531 5288 846 5350 Sangerm.,
886 5296 905 5328 ι
939 5288 1262 5342 temporum.
1298 5291 1316 5324 ι

162 5288 282 5428 ξω)
313 5353 473 5408 Libb.
501 5353 664 5428 editi,
705 5367 724 5401 ι
757 5364 880 5404 cum
911 5348 1012 5401 sub
1039 5346 1156 5415 lege
1183 5358 1290 5398 non
1317 5347 1484 5396 esset.
1517 5358 1535 5392 ι
1569 5337 1678 5394 Sed

93 5424 224 5482 mss.
262 5424 284 5477 ι
315 5439 443 5479 cum
479 5424 576 5477 sub
612 5424 728 5491 lege
758 5428 927 5474 esset.
962 5435 982 5470 ι

165 5519 283 5591 (90)
339 5517 398 5573 ιιι
451 5532 553 5573 ms.
603 5515 895 5585 Sangerm.
960 5510 1114 5566 deest
1172 5525 1193 5559 ι
1243 5505 1337 5563 sed
1394 5501 1679 5573 iustificati

92 5600 467 5732 eSl(_I£§‘I)’Uude
496 5658 622 5732 mihi
659 5657 863 5732 videtur
901 5670 1010 5708 esse
1037 5649 1535 5732 inﬁnitus__qnidam
1582 5660 1680 5732 nug—

95 5717 278 5786 are-rus,
321 5731 714 5781 contrariarum
766 5728 1058 5787 virtutum,
1095 5717 1224 5776 'etc.
1284 5721 1435 5772 Ilunc
1501 5717 1678 5787 locum

97 5785 164 5857 es
219 5809 386 5858 uarte
427 5801 663 5859 imitatur
713 5785 1082 5852 llieronvmus
1132 5795 1198 5847 ad
1232 5789 1434 5846 llabac.
1471 5803 1556 5853 ιιι,
1588 5785 1676 5841 14.

1299 4665 1343 4696 ⁹⁷
1373 4665 1527 4716 Rom.
1558 4658 1758 4725 v1,12.

91 4746 111 4778 ⁹
135 4722 466 4809 cui},
517 4722 775 4795 ἶΜιιιιιι.
811 4755 860 4807 v,
901 4739 986 4791 l'l.
1045 4722 1083 4766 ’⁸
1112 4737 1224 4812 .les.
1270 4752 1344 4804 xl,
1378 4739 1463 4797 l8,
1500 4734 1587 4786 17.
1627 4722 1677 4761 ’⁸

1787 4733 1825 4780 ι.
1859 4738 1942 4791 ιιι,
1971 4722 2026 4776 5.

1867 4653 1911 4685 ³⁸
1939 4651 2054 4706 .Ios.
2088 4665 2166 4711 χι.
2208 4648 2291 4702 I2.
2401 4647 2444 4678 ’9
2472 4644 2603 4700 Luc.
2633 4658 2742 4710 1m,
2787 4641 2881 4698 29.
2985 4641 3000 4672 ί
3025 4639 3138 4696 Jos.
3172 4657 3250 4706 χι,
3275 4640 3363 4698 15.

2103 4720 2124 4752 ⁸
2157 4719 2329 4774 lCor.
2371 4732 2444 4785 vr,
2479 4716 2566 4769 11.

1783 4862 1928 4917 Idem
1957 4861 2222 4930 Origenes
2253 4858 2319 4913 ad
2353 4855 2577 4930 Joannis
2604 4869 2684 4930 ιιι,
2717 4852 2788 4919 49
2816 4870 2831 4908 :
2871 4869 2892 4904 ι
2923 4849 3187 4930 Convenit
3206 4849 3360 4919 juxta

1787 4921 2122 5001 Scripturavs,
2149 4940 2442 5001 peccantes
2463 4925 2830 5001 multafacere
2853 4933 3047 4992 praeter
3071 4921 3357 4986 rationem;

1791 4994 1997 5058 non'ob
2025 4994 2196 5065 aliud,
2229 4999 2329 5054 nisi
2360 5000 2484 5067 quia
2515 4997 2647 5051 facti
2681 4994 2882 5067 fuerint
2912 5007 3138 5067 capaces
3167 5007 3360 5067 Opera-

1791 5073 1956 5126 tionis
1973 5073 2096 5125 mali
2121 5062 2363 5140 spiritus,
2380 5062 2472 5122 "vel
2488 5067 2777 5140 voluntatis
2801 5063 3060 5140 immundi
3078 5062 3355 5115 dzrmonis.

1792 5141 1907 5195 Non
1939 5133 2256 5196 dubitarunt
2286 5137 2560 5209 igitur_vel
2586 5151 2652 5209 ea
2677 5150 2800 5203 qua:
2824 5133 3208 5209 existimantur
3239 5145 3359 5184 esse

1791 5210 1930 5265 levia
1964 5220 2187 5281 peccata
2221 5201 2510 5281 daemoniis
2532 5201 2772 5281 tribuere
2798 5244 2814 5269 ,
2865 5203 2938 5257 illi
2956 5201 3061 5281 _qui
3111 5201 3363 5281 dixerunt

1790 5272 2130 5353 repentinam
2162 5281 2322 5353 iram,
2351 5277 2714 5353 similiterque
2739 5273 3132 5353 detractionem
3157 5272 3362 5353 diente-

1787 5339 1936 5407 ninm
1982 5366 2122 5408 esse.
2171 5370 2191 5404 ι
2253 5339 2456 5418 Aperte
2507 5339 2745 5418 respicit
2775 5345 2841 5398 ad
2894 5341 3108 5418 Iiermm
3156 5339 3251 5393 lib.
3274 5353 3360 5418 _tt,

1785 5424 2042 5477 mandato
2063 5425 2119 5486 Ξ,
2150 5423 2238 5475 ubi
2271 5410 2842 5474 c'detractio'rdieitnr
2877 5415 3226 5486 «inconstans
3256 5410 3363 5463 dze~

1785 5495 2045 5548 monium.
2078 5482 2256 5545 {Item
2288 5491 2378 5546 lib.
2408 5503 2492 5550 Ill,
2521 5487 2685 5542 simil.
2711 5486 2764 5549 9,
2794 5499 2912 5551 cap.
2943 5482 3033 5546 22,
3058 5499 3078 5533 ι
3111 5493 3364 5549 magnum

1791 5564 2118 5618 daemonium
2154 5575 2257 5626 e51,
2287 5560 2512 5615 audaria
2549 5568 2604 5612 et
2633 5555 2955 5610 confidentia
2995 5551 3213 5626 inanis;
3250 5569 3270 5601 ι
3309 5557 3366 5605 et

1791 5652 1912 5704 cap.
1938 5635 2029 5700 25,
2063 5625 2298 5688 hortatio
2331 5633 2388 5684 lit
2419 5642 2475 5704 ut
2508 5648 2526 5680 ι
2565 5629 2632 5704 ab
2659 5628 2754 5704 ira:
2779 5625 3044 5704 daemonio
3073 5641 3090 5674 ι
3129 5635 3226 5704 nos
3259 5634 3364 5689 pu-

1790 5691 2086 5759 rilicemus.
2133 5704 2238 5758 Sed
2279 5713 2334 5756 et
2373 5700 2627 5774 scriptori
2664 5695 3122 5774 Recogniiionum,
3155 5691 3247 5747 lib.
3299 5706 3364 5758 tt,

1791 5791 1910 5847 cap.
1940 5776 2035 5845 25,
2077 5774 2382 5848 ignorantia
2411 5781 2494 5828 est
2524 5771 2731 5826 daemon
2763 5771 3056 5839 pessimus.
