3874 6490
498 291 610 351 905

1947 276 2082 338 ΟΜ(

2194 269 2276 334 {IS
3657 277 3738 333 9οι

502 421 601 478 pro
629 420 696 461 eo
731 405 873 476 quod
903 418 998 473 per
1030 401 1273 475 singulos
1301 416 1440 473 pene
1474 401 1726 457 homines
1759 407 1888 455 sunt
1914 395 2080 467 epiri-
2110 399 2154 454 Λ
2187 393 2494 450 exteriores
2551 390 2837 456 tenebras,
2881 390 2965 445 vel
3027 404 3136 459 quo
3189 386 3442 459 quisquis
3492 386 3577 442 ille
3627 389 3741 447 locus

505 497 808 566 tusaliqili,
837 497 1049 550 diversa
1083 495 1136 548 ill
1163 494 1228 549 iis
1262 503 1614 560 peccatorum
1642 507 1838 562 genera
1866 492 2089 548 molien-

507 600 604 648 tes.
639 590 798 645 Verbi
833 605 1021 653 causa,
1051 598 1138 642 est
1169 587 1370 656 aliquis
1414 585 1798 640 fornicationis
1831 585 2082 652 spiritus,

502 696 586 740 est
618 686 711 739 ira:
751 683 976 754 spiritus
1013 681 1192 736 alius:
1241 691 1325 735 est
1363 679 1607 733 avaritia:
1639 678 1863 746 spiritus
1887 716 1901 741 ,
1949 677 2090 732 alius

499 791 633 834 vero
664 775 952 845 superbiae.
990 776 1053 828 Et
1085 773 1129 829 si
1167 773 1383 828 eveniat
1423 771 1535 844 (92)
1568 786 1690 826 esse
1721 770 1956 839 aliquem
1993 771 2089 824 lio-

504 870 729 932 minem,
761 868 853 937 qui
889 869 973 923 his
1007 867 1264 921 omnibus
1299 864 1477 932 malis,
1519 873 1613 916 aut
1647 864 1811 917 etiam
1843 862 2089 932 pluribus

505 962 761 1038 agitetur,
793 974 987 1014 omnes
1020 959 1122 1013 llos
1143 997 1158 1023 ,
1184 959 1268 1014 vel
1293 957 1459 1013 etiam
1492 956 1674 1026 plures
1705 956 1756 1009 ill
1793 971 1854 1010 se
1890 955 2089 1010 habere

502 1050 752 1107 inimicos
778 1051 1052 1120 putandus
1092 1059 1175 1106 est
1203 1051 1457 1120 spiritus.
1489 1047 1643 1105 Unde
1675 1057 1732 1102 et
1768 1062 1865 1116 per
1897 1047 2089 1116 singu-

502 1143 584 1200 los
615 1150 797 1214 plures
825 1159 945 1198 esse
976 1142 1234 1198 credendi
1264 1151 1412 1208 sunt,
1441 1142 1568 1211 quia
1600 1155 1704 1194 non
1735 1138 1947 1209 singula
1977 1139 2088 1192 sin-

502 1237 610 1306 guli
645 1237 890 1292 homines
929 1235 1132 1290 habent
1168 1234 1320 1298 vitia,
1362 1235 1441 1289 vel
1474 1244 1693 1302 peccata
1719 1232 2084 1294 committunt,

502 1329 596 1384 sed
627 1327 778 1398 plura
809 1329 876 1382 ab
905 1343 1229 1396 unoquoque
1254 1328 1505 1381 videntur
1531 1327 1764 1380 admitti.
1798 1325 1863 1380 Et
1889 1326 2084 1380 iterum

503 1439 613 1479 non
650 1433 736 1478 est
765 1423 1061 1492 putandum
1093 1421 1236 1492 quod
1273 1435 1413 1475 unus
1443 1419 1827 1475 fornicationis
1861 1418 2086 1489 spiritus

499 1517 722 1573 seducat
749 1531 871 1570 eum
902 1515 1012 1584 qui,
1042 1515 1195 1568 verbi
1233 1515 1426 1582 gratia,
1470 1513 1521 1566 ill
1556 1512 1853 1567 Britanniis
1902 1511 2085 1567 forni-

497 1619 678 1673 catur,
710 1618 762 1662 et
794 1607 941 1661 illum
973 1605 1062 1674 qui
1098 1607 1148 1658 ili
1181 1604 1330 1658 India
1362 1645 1377 1668 ,
1409 1605 1491 1660 vel
1527 1607 1580 1660 ill
1625 1605 1748 1659 aliis
1780 1605 1892 1674 (95)
1927 1605 2082 1672 locis,

500 1715 677 1764 neque
709 1716 872 1753 unum
907 1713 1029 1753 esse
1065 1699 1161 1751 ira:
1197 1697 1495 1764 spiritum,
1527 1697 1618 1765 qui
1651 1696 1886 1751 diversis
1922 1698 1972 1749 in
2010 1696 2085 1749 lo-

498 1793 579 1846 cis
625 1792 870 1845 diversos
901 1789 1152 1844 homines
1186 1789 1356 1858 agitet
1384 1806 1397 1842 :
1446 1790 1541 1842 sed
1574 1800 1703 1859 puto
1736 1790 1906 1859 magis
1937 1791 2087 1859 pl‘Ill-
2117 1770 2159 1824 Β

501 1883 674 1951 cipenl
730 1881 945 1951 quidem
993 1881 1371 1935 lornicationis
1425 1881 1678 1949 spiritum
1715 1897 1879 1934 unum
1918 1897 2040 1936 esse
2067 1922 2082 1946 ,

500 1977 821 2030 innmneros
855 1991 985 2029 vero
1030 1991 1152 2030 esse
1183 1975 1274 2044 qui
1312 1976 1366 2030 in
1397 1976 1499 2030 hoc
1527 1974 1576 2030 ei
1605 1974 1783 2030 ollicio
1817 1985 2046 2044 pareant
2067 2015 2082 2037 ,

497 2081 551 2122 et
596 2085 692 2139 per
721 2069 968 2138 singulos
1017 2082 1266 2138 quosque
1315 2069 1566 2124 homines
1613 2069 1814 2124 diversi
1859 2069 2085 2138 Spiritus

497 2159 596 2212 sub
623 2175 688 2212 eo
713 2159 955 2227 principe
989 2159 1306 2222 militantes,
1336 2159 1404 2212 ad
1435 2157 1809 2226 hujuscemodi
1836 2173 1931 2214 eos
1960 2175 2084 2228 pec-

495 2257 613 2302 cata
673 2248 989 2304 sollicitent.
1041 2248 1312 2303 Similiter
1367 2257 1424 2300 et
1469 2247 1769 2302 iracundiae
1827 2248 2082 2316 spiritum

497 2340 797 2411 principem
857 2355 1025 2394 unum
1067 2354 1192 2394 esse
1250 2340 1536 2405 arbitror,
1585 2339 1902 2394 innumeros
1956 2354 2085 2394 vero

494 2445 616 2486 esse
646 2431 745 2485 sub
774 2431 888 2500 ipso
920 2442 1170 2500 agentes,
1199 2433 1289 2502 qui
1321 2447 1416 2502 per
1441 2432 1684 2502 singulos
1709 2448 1957 2502 quosque
1983 2432 2084 2486 llo-

499 2524 672 2578 lliities
711 2523 938 2591 hujusce
978 2523 1095 2577 vitii
1142 2533 1363 2592 peccata
1406 2524 1764 2579 succendant.
1815 2523 2084 2578 Similiter

496 2623 554 2669 et
584 2613 828 2668 avaritiae
864 2629 1030 2666 unum
1067 2628 1187 2668 esse
1228 2614 1553 2683 principem,
1597 2614 1677 2668 sic
1706 2625 1760 2668 et
1792 2615 2082 2682 superbiae,

497 2715 553 2761 et
580 2714 900 2761 caeterorum
929 2705 1216 2761 malorum.
1247 2707 1311 2761 Et
1346 2706 1468 2761 ideo
1497 2722 1604 2761 non
1637 2723 1778 2762 unus
1812 2709 2084 2777 principa-

500 2805 588 2853 tus
616 2799 814 2853 dicitur
840 2800 892 2852 ill
921 2798 1214 2853 contrariis
1246 2798 1542 2854 virtutibus
1580 2800 1650 2856 ab
1672 2801 1958 2870 Apostolo,
1987 2802 2082 2856 sed

499 2890 714 2961 plures,
759 2889 1048 2942 adversum
1089 2904 1227 2958 quos
1259 2903 1496 2957 pugnam
1532 2889 1634 2945 sibi
1673 2905 1796 2946 esse
1841 2900 1892 2944 et
1929 2891 2083 2946 nobis

503 2981 758 3035 omnibus
805 2981 1016 3036 scribit.
1054 2981 1186 3036 Esse
1232 2991 1412 3037 tamen
1450 2996 1574 3036 reor
1609 2982 1804 3036 borum
1833 2983 2080 3037 omnium

497 3072 612 3142 (94)
645 3073 987 3142 principem,
1021 3073 1172 3127 velut
1217 3072 1633 3128 eminentiorem
1684 3074 1977 3142 quemdam
2027 3076 2078 3128 iii

499 3166 740 3236 nequitia
771 3207 786 3232 ,
824 3177 880 3220 et
915 3168 968 3220 in
998 3166 1204 3221 scelere
1246 3167 1559 3230 celsiorem,
1595 3167 1687 3236 qui
1718 3176 1888 3220 totum
1924 3183 2081 3221 luun-

497 3263 648 3329 dunl,
681 3278 843 3332 quem
870 3262 958 3318 isti
1016 3263 1082 3317 ad
1122 3273 1344 3334 peccata
1371 3263 1569 3333 singuli
1597 3262 1799 3333 quique
1831 3277 1924 3332 per
1961 3277 2082 3333 pec-

495 3363 741 3410 catorum
784 3357 999 3425 species
1030 3372 1128 3427 pro
1161 3365 1315 3427 parte
1359 3356 1662 3411 sollicitant
1689 3397 1704 3419 ,
1753 3357 1902 3410 solus
1936 3356 2082 3411 velut

492 3447 738 3502 omnium
776 3448 1082 3516 principum
1129 3450 1237 3503 dux
1263 3489 1279 3514 ,
1308 3457 1364 3504 et
1397 3448 1564 3503 totius
1589 3447 1841 3503 nefanda:
1873 3447 2081 3503 militia:

495 3539 776 3609 magister,
815 3542 1085 3610 evagitet;
1119 3541 1276 3609 cuius
1304 3543 1534 3613 ﬁgurant
1561 3556 1686 3597 cum
1715 3539 1874 3596 Jabin
1901 3541 2082 3597 discu-

494 3637 776 3698 terenius,
809 3649 905 3702 pro
943 3649 1108 3702 parvo
1152 3633 1527 3705 intelligentia:
1569 3642 1774 3689 nostrae
1816 3643 1977 3703 captu
2027 3633 2079 3688 ill

495 3725 869 3793 Superioribus
894 3723 1271 3792 patefecimus.

565 3813 621 3868 6.
681 3815 816 3868 Pilio
872 3832 1004 3871 sane
1061 3817 1186 3885 quia
1254 3817 1431 3872 sancti
1500 3816 1704 3887 quique
1775 3831 2082 3888 repugnan-

499 3915 580 3962 tes
649 3908 912 3962 adversus
976 3909 1112 3964 istos
1173 3911 1486 3966 incentores
1557 3919 1907 3979 peccatorum
1968 3909 2081 3980 spi-

496 4002 655 4064 ritus,
703 4008 758 4055 et
804 4001 1082 4056 vincentes
1119 4018 1250 4068 cos,
1296 4013 1459 4072 atque
1493 4019 1684 4059 eorum
1715 4018 2077 4073 unumquem-

494 4106 601 4161 que
630 4103 968 4160 superantes,
1004 4095 1330 4150 imminuant
1379 4097 1682 4151 exercitum
1729 4096 2036 4152 daemonum
2061 4138 2077 4164 ,

495 4194 552 4240 et
579 4185 724 4240 velut
747 4187 1174 4256 quamplurinios
1196 4189 1309 4259 (95)
1333 4204 1524 4245 eorum
1569 4190 1910 4248 interimant.
1943 4189 2078 4247 Ver-

495 4276 550 4334 bi
607 4291 798 4343 causa,
831 4289 890 4334 ut
917 4279 962 4335 is
1011 4281 1101 4350 qui
1138 4291 1287 4335 caste
1335 4283 1638 4350 pudiceque
1693 4283 1924 4340 vivendo
1970 4283 2081 4338 for-

493 4371 783 4427 nicationis
837 4372 1090 4442 spiritum
1161 4375 1536 4442 superaverit,
1610 4389 1722 4432 non
1791 4377 1931 4432 ultra
1999 4377 2080 4434 fas

2203 489 2287 544 eis
2328 487 2524 557 dignus
2571 495 2687 548 est,
2733 483 3076 538 abducantur
3127 495 3157 534 a
3201 481 3352 551 justo
3400 480 3582 549 judice
3622 481 3744 533 Clin-

2197 591 2305 643 sto,
2352 578 2541 650 agoilis
2577 577 2737 647 hujus
2774 575 2901 630 vitae
2931 573 3244 631 mortalium
3278 573 3532 642 praeside.
3563 573 3624 626 Et
3652 574 3744 626 inde

2195 683 2279 726 est
2305 672 2447 741 quod
2476 671 2715 742 plurimo
2753 671 3059 727 daemonum
3109 683 3347 723 numero
3367 667 3484 734 jam
3528 666 3746 731 *ἰριομά

2197 764 2575 820 credulitatem
2605 772 2793 835 gentes
2839 764 3028 818 venire
3065 763 3424 817 relaxantur:
3480 760 3568 828 qui
3602 759 3746 823 utique

2197 857 2506 911 nullatenus
2539 858 2850 912 sinerentur
2876 855 3024 927 (96),
3052 855 3097 910 si
3133 855 3359 924 integrae
3393 867 3612 916 eorum,
3643 852 3747 905 sint

2200 949 2354 1015 prius
2391 947 2635 1012 fuerant,
2668 947 3036 1002 subsisterent
3062 945 3330 1016 legiones.
3361 942 3524 1010 Quod
3551 943 3596 996 si
3625 942 3744 994 alicui

2196 1038 2409 1094 dillicile
2431 1041 2646 1095 videtur
2672 1053 2794 1094 esse
2815 1039 2959 1108 quod
2982 1038 3212 1092 dicimus
3235 1054 3334 1106 per
3357 1037 3608 1107 singulos
3625 1051 3749 1104 quos-

2195 1150 2300 1204 que
2346 1133 2690 1204 peccantium
2733 1132 2902 1186 multa
2940 1147 3137 1187 vacare
3178 1131 3292 1201 (97)
3333 1130 3612 1184 daemonia
3639 1172 3655 1195 ,
3682 1142 3749 1186 aut

2198 1229 2500 1282 fabulosum
2534 1229 2636 1283 hoc
2687 1236 2874 1297 putat,
2942 1226 3127 1279 redeat
3174 1225 3243 1278 ad
3277 1223 3571 1294 Evangelii
3602 1237 3751 1280 auclo-

2196 1324 2412 1374 ritatem
2444 1360 2458 1384 ,
2501 1331 2552 1374 et
2615 1321 2853 1374 inveniet
2907 1318 3058 1372 illiilli
3111 1317 3202 1386 qui
3261 1317 3319 1371 in
3376 1316 3642 1386 sepulcris
3685 1319 3747 1370 lla-

2195 1415 2406 1470 bitabat
2470 1412 2582 1483 (98)
2649 1413 2953 1467 deminuam
3025 1411 3239 1479 patiens
3287 1454 3303 1474 ,
3372 1426 3504 1464 cum
3560 1411 3748 1463 interni-

2193 1517 2416 1576 garetur
2449 1505 2611 1578 435
2656 1503 3030 1569 a'Salvatore,
3074 1504 3220 1574 quod
3278 1504 3381 1558 tibi
3443 1517 3637 1556 nomen
3663 1517 3749 1560 est.

2197 1597 2542 1667 respondisse
2590 1597 2748 1666 legio.
2813 1615 2831 1647 ι
2877 1595 3044 1650 Multa
3094 1597 3281 1660 enim,
3353 1595 3539 1663 inquit
3584 1595 3625 1657 ⁸,
3670 1594 3732 1648 de

2195 1690 2374 1744 mollia
2403 1705 2612 1745 sumus.
2656 1709 2674 1741 ι
2708 1689 2848 1756 Quid
2895 1702 3026 1758 ergo
3085 1689 3287 1742 mirum
3344 1687 3594 1749 videtur,
3620 1688 3745 1754 Sipﬁ

2191 1783 2399 1850 singula
2431 1798 2628 1851 genera
2659 1793 3006 1852 peccatorum
3055 1781 3254 1851 singuli
3301 1781 3594 1834 daemones
3619 1785 3748 1833 ascu-

2191 1878 2410 1937 bantur,
2443 1890 2565 1929 eum
2597 1877 2856 1943 scriptum
2885 1875 2958 1929 sit
3008 1873 3061 1927 ill
3093 1887 3203 1927 uno
3260 1872 3500 1926 homine
3524 1872 3751 1942 integram

2193 1968 2359 2019 fuisse
2385 1967 2694 2020 dieillonuni
2730 1966 3035 2036 legionem?
3086 1964 3309 2018 Memini
3369 1975 3565 2018 autem
3596 1965 3749 2018 simili:

2191 2075 2276 2114 me
2317 2059 2522 2114 dixisse
2564 2057 2728 2110 etiam
2760 2057 2814 2111 in
2851 2057 2918 2112 iis
2948 2057 3101 2122 locis,
3153 2058 3206 2110 in
3236 2058 3452 2125 quibus
3478 2059 3747 2126 exponetu-

2189 2167 2309 2206 nius
2343 2149 2671 2205 versiculum
2705 2148 2894 2218 psalmi
2927 2150 2978 2202 ill
3011 2164 3119 2217 quo
3151 2149 3434 2216 scriptum
3467 2159 3554 2202 est
3581 2151 3601 2180 ’
3629 2165 3642 2199 :
3669 2170 3683 2200 ι
3713 2155 3749 2202 In

2189 2242 2469 2298 matutinis
2503 2241 2893 2296 illterliciebain
2923 2256 3118 2296 omnes
3141 2250 3488 2309 peccatores
3519 2251 3682 2302 terra,
3710 2254 3748 2292 ιι

2187 2333 2498 2404 disperdam
2534 2335 2600 2390 de
2633 2334 2858 2389 civitate
2888 2333 3097 2387 Domini
3127 2348 3326 2388 omnes
3359 2334 3462 2401 qui
3501 2345 3750 2402 operantur

2189 2427 2554 2497 iniquitatem.
2593 2445 2611 2479 υ
2654 2427 2730 2480 Ita
2762 2426 2999 2491 denique
3035 2425 3201 2477 etiam
3235 2424 3290 2476 ili
3321 2439 3499 2476 manu
3526 2424 3751 2492 justorau

2186 2523 2348 2591 gladii
2423 2521 2690 2591 ancipites
2768 2534 2890 2573 esse
2948 2518 3235 2580 dicuntur,
3310 2515 3444 2570 sine
3496 2516 3650 2569 dubio
3683 2535 3750 2583 qui

2185 2615 2497 2671 contrarias
2533 2615 2763 2668 virtutes
2796 2613 3084 2681 perimant.
3116 2609 3255 2665 Puto
3294 2619 3494 2664 autem
3524 2610 3653 2678 quod
3683 2626 3752 2661 vc-

2186 2707 2498 2762 hcmeutior
2529 2707 2596 2760 ad
2639 2707 2754 2761 llrec
2805 2705 3083 2776 probanda
3119 2719 3240 2772 qua:
3272 2702 3533 2757 diximus
3569 2701 3753 2772 apostoli

2185 2799 2336 2854 Pauli
2371 2800 2458 2854 illa
2516 2799 2750 2870 proferri
2815 2801 2990 2871 possit
3039 2804 3312 2866 assertio,
3366 2817 3503 2856 cum
3542 2797 3751 2856 dii-it":

2189 2912 2207 2944 ι
2251 2893 2390 2947 Deus
2417 2904 2595 2947 autem
2621 2894 2771 2961 pacis
2803 2901 3051 2947 conterat
3079 2892 3354 2948 Satanam
3408 2895 3519 2948 sub
3566 2893 3756 2963 pedibus

2187 2984 2389 3038 vestris
2421 2984 2706 3038 velociter.
2748 3002 2768 3036 ι
2809 2982 2867 3038 Si
2899 2985 3045 3039 enim
3085 3000 3224 3039 unus
3252 2985 3756 3055 est,Satanas,qllo~

2187 3079 2350 3132 modo
2379 3087 2556 3148 potest
2588 3079 2705 3147 ipse
2735 3078 3003 3132 contritus
3031 3093 3153 3133 esse
3188 3077 3294 3134 sub
3330 3079 3573 3148 pedibus
3602 3094 3754 3132 servo-

2194 3187 2310 3224 rnln
2343 3169 2460 3235 Dei,
2491 3180 2548 3225 et
2578 3170 2773 3225 iterum
2798 3170 3059 3241 operari?
3107 3170 3163 3224 Si
3196 3171 3348 3224 enim
3382 3173 3656 3226 contritus
3676 3181 3755 3231 est,

2189 3271 2244 3316 et
2273 3278 2300 3315 a
2333 3262 2442 3316 Deo
2496 3262 2788 3325 contritus,
2837 3243 3282 3330 operari-utique
3337 3261 3463 3333 (9%))
3502 3262 3640 3314 ultra
3675 3278 3756 3315 iis:

2192 3364 2388 3422 potest.
2420 3353 2496 3408 Ne
2524 3353 2662 3408 forte
2687 3369 2815 3423 ergo
2846 3356 2979 3408 tanti
3005 3370 3124 3410 esse
3153 3355 3386 3424 putandi
3417 3357 3537 3409 sint
3557 3354 3755 3418 Salsum,

2190 3449 2378 3518 quanti
2415 3459 2541 3502 sunt
2596 3447 2692 3511 illi,
2722 3448 2814 3517 qui
2863 3459 3164 3516 operantur
3189 3462 3360 3515 opera
3403 3448 3648 3502 Satanm.
3678 3446 3758 3501 [Iac

2190 3541 2334 3595 enim
2376 3540 2506 3594 lliilii
2537 3541 2752 3595 videtur
2779 3541 3014 3595 indicari
3047 3551 3102 3594 et
3138 3541 3188 3594 ili
3225 3541 3551 3610 Sapientia,
3599 3543 3679 3595 ubi
3703 3545 3759 3594 di-

2189 3630 2335 3684 citur
2392 3630 2460 3696 “,
2508 3630 2634 3700 quia
2664 3649 2682 3681 t
2719 3631 2917 3699 impius
2972 3630 3306 3685 maledicens
3354 3631 3650 3694 Satanam,
3679 3633 3758 3699 Ipsi:

2191 3723 2725 3779 lnaledicitanimaln
2749 3738 2926 3778 suam.
2961 3744 2979 3778 ι
3017 3723 3125 3779 Sed
3153 3736 3209 3777 et
3242 3725 3296 3778 ill
3330 3723 3534 3794 aliquo
3558 3726 3756 3795 ψιοὼιιι

2191 3817 2394 3884 libello,
2425 3818 2516 3888 qui
2571 3817 2876 3887 appellatur
2930 3816 3327 3871 Testamentum
3384 3821 3756 3884 duodecimpa-

2191 3913 2570 3977 triarcliarum,
2597 3912 2850 3981 quamvis
2879 3925 2985 3966 non
3016 3910 3282 3965 habeatur
3313 3912 3370 3965 in
3445 3927 3677 3974 canone,
3703 3921 3757 3962 ta-

2189 4003 2292 4058 lem
2335 4012 2517 4058 talllell
2547 4004 2846 4073 quemdam
2881 4018 3102 4058 sensum
3133 4003 3495 4070 invenimus,
3527 4005 3667 4073 quod
3690 4017 3758 4070 ινιν

2188 4096 2440 4165 singulos
2469 4106 2758 4165 peccantes
2777 4096 2971 4164 singuli
3005 4095 3225 4150 Satana:
3253 4097 3502 4168 intelligi
3538 4100 3758 4152 debeant.

2191 4187 2509 4243 Evidentins
2537 4197 2720 4242 autem
2749 4198 2804 4242 et
2835 4188 2951 4257 ipsa
2988 4187 3227 4242 nominis
3275 4188 3404 4258 ejus
3461 4189 3756 4256 interpreta-

2191 4280 2283 4346 tio,
2313 4281 2456 4337 sicut
2481 4281 2708 4336 stndiosi
2738 4281 3091 4335 Hebraeorum
3128 4282 3373 4344 tradunt,
3411 4279 3521 4336 hoc
3554 4281 3757 4335 idemsi-

2188 4371 2450 4442 gnillcare
2475 4372 2714 4427 videtur.
2749 4370 2979 4427 Satanas
3008 4386 3241 4442 namque
3264 4374 3620 4426 adversarius
3645 4375 3758 4427 dici-

493 4463 570 4519 sit
635 4463 784 4519 illum
831 4464 1106 4532 spiritum,
1143 4465 1236 4534 qui
1288 4466 1357 4519 ab
1401 4463 1492 4520 illo
1531 4478 1720 4524 sancto
1776 4470 1952 4526 victus
1979 4483 2087 4543 esi,
2123 4488 2166 4543 ι)
2195 4473 2303 4518 tur.
2330 4465 2534 4520 Omnes
2585 4477 2714 4534 ergo
2770 4466 2859 4533 qui
2899 4465 3265 4519 adversantur
3326 4464 3426 4518 Dei
3496 4466 3755 4518 volunlaa.

495 4558 812 4628 impugnare
882 4559 1079 4613 iterum
1148 4560 1313 4613 aliulll
1392 4559 1716 4625 hominem;
1787 4562 1881 4617 sed
1949 4565 2094 4623 sicut

493 4647 572 4704 illi
622 4650 868 4719 spiritus,
912 4651 1003 4718 qui
1044 4650 1310 4720 rogabant
1369 4649 1551 4705 Jesuln
1605 4666 1673 4708 ne
1721 4653 1775 4707 ill
1829 4656 2088 4726 abyssum

496 4743 852 4796 mitterentur
905 4743 963 4808 ⁷,
1013 4743 1158 4812 quod
1216 4759 1359 4799 nunc
1407 4743 1625 4799 interim
1681 4746 1940 4802 Dominus
1991 4765 2090 4819 pro

497 4838 760 4909 praesenti
809 4837 1219 4908 dispensatione
1267 4839 1582 4906 concessit;
1637 4844 1711 4897 ita
1743 4857 2088 4915 consequens

494 4928 757 4992 videtur,
817 4927 958 4995 quod
1009 4928 1208 4997 singuli
1286 4932 1488 5000 quique
1553 4947 1788 4993 nequam
1860 4935 2088 5005 spiritus

494 5032 620 5074 cum
659 5020 954 5074 vincuntur
1001 5035 1032 5074 a
1081 5022 1307 5086 salictis,
1355 5023 1438 5079 vel
1503 5025 1557 5078 in
1607 5026 1859 5096 abyssum
1913 5027 1993 5080 vel
2033 5027 2088 5080 in

563 5197 585 5230 '
615 5196 808 5254 Matth.
833 5215 953 5256 viil.
1027 5201 1048 5234 ⁸
1082 5200 1212 5255 Luc.
1251 5217 1367 5264 \‘lll,
1395 5201 1484 5255 50.
1558 5201 1578 5232 °
1609 5201 1749 5255 Psal.
1780 5217 1856 5267 Cl,
1897 5201 1951 5256 8.

568 5312 680 5386 (92)
714 5312 842 5370 Mss.
896 5333 915 5366 ι
946 5323 1002 5371 et
1045 5315 1090 5370 si
1134 5317 1372 5373 eveniat.
1407 5336 1425 5368 ι
1480 5315 1639 5372 Libb.
1686 5316 1841 5382 editi,
1881 5336 1898 5368 ι
1935 5329 1989 5372 et
2025 5319 2070 5372 si

493 5387 762 5442 Inveniat.
791 5404 812 5439 ι

529 5455 678 5578 l392’s)
734 5457 864 5514 Mss.
907 5477 926 5512 ι
959 5456 1041 5513 vel
1093 5457 1146 5511 in
1189 5457 1332 5512 aliis.
1374 5478 1392 5511 ι
1442 5458 1563 5513 Lib.
1613 5457 1781 5521 editi,
1840 5475 1859 5508 ι
1909 5467 1965 5512 et
2015 5459 2068 5513 ill

551 5544 636 5578 IIS.
670 5546 689 5578 ι

494 5540 636 5582 aIIlS.
670 5546 689 5582 δ

567 5599 681 5668 (94)
709 5599 866 5654 Libb.
893 5599 1066 5664 editi,
1117 5618 1136 5651 ι
1174 5613 1406 5668 pugnaui
1451 5613 1570 5654 esse
1612 5598 1770 5654 nobis
1809 5598 2068 5655 omnibus

496 5669 708 5723 Scribit.
742 5669 944 5726 Tamen
980 5686 1103 5725 reor
1141 5671 1410 5725 omnium.
1446 5690 1463 5722 ι

565 5739 679 5809 (95)
729 5741 843 5796 Duo
882 5757 1012 5798 mss.
1047 5741 1439 5806 Ebroicenses,
1481 5760 1496 5790 ι
1532 5741 1674 5797 velut
1706 5755 1876 5812 equos
1907 5739 2070 5813 pluri-

2033 5203 2076 5236 ¹⁶
2101 5202 2262 5258 Rom.
2300 5217 2416 5268 xvi,
2437 5200 2530 5255 20.

2193 4553 2412 4609 Satanas
2440 4563 2671 4624 possunt
2694 4554 2819 4609 dici.
2848 4553 2972 4609 lltec
2999 4568 3131 4622 ergo
3161 4553 3405 4607 diximus
3433 4570 3534 4624 pro
3558 4570 3621 4608 eo
3642 4555 3755 4622 qlia!

2190 4650 2453 4720 scriptum
2485 4657 2571 4704 est
2600 4647 2666 4713 “,
2697 4665 2718 4700 ί
2754 4649 2878 4718 quia
2927 4647 3258 4704 confortavit
3303 4646 3575 4700 Dominus
3617 4662 3752 4700 corna

2190 4759 2380 4798 eorum
2431 4753 2491 4798 ut
2541 4743 2756 4797 exirent
2813 4741 2879 4795 ad
2917 4740 3161 4810 prwliuln
3222 4751 3414 4793 contra
3467 4739 3654 4801 Israel,
3709 4747 3753 4785 ut

2189 4836 2710 4890 exterminarentur.
2751 4853 2770 4886 ι
2807 4835 3007 4889 Beatus
3039 4847 3172 4902 ergo
3199 4844 3282 4887 est
3321 4833 3415 4899 qui
3461 4832 3753 4884 indesinen-

2190 4937 2271 4981 ter
2302 4923 2600 4994 spiritalem
2626 4925 2950 4978 machaeram
2992 4933 3206 4988 tenens,
3242 4935 3350 4975 non
3382 4921 3565 4974 aufert
3595 4933 3704 4972 eam
3727 4931 3750 4964 ι

2189 5017 2492 5074 cervicibus
2523 5018 2714 5072 horum
2751 5016 3014 5082 hostium,
3043 5017 3112 5070 de
3147 5015 3348 5084 quibus
3379 5013 3631 5082 superius
3657 5027 3754 5062 nie-

2609 5201 2648 5232 ”
2685 5200 2830 5255 Eccl.
2865 5215 2982 5265 ut,
3010 5199 3100 5254 30.
3179 5200 3222 5230 “
3254 5197 3372 5254 Jos.
3413 5213 3489 5263 xl,
3520 5197 3614 5251 20.

2185 5333 2326 5371 “I05.
2358 5336 2376 5369 1

2259 5388 2374 5459 (96)
2424 5386 2628 5444 Omnes
2682 5387 3036 5457 manuscripti
3067 5425 3083 5452 ,
3139 5407 3159 5440 ι
3199 5387 3530 5442 sinerentur.
3572 5403 3590 5436 ο
3637 5382 3746 5436 Lib.

2181 5461 2336 5518 editi,
2371 5480 2386 5506 ι
2431 5461 2746 5512 linirelitilr.
2785 5477 2805 5510 ›

2251 5529 2365 5599 (97)
2395 5529 2519 5599 iDIlO
2545 5528 2932 5592 Ebroicenses,
2973 5546 2991 5578 ι
3025 5529 3234 5596 vagari.
3266 5548 3286 5583 ι

2245 5597 2358 5670 (98)
2392 5598 2579 5670 Iidem,
2618 5617 2636 5650 ε
2670 5600 2970 5653 habitabat.
2994 5619 3010 5650 ι
3055 5600 3212 5655 Libb.
3246 5601 3407 5663 editi,
3444 5597 3698 5651 illabitat.
3723 5608 3742 5639 ι

2241 5667 2362 5740 (99')
2387 5667 2578 5738 Utique
2633 5671 2785 5724 deest
2835 5671 2887 5725 ill
2937 5671 3068 5728 libb.
3117 5673 3302 5738 editis,
3345 5673 3436 5727 sed
3474 5678 3644 5723 exstat
3699 5678 3746 5713 ω

2172 5755 2278 5798 nis.
2315 5741 2805 5812 Saugermauensi.
