3874 6566
143 389 233 450 905

1112 382 1182 439 ΙΝ
1221 380 1479 438 LIBRUM
1521 382 1683 441 .IESU
1728 382 1917 440 ΝΑνο
1957 383 2242 441 llO.\llLl.-\
2284 384 2423 441 XVI.

3181 380 3185 381 ⁷
3275 393 3380 445 seu

142 504 472 570 moravimus,
530 500 676 556 sicut
723 508 774 554 et
822 499 1088 556 .lt-rcmias
1136 505 1396 573 propheta
1444 502 1572 556 dicit
1609 503 1652 533 ’³
1689 518 1700 554 :
1736 505 1782 563 Α
1810 518 1876 558 00
1903 504 2257 572 appellantur,
2289 505 2430 575 quod
2463 504 2759 575 longtcvam
2795 506 3046 561 duxerint
3075 507 3258 577 vitam,
3290 514 3384 565 sed

146 625 162 658 ι
191 594 490 656 Maledictus
519 595 680 647 homo
710 592 802 660 qui
829 592 957 645 facit
985 607 1144 661 opera
1182 593 1387 644 Domini
1425 591 1697 662 negligen-

143 709 230 757 ter,
253 701 300 745 et
324 689 502 741 aufert
531 688 850 740 titacltmratn
881 700 1032 739 suam
1069 701 1096 737 a
1135 685 1400 754 sanguine
1445 683 1694 738 inimico-

143 802 266 846 rum.
299 801 316 833 ι
348 779 460 834 1100
484 779 527 832 si
559 776 855 832 secundum
890 775 1128 829 litteram
1167 774 1554 845 intelligamus,
1605 787 1697 826 ue-

141 894 274 939 cesse
332 874 438 930 erit
487 887 586 926 nos
646 869 1016 924 indesinenter
1079 868 1398 935 sanguinem
1444 866 1695 921 fundere.

140 971 274 1044 Quod
302 967 472 1024 Judaei
529 973 787 1034 putantes
816 964 907 1033 qtti
961 977 1026 1016 ex
1082 960 1292 1030 integro
1331 975 1460 1015 caro
1490 968 1614 1013 sunt
1645 967 1700 1013 et

141 1063 364 1135 sanguis,
426 1057 676 1113 crudeles
708 1065 762 1108 et
809 1053 1176 1122 implacabiles
1242 1052 1398 1114 ﬁttut,
1455 1051 1694 1105 dicentes

139 1153 557 1216 ntaletlictionem
594 1149 826 1220 positam
857 1161 977 1200 esse
1009 1146 1090 1209 iis,
1123 1146 1212 1215 qui
1245 1160 1274 1200 a
1325 1148 1590 1214 sanguine
1619 1145 1700 1200 ef-

140 1247 392 1309 fundenda
421 1243 778 1305 cessaverint,
806 1252 862 1295 et
893 1240 1014 1293 ideo
1065 1241 1226 1308 pedes
1276 1254 1461 1294 eorum
1491 1239 1701 1295 veloces

137 1353 250 1401 sunt
270 1341 334 1394 ad
366 1337 748 1393 effundendum
780 1337 1117 1403 sanguinem.
1148 1331 1256 1387 Sed
1302 1333 1405 1388 illis
1443 1334 1698 1402 hujusce-

138 1435 268 1492 modi
300 1430 676 1501 intelligentia,
724 1429 849 1498 quia
904 1442 1033 1481 caro
1070 1435 1126 1480 et
1168 1427 1393 1497 sanguis
1449 1437 1596 1492 sunt,
1623 1427 1701 1478 vi-

135 1534 362 1592 deatur;
426 1524 558 1579 mihi
616 1533 796 1576 autem
851 1529 1073 1590 prtestet
1130 1521 1389 1576 Dominus
1427 1535 1698 1589 nunquam

135 1620 393 1691 negligere
421 1631 588 1686 opera
617 1614 846 1671 Domini,
876 1625 974 1664 nec
1002 1611 1218 1666 auferre
1248 1612 1548 1680 spiritalem
1587 1611 1704 1680 gla-

133 1716 267 1769 dium
292 1709 439 1764 verbi
479 1708 569 1762 Dei
603 1725 632 1761 a
670 1708 937 1775 sanguine
986 1706 1384 1760 contrariarum
1418 1705 1702 1767 virtutum,

131 1817 181 1860 et
210 1801 534 1858 mortiﬁcat-e
557 1815 648 1855 eas
680 1799 732 1852 in
781 1813 1110 1867 unoquoque
1142 1798 1471 1851 auditorum.
1532 1795 1705 1849 luter-

1809 611 1908 664 pro
1933 598 2252 649 maturitate
2294 613 2486 652 sensus
2511 607 2563 651 et
2610 599 2876 667 gravitate
2921 600 3044 655 vita:
3075 607 3384 659 veneranda

1810 687 1912 742 bac
1937 687 2300 758 appellatione
2351 687 2698 753 decorentur,
2751 692 2983 748 maxime
3007 709 3126 748 cum
3168 695 3386 751 additur

1810 779 1872 833 ad
1915 781 2283 852 presbyterum
2331 795 2515 835 sermo
2564 783 2665 837 iste
2703 786 2792 854 qui
2844 788 3108 856 sequitur,
3144 805 3164 838 ‹
3199 789 3390 858 plenus

1810 871 2044 929 dierum.
2082 893 2102 924 ι
2135 871 2191 928 Si
2222 873 2364 928 enim
2406 874 2503 929 aavi
2537 875 2846 945 prolixitate
2883 879 3252 950 appellandus,
3293 885 3388 953 qui

1808 966 2117 1036 presbyter,
2147 965 2228 1020 vel
2270 965 2452 1020 senior
2499 967 2796 1028 videretur.
2829 985 2988 1038 quem
3025 975 3196 1043 magis
3221 989 3386 1044 opor—

1814 1057 1959 1110 tcbat
2006 1058 2168 1112 alium
2223 1059 2326 1113 hoc
2381 1061 2600 1114 nomine
2655 1063 2889 1126 censeri,
2948 1078 3106 1132 quam
3151 1066 3387 1134 primttm

1811 1153 2003 1218 Adam,
2032 1157 2114 1209 vel
2145 1166 2293 1211 certe
2332 1155 2711 1219 Mathusalem,
2761 1167 2854 1210 aut
2895 1157 3027 1224 Noe,
3077 1162 3168 1228 qui
3202 1163 3390 1234 utique

1812 1245 1965 1317 longe
1991 1248 2236 1318 pluribus
2264 1248 2338 1317 (5)
2373 1263 2533 1318 quam
2572 1249 2752 1303 czcteri
2783 1251 2940 1304 annis
2974 1252 3025 1305 in
3057 1254 3159 1307 hoc
3190 1257 3391 1311 mundo

1809 1339 2011 1393 vixisse
2043 1340 2427 1394 declarantur?
2475 1339 2581 1395 Sed
2617 1357 2760 1396 nunc
2811 1342 3093 1399 videamus
3149 1349 3292 1413 quod
3323 1363 3389 1402 ex

1812 1432 1918 1486 illis
1947 1432 2162 1500 quidem
2191 1432 2356 1505 436
2391 1434 2568 1489 nullus
2622 1433 2858 1488 refertur
2891 1450 2918 1487 a
2952 1434 3236 1505 Scriptura
3268 1455 3392 1508 pre-

1813 1526 1998 1594 sbyter
2025 1533 2118 1578 aut
2158 1528 2342 1580 senior
2390 1526 2711 1596 appellatus,
2745 1528 2837 1581 sed
2872 1527 2916 1582 is
2961 1530 3050 1596 qui
3081 1529 3237 1599 longe
3272 1532 3394 1586 bre-

1811 1618 1979 1672 vioris
2024 1619 2284 1688 temporis
2334 1619 2496 1672 vitam
2529 1618 2704 1680 duxit,
2739 1618 2944 1687 primus
2974 1618 3027 1672 in
3094 1620 3393 1690 Scripturis

1813 1710 2016 1764 sanetis
2063 1709 2334 1762 Abraham
2383 1711 2689 1780 presbyter,
2739 1710 2821 1764 vel
2856 1711 3038 1765 senior
3066 1712 3392 1780 appellatur.

1817 1800 2024 1854 Dictum
2056 1811 2139 1855 cst
2183 1801 2346 1855 etiam
2378 1801 2446 1856 ad
2477 1800 2694 1872 Moyse-tt
2747 1817 2776 1855 a
2816 1802 3047 1856 Domino
3078 1803 3155 1859 ¹⁶;
3191 1823 3209 1856 ι
3245 1806 3396 1876 Elige

131 1898 380 1954 ﬁciuntur
412 1902 592 1946 autem
623 1893 676 1946 in
705 1891 862 1947 vobis
893 1891 965 1946 ita
996 1891 1236 1954 demum,
1287 1889 1332 1943 si
1388 1888 1474 1944 bis
1505 1889 1705 1943 auditis
1741 1875 1781 1933 Β
1815 1893 1910 1946 tibi
1950 1895 2016 1946 ab
2041 1894 2184 1947 omni
2217 1892 2412 1963 populo
2436 1894 2810 1964 presbyteros,
2844 1910 2978 1964 quos
3008 1902 3060 1950 tu
3098 1899 3237 1953 nosti
3264 1875 3396 1969 quia

129 2003 305 2046 earum
331 2001 500 2054 opera
539 2000 642 2039 non
677 1985 870 2052 agatis.

193 2081 240 2135 7.
273 2079 482 2134 Dicitur
517 2090 698 2131 autem
732 2077 786 2130 in
814 2077 1276 2146 consequentibus
1312 2076 1376 2141 ”,
1404 2074 1530 2145 quia
1565 2093 1583 2125 ‹
1617 2089 1707 2128 ce-

126 2175 199 2244 pit
230 2171 385 2227 Jesus
413 2186 634 2226 omnem
667 2179 889 2232 terram,
923 2171 1066 2224 sicut
1110 2168 1387 2222 mandavit
1439 2166 1706 2222 Dominus

127 2265 311 2336 Moysi.
354 2282 372 2315 ι
407 2263 504 2318 1110
530 2263 690 2318 Jesus
727 2262 868 2317 ﬁlius
899 2261 1068 2326 Nave,
1119 2277 1222 2315 non
1259 2261 1416 2315 video
1447 2261 1588 2329 quod
1618 2276 1708 2314 ce-

127 2358 259 2429 perit
285 2371 506 2411 omnem
567 2365 791 2413 terram.
839 2357 1110 2424 Quantum
1145 2355 1286 2408 enim
1347 2364 1505 2407 terrae
1537 2353 1700 2422 cepit,

124 2451 209 2522 qui
236 2449 484 2506 Judaam
523 2449 698 2503 tenuit
727 2448 940 2505 solam?
983 2444 1178 2501 Noster
1207 2455 1383 2499 autem
1450 2445 1708 2498 Dominus

126 2545 274 2600 Jesus
307 2544 425 2612 ipse
451 2557 580 2597 vere
603 2545 748 2613 cepit
773 2557 988 2596 onmem
1021 2550 1245 2599 terram,
1292 2540 1343 2592 in
1377 2554 1441 2592 eo
1469 2537 1612 2607 quod
1643 2552 1708 2590 ex

122 2635 258 2692 omni
288 2645 464 2698 terra,
497 2644 662 2704 atque
715 2650 779 2688 ex
803 2633 1056 2687 omnibus
1091 2631 1421 2694 nationibus,
1479 2630 1544 2682 ad
1585 2644 1708 2683 eum

120 2726 394 2783 concurrit
422 2727 765 2783 credentium
799 2728 875 2796 (1)
912 2724 1224 2779 multitudo.
1259 2723 1489 2776 Additur
1540 2721 1706 2776 etiam

123 2830 237 2890 post
277 2819 394 2874 11100
439 2827 791 2888 posteaquam
815 2833 1037 2873 omnem
1094 2827 1294 2872 terram
1331 2816 1474 2884 cepit
1504 2812 1706 2872 .lcsns:

124 2930 143 2964 ι
172 2911 235 2968 Et
263 2913 561 2982 requievit,
589 2912 767 2982 inquit
789 2912 858 2977 ³⁸,
899 2919 1044 2965 terra
1097 2925 1125 2964 a
1175 2909 1350 2965 bellis.
1389 2929 1407 2961 ι
1438 2908 1550 2964 1100
1575 2926 1710 2981 quo-

122 3007 275 3061 modo
299 3020 429 3060 vere
461 3005 734 3060 videbitur
770 3005 876 3059 dici
909 3004 974 3059 de
1002 3003 1112 3057 ﬁlio
1146 3001 1310 3067 Nave,
1357 3003 1480 3071 quia
1527 3018 1711 3062 cessa-

121 3101 194 3155 vit
248 3111 392 3155 terra
445 3115 481 3154 a
524 3099 704 3165 bellis,
751 3117 870 3168 (ιιιίο
918 3114 1194 3168 nunquam
1227 3097 1338 3152 fere
1377 3100 1711 3167 temporibus

120 3191 230 3262 eius
257 3193 502 3248 cessavit
551 3208 578 3246 a
629 3193 827 3248 bellis?
859 3193 964 3248 Sed
1016 3193 1115 3246 hoc
1145 3192 1452 3261 completur
1500 3193 1548 3244 in
1595 3193 1711 3246 solo

120 3285 346 3341 Domino
375 3299 509 3339 meo
554 3285 678 3339 Jesu
709 3285 949 3340 Christo.
1008 3282 1064 3338 Si
1118 3285 1264 3338 enim
1314 3284 1629 3339 consideres
1661 3295 1714 3338 te

119 3380 202 3448 qui
231 3379 430 3434 venisti
491 3377 556 3432 ad
609 3377 814 3438 Jesum,
848 3386 901 3430 et
929 3377 996 3430 ab
1037 3391 1102 3428 eo
1149 3389 1246 3445 per
1299 3375 1554 3444 baptismi
1586 3390 1711 3445 gra-

120 3474 266 3538 tiam,
298 3473 695 3528 remissionem
751 3480 1080 3525 consecutus
1121 3484 1179 3524 es
1229 3479 1610 3538 peccatorum,
1658 3477 1713 3524 et

109 3566 214 3635 jam
263 3567 316 3620 in
369 3576 425 3637 te
467 3579 578 3618 non
611 3573 816 3634 pugnat
861 3578 989 3617 caro
1027 3562 1291 3615 adversus
1336 3561 1608 3630 spiritum,
1659 3569 1716 3616 et

111 3659 333 3727 spiritus
365 3658 648 3711 adversus
699 3669 941 3714 carnem,
972 3653 1212 3707 cessavit
1255 3651 1332 3721 (2)
1381 3661 1523 3706 terra
1567 3661 1654 3704 tua
1682 3667 1714 3706 a

109 3752 257 3807 bellis
295 3768 311 3806 :
347 3751 394 3805 si
427 3759 622 3802 tamen
672 3755 903 3800 mortem
956 3742 1082 3798 .lcsu
1135 3743 1336 3798 Christi
1385 3743 1438 3798 itt
1483 3758 1715 3811 corpore

109 3855 194 3900 tuo
230 3842 638 3904 circumferas,
689 3842 760 3893 ita
798 3838 1224 3893 utcessantibus
1268 3839 1318 3892 in
1357 3846 1410 3892 te
1460 3838 1714 3892 omnibus

111 3938 309 4007 ιιι-101118
337 3935 613 3991 eiiiciaris
642 3932 923 4004 paciﬁcus,
965 3939 1018 3984 et
1047 3931 1193 3984 ﬁlius
1225 3930 1317 3983 Dei
1345 3930 1579 3983 voceris.
1608 3928 1713 3982 Sed

112 4033 211 4086 hoc
239 4031 333 4086 ﬁet
361 4039 735 4100 posteaquam
770 4025 905 4080 bella
937 4025 1292 4092 transegeris,
1347 4033 1400 4076 et
1453 4024 1714 4076 adversa-

109 4125 218 4180 rios
242 4124 475 4178 viceris.
508 4121 668 4175 Tunc
695 4117 792 4171 tibi
817 4117 1036 4172 dabitur
1060 4117 1291 4185 requies,
1320 4124 1378 4168 ut
1403 4115 1716 4181 requiescas

107 4216 206 4272 sub
237 4219 352 4272 vite
382 4227 508 4281 tua,
536 4213 630 4282 qui
660 4221 745 4266 est
766 4209 1018 4264 Christus
1039 4207 1217 4272 Jcsus,
1245 4219 1301 4260 et
1338 4209 1437 4261 sub
1465 4206 1570 4260 ﬁcu
1600 4217 1714 4270 tua,

109 4310 197 4377 qui
239 4319 328 4363 est
370 4307 625 4377 Spiritus
667 4314 908 4369 sanctus,
939 4313 998 4356 ut
1035 4303 1104 4355 ita
1151 4299 1352 4366 gratias
1379 4298 1583 4352 referas
1608 4299 1716 4353 Deo

108 4400 251 4457 Patri
278 4399 665 4468 omnipotenti
707 4399 758 4451 in
807 4399 923 4466 ipso
947 4393 1164 4449 Christo
1207 4390 1333 4445 .lcsu
1362 4390 1588 4445 Domino
1619 4405 1716 4444 uo-

106 4506 240 4558 stro,
299 4495 391 4549 cui
425 4501 515 4547 est
544 4490 716 4560 gloria
754 4501 808 4546 et
832 4486 1116 4557 imperium
1161 4483 1254 4553 (3)-
1277 4482 1331 4536 in
1383 4482 1578 4537 saecula
1614 4498 1716 4538 su:-

103 4587 374 4641 culorum.
408 4587 620 4641 Amen.

693 4671 972 4727 llOIlllLlA
1013 4670 1152 4723 XVI.

103 4771 177 4826 De
198 4789 261 4826 eo
285 4777 438 4844 quod
467 4769 732 4834 scriptum
757 4774 854 4829 est,
873 4786 889 4844 t
909 4764 1137 4844 Etlle‘sus
1163 4770 1271 4840 erat
1300 4757 1584 4844 presbyter,
1619 4753 1714 4844 hoc

166 4857 240 4898 est
269 4827 463 4897 senior
493 4850 545 4893 et
579 4827 848 4906 provectus
873 4839 924 4886 in
953 4837 1134 4886 diebus
1183 4831 1413 4906 διιὼν-»01
1451 4827 1714 4906 quomodo

167 4895 469 4969 teritum;
528 4895 622 4978 per
669 4907 882 4977 Moysen
911 4910 1032 4958 data
1075 4914 1146 4955 cs:
1181 4903 1382 4952 duabus
1425 4895 1579 4949 semis
1613 4895 1715 4946 tri-

167 4988 340 5040 bubus
373 4985 482 5055 (4).

169 5081 220 5133 1.
258 5080 452 5132 Etiam
487 5084 624 5129 ante
658 5089 753 5126 nos
787 5072 1005 5140 quidant
1053 5070 1409 5120 observantes
1453 5066 1715 5114 notarunt

96 5169 150 5226 in
183 5169 539 5240 Scripturis,
578 5165 703 5234 quia
754 5158 1084 5232 presbyteri,
1130 5157 1215 5209 vel
1241 5153 1485 5209 seniores
1516 5166 1621 5205 non
1651 5164 1715 5202 ex

109 5344 132 5351 ⁴
168 5333 215 5366 ¹³
267 5331 389 5388 Jer.
431 5343 641 5390 .tLvtu,
683 5323 764 5379 l0.
844 5319 1029 5375 “.los.
1075 5335 1154 5381 ιιι,
1184 5317 1274 5372 25.
1357 5313 1399 5344 ’⁵
1453 5312 1583 5368 ibid.

170 5496 504 5568 (1)0mnes
573 5505 731 5553 mss.,
787 5504 806 5538 t
868 5482 1227 5541 credentium.
1289 5473 1508 5530 DLibb.
1563 5471 1715 5535 editi,

100 5589 122 5624 ε
159 5571 448 5635 gentium.
486 5585 506 5616 ι

169 5615 508 5708 iéi'oiiides
560 5648 719 5699 mss.,
752 5651 770 5684 ς
801 5627 1058 5686 cessavit.
1092 5641 1109 5675 ι
1143 5618 1303 5676 Libb.
1354 5615 1508 5681 editi,
1547 5633 1564 5665 ι
1602 5628 1722 5669 ces-

99 5715 265 5769 cauit.
315 5730 336 5762 ι

294 5755 436 5838 βιιεει
477 5796 499 5852 ᾳ
544 5775 836 5842 imperium
869 5791 886 5825 ι
919 5783 1058 5825 unus
1080 5765 1251 5823 codex
1280 5759 1501 5816 Ebroic.
1531 5755 1716 5811 addit:

104 5872 126 5908 ι
166 5851 293 5907 cum
335 5851 568 5922 Spiritu
603 5857 811 5922 sancto.
855 5862 872 5894 ι

171 5900 713 5998 (SHET-quomodo
760 5913 1041 5968 Itazreditas
1074 5924 1164 5974 per
1201 5904 1421 5973 Moysen
1475 5900 1604 5952 data
1642 5902 1719 5951 est

501 6016 786 6074 Pnaoc.
824 6011 941 6068 (in.
994 6003 1131 6068 ΧΠ.

1663 5310 1706 5340 ¹⁶
1745 5307 1902 5362 Num.
1937 5317 2013 5358 χι.
2050 5299 2135 5355 16.

1816 1986 2114 2056 presbyteri
2143 1999 2290 2042 sunt.
2335 2005 2353 2036 ι
2393 1985 2500 2040 Sed
2526 1986 2754 2040 observa
2791 1988 2954 2041 etiam
2983 1997 3064 2053 tu,
3097 2005 3128 2042 o
3155 1993 3394 2060 auditor,

1816 2078 1869 2132 in
1894 2078 2038 2132 omni
2073 2077 2381 2147 Scriptura,
2415 2078 2588 2132 sicubi
2616 2077 2866 2134 invenire
2891 2094 3043 2151 potes
3075 2084 3396 2151 appellatio-

1816 2188 1939 2227 nem
1980 2173 2119 2228 banc
2149 2172 2334 2226 senior
2366 2179 2421 2225 et
2454 2171 2641 2240 plenus
2681 2173 2912 2239 dierum,
2975 2175 3203 2244 positam
3236 2194 3398 2248 super

1816 2263 1996 2333 aliquo
2024 2273 2333 2332 peccatore.
2368 2260 2523 2316 Nunc
2555 2277 2686 2331 ergo
2711 2264 2887 2317 sancti
2917 2263 3156 2334 Spiritus
3191 2283 3289 2320 vox
3317 2276 3397 2321 est.

1815 2357 2225 2427 pronuntiantis
2276 2355 2463 2408 .lesum
2510 2356 2914 2427 presbyterum,
2975 2357 3059 2412 vel
3100 2359 3395 2421 seniorem,

1816 2458 1870 2504 ct
1907 2457 2224 2517 provectum
2261 2448 2310 2500 in
2347 2447 2559 2502 diebus.
2596 2449 2672 2502 Ita
2707 2450 2850 2503 enim
2881 2449 3015 2503 dicit
3048 2450 3089 2481 ¹⁷
3135 2467 3150 2504 :
3187 2470 3206 2503 ι
3238 2449 3396 2507 Jesus

1816 2542 1962 2596 enim
2000 2551 2140 2605 erat,
2192 2540 2390 2609 inquit,
2443 2541 2745 2612 presbyter,
2800 2541 2882 2596 vel
2911 2545 3096 2598 senior
3117 2553 3173 2598 et
3202 2558 3396 2612 prove-

1772 2662 1782 2674 ~
1817 2641 1934 2688 ctus
1962 2633 2193 2687 dierum.
2228 2651 2246 2684 ι
2277 2632 2429 2699 Quod
2484 2634 2670 2702 utique
2693 2635 2758 2687 de
2811 2644 3103 2702 peccatore
3148 2635 3252 2690 dici
3289 2651 3395 2691 non

1817 2735 2054 2794 poterat,
2087 2725 2215 2795 quia
2267 2735 2522 2804 peccator
2567 2742 2670 2780 non
2705 2735 2790 2781 est
2819 2736 3112 2796 provectus
3160 2727 3397 2785 dierum.

1818 2818 1934 2874 Non
1967 2819 2110 2873 enim
2139 2833 2198 2873 se
2226 2819 2476 2874 extendit
2502 2818 2568 2874 ad
2593 2833 2654 2874 ea
2684 2833 2806 2888 quae
2839 2827 2965 2874 ante
2990 2827 3117 2874 sunt
3143 2819 3239 2890 (6),
3262 2819 3402 2875 obli-

1819 2914 2036 2970 viscens
2070 2927 2131 2966 ea
2171 2929 2292 2982 quae
2339 2921 2643 2968 retrorsum
2696 2923 2844 2982 sttut,
2886 2914 2979 2969 sed
3005 2928 3222 2980 semper
3252 2927 3400 2971 retro

1821 3003 2178 3068 convertitur,
2211 3013 2264 3056 et
2295 3002 2360 3057 ad
2388 3002 2647 3056 vomitum
2673 3019 2830 3056 suum
2867 3004 3022 3068 redit,
3059 3015 3112 3059 et
3143 3005 3263 3060 ideo
3293 3022 3399 3059 non

1820 3105 1976 3165 aptus
2001 3104 2083 3150 est
2115 3111 2280 3165 regno
2314 3094 2601 3149 caelorum.
2635 3095 2733 3160 Qui
2771 3107 2950 3152 autern
2979 3115 3192 3168 semper
3225 3099 3301 3169 (7)
3330 3099 3399 3153 ad

1818 3189 2000 3257 priora
2038 3188 2374 3253 extenditur,
2405 3197 2456 3240 et
2492 3188 2556 3239 ad
2610 3187 2999 3254 perfectionem
3052 3191 3245 3257 fertur,
3297 3192 3400 3246 istc

1820 3291 2110 3350 provectus
2163 3289 2245 3334 est
2281 3281 2335 3334 in
2369 3281 2560 3334 diebus
2608 3283 2742 3334 suis.
2798 3282 2862 3336 Et
2904 3299 3047 3338 nunc
3091 3299 3222 3354 ergo
3267 3285 3400 3340 dicit

1819 3373 2080 3428 Dominus
2115 3374 2178 3424 ad
2213 3371 2394 3426 Jcsutn
2430 3374 2474 3404 ¹⁸
2509 3394 2520 3428 :
2559 3391 2577 3423 ι
2614 3373 2690 3426 Τιι
2723 3385 3013 3443 provectus
3042 3392 3100 3432 es
3125 3378 3178 3432 in
3209 3378 3401 3434 diebus

1818 3464 1944 3518 tuis.
1981 3482 2000 3514 ι
2037 3460 2232 3516 Nescio
2257 3476 2355 3531 ego
2388 3463 2432 3516 si
2467 3463 2517 3516 in
2561 3465 2662 3517 hoc
2704 3463 2822 3517 loco
2862 3464 2990 3518 illud
3045 3475 3222 3534 potest
3247 3467 3401 3522 vide-

1819 3555 2038 3625 ri,quia
2068 3557 2170 3609 hoc
2217 3554 2436 3608 diccbat
2489 3555 2749 3610 Dominus
2806 3557 2872 3614 ad
2924 3556 3131 3622 Jesum,
3166 3560 3306 3628 quod
3331 3560 3401 3615 de

1819 3657 1976 3703 tctate
2001 3649 2118 3717 ejus
2146 3648 2305 3702 senili
2351 3663 2541 3702 omnes
2573 3648 2856 3713 videbant,
2907 3659 2963 3703 et
3017 3665 3207 3706 onmes
3236 3665 3403 3706 nove-

1822 3750 1967 3795 rant.
1998 3741 2064 3794 Et
2091 3757 2211 3810 qua:
2235 3750 2362 3795 sunt
2392 3750 2498 3795 tam
2539 3757 2733 3811 magna
2769 3757 3024 3811 responsa
3063 3747 3163 3800 ista
3192 3747 3400 3811 divina,

1818 3834 2273 3904 qutebominibus
2310 3833 2652 3899 deferuntur,
2701 3844 2760 3887 ut
2802 3836 2988 3892 dicant
3018 3839 3131 3893 seni
3175 3840 3401 3906 homini,

1819 3929 1944 3996 quia
1981 3942 2144 3981 senex
2174 3943 2256 3988 es,
2293 3928 2436 3995 quod
2471 3942 2660 3981 omnes
2688 3927 2962 3995 videbant,
2995 3939 3050 3984 et
3087 3946 3282 3987 omnes
3307 3950 3406 3988 uc-

1821 4021 2047 4076 veraut?
2078 4022 2184 4076 Sed
2225 4021 2353 4074 tnilti
2405 4018 2616 4074 videtur
2663 4036 2920 4086 magnum
2984 4023 3200 4090 aliquod
3241 4028 3403 4078 testi-

1822 4115 2062 4170 monium
2093 4130 2121 4167 a
2152 4115 2380 4167 Domino
2412 4113 2643 4181 perth
2698 4115 2817 4167 dari
2851 4114 2961 4167 ﬁlio
2992 4114 3163 4177 Nave,
3197 4131 3318 4169 cum
3352 4117 3401 4170 ri

1820 4207 2039 4273 dicitur,
2078 4204 2204 4275 quia
2267 4213 2561 4274 provectus
2613 4205 2822 4258 dierum
2878 4221 2957 4261 es.
3018 4207 3080 4260 Et
3139 4217 3400 4275 quantum

1821 4299 2038 4369 quidem
2075 4296 2320 4366 proloqui
2349 4296 2526 4359 nobis,
2556 4297 2640 4350 vel
2673 4298 2887 4366 aperire
2928 4301 2992 4352 de
3029 4298 3232 4354 divinis
3283 4318 3403 4373 my-

1822 4391 2008 4446 steriis
2037 4389 2122 4443 fas
2147 4399 2250 4454 est,
2285 4403 2385 4455 ego
2412 4388 2650 4442 arbitror
2676 4388 2818 4456 quod
2862 4387 3002 4441 sicut
3047 4390 3124 4442 sol
3165 4391 3264 4444 iste
3290 4393 3406 4446 dies

1824 4488 1952 4541 facit
1985 4486 2186 4539 mundo
2240 4484 2386 4544 huic,
2419 4482 2490 4535 ita
2519 4491 2571 4534 et
2607 4481 2686 4535 sol
2709 4481 2936 4551 justitia:
2987 4482 3150 4537 faciat
3193 4486 3405 4553 aliquos

1747 4592 1795 4651 ι)
1824 4579 1937 4633 dies
1974 4577 2270 4645 spiritales,
2293 4578 2380 4644 qui
2417 4575 2626 4644 fulgore
2656 4575 2900 4626 veritatis
2953 4582 3007 4626 et
3038 4573 3286 4641 lampade
3317 4592 3406 4628 sa-

1823 4673 2045 4741 pieutite
2075 4671 2436 4725 illustrentur.
2475 4669 2530 4721 Si
2563 4666 2684 4736 quis
2728 4680 2859 4736 ergo
2907 4666 2958 4719 in
2998 4670 3280 4736 praeceptis
3308 4669 3404 4722 Dei

1826 4767 1990 4819 vitam
2028 4767 2168 4820 hanc
2196 4773 2538 4832 prmsentem,
2577 4775 2718 4826 quae,
2767 4760 2908 4813 siettt
2957 4758 3126 4814 Jacob
3162 4759 3406 4825 dicebat,

1823 4873 2118 4933 paucorum
2150 4855 2496 4910 etmalorum
2556 4854 2765 4906 dierum
2807 4860 2911 4914 est,
2954 4853 3297 4922 transegerit,
3349 4862 3408 4908 et

1825 4949 2233 5007 immaculatum
2279 4963 2338 5002 se
2375 4950 2439 4999 ab
2472 4946 2575 5000 1ιο0
2622 4946 2822 5000 mundo
2856 4946 3212 5012 custodierit,
3244 4955 3405 5016 atque

1827 5060 2017 5100 omnes
2041 5040 2384 5095 adversarios
2406 5048 2459 5093 et
2489 5040 2678 5093 hostes
2705 5053 2832 5094 suos
2860 5040 3138 5108 subegerit
3185 5040 3406 5109 Spiriza~

1825 5139 1932 5202 les,
1958 5136 2024 5190 ab
2060 5135 2176 5189 istis
2230 5132 2418 5202 paucis
2451 5140 2506 5186 et
2559 5130 2716 5186 malis
2747 5131 2942 5187 diebus
2985 5131 3300 5202 provehitur
3353 5141 3408 5184 ct

2220 5298 2258 5328 ¹⁷
2305 5295 2419 5355 Jos.
2453 5312 2573 5362 xm,
2600 5296 2653 5351 1.
2731 5295 2774 5326 ¹⁸
2806 5294 2942 5351 ibid.

1821 5465 2025 5517 duabus
2049 5460 2205 5514 semis
2241 5458 2499 5512 tribubus.
2551 5455 2679 5512 llaec
2727 5454 3113 5510 desiderantur
3166 5452 3217 5505 in
3251 5451 3406 5504 libris

1823 5547 1980 5590 antea
2021 5532 2203 5595 editis,
2259 5531 2350 5584 sed
2384 5529 2636 5599 leguntur
2671 5527 2724 5580 in
2766 5542 2869 5599 ms.
2921 5525 3404 5599 Sangermaueusi.

1896 5593 2549 5676 (5)Ms._Sangerm.',_t
2607 5598 2998 5676 utique-longe
3056 5593 3321 5665 pluribus.
3380 5611 3400 5646 ι

1825 5667 1983 5732 Libb.
2014 5673 2164 5735 editi,
2198 5693 2214 5723 1
2249 5667 2462 5740 uirique
2494 5670 2649 5740 longe
2685 5667 2950 5738 pluribus.
2995 5684 3014 5716 ι

1897 5745 1974 5813 (6)
2005 5745 2102 5799 Ms.
2134 5744 2440 5810 Sangernn,
2476 5761 2494 5792 ι
2530 5743 2736 5813 iurante
2765 5746 2910 5813 sunt.
2953 5756 2972 5789 ι

1899 5801 1974 5884 (7)
2006 5801 2276 5883 Semper.”
2297 5814 2454 5866 Deest
2486 5813 2536 5866 in
2588 5811 2740 5865 libris
2777 5808 2958 5884 editis,
2996 5806 3090 5862 sed
3121 5806 3323 5875 legitur
3347 5801 3407 5864 in

1829 5880 1930 5945 ms.
1961 5880 2443 5955 'Sangertnaucusi.
2835 5880 2842 5885 ’
2868 5883 2870 5885 ’
