3874 6492
468 369 577 432 997

1951 353 2270 412 ORIGENIS

479 492 826 557 promovetur
856 482 923 536 ad
962 479 1079 534 illos
1112 477 1227 532 dies
1253 487 1486 534 aeternos
1532 486 1585 532 et
1620 477 1808 542 bonos,
1861 475 2047 530 aeterni
2083 481 2125 533 A
2155 474 2220 527 ad
2252 475 2385 526 ﬁnes
2411 469 2559 525 orbis
2592 477 2856 523 terrarum
2894 465 2948 518 in
2979 467 3273 532 conSpectu
3303 457 3420 528 ejus
3448 455 3718 523 provideat

477 580 610 636 solis
646 579 764 633 luce
817 577 1080 645 signatos.
1128 571 1245 626 Tali
1271 587 1400 643 ergo
1450 573 1682 640 quodam
1733 571 1922 626 ordine
1971 571 2052 624 iu-

481 671 802 741 telligendus
833 678 916 724 est
939 678 992 724 et
1018 666 1176 723 Jcsus
1219 681 1282 721 ex
1331 667 1529 721 divinis
1558 665 1834 736 responsis
1855 678 2050 734 prove-

482 773 600 818 ctus
627 763 836 817 dierum
865 759 1235 832 pronuntiari.

549 857 604 911 2.
635 855 838 911 Verum
875 855 1133 926 quoniam
1190 849 1524 907 instituimus
1572 865 1692 919 quae
1719 850 1784 904 de
1808 848 1932 904 Jesu
1966 848 2051 903 di-

480 957 677 1005 cuntur
697 949 858 1003 etiam
884 957 938 1002 et
963 947 1028 1001 ad
1056 944 1340 999 Dominum
1367 952 1421 996 et
1447 941 1782 996 Salvatorem
1807 947 2051 994 nostrum

481 1037 709 1104 referre,
735 1038 858 1106 quis
885 1036 960 1090 ita
995 1035 1284 1106 presbyter
1314 1041 1369 1086 et
1407 1032 1591 1086 senior
1625 1039 1913 1100 provectus
1940 1029 2055 1084 die-

480 1148 606 1190 rum
646 1130 990 1198 intelligitur,
1018 1128 1158 1183 sicut
1184 1127 1298 1196 ipse
1323 1127 1414 1195 qui
1440 1135 1523 1179 est
1569 1123 1911 1193 principittm,
1949 1121 2056 1191 pri-

482 1222 788 1294 mogenitus
817 1221 996 1276 omnis
1019 1219 1321 1274 creatum?
1349 1218 1471 1272 ldeo
1496 1216 1740 1272 fortassis
1769 1215 1883 1283 ipse
1908 1215 2054 1271 solus

479 1330 610 1372 vere
633 1323 687 1370 et
726 1315 934 1383 integre
961 1310 1247 1382 presbyter
1289 1308 1508 1371 dicitur,
1543 1316 1668 1362 ante
1697 1321 1858 1376 quem
1894 1321 2056 1361 nemo

481 1418 586 1464 est.
632 1407 798 1478 igitur
826 1405 1039 1460 tametsi
1072 1412 1198 1457 sunt
1244 1401 1334 1471 qui
1387 1401 1639 1455 dicantur
1679 1401 1729 1453 in
1760 1401 2056 1467 Scripluris

484 1499 785 1571 presbyteri
819 1497 903 1552 vel
937 1497 1202 1559 seniores,
1253 1495 1335 1550 vel
1369 1493 1674 1563 pontiﬁces,
1732 1503 1913 1546 tamen
1950 1492 2056 1546 Do-

484 1596 661 1649 minus
687 1592 848 1649 Jesus
873 1593 1014 1648 sicut
1048 1591 1099 1643 in
1147 1588 1492 1659 pontiﬁcibus
1541 1585 1856 1656 pontiﬁcum
1907 1586 2057 1654 prin-

483 1699 610 1755 ceps
641 1693 743 1747 est,
777 1692 830 1738 et
877 1683 1017 1736 sicut
1053 1682 1102 1734 in
1134 1679 1445 1750 pastoribus
1478 1677 1730 1746 princeps
1781 1686 2054 1746 pastorum

483 1789 588 1846 est,
643 1777 716 1832 ita
748 1785 801 1831 et
835 1776 886 1829 in
938 1773 1270 1844 presbyteris
1299 1774 1383 1826 vel
1443 1771 1748 1827 senioribus
1811 1769 2057 1839 princeps

482 1870 920 1942 presbyterorum
970 1867 1240 1936 putandus
1267 1876 1372 1931 est,
1419 1874 1474 1920 et
1525 1864 1575 1917 in
1602 1862 1874 1932 episcopis
1908 1862 2057 1930 prin-

483 1977 610 2033 ceps
633 1962 1030 2030 episcoporum,
1058 1967 1113 2012 et
1137 1972 1298 2011 omne
1329 1956 1698 2026 quodcunque
1743 1952 2057 2008 honorabile

481 2069 678 2111 nomen
705 2060 808 2115 est,
844 2051 1080 2120 primum
1118 2049 1170 2103 in
1211 2050 1332 2114 hoc,
1370 2057 1422 2102 et
1457 2047 1752 2116 principem
1782 2059 1904 2100 esse
1933 2058 2054 2098 cre-

483 2147 714 2204 dendum
734 2153 818 2200 est
835 2142 1197 2207 Salvatorem,
1224 2142 1350 2211 quia
1372 2141 1487 2211 ipse
1508 2149 1592 2195 est
1608 2139 1848 2193 omnium
1870 2146 2054 2206 caput.

551 2240 606 2296 ὅ.
644 2238 807 2294 Addit
839 2246 1016 2292 autem
1048 2236 1227 2290 adhuc
1257 2247 1574 2301 responsum
1607 2229 1853 2284 divinum
1897 2238 1952 2282 et
1978 2229 2059 2281 tli-

481 2333 558 2386 cit
587 2331 669 2382 "z
709 2348 727 2381 r
759 2327 837 2383 Tu
871 2336 1158 2399 provectus
1188 2340 1246 2380 es
1277 2325 1328 2378 in
1361 2324 1574 2387 diebus,
1610 2332 1662 2376 et
1698 2331 1840 2375 terra
1874 2319 2057 2373 relicta

482 2433 564 2478 est
601 2421 767 2478 multa
805 2421 978 2476 valde.
1017 2440 1034 2471 ι
1077 2419 1129 2472 In
1157 2417 1533 2486 superioribus
1560 2415 1866 2480 dicebatur,
1920 2413 2060 2468 sicut

483 2513 915 2575 observavimus,
951 2510 1077 2579 quia
1109 2507 1343 2562 cessavit
1385 2515 1528 2560 terra
1559 2521 1588 2558 a
1621 2503 1798 2566 bellis,
1834 2513 1888 2557 et
1933 2501 2056 2569 quia

486 2606 642 2663 Jesus
666 2605 812 2674 cepit
844 2617 1055 2657 omnem
1091 2610 1290 2654 terram
1331 2614 1343 2650 :
1379 2607 1433 2652 et
1477 2598 1564 2651 hic
1605 2599 1764 2650 modo
1795 2595 2058 2664 scriptum

484 2705 566 2750 est
599 2693 698 2766 (8),
729 2694 855 2763 quia
892 2702 1034 2746 terra
1063 2689 1247 2744 relicta
1279 2698 1362 2742 est
1415 2688 1578 2740 multa
1610 2686 1782 2740 valde.
1823 2685 2060 2738 Putasne

487 2786 765 2843 contraria
786 2785 887 2840 sibi
915 2783 1193 2850 Scriptura
1229 2780 1542 2835 contineat?
1599 2779 1709 2833 lloc
1737 2793 1836 2832 nec
1874 2778 2060 2833 leviter

487 2879 869 2950 suspicandum
905 2885 1008 2930 est.
1045 2875 1151 2930 Sed
1203 2874 1487 2929 redeamus
1535 2873 1599 2927 ad
1648 2871 2060 2938 intelligentiam

490 2970 806 3042 spiritalem,
841 2978 894 3024 et
925 2970 977 3022 in
1012 2983 1075 3022 ea
1105 2966 1236 3020 nihil
1272 2966 1513 3020 invenies
1540 2981 1664 3020 esse
1700 2964 2056 3019 contrarium.

487 3061 703 3118 Intuere
725 3059 936 3116 Domini
965 3067 1020 3112 et
1070 3056 1372 3111 Salvatoris
1407 3057 1576 3111 nostri
1634 3056 1809 3124 primo
1839 3055 2058 3124 quidem

488 3155 722 3211 adventu
752 3168 874 3208 cum
910 3152 1055 3206 venit
1101 3150 1373 3204 seminare
1407 3149 1630 3203 verbum
1681 3163 1835 3202 suum
1866 3149 1916 3201 in
1968 3161 2059 3201 or-

489 3251 613 3305 bern
644 3257 819 3313 terrae,
865 3244 1133 3314 quomodo
1165 3243 1304 3311 cepit
1344 3256 1561 3297 onmem
1611 3251 1808 3294 terram
1835 3239 1950 3293 solo
1979 3254 2066 3294 se-

487 3340 840 3410 minisjactu,
874 3345 928 3391 et
954 3337 1222 3403 quomodo
1251 3334 1593 3388 adversarias
1653 3342 1957 3404 potestates
1999 3348 2066 3386 ex

487 3446 552 3487 ea
580 3441 634 3488 et
657 3430 878 3500 angelos
903 3429 1140 3497 refugas,
1164 3427 1254 3496 qui
1291 3426 1573 3496 gentilium
1615 3435 1826 3480 mentes
1848 3426 2070 3480 obsede-

488 3533 634 3589 rant,
664 3521 944 3594 eﬁ‘ugavit,
972 3531 1029 3575 et
1077 3520 1298 3574 interim
1329 3520 1621 3574 seminavit
1661 3519 1880 3573 verbum
1908 3529 2071 3587 atque

491 3613 766 3670 Ecclesias
813 3610 1150 3682 propagavit.
1186 3609 1309 3664 llatc
1361 3621 1445 3665 est
1490 3611 1666 3680 prima
1722 3609 1840 3678 ejus
1903 3611 2070 3664 totius

490 3715 647 3761 terrae
678 3703 965 3775 possessio.
991 3703 1230 3771 Sequere
1257 3710 1437 3756 autem
1466 3718 1571 3768 me,
1601 3717 1634 3758 ο
1674 3702 1915 3765 auditor,
1972 3717 2068 3771 per

489 3798 715 3854 subtiles
756 3796 928 3852 lineas
973 3795 1144 3858 verbi,
1179 3803 1236 3847 et
1291 3796 1572 3851 ostendam
1643 3795 1740 3849 tibi
1800 3795 2071 3864 quomodo

490 3892 655 3944 etiam
685 3890 923 3945 secundo
953 3891 1134 3960 capiat
1163 3902 1363 3945 terram
1401 3891 1560 3952 hanc,
1597 3904 1718 3957 quae
1749 3904 1892 3942 nunc
1931 3887 2071 3942 dici-

494 3991 583 4034 tur
631 3981 698 4035 ad
755 3979 938 4036 Jesum
979 3981 1143 4035 multa
1180 3996 1304 4035 esse
1363 3980 1642 4035 derelicta.
1703 3980 1844 4035 Audi
1896 3981 1962 4033 de
2007 3995 2073 4035 eo

454 4070 460 4075 ⁷
493 4073 721 4128 Paulum
751 4075 1018 4128 dicentem
1045 4075 1090 4106 ²⁰
1125 4093 1138 4128 :
1179 4093 1196 4125 ι
1232 4073 1457 4144 Oportet
1483 4075 1628 4129 enim
1660 4088 1780 4128 eum
1819 4089 2070 4139 regnare,

496 4166 670 4221 donec
695 4173 862 4236 ponat
894 4180 1084 4220 omnes
1109 4165 1360 4219 inimicos
1384 4180 1512 4219 suos
1549 4163 1846 4218 scabellum
1879 4165 2072 4232 pedum

495 4272 738 4313 suorum.
784 4277 802 4309 ι
837 4257 962 4312 llaec
989 4272 1121 4328 ergo
1151 4267 1236 4312 est
1265 4266 1427 4322 terra,
1455 4273 1574 4324 qua:
1625 4271 1768 4311 nunc
1796 4257 1960 4310 multa
1996 4258 2075 4311 di-

495 4350 642 4405 citur
669 4364 792 4406 esse
823 4350 1100 4415 derelicta,
1139 4351 1313 4405 donec
1371 4363 1560 4403 onmes
1587 4348 1811 4403 omnino
1837 4351 2075 4404 subdan-

497 4451 585 4496 tur
617 4441 718 4497 sub
745 4441 974 4512 pedibus
999 4439 1142 4508 ejus,
1179 4449 1231 4494 et
1285 4455 1381 4507 per
1410 4439 1522 4493 haec
1555 4437 1869 4492 haereditate
1896 4438 2076 4506 capiat

2152 566 2470 635 1E1hiopes;
2529 581 2545 611 ι
2599 573 2653 618 et
2678 563 2724 593 ’δ
2772 578 2785 614 :
2843 578 2860 610 ι
2906 560 2980 613 De
3036 567 3186 612 trans
3243 554 3390 623 ripas
3448 549 3716 602 ﬂuminum

2152 657 2444 725 [Ethiopim
2476 653 2706 709 oﬁ'ercnt
2754 647 3043 705 sacriﬁcia.
3077 664 3096 697 ι
3139 644 3292 700 Unde
3342 647 3559 695 constat
3589 636 3717 704 quod

2154 749 2205 801 in
2239 746 2475 801 secundo
2510 745 2742 798 adventu
2790 740 2929 793 hanc
2983 745 3185 789 terram
3226 729 3453 785 multam
3485 743 3605 795 qua:
3638 740 3720 777 su-

2155 848 2354 910 perest.
2385 835 2649 891 obtinebit
2693 831 2849 886 Jcsus
2883 848 2895 883 :
2927 827 3020 882 sed
3049 825 3189 880 beati
3221 832 3350 878 sunt
3386 819 3486 882 illi,
3559 817 3647 887 qui
3677 819 3721 868 in

2155 933 2332 1002 primo
2381 930 2495 997 ejus
2550 927 2779 981 adventu
2815 919 3022 976 ohlenti
3075 926 3220 972 sunt.
3281 913 3372 968 Isti
3429 911 3580 964 enim
3611 923 3724 962 vere

2155 1025 2292 1095 grati
2322 1031 2499 1086 erunt,
2529 1020 2642 1088 qui,
2682 1017 2863 1071 multis
2885 1011 3207 1068 adversariis
3236 1003 3646 1062 resistentibus,
3678 1012 3726 1053 et

2159 1118 2338 1172 multis
2366 1116 2608 1171 hostibus
2639 1108 3100 1181 impnguantibus,
3155 1103 3297 1158 bello
3328 1111 3382 1153 et
3423 1097 3601 1150 armis
3629 1097 3727 1147 hac-

2159 1210 2442 1264 reditatem
2500 1217 2658 1261 terrae
2715 1198 3156 1271 reprmnissionis
3220 1193 3520 1261 accipiunt.
3603 1188 3726 1241 Cum

2157 1316 2285 1355 vero
2337 1315 2404 1354 ex
2465 1296 2794 1351 necessitate
2848 1294 2972 1361 quis
3029 1288 3192 1343 fuerit
3245 1285 3553 1351 subjectus,
3615 1290 3730 1332 tunc

2156 1392 2371 1461 quando
2424 1391 2585 1446 etiam
2651 1387 3001 1440 novissimum
3065 1382 3354 1447 inimicum
3384 1376 3601 1431 destrui
3644 1390 3730 1426 ue—

2158 1500 2309 1541 cesse
2335 1469 2449 1549 est,
2476 1482 2685 1537 scilicet
2735 1487 2986 1540 mortem,
3022 1491 3126 1528 non
3157 1473 3261 1529 erit
3289 1472 3400 1540 jam
3464 1467 3642 1539 gratia
3672 1467 3732 1519 iis

2158 1579 2246 1648 qui
2279 1575 2663 1646 subjiciuntur.

2227 1670 2282 1724 4.
2311 1669 2440 1722 Post
2473 1667 2586 1720 haec
2624 1679 2746 1719 cum
2776 1669 3147 1716 enumerasset
3208 1654 3479 1725 plurimas
3533 1660 3732 1721 gentes,

2158 1761 2317 1834 437
2349 1760 2416 1814 tle
2462 1757 2700 1812 Sidoniis
2732 1755 2863 1811 solis
2909 1752 3147 1806 dixit":
3186 1768 3207 1802 ι
3233 1749 3300 1804 Ει
3349 1760 3548 1801 omnes
3592 1744 3734 1798 Sido-

2163 1855 2280 1908 nios
2310 1868 2409 1924 ego
2440 1850 2816 1904 exterminabo
2852 1862 2880 1900 a
2923 1846 3062 1900 facie
3093 1842 3327 1897 ﬁliorum
3358 1839 3556 1892 lsrael.
3586 1855 3605 1887 ι
3645 1837 3734 1888 Nn.

2164 1947 2348 2001 minati
2403 1951 2529 1998 sunt
2577 1939 2911 2004 Chananati,
2962 1935 3221 1992 nominati
3280 1942 3414 1988 sunt
3465 1941 3520 1984 et
3575 1931 3608 1981 ii
3654 1930 3733 1996 qui

2165 2048 2354 2094 contra
2394 2036 2589 2091 faciem
2624 2032 2846 2104 Egypti
2891 2040 3048 2095 sunt,
3086 2038 3140 2082 et
3189 2028 3224 2081 ii
3267 2027 3361 2096 qui
3407 2033 3538 2077 sunt
3581 2039 3642 2075 ex
3685 2021 3736 2071 ti-

2164 2133 2323 2187 nibus
2351 2130 2635 2191 Accaron,
2683 2135 2738 2179 et
2771 2123 3007 2178 sinistris
3055 2121 3300 2189 partibus
3343 2117 3655 2176 fluminum,
3688 2125 3736 2167 et

2165 2225 2284 2279 aliae
2313 2219 2728 2292 quamplurima:
2757 2223 2966 2285 gentes,
2993 2222 3041 2268 et
3083 2212 3150 2266 de
3177 2210 3312 2264 solis
3341 2207 3593 2262 Sidoniis
3618 2205 3736 2257 dicit

2169 2316 2431 2372 Dominus
2462 2311 2607 2382 quod
2640 2324 2733 2364 eos
2769 2319 3062 2361 eversurus
3099 2304 3190 2358 sit.
3236 2300 3455 2357 Sidonii
3494 2300 3736 2351 dicuntur

2167 2421 2368 2472 autem,
2394 2408 2534 2462 sicut
2568 2416 2691 2458 ante
2719 2402 2831 2471 jam
2864 2401 3121 2464 diximus,
3151 2408 3454 2451 venatores.
3483 2392 3589 2460 Qui
3619 2409 3734 2460 ergo

2170 2499 2543 2569 intelliguntur
2577 2495 2661 2550 isti
2705 2492 2827 2546 mali
2867 2499 3155 2545 venatores
3185 2501 3322 2556 quos
3359 2486 3624 2538 Dominus
3651 2501 3737 2536 er-

2171 2593 2459 2654 terminat,
2503 2591 2604 2644 nisi
2654 2587 2757 2642 illm
2801 2585 3034 2638 virtutes
3084 2580 3381 2636 contraria:
3437 2578 3502 2630 de
3557 2575 3736 2640 quibus

2167 2687 2299 2741 dicit
2349 2684 2618 2753 Pmpheta
2658 2683 2726 2745 ’°,
2761 2679 2887 2751 quia
2933 2677 3210 2744 «laqueos
3261 2682 3605 2740 paraverunt
3648 2684 3736 2735 pe-

2169 2779 2327 2833 dibus
2375 2773 2782 2844 meis?»quibus
2815 2770 3027 2826 scilicet
3069 2776 3338 2821 venentur
3371 2776 3430 2817 et
3479 2763 3736 2830 decipiant

2172 2871 2383 2924 animas
2410 2869 2476 2922 ad
2509 2876 2813 2938 peccatum.
2852 2865 2991 2919 Istos
3021 2876 3149 2930 ergo
3178 2859 3452 2914 Dominus
3493 2855 3736 2909 extermi-

2171 2973 2299 3026 nat;
2339 2960 2486 3030 quia,
2535 2961 2578 3013 si
2617 2958 2704 3012 isti
2740 2956 2871 3010 tales
2912 2952 3219 3009 interierint
3269 2957 3586 3008 venatores,
3624 2959 3732 2998 cum

2165 3054 2276 3123 jam
2312 3067 2470 3107 nemo
2509 3051 2671 3106 fuerit
2702 3051 2793 3119 qui
2830 3048 3052 3117 laqueos
3089 3045 3277 3098 tendat
3299 3053 3351 3094 et
3385 3040 3548 3100 retia,
3577 3049 3628 3088 ut
3653 3036 3735 3088 de.

2170 3143 2335 3212 cipiat
2381 3143 2592 3196 animas
2640 3142 2693 3195 in
2745 3149 2985 3208 peccato,
3035 3147 3159 3190 tunc
3205 3132 3526 3202 requiescet
3584 3143 3732 3182 uns-

2171 3237 2400 3306 quisque
2424 3236 2525 3290 sub
2556 3234 2666 3287 vite
2693 3247 2811 3296 sua,
2841 3239 2894 3284 et
2927 3233 3024 3284 sub
3058 3228 3161 3280 ficu
3196 3242 3318 3280 sua.

2241 3331 2296 3385 5..
2341 3330 2448 3385 Sed
2495 3338 2551 3384 et
2599 3326 2727 3381 illttd
2789 3325 2946 3379 nobis
2997 3323 3159 3376 ltodie
3210 3321 3415 3372 lectum
3459 3327 3583 3377 est.
3625 3315 3732 3386 quia

2150 3423 2384 3491 Moyses
2417 3419 2628 3474 dederit
2661 3417 3029 3471 luereditatem
3065 3412 3401 3482 quibusdam
3436 3429 3449 3462 :
3485 3421 3605 3477 post
3642 3409 3734 3462 he:

2171 3531 2301 3570 vero
2349 3513 2565 3581 legitur,
2612 3511 2737 3580 quia
2778 3518 2833 3563 et
2879 3507 3036 3562 Jesus
3080 3503 3384 3559 secundum
3426 3511 3731 3570 praeceptum

2176 3607 2392 3662 Domini
2417 3603 2696 3659 distribuit
2727 3602 3122 3656 lucretlitatem.
3148 3599 3366 3652 Primus
3391 3610 3527 3666 ergo
3552 3595 3734 3663 Moyses

2173 3699 2540 3756 litereditatem
2599 3693 2913 3756 distribuit,
2971 3690 3242 3745 secumins
3314 3700 3508 3743 autem
3580 3685 3730 3740 Jesus.

2174 3793 2327 3848 Nunc
2361 3790 2577 3861 Moysen
2615 3787 2785 3856 legem
2835 3783 3088 3851 intellige.
3136 3780 3198 3835 lli
3242 3797 3378 3851 ergo
3429 3783 3523 3850 qui
3565 3796 3731 3834 secun-

2174 3885 2303 3939 dum
2351 3883 2520 3952 legem
2571 3880 2844 3942 vixerunt,
2880 3875 3035 3946 primi
3089 3885 3426 3943 acceperunt
3477 3875 3734 3928 haeredita-

2179 3987 2308 4041 tem,
2336 3976 2431 4029 sed
2463 3984 2614 4028 extra
2654 3982 2858 4027 terram
2896 3967 3358 4037 repromissionis.
3387 3967 3532 4021 Tum
3567 3967 3731 4021 deinde

2176 4084 2298 4124 eum
2328 4068 2668 4136 accepissent
2699 4073 2899 4118 terram
2931 4059 3292 4123 luereditatis,
3329 4074 3444 4112 non
3479 4075 3596 4114 eam
3629 4074 3732 4128 pos-

2177 4162 2359 4215 sident
2427 4173 2601 4228 neque
2653 4157 2901 4210 dividunt
2963 4153 3105 4206 inter
3148 4168 3241 4218 se,
3293 4153 3391 4206 sed
3439 4162 3731 4222 exspectant

2177 4266 2459 4321 usqueqno
2515 4251 2594 4304 eis
2647 4263 2742 4316 per
2802 4246 2985 4300 Jesum
3044 4243 3413 4298 distribuatur
3482 4246 3534 4300 in
3585 4255 3729 4299 sorte.

2178 4343 2366 4397 Nonne
2402 4341 2684 4395 evidenter
2727 4339 2831 4392 hoc
2870 4346 2954 4392 est
3001 4337 3143 4405 quod
3184 4336 3490 4405 Apostolus
3521 4337 3640 4390 dicit
3674 4335 3730 4387 ad

2178 4435 2464 4499 Hebraeos,
2517 4433 2763 4488 scribens
2814 4431 2882 4484 de
2929 4431 3206 4500 prioribus
3277 4431 3567 4498 patribus,
3611 4443 3732 4497 quos

497 4534 802 4590 universos.
838 4552 856 4586 ι
900 4534 966 4588 Ει
1005 4535 1118 4588 haec
1166 4543 1273 4595 est,
1326 4532 1500 4602 inquit
1532 4533 1598 4599 ²¹,
1637 4539 1801 4597 terra,
1835 4546 1952 4599 qua:
1979 4532 2070 4587 de-
2101 4539 2149 4595 ι)
2177 4529 2312 4582 dixit
2357 4528 2459 4580 fide
2497 4524 2767 4594 placuisse
2814 4521 2962 4576 Deo?
3014 4521 3079 4575 Et
3121 4521 3269 4574 addit
3325 4523 3519 4577 dicens
3544 4523 3582 4554 ³⁷
3611 4538 3626 4574 :
3656 4540 3673 4570 ι
3699 4520 3730 4570 li

501 4626 688 4681 relicta
713 4635 815 4692 est,
841 4641 1029 4681 omnes
1059 4627 1192 4682 ﬁnes
1227 4625 1585 4689 Philisthiim,
1627 4642 1644 4676 ι
1673 4633 1729 4678 ει
1755 4623 1860 4677 alia
1889 4639 2071 4692 quatu-

499 4719 727 4787 plurima
778 4734 895 4789 quae
947 4731 1268 4789 sequuntur.
1321 4718 1484 4772 Multa
1544 4718 1721 4772 adhuc
1779 4725 2073 4787 supersunt

501 4819 761 4880 quantum
791 4810 856 4866 ad
885 4811 1066 4865 nostra
1100 4820 1343 4880 tempora
1397 4819 1627 4878 spectat,
1657 4826 1777 4877 quae
1828 4810 2072 4863 videmus

501 4902 741 4957 nondum
777 4903 1002 4971 pedibus
1027 4900 1151 4956 Jesu
1197 4916 1317 4956 esse
1345 4903 1608 4971 subjecta,
1637 4916 1794 4970 quem
1850 4915 2075 4954 necesse

499 5000 583 5047 est
605 4991 682 5062 (9)
712 4992 896 5061 utique
919 4993 1098 5047 omnia
1127 4993 1392 5048 obtinere.
1423 4993 1608 5062 Neque
1634 4993 1779 5047 enim
1813 4993 1936 5046 ﬁnis
1958 5007 2078 5046 esse

499 5085 700 5154 poterit
722 5099 926 5149 rerum,
964 5085 1066 5139 nisi
1096 5084 1300 5140 fuerint
1327 5087 1375 5140 ei
1405 5087 1554 5154 prius
1582 5093 1778 5139 cuncta
1810 5084 2074 5154 subjecta.

503 5178 595 5234 Sic
623 5178 767 5234 enim
798 5186 853 5233 et
880 5176 1151 5247 Propheta
1202 5179 1329 5233 dicit
1364 5179 1426 5241 ",
1454 5178 1579 5248 quia
1615 5195 1634 5230 ι
1667 5192 1857 5232 omnes
1888 5187 2078 5247 gentes

500 5272 740 5331 servient
775 5270 856 5337 ei;
905 5288 925 5322 ι
962 5279 1017 5324 ει
1051 5269 1139 5322 ²³ε
1183 5289 1202 5323 ε
1235 5271 1278 5324 Α
1337 5270 1535 5327 ﬁnibus
1583 5270 1864 5326 ﬂuminum
1903 5285 2078 5340 usque

2179 4633 2356 4675 autem
2383 4632 2569 4672 omnes
2605 4615 2974 4670 testimonium
3008 4614 3270 4668 habentes
3300 4627 3401 4682 per
3430 4615 3586 4668 ﬁdem
3616 4629 3732 4666 nae-

2179 4715 2302 4769 dum
2333 4707 2614 4766 consecuti
2645 4717 2769 4761 sunt
2810 4705 3285 4774 repromissiones,
3322 4706 3436 4758 Deo
3471 4721 3565 4774 pro
3593 4703 3733 4756 nobis

2179 4806 2371 4860 melius
2421 4801 2534 4872 (10)
2583 4799 2791 4868 aliquid
2830 4798 3164 4867 providente,
3204 4798 3279 4850 ttti
3336 4813 3406 4849 ne
3452 4797 3564 4851 sine
3599 4796 3733 4847 nobis

2178 4898 2400 4970 perfecti
2435 4894 2799 4950 efﬁcerentur.
2823 4909 2841 4941 ι
2881 4889 3089 4943 Habent
3119 4889 3283 4957 igitur
3321 4888 3434 4957 jam
3468 4887 3733 4955 repromis-

2179 4992 2384 5047 sionem
2415 5003 2601 5052 suam,
2636 4995 2691 5041 et
2728 4981 3111 5053 requieverunt
3151 4978 3294 5049 (ll),
3335 4990 3390 5031 et
3439 4977 3572 5048 digni
3602 4975 3733 5045 judio

2181 5082 2287 5136 cati
2320 5090 2448 5136 sunt
2486 5094 2582 5148 per
2612 5077 2828 5148 Moysen
2862 5088 3058 5144 capere
3090 5071 3464 5125 hmreditatcm
3492 5087 3505 5122 :
3538 5083 3733 5121 verum-

2182 5185 2360 5228 tamen
2388 5171 2566 5225 adhuc
2598 5177 2652 5221 et
2686 5167 2786 5237 ipsi
2818 5171 3086 5236 pugnant,
3111 5172 3165 5215 et
3196 5162 3249 5214 in
3289 5160 3582 5216 certamine
3623 5166 3734 5210 sunt

2181 5281 2279 5338 pro
2307 5265 2373 5319 iis
2400 5262 2491 5332 qui
2527 5261 2628 5315 sub
2655 5256 2784 5313 Jesu
2821 5256 3077 5310 militant.
3111 5252 3221 5308 Sed
3258 5252 3490 5322 requiris
3514 5251 3602 5319 qui
3633 5248 3732 5302 sint

573 5414 617 5445 ¹⁹
659 5411 770 5468 .los.
804 5428 926 5476 xm,
957 5413 1010 5468 l.
1085 5413 1131 5444 ¹⁰
1159 5413 1177 5465 l
1205 5412 1330 5467 Cor.
1359 5428 1448 5477 xv,
1470 5413 1561 5466 25.
1639 5415 1682 5444 ¹¹
1713 5412 1824 5466 Jos.
1854 5428 1973 5476 xm,
1997 5413 2052 5466 9.
2131 5413 2174 5443 "
2202 5409 2344 5466 Psal.
2374 5420 2544 5469 Lxxtt,
2577 5403 2664 5456 ll.
2738 5400 2783 5431 ³³
2805 5397 2958 5464 ibid.,
2989 5397 3044 5463 8,
3075 5394 3129 5450 9.
3205 5394 3251 5425 “
3277 5393 3507 5462 Sophos.
3543 5384 3730 5450 111,10.

503 5484 550 5517 ³⁸
587 5483 698 5539 Jos.
744 5499 872 5550 xm,
901 5483 954 5538 6.
1032 5485 1078 5516 ⁸⁸
1116 5483 1258 5538 Psal.
1286 5499 1425 5548 t.vn,
1471 5484 1526 5540 6.

503 5629 834 5755 est(8)’Mss.,
876 5649 895 5682 ι
930 5628 1189 5699 scriptum
1215 5636 1319 5684 est.
1359 5645 1378 5678 ι
1410 5623 1566 5682 Libb.
1614 5626 1764 5692 editi,
1805 5643 1826 5678 ι
1871 5627 2075 5682 dictum

577 5769 652 5840 (9)
701 5771 851 5838 Mss.,
904 5790 922 5823 ‹
988 5786 1145 5840 quem
1193 5785 1414 5827 necesse
1473 5779 1578 5825 est.
1641 5792 1657 5824 ι
1702 5769 1859 5826 Libb.
1923 5768 2075 5834 editi,

515 5861 534 5893 ι
578 5856 695 5910 quae
729 5857 944 5897 necesse
971 5850 1072 5897 est.
1110 5861 1129 5894 ι
1469 5881 1474 5886 ι

1615 5484 1657 5515 ³⁷
1700 5482 1864 5539 Hebr.
1896 5498 1948 5537 ιι
1967 5525 1980 5549 ,
2006 5484 2094 5548 59,
2119 5482 2208 5537 40.

2258 5621 2371 5693 (l0)
2414 5619 2625 5693 Melius.
2659 5617 2822 5693 Deest
2868 5615 2920 5669 in
2958 5611 3086 5666 libb.
3118 5609 3300 5676 editis,
3343 5606 3433 5662 sed
3465 5603 3656 5674 legitur
3681 5600 3732 5655 in

2186 5687 2294 5750 nuo
2333 5687 2434 5748 ms.
2465 5687 2805 5745 Ebroicensi.

2257 5745 2301 5833 (1
2319 5745 2367 5830 l)
2411 5745 2568 5826 Mss,
2625 5779 2642 5812 ι
2680 5758 3083 5826 requieverunt.
3112 5769 3129 5802 ι
3179 5748 3336 5804 Libb.
3377 5745 3492 5803 editi
3536 5760 3554 5798 :

2192 5837 2432 5904 quirunt.
2461 5851 2478 5883 ο

3600 5756 3732 5796 (η’
