  <div class='ocr_page' id='page_1' title='image "/cluster/home/n/w/nwhite01/storage/ocr_20150623/12/hvd.32044019207638/458.png"; bbox 0 0 3874 6570; ppageno 0'>
   <div class='ocr_carea' id='block_1_1' title="bbox 239 358 344 416">
    <p class='ocr_par' dir='ltr' id='par_1_1' title="bbox 239 358 344 416">
     <span class='ocr_line' id='line_1_1' title="bbox 239 358 344 416; baseline 0 0"><span class='ocrx_word' id='word_1_1' title='bbox 239 358 344 416; x_wconf 74' lang='lat'><strong>009</strong></span> 
     </span>
    </p>
   </div>
   <div class='ocr_carea' id='block_1_2' title="bbox 1199 355 2565 436">
    <p class='ocr_par' dir='ltr' id='par_1_2' title="bbox 1199 355 2565 436">
     <span class='ocr_line' id='line_1_2' title="bbox 1199 355 2565 436; baseline 0.001 -24"><span class='ocrx_word' id='word_1_2' title='bbox 1199 356 1264 412; x_wconf 85' lang='lat' dir='ltr'><strong>IN</strong></span> <span class='ocrx_word' id='word_1_3' title='bbox 1304 355 1563 414; x_wconf 80' lang='lat' dir='ltr'><strong>LIBRUM</strong></span> <span class='ocrx_word' id='word_1_4' title='bbox 1597 356 1764 417; x_wconf 78' lang='lat' dir='ltr'><strong>JESU</strong></span> <span class='ocrx_word' id='word_1_5' title='bbox 1799 357 1986 414; x_wconf 83' lang='lat' dir='ltr'><strong>NAVE</strong></span> <span class='ocrx_word' id='word_1_6' title='bbox 2023 359 2309 417; x_wconf 82' lang='lat' dir='ltr'><strong>HOMILIA</strong></span> <span class='ocrx_word' id='word_1_7' title='bbox 2345 358 2509 416; x_wconf 85' lang='lat' dir='ltr'><strong>XVII.</strong></span> <span class='ocrx_word' id='word_1_8' title='bbox 2555 417 2565 436; x_wconf 42' lang='grc' dir='ltr'><em>ί</em></span> 
     </span>
    </p>
   </div>
   <div class='ocr_carea' id='block_1_3' title="bbox 3374 360 3478 418">
    <p class='ocr_par' dir='ltr' id='par_1_3' title="bbox 3374 360 3478 418">
     <span class='ocr_line' id='line_1_3' title="bbox 3374 360 3478 418; baseline 0.019 -3"><span class='ocrx_word' id='word_1_9' title='bbox 3374 360 3478 418; x_wconf 90' lang='lat' dir='ltr'><strong>9I0</strong></span> 
     </span>
    </p>
   </div>
   <div class='ocr_carea' id='block_1_4' title="bbox 245 445 3472 549">
    <p class='ocr_par' dir='ltr' id='par_1_4' title="bbox 245 445 3472 549">
     <span class='ocr_line' id='line_1_4' title="bbox 245 445 3472 549; baseline 0.002 -18"><span class='ocrx_word' id='word_1_10' title='bbox 245 475 334 532; x_wconf 90' lang='lat' dir='ltr'><strong>isti</strong></span> <span class='ocrx_word' id='word_1_11' title='bbox 375 475 465 544; x_wconf 90' lang='lat' dir='ltr'><strong>qui</strong></span> <span class='ocrx_word' id='word_1_12' title='bbox 499 481 756 546; x_wconf 85' lang='lat' dir='ltr'><strong>pugnant,</strong></span> <span class='ocrx_word' id='word_1_13' title='bbox 802 480 855 528; x_wconf 87' lang='lat' dir='ltr'><strong>et</strong></span> <span class='ocrx_word' id='word_1_14' title='bbox 899 488 1018 543; x_wconf 69' lang='lat' dir='ltr'><strong>quae</strong></span> <span class='ocrx_word' id='word_1_15' title='bbox 1057 483 1139 530; x_wconf 86' lang='lat' dir='ltr'><strong>est</strong></span> <span class='ocrx_word' id='word_1_16' title='bbox 1173 475 1260 530; x_wconf 89' lang='lat' dir='ltr'><strong>illa</strong></span> <span class='ocrx_word' id='word_1_17' title='bbox 1295 492 1473 547; x_wconf 87' lang='lat' dir='ltr'><strong>pugna</strong></span> <span class='ocrx_word' id='word_1_18' title='bbox 1519 493 1682 548; x_wconf 88' lang='lat' dir='ltr'><strong>quam</strong></span> <span class='ocrx_word' id='word_1_19' title='bbox 1735 478 1809 533; x_wconf 84' lang='lat' dir='ltr'><strong>illi</strong></span> <span class='ocrx_word' id='word_1_20' title='bbox 1837 482 1886 538; x_wconf 82' lang='grc' dir='ltr'><strong>Α</strong></span> <span class='ocrx_word' id='word_1_21' title='bbox 1912 480 2144 534; x_wconf 90' lang='lat' dir='ltr'><strong>veritate</strong></span> <span class='ocrx_word' id='word_1_22' title='bbox 2200 479 2517 535; x_wconf 77' lang='lat' dir='ltr'><strong>adorent&quot;.</strong></span> <span class='ocrx_word' id='word_1_23' title='bbox 2547 445 2662 541; x_wconf 47' lang='lat' dir='ltr'><strong>f-Sic</strong></span> <span class='ocrx_word' id='word_1_24' title='bbox 2714 491 2850 548; x_wconf 89' lang='lat' dir='ltr'><strong>ergo</strong></span> <span class='ocrx_word' id='word_1_25' title='bbox 2903 487 3166 549; x_wconf 58' lang='lat' dir='ltr'><strong>prasente</strong></span> <span class='ocrx_word' id='word_1_26' title='bbox 3222 479 3472 547; x_wconf 81' lang='lat' dir='ltr'><strong>veritate,</strong></span> 
     </span>
    </p>
   </div>
   <div class='ocr_carea' id='block_1_5' title="bbox 241 565 1808 640">
    <p class='ocr_par' dir='ltr' id='par_1_5' title="bbox 241 565 1808 640">
     <span class='ocr_line' id='line_1_5' title="bbox 241 565 1808 640; baseline 0.002 -18"><span class='ocrx_word' id='word_1_27' title='bbox 241 576 456 640; x_wconf 75' lang='lat' dir='ltr'><strong>gerunt.</strong></span> <span class='ocrx_word' id='word_1_28' title='bbox 495 565 608 637; x_wconf 85' lang='lat' dir='ltr'><strong>Ego</strong></span> <span class='ocrx_word' id='word_1_29' title='bbox 641 567 718 621; x_wconf 90' lang='lat' dir='ltr'><strong>sic</strong></span> <span class='ocrx_word' id='word_1_30' title='bbox 761 565 998 620; x_wconf 81' lang='lat' dir='ltr'><strong>arbitror</strong></span> <span class='ocrx_word' id='word_1_31' title='bbox 1028 570 1170 636; x_wconf 89' lang='lat' dir='ltr'><strong>quod</strong></span> <span class='ocrx_word' id='word_1_32' title='bbox 1199 583 1387 624; x_wconf 87' lang='lat' dir='ltr'><strong>omnes</strong></span> <span class='ocrx_word' id='word_1_33' title='bbox 1429 571 1503 624; x_wconf 87' lang='lat' dir='ltr'><strong>illi</strong></span> <span class='ocrx_word' id='word_1_34' title='bbox 1546 573 1637 640; x_wconf 85' lang='lat' dir='ltr'><strong>qui</strong></span> <span class='ocrx_word' id='word_1_35' title='bbox 1685 572 1808 626; x_wconf 90' lang='lat' dir='ltr'><strong>dor-</strong></span> 
     </span>
    </p>
   </div>
   <div class='ocr_carea' id='block_1_6' title="bbox 167 646 1811 731">
    <p class='ocr_par' dir='ltr' id='par_1_6' title="bbox 167 646 1811 731">
     <span class='ocr_line' id='line_1_6' title="bbox 167 646 1811 731; baseline 0 -14"><span class='ocrx_word' id='word_1_36' title='bbox 167 646 171 649; x_wconf 25' lang='lat'>.</span> <span class='ocrx_word' id='word_1_37' title='bbox 241 663 482 717; x_wconf 86' lang='lat' dir='ltr'><strong>mierunt</strong></span> <span class='ocrx_word' id='word_1_38' title='bbox 533 669 658 714; x_wconf 87' lang='lat' dir='ltr'><strong>ante</strong></span> <span class='ocrx_word' id='word_1_39' title='bbox 706 677 805 716; x_wconf 92' lang='lat' dir='ltr'><strong>nos</strong></span> <span class='ocrx_word' id='word_1_40' title='bbox 853 670 1069 730; x_wconf 88' lang='lat' dir='ltr'><strong>patres,</strong></span> <span class='ocrx_word' id='word_1_41' title='bbox 1121 671 1366 731; x_wconf 81' lang='lat' dir='ltr'><strong>pugnent</strong></span> <span class='ocrx_word' id='word_1_42' title='bbox 1419 661 1700 716; x_wconf 84' lang='lat' dir='ltr'><strong>nobiscum</strong></span> <span class='ocrx_word' id='word_1_43' title='bbox 1754 673 1811 717; x_wconf 90' lang='lat' dir='ltr'><strong>et</strong></span> 
     </span>
    </p>
   </div>
   <div class='ocr_carea' id='block_1_7' title="bbox 241 750 1808 823">
    <p class='ocr_par' dir='ltr' id='par_1_7' title="bbox 241 750 1808 823">
     <span class='ocr_line' id='line_1_7' title="bbox 241 750 1808 823; baseline -0.003 -14"><span class='ocrx_word' id='word_1_44' title='bbox 241 753 498 823; x_wconf 74' lang='lat' dir='ltr'><strong>adiuvent</strong></span> <span class='ocrx_word' id='word_1_45' title='bbox 548 765 645 805; x_wconf 91' lang='lat' dir='ltr'><strong>nos</strong></span> <span class='ocrx_word' id='word_1_46' title='bbox 678 751 1016 806; x_wconf 86' lang='lat' dir='ltr'><strong>orationibus</strong></span> <span class='ocrx_word' id='word_1_47' title='bbox 1053 750 1192 804; x_wconf 84' lang='lat' dir='ltr'><strong>suis.‘</strong></span> <span class='ocrx_word' id='word_1_48' title='bbox 1233 751 1308 804; x_wconf 89' lang='lat' dir='ltr'><strong>Ita</strong></span> <span class='ocrx_word' id='word_1_49' title='bbox 1359 766 1594 820; x_wconf 84' lang='lat' dir='ltr'><strong>namque</strong></span> <span class='ocrx_word' id='word_1_50' title='bbox 1643 752 1808 806; x_wconf 91' lang='lat' dir='ltr'><strong>etiam</strong></span> 
     </span>
    </p>
   </div>
   <div class='ocr_carea' id='block_1_8' title="bbox 245 841 1807 914">
    <p class='ocr_par' dir='ltr' id='par_1_8' title="bbox 245 841 1807 914">
     <span class='ocr_line' id='line_1_8' title="bbox 245 841 1807 914; baseline -0.003 -14"><span class='ocrx_word' id='word_1_51' title='bbox 245 846 530 914; x_wconf 86' lang='lat' dir='ltr'><strong>quemdam</strong></span> <span class='ocrx_word' id='word_1_52' title='bbox 561 844 628 898; x_wconf 88' lang='lat' dir='ltr'><strong>de</strong></span> <span class='ocrx_word' id='word_1_53' title='bbox 663 843 971 898; x_wconf 91' lang='lat' dir='ltr'><strong>senioribus</strong></span> <span class='ocrx_word' id='word_1_54' title='bbox 1015 841 1288 910; x_wconf 79' lang='lat' dir='ltr'><strong>magistris</strong></span> <span class='ocrx_word' id='word_1_55' title='bbox 1317 842 1500 896; x_wconf 85' lang='lat' dir='ltr'><strong>audivi</strong></span> <span class='ocrx_word' id='word_1_56' title='bbox 1538 843 1807 896; x_wconf 80' lang='lat' dir='ltr'><strong>dicentem</strong></span> 
     </span>
    </p>
   </div>
   <div class='ocr_carea' id='block_1_9' title="bbox 245 930 1806 1005">
    <p class='ocr_par' dir='ltr' id='par_1_9' title="bbox 245 930 1806 1005">
     <span class='ocr_line' id='line_1_9' title="bbox 245 930 1806 1005; baseline -0.004 -12"><span class='ocrx_word' id='word_1_57' title='bbox 245 939 299 994; x_wconf 90' lang='lat' dir='ltr'><strong>in</strong></span> <span class='ocrx_word' id='word_1_58' title='bbox 329 953 392 992; x_wconf 91' lang='lat' dir='ltr'><strong>eo</strong></span> <span class='ocrx_word' id='word_1_59' title='bbox 434 938 574 1003; x_wconf 89' lang='lat' dir='ltr'><strong>loco,</strong></span> <span class='ocrx_word' id='word_1_60' title='bbox 609 936 663 989; x_wconf 91' lang='lat' dir='ltr'><strong>in</strong></span> <span class='ocrx_word' id='word_1_61' title='bbox 692 951 799 1005; x_wconf 88' lang='lat' dir='ltr'><strong>quo</strong></span> <span class='ocrx_word' id='word_1_62' title='bbox 834 935 1090 1002; x_wconf 89' lang='lat' dir='ltr'><strong>scriptum</strong></span> <span class='ocrx_word' id='word_1_63' title='bbox 1124 944 1206 986; x_wconf 90' lang='lat' dir='ltr'><strong>est</strong></span> <span class='ocrx_word' id='word_1_64' title='bbox 1239 931 1290 984; x_wconf 92' lang='lat' dir='ltr'><strong>in</strong></span> <span class='ocrx_word' id='word_1_65' title='bbox 1330 930 1582 987; x_wconf 87' lang='lat' dir='ltr'><strong>Numeris</strong></span> <span class='ocrx_word' id='word_1_66' title='bbox 1607 933 1651 964; x_wconf 79' lang='grc'><strong>⁸⁸</strong></span> <span class='ocrx_word' id='word_1_67' title='bbox 1681 933 1806 1001; x_wconf 90' lang='lat' dir='ltr'><strong>quia</strong></span> 
     </span>
    </p>
   </div>
   <div class='ocr_carea' id='block_1_10' title="bbox 249 1024 1811 1097">
    <p class='ocr_par' dir='ltr' id='par_1_10' title="bbox 249 1024 1811 1097">
     <span class='ocr_line' id='line_1_10' title="bbox 249 1024 1811 1097; baseline -0.003 -15"><span class='ocrx_word' id='word_1_68' title='bbox 249 1048 269 1082; x_wconf 74' lang='grc' dir='ltr'><strong>ι</strong></span> <span class='ocrx_word' id='word_1_69' title='bbox 296 1028 530 1097; x_wconf 83' lang='lat' dir='ltr'><strong>ablinget</strong></span> <span class='ocrx_word' id='word_1_70' title='bbox 568 1040 840 1097; x_wconf 79' lang='lat' dir='ltr'><strong>synagoga</strong></span> <span class='ocrx_word' id='word_1_71' title='bbox 879 1024 966 1078; x_wconf 89' lang='lat' dir='ltr'><strong>illa</strong></span> <span class='ocrx_word' id='word_1_72' title='bbox 995 1044 1014 1076; x_wconf 78' lang='grc' dir='ltr'><strong>ι</strong></span> <span class='ocrx_word' id='word_1_73' title='bbox 1051 1024 1190 1076; x_wconf 89' lang='lat' dir='ltr'><strong>hanc</strong></span> <span class='ocrx_word' id='word_1_74' title='bbox 1230 1037 1585 1092; x_wconf 84' lang='lat' dir='ltr'><strong>synagogam.</strong></span> <span class='ocrx_word' id='word_1_75' title='bbox 1621 1043 1640 1074; x_wconf 87' lang='grc'><em>‹</em></span> <span class='ocrx_word' id='word_1_76' title='bbox 1671 1027 1811 1079; x_wconf 85' lang='lat' dir='ltr'><strong>sicut</strong></span> 
     </span>
    </p>
   </div>
   <div class='ocr_carea' id='block_1_11' title="bbox 243 1113 1810 1190">
    <p class='ocr_par' dir='ltr' id='par_1_11' title="bbox 243 1113 1810 1190">
     <span class='ocr_line' id='line_1_11' title="bbox 243 1113 1810 1190; baseline -0.004 -15"><span class='ocrx_word' id='word_1_77' title='bbox 243 1120 468 1190; x_wconf 87' lang='lat' dir='ltr'><strong>ablingit</strong></span> <span class='ocrx_word' id='word_1_78' title='bbox 494 1118 692 1172; x_wconf 80' lang='lat' dir='ltr'><strong>vitulus</strong></span> <span class='ocrx_word' id='word_1_79' title='bbox 719 1117 938 1170; x_wconf 79' lang='lat' dir='ltr'><strong>herbam</strong></span> <span class='ocrx_word' id='word_1_80' title='bbox 968 1115 1191 1168; x_wconf 82' lang='lat' dir='ltr'><strong>viridem</strong></span> <span class='ocrx_word' id='word_1_81' title='bbox 1220 1113 1272 1166; x_wconf 91' lang='lat' dir='ltr'><strong>in</strong></span> <span class='ocrx_word' id='word_1_82' title='bbox 1304 1128 1548 1182; x_wconf 67' lang='lat' dir='ltr'><strong>campo.)</strong></span> <span class='ocrx_word' id='word_1_83' title='bbox 1585 1115 1810 1169; x_wconf 88' lang='lat' dir='ltr'><strong>Dicebat</strong></span> 
     </span>
    </p>
   </div>
   <div class='ocr_carea' id='block_1_12' title="bbox 187 1204 1805 1280">
    <p class='ocr_par' dir='ltr' id='par_1_12' title="bbox 187 1204 1805 1280">
     <span class='ocr_line' id='line_1_12' title="bbox 187 1204 1805 1280; baseline -0.004 -14"><span class='ocrx_word' id='word_1_84' title='bbox 187 1206 194 1211; x_wconf 77' lang='grc'><em>’</em></span> <span class='ocrx_word' id='word_1_85' title='bbox 242 1209 624 1280; x_wconf 83' lang='lat' dir='ltr'><strong>ergo:Quare</strong></span> <span class='ocrx_word' id='word_1_86' title='bbox 674 1207 978 1276; x_wconf 72' lang='lat' dir='ltr'><strong>huiusmodi</strong></span> <span class='ocrx_word' id='word_1_87' title='bbox 1035 1204 1329 1260; x_wconf 88' lang='lat' dir='ltr'><strong>similitudo</strong></span> <span class='ocrx_word' id='word_1_88' title='bbox 1365 1216 1640 1275; x_wconf 90' lang='lat' dir='ltr'><strong>assumpta</strong></span> <span class='ocrx_word' id='word_1_89' title='bbox 1690 1217 1805 1273; x_wconf 91' lang='lat' dir='ltr'><strong>est,</strong></span> 
     </span>
    </p>
   </div>
   <div class='ocr_carea' id='block_1_13' title="bbox 245 1299 1810 1372">
    <p class='ocr_par' dir='ltr' id='par_1_13' title="bbox 245 1299 1810 1372">
     <span class='ocr_line' id='line_1_13' title="bbox 245 1299 1810 1372; baseline -0.003 -14"><span class='ocrx_word' id='word_1_90' title='bbox 245 1302 352 1358; x_wconf 88' lang='lat' dir='ltr'><strong>nisi</strong></span> <span class='ocrx_word' id='word_1_91' title='bbox 388 1303 514 1372; x_wconf 86' lang='lat' dir='ltr'><strong>quia</strong></span> <span class='ocrx_word' id='word_1_92' title='bbox 559 1301 660 1356; x_wconf 85' lang='lat' dir='ltr'><strong>hoc</strong></span> <span class='ocrx_word' id='word_1_93' title='bbox 708 1309 788 1354; x_wconf 88' lang='lat' dir='ltr'><strong>est</strong></span> <span class='ocrx_word' id='word_1_94' title='bbox 834 1301 973 1370; x_wconf 88' lang='lat' dir='ltr'><strong>quod</strong></span> <span class='ocrx_word' id='word_1_95' title='bbox 1030 1300 1434 1371; x_wconf 85' lang='lat' dir='ltr'><strong>intelligendum</strong></span> <span class='ocrx_word' id='word_1_96' title='bbox 1481 1308 1566 1354; x_wconf 92' lang='lat' dir='ltr'><strong>est</strong></span> <span class='ocrx_word' id='word_1_97' title='bbox 1600 1299 1652 1353; x_wconf 92' lang='lat' dir='ltr'><strong>in</strong></span> <span class='ocrx_word' id='word_1_98' title='bbox 1711 1301 1810 1354; x_wconf 88' lang='lat' dir='ltr'><strong>hoc</strong></span> 
     </span>
    </p>
   </div>
   <div class='ocr_carea' id='block_1_14' title="bbox 244 1389 1810 1464">
    <p class='ocr_par' dir='ltr' id='par_1_14' title="bbox 244 1389 1810 1464">
     <span class='ocr_line' id='line_1_14' title="bbox 244 1389 1810 1464; baseline -0.003 -15"><span class='ocrx_word' id='word_1_99' title='bbox 244 1393 388 1459; x_wconf 91' lang='lat' dir='ltr'><strong>loco,</strong></span> <span class='ocrx_word' id='word_1_100' title='bbox 412 1393 553 1464; x_wconf 90' lang='lat' dir='ltr'><strong>quod</strong></span> <span class='ocrx_word' id='word_1_101' title='bbox 585 1406 855 1463; x_wconf 75' lang='lat' dir='ltr'><strong>synagoga</strong></span> <span class='ocrx_word' id='word_1_102' title='bbox 890 1391 1123 1457; x_wconf 89' lang='lat' dir='ltr'><strong>Domini,</strong></span> <span class='ocrx_word' id='word_1_103' title='bbox 1155 1407 1274 1460; x_wconf 67' lang='lat' dir='ltr'><strong>quae</strong></span> <span class='ocrx_word' id='word_1_104' title='bbox 1311 1406 1411 1446; x_wconf 90' lang='lat' dir='ltr'><strong>nos</strong></span> <span class='ocrx_word' id='word_1_105' title='bbox 1440 1390 1720 1460; x_wconf 72' lang='lat' dir='ltr'><strong>prtecessit</strong></span> <span class='ocrx_word' id='word_1_106' title='bbox 1755 1389 1810 1444; x_wconf 91' lang='lat' dir='ltr'><strong>in</strong></span> 
     </span>
    </p>
   </div>
   <div class='ocr_carea' id='block_1_15' title="bbox 246 1483 1812 1555">
    <p class='ocr_par' dir='ltr' id='par_1_15' title="bbox 246 1483 1812 1555">
     <span class='ocr_line' id='line_1_15' title="bbox 246 1483 1812 1555; baseline -0.003 -14"><span class='ocrx_word' id='word_1_107' title='bbox 246 1487 476 1550; x_wconf 85' lang='lat' dir='ltr'><strong>sanctis,</strong></span> <span class='ocrx_word' id='word_1_108' title='bbox 515 1499 610 1539; x_wconf 93' lang='lat' dir='ltr'><strong>ore</strong></span> <span class='ocrx_word' id='word_1_109' title='bbox 637 1493 690 1539; x_wconf 92' lang='lat' dir='ltr'><strong>et</strong></span> <span class='ocrx_word' id='word_1_110' title='bbox 722 1483 900 1554; x_wconf 87' lang='lat' dir='ltr'><strong>lingua</strong></span> <span class='ocrx_word' id='word_1_111' title='bbox 937 1485 1207 1538; x_wconf 87' lang='lat' dir='ltr'><strong>consumit</strong></span> <span class='ocrx_word' id='word_1_112' title='bbox 1243 1484 1609 1539; x_wconf 86' lang='lat' dir='ltr'><strong>adversariam</strong></span> <span class='ocrx_word' id='word_1_113' title='bbox 1647 1498 1812 1555; x_wconf 89' lang='lat' dir='ltr'><strong>syna-</strong></span> 
     </span>
    </p>
   </div>
   <div class='ocr_carea' id='block_1_16' title="bbox 243 1575 1810 1647">
    <p class='ocr_par' dir='ltr' id='par_1_16' title="bbox 243 1575 1810 1647">
     <span class='ocr_line' id='line_1_16' title="bbox 243 1575 1810 1647; baseline 0.001 -16"><span class='ocrx_word' id='word_1_114' title='bbox 243 1592 464 1647; x_wconf 70' lang='lat' dir='ltr'><strong>gogam,</strong></span> <span class='ocrx_word' id='word_1_115' title='bbox 503 1577 555 1631; x_wconf 89' lang='lat' dir='ltr'><strong>id</strong></span> <span class='ocrx_word' id='word_1_116' title='bbox 589 1584 692 1639; x_wconf 91' lang='lat' dir='ltr'><strong>est,</strong></span> <span class='ocrx_word' id='word_1_117' title='bbox 723 1575 1058 1629; x_wconf 86' lang='lat' dir='ltr'><strong>orationibus</strong></span> <span class='ocrx_word' id='word_1_118' title='bbox 1093 1585 1147 1630; x_wconf 91' lang='lat' dir='ltr'><strong>et</strong></span> <span class='ocrx_word' id='word_1_119' title='bbox 1180 1576 1430 1644; x_wconf 86' lang='lat' dir='ltr'><strong>precibus</strong></span> <span class='ocrx_word' id='word_1_120' title='bbox 1468 1577 1810 1632; x_wconf 84' lang='lat' dir='ltr'><strong>adversarios</strong></span> 
     </span>
    </p>
   </div>
   <div class='ocr_carea' id='block_1_17' title="bbox 247 1665 1813 1738">
    <p class='ocr_par' dir='ltr' id='par_1_17' title="bbox 247 1665 1813 1738">
     <span class='ocr_line' id='line_1_17' title="bbox 247 1665 1813 1738; baseline -0.001 -15"><span class='ocrx_word' id='word_1_121' title='bbox 247 1678 465 1723; x_wconf 88' lang='lat' dir='ltr'><strong>nostros</strong></span> <span class='ocrx_word' id='word_1_122' title='bbox 495 1667 760 1722; x_wconf 86' lang='lat' dir='ltr'><strong>absumit?</strong></span> <span class='ocrx_word' id='word_1_123' title='bbox 805 1665 922 1722; x_wconf 83' lang='lat' dir='ltr'><strong>Non</strong></span> <span class='ocrx_word' id='word_1_124' title='bbox 957 1682 1086 1737; x_wconf 86' lang='lat' dir='ltr'><strong>ergo</strong></span> <span class='ocrx_word' id='word_1_125' title='bbox 1132 1667 1297 1722; x_wconf 90' lang='lat' dir='ltr'><strong>armis</strong></span> <span class='ocrx_word' id='word_1_126' title='bbox 1340 1668 1686 1738; x_wconf 88' lang='lat' dir='ltr'><strong>pugnandum</strong></span> <span class='ocrx_word' id='word_1_127' title='bbox 1729 1675 1813 1724; x_wconf 87' lang='lat' dir='ltr'><strong>est</strong></span> 
     </span>
    </p>
   </div>
   <div class='ocr_carea' id='block_1_18' title="bbox 245 1759 1810 1824">
    <p class='ocr_par' dir='ltr' id='par_1_18' title="bbox 245 1759 1810 1824">
     <span class='ocr_line' id='line_1_18' title="bbox 245 1759 1810 1824; baseline -0.003 -8"><span class='ocrx_word' id='word_1_128' title='bbox 245 1761 408 1816; x_wconf 89' lang='lat' dir='ltr'><strong>nobis</strong></span> <span class='ocrx_word' id='word_1_129' title='bbox 465 1759 752 1814; x_wconf 87' lang='lat' dir='ltr'><strong>adversum</strong></span> <span class='ocrx_word' id='word_1_130' title='bbox 811 1760 994 1813; x_wconf 89' lang='lat' dir='ltr'><strong>hostes</strong></span> <span class='ocrx_word' id='word_1_131' title='bbox 1060 1770 1275 1814; x_wconf 85' lang='lat' dir='ltr'><strong>nostros</strong></span> <span class='ocrx_word' id='word_1_132' title='bbox 1339 1759 1666 1824; x_wconf 78' lang='lat' dir='ltr'><strong>invisibiles,</strong></span> <span class='ocrx_word' id='word_1_133' title='bbox 1717 1762 1810 1815; x_wconf 90' lang='lat' dir='ltr'><strong>sed</strong></span> 
     </span>
    </p>
   </div>
   <div class='ocr_carea' id='block_1_19' title="bbox 1916 556 3536 640">
    <p class='ocr_par' dir='ltr' id='par_1_19' title="bbox 1916 556 3536 640">
     <span class='ocr_line' id='line_1_19' title="bbox 1916 556 3536 640; baseline 0.003 -18"><span class='ocrx_word' id='word_1_134' title='bbox 1916 575 2076 640; x_wconf 88' lang='lat' dir='ltr'><strong>typus</strong></span> <span class='ocrx_word' id='word_1_135' title='bbox 2101 577 2156 623; x_wconf 90' lang='lat' dir='ltr'><strong>et</strong></span> <span class='ocrx_word' id='word_1_136' title='bbox 2184 568 2371 623; x_wconf 91' lang='lat' dir='ltr'><strong>umbra</strong></span> <span class='ocrx_word' id='word_1_137' title='bbox 2402 570 2636 624; x_wconf 87' lang='lat' dir='ltr'><strong>cessavit</strong></span> <span class='ocrx_word' id='word_1_138' title='bbox 2663 571 2766 624; x_wconf 78' lang='lat' dir='ltr'><strong>:‘et</strong></span> <span class='ocrx_word' id='word_1_139' title='bbox 2802 585 2924 625; x_wconf 91' lang='lat' dir='ltr'><strong>cum</strong></span> <span class='ocrx_word' id='word_1_140' title='bbox 2957 571 3174 626; x_wconf 89' lang='lat' dir='ltr'><strong>adesset</strong></span> <span class='ocrx_word' id='word_1_141' title='bbox 3200 573 3477 640; x_wconf 87' lang='lat' dir='ltr'><strong>templum,</strong></span> <span class='ocrx_word' id='word_1_142' title='bbox 3531 556 3536 557; x_wconf 17' lang='grc' dir='ltr'>ί</span> 
     </span>
    </p>
   </div>
   <div class='ocr_carea' id='block_1_20' title="bbox 1913 659 3478 729">
    <p class='ocr_par' dir='ltr' id='par_1_20' title="bbox 1913 659 3478 729">
     <span class='ocr_line' id='line_1_20' title="bbox 1913 659 3478 729; baseline 0.003 -17"><span class='ocrx_word' id='word_1_143' title='bbox 1913 660 2055 728; x_wconf 92' lang='lat' dir='ltr'><strong>quod</strong></span> <span class='ocrx_word' id='word_1_144' title='bbox 2109 674 2204 729; x_wconf 91' lang='lat' dir='ltr'><strong>per</strong></span> <span class='ocrx_word' id='word_1_145' title='bbox 2257 659 2517 728; x_wconf 89' lang='lat' dir='ltr'><strong>Spiritum</strong></span> <span class='ocrx_word' id='word_1_146' title='bbox 2553 659 2647 714; x_wconf 88' lang='lat' dir='ltr'><strong>Dei</strong></span> <span class='ocrx_word' id='word_1_147' title='bbox 2687 669 2743 714; x_wconf 93' lang='lat' dir='ltr'><strong>et</strong></span> <span class='ocrx_word' id='word_1_148' title='bbox 2796 662 3051 717; x_wconf 89' lang='lat' dir='ltr'><strong>virtutem</strong></span> <span class='ocrx_word' id='word_1_149' title='bbox 3103 663 3366 718; x_wconf 87' lang='lat' dir='ltr'><strong>Altissimi</strong></span> <span class='ocrx_word' id='word_1_150' title='bbox 3423 666 3478 717; x_wconf 89' lang='lat' dir='ltr'><strong>in</strong></span> 
     </span>
    </p>
   </div>
   <div class='ocr_carea' id='block_1_21' title="bbox 1912 749 3477 822">
    <p class='ocr_par' dir='ltr' id='par_1_21' title="bbox 1912 749 3477 822">
     <span class='ocr_line' id='line_1_21' title="bbox 1912 749 3477 822; baseline 0.004 -20"><span class='ocrx_word' id='word_1_151' title='bbox 1912 757 2066 803; x_wconf 88' lang='lat' dir='ltr'><strong>utero</strong></span> <span class='ocrx_word' id='word_1_152' title='bbox 2094 750 2316 818; x_wconf 80' lang='lat' dir='ltr'><strong>virginis</strong></span> <span class='ocrx_word' id='word_1_153' title='bbox 2347 749 2670 806; x_wconf 83' lang='lat' dir='ltr'><strong>fabricatum</strong></span> <span class='ocrx_word' id='word_1_154' title='bbox 2699 759 2805 816; x_wconf 90' lang='lat' dir='ltr'><strong>est,</strong></span> <span class='ocrx_word' id='word_1_155' title='bbox 2835 752 3072 807; x_wconf 91' lang='lat' dir='ltr'><strong>dirutum</strong></span> <span class='ocrx_word' id='word_1_156' title='bbox 3106 763 3191 810; x_wconf 88' lang='lat' dir='ltr'><strong>est</strong></span> <span class='ocrx_word' id='word_1_157' title='bbox 3223 755 3477 822; x_wconf 90' lang='lat' dir='ltr'><strong>templum</strong></span> 
     </span>
    </p>
   </div>
   <div class='ocr_carea' id='block_1_22' title="bbox 1912 841 3474 916">
    <p class='ocr_par' dir='ltr' id='par_1_22' title="bbox 1912 841 3474 916">
     <span class='ocr_line' id='line_1_22' title="bbox 1912 841 3474 916; baseline 0.004 -20"><span class='ocrx_word' id='word_1_158' title='bbox 1912 855 1978 896; x_wconf 90' lang='lat' dir='ltr'><strong>ex</strong></span> <span class='ocrx_word' id='word_1_159' title='bbox 2014 841 2284 910; x_wconf 88' lang='lat' dir='ltr'><strong>lapidibus</strong></span> <span class='ocrx_word' id='word_1_160' title='bbox 2333 841 2680 899; x_wconf 87' lang='lat' dir='ltr'><strong>fabricatum.</strong></span> <span class='ocrx_word' id='word_1_161' title='bbox 2723 845 2925 900; x_wconf 88' lang='lat' dir='ltr'><strong>Aderat</strong></span> <span class='ocrx_word' id='word_1_162' title='bbox 2972 848 3213 916; x_wconf 66' lang='lat' dir='ltr'><strong>pontifex</strong></span> <span class='ocrx_word' id='word_1_163' title='bbox 3263 849 3474 903; x_wconf 89' lang='lat' dir='ltr'><strong>futuro-</strong></span> 
     </span>
    </p>
   </div>
   <div class='ocr_carea' id='block_1_23' title="bbox 1915 931 3476 1005">
    <p class='ocr_par' dir='ltr' id='par_1_23' title="bbox 1915 931 3476 1005">
     <span class='ocr_line' id='line_1_23' title="bbox 1915 931 3476 1005; baseline 0.004 -20"><span class='ocrx_word' id='word_1_164' title='bbox 1915 947 2032 986; x_wconf 89' lang='lat' dir='ltr'><strong>rum</strong></span> <span class='ocrx_word' id='word_1_165' title='bbox 2082 932 2370 987; x_wconf 88' lang='lat' dir='ltr'><strong>bonorum.</strong></span> <span class='ocrx_word' id='word_1_166' title='bbox 2418 931 2783 988; x_wconf 86' lang='lat' dir='ltr'><strong>Cessaverunt</strong></span> <span class='ocrx_word' id='word_1_167' title='bbox 2831 935 2943 1004; x_wconf 87' lang='lat' dir='ltr'><strong>(l6)</strong></span> <span class='ocrx_word' id='word_1_168' title='bbox 2975 938 3259 1005; x_wconf 82' lang='lat' dir='ltr'><strong>pontiﬁces</strong></span> <span class='ocrx_word' id='word_1_169' title='bbox 3293 947 3476 992; x_wconf 89' lang='lat' dir='ltr'><strong>tauro-</strong></span> 
     </span>
    </p>
   </div>
   <div class='ocr_carea' id='block_1_24' title="bbox 1915 1023 3479 1101">
    <p class='ocr_par' dir='ltr' id='par_1_24' title="bbox 1915 1023 3479 1101">
     <span class='ocr_line' id='line_1_24' title="bbox 1915 1023 3479 1101; baseline 0.006 -24"><span class='ocrx_word' id='word_1_170' title='bbox 1915 1039 2033 1077; x_wconf 93' lang='lat' dir='ltr'><strong>rum</strong></span> <span class='ocrx_word' id='word_1_171' title='bbox 2073 1031 2129 1078; x_wconf 92' lang='lat' dir='ltr'><strong>et</strong></span> <span class='ocrx_word' id='word_1_172' title='bbox 2164 1023 2460 1078; x_wconf 88' lang='lat' dir='ltr'><strong>hircorum.</strong></span> <span class='ocrx_word' id='word_1_173' title='bbox 2495 1025 2658 1080; x_wconf 84' lang='lat' dir='ltr'><strong>Venit</strong></span> <span class='ocrx_word' id='word_1_174' title='bbox 2681 1025 2866 1097; x_wconf 85' lang='lat' dir='ltr'><strong>Agnus</strong></span> <span class='ocrx_word' id='word_1_175' title='bbox 2902 1028 3017 1095; x_wconf 90' lang='lat' dir='ltr'><strong>Dei,</strong></span> <span class='ocrx_word' id='word_1_176' title='bbox 3043 1029 3134 1098; x_wconf 89' lang='lat' dir='ltr'><strong>qui</strong></span> <span class='ocrx_word' id='word_1_177' title='bbox 3165 1030 3306 1101; x_wconf 81' lang='lat' dir='ltr'><strong>tollit</strong></span> <span class='ocrx_word' id='word_1_178' title='bbox 3352 1045 3479 1099; x_wconf 88' lang='lat' dir='ltr'><strong>pec-</strong></span> 
     </span>
    </p>
   </div>
   <div class='ocr_carea' id='block_1_25' title="bbox 1912 1117 3480 1190">
    <p class='ocr_par' dir='ltr' id='par_1_25' title="bbox 1912 1117 3480 1190">
     <span class='ocr_line' id='line_1_25' title="bbox 1912 1117 3480 1190; baseline 0.003 -18"><span class='ocrx_word' id='word_1_179' title='bbox 1912 1126 2091 1172; x_wconf 91' lang='lat' dir='ltr'><strong>catum</strong></span> <span class='ocrx_word' id='word_1_180' title='bbox 2128 1117 2310 1171; x_wconf 89' lang='lat' dir='ltr'><strong>mundi</strong></span> <span class='ocrx_word' id='word_1_181' title='bbox 2339 1117 2382 1148; x_wconf 78' lang='grc'>³³</span> <span class='ocrx_word' id='word_1_182' title='bbox 2409 1157 2424 1181; x_wconf 86' lang='grc'><strong>,</strong></span> <span class='ocrx_word' id='word_1_183' title='bbox 2471 1118 2679 1174; x_wconf 89' lang='lat' dir='ltr'><strong>destitit</strong></span> <span class='ocrx_word' id='word_1_184' title='bbox 2723 1135 2893 1190; x_wconf 87' lang='lat' dir='ltr'><strong>agnus</strong></span> <span class='ocrx_word' id='word_1_185' title='bbox 2939 1135 3003 1175; x_wconf 88' lang='lat' dir='ltr'><strong>ex</strong></span> <span class='ocrx_word' id='word_1_186' title='bbox 3053 1123 3346 1190; x_wconf 91' lang='lat' dir='ltr'><strong>pecudibus</strong></span> <span class='ocrx_word' id='word_1_187' title='bbox 3391 1137 3480 1178; x_wconf 90' lang='lat' dir='ltr'><strong>as-</strong></span> 
     </span>
    </p>
   </div>
   <div class='ocr_carea' id='block_1_26' title="bbox 1913 1210 3473 1290">
    <p class='ocr_par' dir='ltr' id='par_1_26' title="bbox 1913 1210 3473 1290">
     <span class='ocr_line' id='line_1_26' title="bbox 1913 1210 3473 1290; baseline 0.003 -28"><span class='ocrx_word' id='word_1_188' title='bbox 1913 1219 2160 1278; x_wconf 83' lang='lat' dir='ltr'><strong>sumptus</strong></span> <span class='ocrx_word' id='word_1_189' title='bbox 2190 1219 2246 1263; x_wconf 86' lang='lat' dir='ltr'><strong>et</strong></span> <span class='ocrx_word' id='word_1_190' title='bbox 2279 1210 2646 1278; x_wconf 88' lang='lat' dir='ltr'><strong>nequidquam</strong></span> <span class='ocrx_word' id='word_1_191' title='bbox 2681 1219 2757 1290; x_wconf 85' lang='lat' dir='ltr'><strong>tot</strong></span> <span class='ocrx_word' id='word_1_192' title='bbox 2793 1212 3002 1267; x_wconf 65' lang='lat' dir='ltr'><strong>smculis</strong></span> <span class='ocrx_word' id='word_1_193' title='bbox 3028 1213 3305 1282; x_wconf 72' lang='lat' dir='ltr'><strong>iugulatus</strong></span> <span class='ocrx_word' id='word_1_194' title='bbox 3336 1213 3473 1285; x_wconf 84' lang='lat' dir='ltr'><strong>(l7).</strong></span> 
     </span>
    </p>
   </div>
   <div class='ocr_carea' id='block_1_27' title="bbox 1913 1297 3476 1371">
    <p class='ocr_par' dir='ltr' id='par_1_27' title="bbox 1913 1297 3476 1371">
     <span class='ocr_line' id='line_1_27' title="bbox 1913 1297 3476 1371; baseline 0.006 -22"><span class='ocrx_word' id='word_1_195' title='bbox 1913 1297 2081 1365; x_wconf 85' lang='lat' dir='ltr'><strong>Igitur</strong></span> <span class='ocrx_word' id='word_1_196' title='bbox 2110 1299 2154 1352; x_wconf 90' lang='lat' dir='ltr'><strong>si</strong></span> <span class='ocrx_word' id='word_1_197' title='bbox 2203 1299 2318 1354; x_wconf 66' lang='lat' dir='ltr'><strong>haec</strong></span> <span class='ocrx_word' id='word_1_198' title='bbox 2359 1299 2538 1353; x_wconf 89' lang='lat' dir='ltr'><strong>omnia</strong></span> <span class='ocrx_word' id='word_1_199' title='bbox 2583 1315 2702 1368; x_wconf 61' lang='lat' dir='ltr'><strong>quas</strong></span> <span class='ocrx_word' id='word_1_200' title='bbox 2733 1300 2784 1354; x_wconf 89' lang='lat' dir='ltr'><strong>in</strong></span> <span class='ocrx_word' id='word_1_201' title='bbox 2817 1302 3004 1354; x_wconf 89' lang='lat' dir='ltr'><strong>umbra</strong></span> <span class='ocrx_word' id='word_1_202' title='bbox 3043 1303 3313 1371; x_wconf 89' lang='lat' dir='ltr'><strong>prioribus</strong></span> <span class='ocrx_word' id='word_1_203' title='bbox 3348 1306 3476 1359; x_wconf 89' lang='lat' dir='ltr'><strong>data</strong></span> 
     </span>
    </p>
   </div>
   <div class='ocr_carea' id='block_1_28' title="bbox 1913 1391 3483 1463">
    <p class='ocr_par' dir='ltr' id='par_1_28' title="bbox 1913 1391 3483 1463">
     <span class='ocr_line' id='line_1_28' title="bbox 1913 1391 3483 1463; baseline 0.001 -17"><span class='ocrx_word' id='word_1_204' title='bbox 1913 1391 2146 1456; x_wconf 85' lang='lat' dir='ltr'><strong>fuerant,</strong></span> <span class='ocrx_word' id='word_1_205' title='bbox 2184 1403 2452 1462; x_wconf 56' lang='lat' dir='ltr'><strong>prasente</strong></span> <span class='ocrx_word' id='word_1_206' title='bbox 2489 1403 2542 1448; x_wconf 90' lang='lat' dir='ltr'><strong>et</strong></span> <span class='ocrx_word' id='word_1_207' title='bbox 2583 1396 2869 1450; x_wconf 88' lang='lat' dir='ltr'><strong>assistente</strong></span> <span class='ocrx_word' id='word_1_208' title='bbox 2907 1395 3131 1450; x_wconf 84' lang='lat' dir='ltr'><strong>veritate</strong></span> <span class='ocrx_word' id='word_1_209' title='bbox 3176 1404 3483 1463; x_wconf 83' lang='lat' dir='ltr'><strong>cessarunt,</strong></span> 
     </span>
    </p>
   </div>
   <div class='ocr_carea' id='block_1_29' title="bbox 1913 1485 3486 1557">
    <p class='ocr_par' dir='ltr' id='par_1_29' title="bbox 1913 1485 3486 1557">
     <span class='ocr_line' id='line_1_29' title="bbox 1913 1485 3486 1557; baseline 0.001 -19"><span class='ocrx_word' id='word_1_210' title='bbox 1913 1500 2251 1554; x_wconf 90' lang='lat' dir='ltr'><strong>consequens</strong></span> <span class='ocrx_word' id='word_1_211' title='bbox 2299 1485 2416 1539; x_wconf 89' lang='lat' dir='ltr'><strong>sine</strong></span> <span class='ocrx_word' id='word_1_212' title='bbox 2461 1486 2625 1541; x_wconf 90' lang='lat' dir='ltr'><strong>dubio</strong></span> <span class='ocrx_word' id='word_1_213' title='bbox 2678 1497 2796 1542; x_wconf 86' lang='lat' dir='ltr'><strong>erat</strong></span> <span class='ocrx_word' id='word_1_214' title='bbox 2844 1498 2932 1552; x_wconf 92' lang='lat' dir='ltr'><strong>ut,</strong></span> <span class='ocrx_word' id='word_1_215' title='bbox 2978 1486 3293 1541; x_wconf 71' lang='lat' dir='ltr'><strong>inmeditate</strong></span> <span class='ocrx_word' id='word_1_216' title='bbox 3333 1487 3486 1557; x_wconf 87' lang='lat' dir='ltr'><strong>regni</strong></span> 
     </span>
    </p>
   </div>
   <div class='ocr_carea' id='block_1_30' title="bbox 1912 1576 3482 1647">
    <p class='ocr_par' dir='ltr' id='par_1_30' title="bbox 1912 1576 3482 1647">
     <span class='ocr_line' id='line_1_30' title="bbox 1912 1576 3482 1647; baseline 0.001 -16"><span class='ocrx_word' id='word_1_217' title='bbox 1912 1576 2173 1631; x_wconf 72' lang='lat' dir='ltr'><strong>caelorum</strong></span> <span class='ocrx_word' id='word_1_218' title='bbox 2243 1579 2507 1647; x_wconf 88' lang='lat' dir='ltr'><strong>patefacta</strong></span> <span class='ocrx_word' id='word_1_219' title='bbox 2535 1621 2550 1646; x_wconf 84' lang='lat'><strong>,</strong></span> <span class='ocrx_word' id='word_1_220' title='bbox 2605 1580 2890 1634; x_wconf 67' lang='lat' dir='ltr'><strong>btereditas</strong></span> <span class='ocrx_word' id='word_1_221' title='bbox 2955 1590 3164 1634; x_wconf 87' lang='lat' dir='ltr'><strong>terrena</strong></span> <span class='ocrx_word' id='word_1_222' title='bbox 3225 1588 3482 1634; x_wconf 88' lang='lat' dir='ltr'><strong>cessaret.</strong></span> 
     </span>
    </p>
   </div>
   <div class='ocr_carea' id='block_1_31' title="bbox 1911 1665 3490 1742">
    <p class='ocr_par' dir='ltr' id='par_1_31' title="bbox 1911 1665 3490 1742">
     <span class='ocr_line' id='line_1_31' title="bbox 1911 1665 3490 1742; baseline 0.004 -23"><span class='ocrx_word' id='word_1_223' title='bbox 1911 1665 2068 1719; x_wconf 80' lang='lat' dir='ltr'><strong>Ratio</strong></span> <span class='ocrx_word' id='word_1_224' title='bbox 2093 1674 2271 1720; x_wconf 89' lang='lat' dir='ltr'><strong>autem</strong></span> <span class='ocrx_word' id='word_1_225' title='bbox 2315 1684 2419 1736; x_wconf 87' lang='lat' dir='ltr'><strong>qua</strong></span> <span class='ocrx_word' id='word_1_226' title='bbox 2461 1671 2572 1723; x_wconf 58' lang='lat' dir='ltr'><strong>haec</strong></span> <span class='ocrx_word' id='word_1_227' title='bbox 2607 1679 2800 1724; x_wconf 87' lang='lat' dir='ltr'><strong>cuncta</strong></span> <span class='ocrx_word' id='word_1_228' title='bbox 2839 1670 3171 1734; x_wconf 88' lang='lat' dir='ltr'><strong>desinerent,</strong></span> <span class='ocrx_word' id='word_1_229' title='bbox 3204 1670 3290 1724; x_wconf 91' lang='lat' dir='ltr'><strong>illa</strong></span> <span class='ocrx_word' id='word_1_230' title='bbox 3321 1670 3490 1742; x_wconf 60' lang='lat' dir='ltr'><strong>A38</strong></span> 
     </span>
    </p>
   </div>
   <div class='ocr_carea' id='block_1_32' title="bbox 1910 1759 3488 1825">
    <p class='ocr_par' dir='ltr' id='par_1_32' title="bbox 1910 1759 3488 1825">
     <span class='ocr_line' id='line_1_32' title="bbox 1910 1759 3488 1825; baseline 0.004 -14"><span class='ocrx_word' id='word_1_231' title='bbox 1910 1768 2015 1821; x_wconf 89' lang='lat' dir='ltr'><strong>est,</strong></span> <span class='ocrx_word' id='word_1_232' title='bbox 2047 1766 2105 1811; x_wconf 92' lang='lat' dir='ltr'><strong>ut</strong></span> <span class='ocrx_word' id='word_1_233' title='bbox 2133 1774 2294 1811; x_wconf 88' lang='lat' dir='ltr'><strong>omne</strong></span> <span class='ocrx_word' id='word_1_234' title='bbox 2344 1774 2406 1812; x_wconf 91' lang='lat' dir='ltr'><strong>os</strong></span> <span class='ocrx_word' id='word_1_235' title='bbox 2452 1759 2785 1825; x_wconf 88' lang='lat' dir='ltr'><strong>obstrnatur,</strong></span> <span class='ocrx_word' id='word_1_236' title='bbox 2817 1769 2871 1814; x_wconf 88' lang='lat' dir='ltr'><strong>et</strong></span> <span class='ocrx_word' id='word_1_237' title='bbox 2901 1761 3149 1814; x_wconf 88' lang='lat' dir='ltr'><strong>subditus</strong></span> <span class='ocrx_word' id='word_1_238' title='bbox 3191 1759 3281 1815; x_wconf 89' lang='lat' dir='ltr'><strong>ﬁat</strong></span> <span class='ocrx_word' id='word_1_239' title='bbox 3312 1760 3488 1817; x_wconf 78' lang='lat' dir='ltr'><strong>omnis</strong></span> 
     </span>
    </p>
   </div>
   <div class='ocr_carea' id='block_1_33' title="bbox 241 1823 3478 1919">
    <p class='ocr_par' dir='ltr' id='par_1_33' title="bbox 241 1823 3478 1919">
     <span class='ocr_line' id='line_1_33' title="bbox 241 1823 3478 1919; baseline 0.001 -12"><span class='ocrx_word' id='word_1_240' title='bbox 241 1851 607 1916; x_wconf 82' lang='lat' dir='ltr'><strong>orationibus,</strong></span> <span class='ocrx_word' id='word_1_241' title='bbox 635 1859 690 1904; x_wconf 92' lang='lat' dir='ltr'><strong>et</strong></span> <span class='ocrx_word' id='word_1_242' title='bbox 721 1850 870 1904; x_wconf 90' lang='lat' dir='ltr'><strong>verbi</strong></span> <span class='ocrx_word' id='word_1_243' title='bbox 904 1850 992 1903; x_wconf 91' lang='lat' dir='ltr'><strong>Dei</strong></span> <span class='ocrx_word' id='word_1_244' title='bbox 1037 1851 1498 1916; x_wconf 87' lang='lat' dir='ltr'><strong>meditationibus,</strong></span> <span class='ocrx_word' id='word_1_245' title='bbox 1525 1862 1580 1905; x_wconf 91' lang='lat' dir='ltr'><strong>et</strong></span> <span class='ocrx_word' id='word_1_246' title='bbox 1620 1853 1809 1919; x_wconf 86' lang='lat' dir='ltr'><strong>operi-</strong></span> <span class='ocrx_word' id='word_1_247' title='bbox 1844 1823 1885 1876; x_wconf 78' lang='grc' dir='ltr'><strong>Β</strong></span> <span class='ocrx_word' id='word_1_248' title='bbox 1918 1846 2149 1900; x_wconf 87' lang='lat' dir='ltr'><strong>mundus</strong></span> <span class='ocrx_word' id='word_1_249' title='bbox 2184 1845 2314 1910; x_wconf 88' lang='lat' dir='ltr'><strong>Deo,</strong></span> <span class='ocrx_word' id='word_1_250' title='bbox 2368 1861 2437 1900; x_wconf 91' lang='lat' dir='ltr'><strong>ne</strong></span> <span class='ocrx_word' id='word_1_251' title='bbox 2486 1846 2575 1914; x_wconf 92' lang='lat' dir='ltr'><strong>qui</strong></span> <span class='ocrx_word' id='word_1_252' title='bbox 2623 1834 2759 1899; x_wconf 84' lang='lat' dir='ltr'><strong>forte</strong></span> <span class='ocrx_word' id='word_1_253' title='bbox 2808 1861 2875 1900; x_wconf 83' lang='lat' dir='ltr'><strong>ex</strong></span> <span class='ocrx_word' id='word_1_254' title='bbox 2931 1847 3211 1901; x_wconf 89' lang='lat' dir='ltr'><strong>incredulo</strong></span> <span class='ocrx_word' id='word_1_255' title='bbox 3259 1847 3478 1916; x_wconf 71' lang='lat' dir='ltr'><strong>populo,</strong></span> 
     </span>
    </p>
   </div>
   <div class='ocr_carea' id='block_1_34' title="bbox 241 1931 1813 2004">
    <p class='ocr_par' dir='ltr' id='par_1_34' title="bbox 241 1931 1813 2004">
     <span class='ocr_line' id='line_1_34' title="bbox 241 1931 1813 2004; baseline 0 -8"><span class='ocrx_word' id='word_1_256' title='bbox 241 1940 372 2004; x_wconf 85' lang='lat' dir='ltr'><strong>bus,</strong></span> <span class='ocrx_word' id='word_1_257' title='bbox 406 1956 469 1994; x_wconf 87' lang='lat' dir='ltr'><strong>ac</strong></span> <span class='ocrx_word' id='word_1_258' title='bbox 515 1941 764 1995; x_wconf 90' lang='lat' dir='ltr'><strong>sensibus</strong></span> <span class='ocrx_word' id='word_1_259' title='bbox 812 1942 996 1994; x_wconf 88' lang='lat' dir='ltr'><strong>rectis.</strong></span> <span class='ocrx_word' id='word_1_260' title='bbox 1031 1931 1141 1994; x_wconf 36' lang='lat' dir='ltr'><strong>&#39;Sic</strong></span> <span class='ocrx_word' id='word_1_261' title='bbox 1187 1941 1329 1995; x_wconf 89' lang='lat' dir='ltr'><strong>enim</strong></span> <span class='ocrx_word' id='word_1_262' title='bbox 1379 1942 1732 1996; x_wconf 84' lang='lat' dir='ltr'><strong>armabantur</strong></span> <span class='ocrx_word' id='word_1_263' title='bbox 1759 1952 1813 1996; x_wconf 91' lang='lat' dir='ltr'><strong>et</strong></span> 
     </span>
    </p>
   </div>
   <div class='ocr_carea' id='block_1_35' title="bbox 243 2031 1810 2103">
    <p class='ocr_par' dir='ltr' id='par_1_35' title="bbox 243 2031 1810 2103">
     <span class='ocr_line' id='line_1_35' title="bbox 243 2031 1810 2103; baseline 0.001 -17"><span class='ocrx_word' id='word_1_264' title='bbox 243 2041 456 2101; x_wconf 85' lang='lat' dir='ltr'><strong>patres,</strong></span> <span class='ocrx_word' id='word_1_265' title='bbox 499 2031 600 2085; x_wconf 90' lang='lat' dir='ltr'><strong>ﬁde</strong></span> <span class='ocrx_word' id='word_1_266' title='bbox 647 2041 703 2085; x_wconf 88' lang='lat' dir='ltr'><strong>et</strong></span> <span class='ocrx_word' id='word_1_267' title='bbox 761 2031 1017 2100; x_wconf 89' lang='lat' dir='ltr'><strong>operibus</strong></span> <span class='ocrx_word' id='word_1_268' title='bbox 1068 2032 1366 2086; x_wconf 87' lang='lat' dir='ltr'><strong>vincentes.</strong></span> <span class='ocrx_word' id='word_1_269' title='bbox 1393 2033 1527 2087; x_wconf 73' lang='lat' dir='ltr'><strong>Vide</strong></span> <span class='ocrx_word' id='word_1_270' title='bbox 1576 2033 1810 2103; x_wconf 90' lang='lat' dir='ltr'><strong>denique</strong></span> 
     </span>
    </p>
   </div>
   <div class='ocr_carea' id='block_1_36' title="bbox 250 2121 1812 2191">
    <p class='ocr_par' dir='ltr' id='par_1_36' title="bbox 250 2121 1812 2191">
     <span class='ocr_line' id='line_1_36' title="bbox 250 2121 1812 2191; baseline 0 -15"><span class='ocrx_word' id='word_1_271' title='bbox 250 2122 382 2191; x_wconf 88' lang='lat' dir='ltr'><strong>quia</strong></span> <span class='ocrx_word' id='word_1_272' title='bbox 416 2121 495 2176; x_wconf 90' lang='lat' dir='ltr'><strong>sic</strong></span> <span class='ocrx_word' id='word_1_273' title='bbox 550 2121 808 2190; x_wconf 90' lang='lat' dir='ltr'><strong>scriptum</strong></span> <span class='ocrx_word' id='word_1_274' title='bbox 845 2131 930 2175; x_wconf 89' lang='lat' dir='ltr'><strong>est</strong></span> <span class='ocrx_word' id='word_1_275' title='bbox 977 2121 1043 2176; x_wconf 89' lang='lat' dir='ltr'><strong>de</strong></span> <span class='ocrx_word' id='word_1_276' title='bbox 1076 2123 1193 2175; x_wconf 91' lang='lat' dir='ltr'><strong>eis:</strong></span> <span class='ocrx_word' id='word_1_277' title='bbox 1241 2139 1260 2173; x_wconf 85' lang='grc'><strong>‹</strong></span> <span class='ocrx_word' id='word_1_278' title='bbox 1290 2121 1684 2187; x_wconf 82' lang='lat' dir='ltr'><strong>Crediderunt,</strong></span> <span class='ocrx_word' id='word_1_279' title='bbox 1733 2127 1812 2176; x_wconf 88' lang='lat' dir='ltr'><strong>in-</strong></span> 
     </span>
    </p>
   </div>
   <div class='ocr_carea' id='block_1_37' title="bbox 241 2212 1814 2284">
    <p class='ocr_par' dir='ltr' id='par_1_37' title="bbox 241 2212 1814 2284">
     <span class='ocr_line' id='line_1_37' title="bbox 241 2212 1814 2284; baseline -0.001 -16"><span class='ocrx_word' id='word_1_280' title='bbox 241 2217 368 2284; x_wconf 88' lang='lat' dir='ltr'><strong>quit</strong></span> <span class='ocrx_word' id='word_1_281' title='bbox 390 2214 456 2280; x_wconf 82' lang='lat'><strong>“,</strong></span> <span class='ocrx_word' id='word_1_282' title='bbox 499 2213 630 2278; x_wconf 89' lang='lat' dir='ltr'><strong>Deo,</strong></span> <span class='ocrx_word' id='word_1_283' title='bbox 662 2223 716 2268; x_wconf 87' lang='lat' dir='ltr'><strong>et</strong></span> <span class='ocrx_word' id='word_1_284' title='bbox 752 2212 918 2284; x_wconf 83' lang='lat' dir='ltr'><strong>Moysi</strong></span> <span class='ocrx_word' id='word_1_285' title='bbox 966 2212 1164 2267; x_wconf 88' lang='lat' dir='ltr'><strong>famulo</strong></span> <span class='ocrx_word' id='word_1_286' title='bbox 1204 2212 1339 2280; x_wconf 91' lang='lat' dir='ltr'><strong>ejus.</strong></span> <span class='ocrx_word' id='word_1_287' title='bbox 1367 2232 1384 2262; x_wconf 72' lang='grc' dir='ltr'><strong>ι</strong></span> <span class='ocrx_word' id='word_1_288' title='bbox 1427 2213 1488 2266; x_wconf 87' lang='lat' dir='ltr'><strong>Et</strong></span> <span class='ocrx_word' id='word_1_289' title='bbox 1528 2223 1651 2266; x_wconf 91' lang='lat' dir='ltr'><strong>tunc</strong></span> <span class='ocrx_word' id='word_1_290' title='bbox 1687 2229 1814 2267; x_wconf 83' lang='lat' dir='ltr'><strong>ean-</strong></span> 
     </span>
    </p>
   </div>
   <div class='ocr_carea' id='block_1_38' title="bbox 242 2305 1814 2378">
    <p class='ocr_par' dir='ltr' id='par_1_38' title="bbox 242 2305 1814 2378">
     <span class='ocr_line' id='line_1_38' title="bbox 242 2305 1814 2378; baseline -0.001 -18"><span class='ocrx_word' id='word_1_291' title='bbox 242 2307 385 2361; x_wconf 88' lang='lat' dir='ltr'><strong>tavit</strong></span> <span class='ocrx_word' id='word_1_292' title='bbox 427 2306 634 2378; x_wconf 86' lang='lat' dir='ltr'><strong>Moyses</strong></span> <span class='ocrx_word' id='word_1_293' title='bbox 663 2309 928 2359; x_wconf 87' lang='lat' dir='ltr'><strong>canticum</strong></span> <span class='ocrx_word' id='word_1_294' title='bbox 966 2306 1068 2358; x_wconf 89' lang='lat' dir='ltr'><strong>hoc</strong></span> <span class='ocrx_word' id='word_1_295' title='bbox 1095 2313 1151 2358; x_wconf 87' lang='lat' dir='ltr'><strong>et</strong></span> <span class='ocrx_word' id='word_1_296' title='bbox 1199 2305 1333 2359; x_wconf 84' lang='lat' dir='ltr'><strong>dixit</strong></span> <span class='ocrx_word' id='word_1_297' title='bbox 1355 2305 1399 2336; x_wconf 79' lang='grc'><strong>³⁰</strong></span> <span class='ocrx_word' id='word_1_298' title='bbox 1429 2322 1441 2357; x_wconf 91' lang='lat'>:</span> <span class='ocrx_word' id='word_1_299' title='bbox 1478 2324 1495 2356; x_wconf 74' lang='grc' dir='ltr'><strong>ι</strong></span> <span class='ocrx_word' id='word_1_300' title='bbox 1521 2305 1814 2359; x_wconf 87' lang='lat' dir='ltr'><strong>Cantemus</strong></span> 
     </span>
    </p>
   </div>
   <div class='ocr_carea' id='block_1_39' title="bbox 241 2395 1814 2467">
    <p class='ocr_par' dir='ltr' id='par_1_39' title="bbox 241 2395 1814 2467">
     <span class='ocr_line' id='line_1_39' title="bbox 241 2395 1814 2467; baseline -0.002 -14"><span class='ocrx_word' id='word_1_301' title='bbox 241 2397 497 2463; x_wconf 85' lang='lat' dir='ltr'><strong>Domino,</strong></span> <span class='ocrx_word' id='word_1_302' title='bbox 527 2397 760 2467; x_wconf 89' lang='lat' dir='ltr'><strong>gloriose</strong></span> <span class='ocrx_word' id='word_1_303' title='bbox 792 2396 936 2450; x_wconf 92' lang='lat' dir='ltr'><strong>enim</strong></span> <span class='ocrx_word' id='word_1_304' title='bbox 972 2395 1360 2451; x_wconf 87' lang='lat' dir='ltr'><strong>bonoriﬁcatus</strong></span> <span class='ocrx_word' id='word_1_305' title='bbox 1385 2405 1488 2451; x_wconf 91' lang='lat' dir='ltr'><strong>est.</strong></span> <span class='ocrx_word' id='word_1_306' title='bbox 1511 2415 1530 2448; x_wconf 76' lang='grc' dir='ltr'><strong>ι</strong></span> <span class='ocrx_word' id='word_1_307' title='bbox 1570 2395 1647 2449; x_wconf 91' lang='lat' dir='ltr'><strong>Ita</strong></span> <span class='ocrx_word' id='word_1_308' title='bbox 1683 2412 1814 2467; x_wconf 87' lang='lat' dir='ltr'><strong>ergo</strong></span> 
     </span>
    </p>
   </div>
   <div class='ocr_carea' id='block_1_40' title="bbox 241 2489 1814 2559">
    <p class='ocr_par' dir='ltr' id='par_1_40' title="bbox 241 2489 1814 2559">
     <span class='ocr_line' id='line_1_40' title="bbox 241 2489 1814 2559; baseline -0.003 -12"><span class='ocrx_word' id='word_1_309' title='bbox 241 2500 304 2547; x_wconf 88' lang='lat' dir='ltr'><strong>et</strong></span> <span class='ocrx_word' id='word_1_310' title='bbox 338 2506 435 2546; x_wconf 90' lang='lat' dir='ltr'><strong>nos</strong></span> <span class='ocrx_word' id='word_1_311' title='bbox 468 2491 626 2546; x_wconf 88' lang='lat' dir='ltr'><strong>ﬁdem</strong></span> <span class='ocrx_word' id='word_1_312' title='bbox 657 2490 874 2559; x_wconf 91' lang='lat' dir='ltr'><strong>plenam</strong></span> <span class='ocrx_word' id='word_1_313' title='bbox 904 2497 957 2542; x_wconf 90' lang='lat' dir='ltr'><strong>et</strong></span> <span class='ocrx_word' id='word_1_314' title='bbox 1003 2503 1166 2556; x_wconf 89' lang='lat' dir='ltr'><strong>opera</strong></span> <span class='ocrx_word' id='word_1_315' title='bbox 1199 2489 1312 2559; x_wconf 81' lang='lat' dir='ltr'><strong>(l2)</strong></span> <span class='ocrx_word' id='word_1_316' title='bbox 1346 2489 1607 2558; x_wconf 87' lang='lat' dir='ltr'><strong>perfecta,</strong></span> <span class='ocrx_word' id='word_1_317' title='bbox 1660 2489 1814 2543; x_wconf 89' lang='lat' dir='ltr'><strong>inde-</strong></span> 
     </span>
    </p>
   </div>
   <div class='ocr_carea' id='block_1_41' title="bbox 241 2582 1815 2648">
    <p class='ocr_par' dir='ltr' id='par_1_41' title="bbox 241 2582 1815 2648">
     <span class='ocr_line' id='line_1_41' title="bbox 241 2582 1815 2648; baseline -0.004 -7"><span class='ocrx_word' id='word_1_318' title='bbox 241 2586 491 2641; x_wconf 86' lang='lat' dir='ltr'><strong>sinentes</strong></span> <span class='ocrx_word' id='word_1_319' title='bbox 525 2585 822 2648; x_wconf 89' lang='lat' dir='ltr'><strong>orationes,</strong></span> <span class='ocrx_word' id='word_1_320' title='bbox 858 2583 1262 2637; x_wconf 81' lang='lat' dir='ltr'><strong>meditationem</strong></span> <span class='ocrx_word' id='word_1_321' title='bbox 1297 2582 1442 2635; x_wconf 86' lang='lat' dir='ltr'><strong>verbi</strong></span> <span class='ocrx_word' id='word_1_322' title='bbox 1503 2582 1694 2646; x_wconf 89' lang='lat' dir='ltr'><strong>divini,</strong></span> <span class='ocrx_word' id='word_1_323' title='bbox 1733 2582 1815 2635; x_wconf 87' lang='lat' dir='ltr'><strong>in-</strong></span> 
     </span>
    </p>
   </div>
   <div class='ocr_carea' id='block_1_42' title="bbox 241 2675 1816 2748">
    <p class='ocr_par' dir='ltr' id='par_1_42' title="bbox 241 2675 1816 2748">
     <span class='ocr_line' id='line_1_42' title="bbox 241 2675 1816 2748; baseline -0.002 -16"><span class='ocrx_word' id='word_1_324' title='bbox 241 2677 598 2748; x_wconf 76' lang='lat' dir='ltr'><strong>telligentiam</strong></span> <span class='ocrx_word' id='word_1_325' title='bbox 641 2675 940 2744; x_wconf 89' lang='lat' dir='ltr'><strong>spiritalem</strong></span> <span class='ocrx_word' id='word_1_326' title='bbox 981 2677 1245 2742; x_wconf 85' lang='lat' dir='ltr'><strong>colentes,</strong></span> <span class='ocrx_word' id='word_1_327' title='bbox 1273 2682 1323 2728; x_wconf 91' lang='lat' dir='ltr'><strong>et</strong></span> <span class='ocrx_word' id='word_1_328' title='bbox 1357 2675 1409 2727; x_wconf 90' lang='lat' dir='ltr'><strong>in</strong></span> <span class='ocrx_word' id='word_1_329' title='bbox 1444 2675 1527 2729; x_wconf 84' lang='lat' dir='ltr'><strong>liis</strong></span> <span class='ocrx_word' id='word_1_330' title='bbox 1561 2675 1816 2729; x_wconf 90' lang='lat' dir='ltr'><strong>omnibus</strong></span> 
     </span>
    </p>
   </div>
   <div class='ocr_carea' id='block_1_43' title="bbox 242 2766 1815 2831">
    <p class='ocr_par' dir='ltr' id='par_1_43' title="bbox 242 2766 1815 2831">
     <span class='ocr_line' id='line_1_43' title="bbox 242 2766 1815 2831; baseline 0.001 -11"><span class='ocrx_word' id='word_1_331' title='bbox 242 2767 402 2822; x_wconf 87' lang='lat' dir='ltr'><strong>velut</strong></span> <span class='ocrx_word' id='word_1_332' title='bbox 451 2769 618 2822; x_wconf 89' lang='lat' dir='ltr'><strong>armis</strong></span> <span class='ocrx_word' id='word_1_333' title='bbox 667 2767 764 2822; x_wconf 89' lang='lat' dir='ltr'><strong>Dei</strong></span> <span class='ocrx_word' id='word_1_334' title='bbox 811 2766 1042 2831; x_wconf 91' lang='lat' dir='ltr'><strong>muniti,</strong></span> <span class='ocrx_word' id='word_1_335' title='bbox 1091 2776 1295 2822; x_wconf 91' lang='lat' dir='ltr'><strong>stemus</strong></span> <span class='ocrx_word' id='word_1_336' title='bbox 1353 2768 1610 2822; x_wconf 89' lang='lat' dir='ltr'><strong>adversus</strong></span> <span class='ocrx_word' id='word_1_337' title='bbox 1664 2775 1815 2822; x_wconf 89' lang='lat' dir='ltr'><strong>astu-</strong></span> 
     </span>
    </p>
   </div>
   <div class='ocr_carea' id='block_1_44' title="bbox 245 2859 1815 2931">
    <p class='ocr_par' dir='ltr' id='par_1_44' title="bbox 245 2859 1815 2931">
     <span class='ocr_line' id='line_1_44' title="bbox 245 2859 1815 2931; baseline 0 -17"><span class='ocrx_word' id='word_1_338' title='bbox 245 2861 355 2915; x_wconf 82' lang='lat' dir='ltr'><strong>tias</strong></span> <span class='ocrx_word' id='word_1_339' title='bbox 389 2859 497 2931; x_wconf 73' lang='grc'><strong>(15)</strong></span> <span class='ocrx_word' id='word_1_340' title='bbox 547 2859 765 2924; x_wconf 85' lang='lat' dir='ltr'><strong>diaboli,</strong></span> <span class='ocrx_word' id='word_1_341' title='bbox 801 2860 1113 2913; x_wconf 88' lang='lat' dir='ltr'><strong>invocantes</strong></span> <span class='ocrx_word' id='word_1_342' title='bbox 1149 2861 1313 2913; x_wconf 91' lang='lat' dir='ltr'><strong>Deum</strong></span> <span class='ocrx_word' id='word_1_343' title='bbox 1363 2859 1662 2926; x_wconf 70' lang='lat' dir='ltr'><strong>adiutorem</strong></span> <span class='ocrx_word' id='word_1_344' title='bbox 1715 2875 1815 2914; x_wconf 89' lang='lat' dir='ltr'><strong>no-</strong></span> 
     </span>
    </p>
   </div>
   <div class='ocr_carea' id='block_1_45' title="bbox 242 2951 1814 3023">
    <p class='ocr_par' dir='ltr' id='par_1_45' title="bbox 242 2951 1814 3023">
     <span class='ocr_line' id='line_1_45' title="bbox 242 2951 1814 3023; baseline 0 -15"><span class='ocrx_word' id='word_1_345' title='bbox 242 2959 423 3008; x_wconf 66' lang='lat' dir='ltr'><strong>strum</strong></span> <span class='ocrx_word' id='word_1_346' title='bbox 455 2952 508 3006; x_wconf 94' lang='lat' dir='ltr'><strong>in</strong></span> <span class='ocrx_word' id='word_1_347' title='bbox 533 2951 748 3006; x_wconf 90' lang='lat' dir='ltr'><strong>Christo</strong></span> <span class='ocrx_word' id='word_1_348' title='bbox 771 2951 896 3007; x_wconf 85' lang='lat' dir='ltr'><strong>Jesu</strong></span> <span class='ocrx_word' id='word_1_349' title='bbox 930 2951 1158 3006; x_wconf 90' lang='lat' dir='ltr'><strong>Domino</strong></span> <span class='ocrx_word' id='word_1_350' title='bbox 1190 2961 1394 3017; x_wconf 86' lang='lat' dir='ltr'><strong>nostro,</strong></span> <span class='ocrx_word' id='word_1_351' title='bbox 1422 2953 1506 3006; x_wconf 91' lang='lat' dir='ltr'><strong>cui</strong></span> <span class='ocrx_word' id='word_1_352' title='bbox 1536 2960 1619 3006; x_wconf 90' lang='lat' dir='ltr'><strong>est</strong></span> <span class='ocrx_word' id='word_1_353' title='bbox 1644 2952 1814 3023; x_wconf 89' lang='lat' dir='ltr'><strong>gloria</strong></span> 
     </span>
    </p>
   </div>
   <div class='ocr_carea' id='block_1_46' title="bbox 243 3043 1530 3116">
    <p class='ocr_par' dir='ltr' id='par_1_46' title="bbox 243 3043 1530 3116">
     <span class='ocr_line' id='line_1_46' title="bbox 243 3043 1530 3116; baseline 0 -16"><span class='ocrx_word' id='word_1_354' title='bbox 243 3053 305 3100; x_wconf 79' lang='lat' dir='ltr'><strong>et</strong></span> <span class='ocrx_word' id='word_1_355' title='bbox 337 3045 618 3116; x_wconf 88' lang='lat' dir='ltr'><strong>imperium</strong></span> <span class='ocrx_word' id='word_1_356' title='bbox 650 3046 701 3098; x_wconf 91' lang='lat' dir='ltr'><strong>in</strong></span> <span class='ocrx_word' id='word_1_357' title='bbox 732 3045 928 3099; x_wconf 56' lang='lat' dir='ltr'><strong>sarcula</strong></span> <span class='ocrx_word' id='word_1_358' title='bbox 964 3043 1306 3098; x_wconf 67' lang='lat' dir='ltr'><strong>saeculorum.</strong></span> <span class='ocrx_word' id='word_1_359' title='bbox 1338 3045 1530 3101; x_wconf 83' lang='lat' dir='ltr'><strong>Amen.</strong></span> 
     </span>
    </p>
   </div>
   <div class='ocr_carea' id='block_1_47' title="bbox 795 3135 1277 3193">
    <p class='ocr_par' dir='ltr' id='par_1_47' title="bbox 795 3135 1277 3193">
     <span class='ocr_line' id='line_1_47' title="bbox 795 3135 1277 3193; baseline 0.002 -2"><span class='ocrx_word' id='word_1_360' title='bbox 795 3137 1076 3193; x_wconf 82' lang='lat' dir='ltr'><strong>IIOMILIA</strong></span> <span class='ocrx_word' id='word_1_361' title='bbox 1118 3135 1277 3192; x_wconf 75' lang='lat' dir='ltr'><strong>XVII.</strong></span> 
     </span>
    </p>
   </div>
   <div class='ocr_carea' id='block_1_48' title="bbox 241 3227 1812 3374">
    <p class='ocr_par' dir='ltr' id='par_1_48' title="bbox 241 3227 1812 3374">
     <span class='ocr_line' id='line_1_48' title="bbox 241 3227 1812 3374; baseline 0.001 -91"><span class='ocrx_word' id='word_1_362' title='bbox 241 3227 332 3283; x_wconf 86' lang='lat' dir='ltr'><strong>De</strong></span> <span class='ocrx_word' id='word_1_363' title='bbox 361 3243 420 3284; x_wconf 89' lang='lat' dir='ltr'><strong>eo</strong></span> <span class='ocrx_word' id='word_1_364' title='bbox 461 3229 601 3299; x_wconf 87' lang='lat' dir='ltr'><strong>quod</strong></span> <span class='ocrx_word' id='word_1_365' title='bbox 633 3228 828 3284; x_wconf 77' lang='lat' dir='ltr'><strong>Levita:</strong></span> <span class='ocrx_word' id='word_1_366' title='bbox 872 3247 973 3283; x_wconf 83' lang='lat' dir='ltr'><strong>non</strong></span> <span class='ocrx_word' id='word_1_367' title='bbox 1015 3240 1318 3374; x_wconf 43' lang='lat' dir='ltr'><strong>Miami-unt</strong></span> <span class='ocrx_word' id='word_1_368' title='bbox 1354 3231 1408 3286; x_wconf 79' lang='lat' dir='ltr'><strong>in</strong></span> <span class='ocrx_word' id='word_1_369' title='bbox 1446 3231 1812 3287; x_wconf 75' lang='lat' dir='ltr'><strong>[nereditatem</strong></span> 
     </span>
     <span class='ocr_line' id='line_1_49' title="bbox 847 3311 1226 3355; baseline 0.008 -3"><span class='ocrx_word' id='word_1_370' title='bbox 847 3311 1040 3354; x_wconf 84' lang='lat' dir='ltr'><strong>terram</strong></span> <span class='ocrx_word' id='word_1_371' title='bbox 1213 3340 1226 3355; x_wconf 95' lang='lat'><strong>.</strong></span> 
     </span>
    </p>
   </div>
   <div class='ocr_carea' id='block_1_49' title="bbox 847 3311 1226 3355">
    <p class='ocr_par' dir='ltr' id='par_1_49' title="bbox 847 3311 1226 3355">
     <span class='ocr_line' id='line_1_50' title="bbox 847 3311 1226 3355; baseline 0.008 -3"><span class='ocrx_word' id='word_1_372' title='bbox 847 3311 1040 3354; x_wconf 84' lang='lat' dir='ltr'><strong>terram</strong></span> <span class='ocrx_word' id='word_1_373' title='bbox 1094 3311 1226 3355; x_wconf 79' lang='lat' dir='ltr'><strong>(Ml.</strong></span> 
     </span>
    </p>
   </div>
   <div class='ocr_carea' id='block_1_50' title="bbox 323 3391 1818 3462">
    <p class='ocr_par' dir='ltr' id='par_1_50' title="bbox 323 3391 1818 3462">
     <span class='ocr_line' id='line_1_51' title="bbox 323 3391 1818 3462; baseline 0.003 -16"><span class='ocrx_word' id='word_1_374' title='bbox 323 3393 379 3448; x_wconf 75' lang='grc'><strong>1.</strong></span> <span class='ocrx_word' id='word_1_375' title='bbox 419 3391 571 3448; x_wconf 89' lang='lat' dir='ltr'><strong>Sicut</strong></span> <span class='ocrx_word' id='word_1_376' title='bbox 601 3392 809 3447; x_wconf 74' lang='lat' dir='ltr'><strong>umbrae</strong></span> <span class='ocrx_word' id='word_1_377' title='bbox 849 3402 904 3447; x_wconf 86' lang='lat' dir='ltr'><strong>et</strong></span> <span class='ocrx_word' id='word_1_378' title='bbox 945 3395 1240 3462; x_wconf 87' lang='lat' dir='ltr'><strong>exemplari</strong></span> <span class='ocrx_word' id='word_1_379' title='bbox 1290 3393 1603 3450; x_wconf 84' lang='lat' dir='ltr'><strong>deserviunt</strong></span> <span class='ocrx_word' id='word_1_380' title='bbox 1649 3394 1818 3452; x_wconf 72' lang='lat' dir='ltr'><strong>coele-</strong></span> 
     </span>
    </p>
   </div>
   <div class='ocr_carea' id='block_1_51' title="bbox 243 3484 1820 3556">
    <p class='ocr_par' dir='ltr' id='par_1_51' title="bbox 243 3484 1820 3556">
     <span class='ocr_line' id='line_1_52' title="bbox 243 3484 1820 3556; baseline 0.002 -16"><span class='ocrx_word' id='word_1_381' title='bbox 243 3484 417 3541; x_wconf 85' lang='lat' dir='ltr'><strong>stium</strong></span> <span class='ocrx_word' id='word_1_382' title='bbox 453 3485 508 3551; x_wconf 92' lang='lat' dir='ltr'><strong>ii,</strong></span> <span class='ocrx_word' id='word_1_383' title='bbox 540 3485 630 3556; x_wconf 89' lang='lat' dir='ltr'><strong>qni</strong></span> <span class='ocrx_word' id='word_1_384' title='bbox 663 3485 833 3556; x_wconf 85' lang='lat' dir='ltr'><strong>legem</strong></span> <span class='ocrx_word' id='word_1_385' title='bbox 866 3486 1189 3556; x_wconf 89' lang='lat' dir='ltr'><strong>suscipiunt,</strong></span> <span class='ocrx_word' id='word_1_386' title='bbox 1224 3503 1344 3556; x_wconf 79' lang='lat' dir='ltr'><strong>quae</strong></span> <span class='ocrx_word' id='word_1_387' title='bbox 1374 3498 1458 3543; x_wconf 90' lang='lat' dir='ltr'><strong>est</strong></span> <span class='ocrx_word' id='word_1_388' title='bbox 1500 3488 1646 3544; x_wconf 90' lang='lat' dir='ltr'><strong>illius</strong></span> <span class='ocrx_word' id='word_1_389' title='bbox 1678 3504 1820 3543; x_wconf 84' lang='lat' dir='ltr'><strong>verae</strong></span> 
     </span>
    </p>
   </div>
   <div class='ocr_carea' id='block_1_52' title="bbox 243 3575 1816 3650">
    <p class='ocr_par' dir='ltr' id='par_1_52' title="bbox 243 3575 1816 3650">
     <span class='ocr_line' id='line_1_53' title="bbox 243 3575 1816 3650; baseline 0.003 -20"><span class='ocrx_word' id='word_1_390' title='bbox 243 3575 388 3644; x_wconf 82' lang='lat' dir='ltr'><strong>legis</strong></span> <span class='ocrx_word' id='word_1_391' title='bbox 432 3578 645 3640; x_wconf 87' lang='lat' dir='ltr'><strong>umbra,</strong></span> <span class='ocrx_word' id='word_1_392' title='bbox 680 3577 752 3630; x_wconf 88' lang='lat' dir='ltr'><strong>ita</strong></span> <span class='ocrx_word' id='word_1_393' title='bbox 797 3579 1077 3646; x_wconf 79' lang='lat' dir='ltr'><strong>exemplar</strong></span> <span class='ocrx_word' id='word_1_394' title='bbox 1117 3588 1168 3632; x_wconf 92' lang='lat' dir='ltr'><strong>et</strong></span> <span class='ocrx_word' id='word_1_395' title='bbox 1205 3581 1453 3634; x_wconf 88' lang='lat' dir='ltr'><strong>umbram</strong></span> <span class='ocrx_word' id='word_1_396' title='bbox 1514 3589 1816 3650; x_wconf 91' lang='lat' dir='ltr'><strong>sequuntur</strong></span> 
     </span>
    </p>
   </div>
   <div class='ocr_carea' id='block_1_53' title="bbox 244 3669 1815 3734">
    <p class='ocr_par' dir='ltr' id='par_1_53' title="bbox 244 3669 1815 3734">
     <span class='ocr_line' id='line_1_54' title="bbox 244 3669 1815 3734; baseline 0.002 -10"><span class='ocrx_word' id='word_1_397' title='bbox 244 3669 534 3725; x_wconf 83' lang='lat' dir='ltr'><strong>divisionis</strong></span> <span class='ocrx_word' id='word_1_398' title='bbox 566 3669 804 3725; x_wconf 64' lang='lat' dir='ltr'><strong>caelestis</strong></span> <span class='ocrx_word' id='word_1_399' title='bbox 837 3671 895 3734; x_wconf 92' lang='lat' dir='ltr'><strong>ii,</strong></span> <span class='ocrx_word' id='word_1_400' title='bbox 925 3672 1014 3733; x_wconf 90' lang='lat' dir='ltr'><strong>qui</strong></span> <span class='ocrx_word' id='word_1_401' title='bbox 1050 3671 1102 3724; x_wconf 92' lang='lat' dir='ltr'><strong>in</strong></span> <span class='ocrx_word' id='word_1_402' title='bbox 1152 3669 1336 3726; x_wconf 66' lang='lat' dir='ltr'><strong>Judrea</strong></span> <span class='ocrx_word' id='word_1_403' title='bbox 1377 3673 1696 3727; x_wconf 83' lang='lat' dir='ltr'><strong>haereditate</strong></span> <span class='ocrx_word' id='word_1_404' title='bbox 1732 3675 1815 3727; x_wconf 87' lang='lat' dir='ltr'><strong>di-</strong></span> 
     </span>
    </p>
   </div>
   <div class='ocr_carea' id='block_1_54' title="bbox 245 3758 1818 3828">
    <p class='ocr_par' dir='ltr' id='par_1_54' title="bbox 245 3758 1818 3828">
     <span class='ocr_line' id='line_1_55' title="bbox 245 3758 1818 3828; baseline 0.004 -18"><span class='ocrx_word' id='word_1_405' title='bbox 245 3758 444 3813; x_wconf 84' lang='lat' dir='ltr'><strong>vidunt</strong></span> <span class='ocrx_word' id='word_1_406' title='bbox 478 3766 697 3812; x_wconf 88' lang='lat' dir='ltr'><strong>terram.</strong></span> <span class='ocrx_word' id='word_1_407' title='bbox 738 3758 862 3813; x_wconf 87' lang='lat' dir='ltr'><strong>Erat</strong></span> <span class='ocrx_word' id='word_1_408' title='bbox 912 3774 1041 3828; x_wconf 88' lang='lat' dir='ltr'><strong>ergo</strong></span> <span class='ocrx_word' id='word_1_409' title='bbox 1084 3760 1136 3813; x_wconf 93' lang='lat' dir='ltr'><strong>in</strong></span> <span class='ocrx_word' id='word_1_410' title='bbox 1185 3761 1336 3816; x_wconf 60' lang='lat' dir='ltr'><strong>caelis</strong></span> <span class='ocrx_word' id='word_1_411' title='bbox 1371 3761 1596 3824; x_wconf 88' lang='lat' dir='ltr'><strong>veritas,</strong></span> <span class='ocrx_word' id='word_1_412' title='bbox 1629 3763 1818 3816; x_wconf 88' lang='lat' dir='ltr'><strong>umbra</strong></span> 
     </span>
    </p>
   </div>
   <div class='ocr_carea' id='block_1_55' title="bbox 243 3849 1820 3922">
    <p class='ocr_par' dir='ltr' id='par_1_55' title="bbox 243 3849 1820 3922">
     <span class='ocr_line' id='line_1_56' title="bbox 243 3849 1820 3922; baseline 0.003 -18"><span class='ocrx_word' id='word_1_413' title='bbox 243 3862 383 3904; x_wconf 84' lang='lat' dir='ltr'><strong>vero</strong></span> <span class='ocrx_word' id='word_1_414' title='bbox 413 3857 467 3903; x_wconf 92' lang='lat' dir='ltr'><strong>et</strong></span> <span class='ocrx_word' id='word_1_415' title='bbox 493 3849 774 3919; x_wconf 85' lang='lat' dir='ltr'><strong>exemplar</strong></span> <span class='ocrx_word' id='word_1_416' title='bbox 807 3849 922 3922; x_wconf 80' lang='grc'><strong>(15)</strong></span> <span class='ocrx_word' id='word_1_417' title='bbox 949 3851 1190 3906; x_wconf 84' lang='lat' dir='ltr'><strong>veritatis</strong></span> <span class='ocrx_word' id='word_1_418' title='bbox 1237 3856 1289 3906; x_wconf 92' lang='lat' dir='ltr'><strong>in</strong></span> <span class='ocrx_word' id='word_1_419' title='bbox 1331 3853 1515 3907; x_wconf 90' lang='lat' dir='ltr'><strong>terris.</strong></span> <span class='ocrx_word' id='word_1_420' title='bbox 1550 3853 1616 3906; x_wconf 81' lang='lat' dir='ltr'><strong>Et</strong></span> <span class='ocrx_word' id='word_1_421' title='bbox 1650 3854 1820 3909; x_wconf 88' lang='lat' dir='ltr'><strong>donec</strong></span> 
     </span>
    </p>
   </div>
   <div class='ocr_carea' id='block_1_56' title="bbox 243 3941 1819 4009">
    <p class='ocr_par' dir='ltr' id='par_1_56' title="bbox 243 3941 1819 4009">
     <span class='ocr_line' id='line_1_57' title="bbox 243 3941 1819 4009; baseline 0.004 -14"><span class='ocrx_word' id='word_1_422' title='bbox 243 3941 445 3995; x_wconf 81' lang='lat' dir='ltr'><strong>umbra</strong></span> <span class='ocrx_word' id='word_1_423' title='bbox 480 3941 592 3996; x_wconf 80' lang='lat' dir='ltr'><strong>haec</strong></span> <span class='ocrx_word' id='word_1_424' title='bbox 620 3943 906 3996; x_wconf 88' lang='lat' dir='ltr'><strong>constabat</strong></span> <span class='ocrx_word' id='word_1_425' title='bbox 932 3943 983 3996; x_wconf 90' lang='lat' dir='ltr'><strong>in</strong></span> <span class='ocrx_word' id='word_1_426' title='bbox 1023 3945 1204 4009; x_wconf 90' lang='lat' dir='ltr'><strong>terris,</strong></span> <span class='ocrx_word' id='word_1_427' title='bbox 1234 3953 1352 3998; x_wconf 90' lang='lat' dir='ltr'><strong>erat</strong></span> <span class='ocrx_word' id='word_1_428' title='bbox 1378 3943 1678 4000; x_wconf 82' lang='lat' dir='ltr'><strong>Jerusalem</strong></span> <span class='ocrx_word' id='word_1_429' title='bbox 1709 3954 1819 4000; x_wconf 86' lang='lat' dir='ltr'><strong>ter-</strong></span> 
     </span>
    </p>
   </div>
   <div class='ocr_carea' id='block_1_57' title="bbox 245 4033 1821 4103">
    <p class='ocr_par' dir='ltr' id='par_1_57' title="bbox 245 4033 1821 4103">
     <span class='ocr_line' id='line_1_58' title="bbox 245 4033 1821 4103; baseline 0.003 -14"><span class='ocrx_word' id='word_1_430' title='bbox 245 4033 466 4097; x_wconf 77' lang='lat' dir='ltr'><strong>restris,</strong></span> <span class='ocrx_word' id='word_1_431' title='bbox 493 4043 606 4088; x_wconf 89' lang='lat' dir='ltr'><strong>erat</strong></span> <span class='ocrx_word' id='word_1_432' title='bbox 643 4033 919 4103; x_wconf 87' lang='lat' dir='ltr'><strong>templum,</strong></span> <span class='ocrx_word' id='word_1_433' title='bbox 960 4043 1082 4089; x_wconf 91' lang='lat' dir='ltr'><strong>erat</strong></span> <span class='ocrx_word' id='word_1_434' title='bbox 1108 4035 1302 4100; x_wconf 87' lang='lat' dir='ltr'><strong>altare,</strong></span> <span class='ocrx_word' id='word_1_435' title='bbox 1334 4047 1454 4090; x_wconf 88' lang='lat' dir='ltr'><strong>erat</strong></span> <span class='ocrx_word' id='word_1_436' title='bbox 1488 4046 1542 4090; x_wconf 92' lang='lat' dir='ltr'><strong>et</strong></span> <span class='ocrx_word' id='word_1_437' title='bbox 1588 4036 1821 4093; x_wconf 89' lang='lat' dir='ltr'><strong>visibilis</strong></span> 
     </span>
    </p>
   </div>
   <div class='ocr_carea' id='block_1_58' title="bbox 245 4123 1822 4194">
    <p class='ocr_par' dir='ltr' id='par_1_58' title="bbox 245 4123 1822 4194">
     <span class='ocr_line' id='line_1_59' title="bbox 245 4123 1822 4194; baseline 0.002 -15"><span class='ocrx_word' id='word_1_438' title='bbox 245 4123 452 4188; x_wconf 87' lang='lat' dir='ltr'><strong>cultus,</strong></span> <span class='ocrx_word' id='word_1_439' title='bbox 496 4133 653 4178; x_wconf 89' lang='lat' dir='ltr'><strong>erant</strong></span> <span class='ocrx_word' id='word_1_440' title='bbox 699 4125 980 4194; x_wconf 86' lang='lat' dir='ltr'><strong>pontiﬁces</strong></span> <span class='ocrx_word' id='word_1_441' title='bbox 1026 4133 1081 4178; x_wconf 93' lang='lat' dir='ltr'><strong>et</strong></span> <span class='ocrx_word' id='word_1_442' title='bbox 1125 4129 1459 4190; x_wconf 89' lang='lat' dir='ltr'><strong>sacerdotes,</strong></span> <span class='ocrx_word' id='word_1_443' title='bbox 1495 4129 1822 4182; x_wconf 86' lang='lat' dir='ltr'><strong>constabant</strong></span> 
     </span>
    </p>
   </div>
   <div class='ocr_carea' id='block_1_59' title="bbox 244 4213 1822 4289">
    <p class='ocr_par' dir='ltr' id='par_1_59' title="bbox 244 4213 1822 4289">
     <span class='ocr_line' id='line_1_60' title="bbox 244 4213 1822 4289; baseline 0.004 -21"><span class='ocrx_word' id='word_1_444' title='bbox 244 4213 422 4268; x_wconf 86' lang='lat' dir='ltr'><strong>etiam</strong></span> <span class='ocrx_word' id='word_1_445' title='bbox 453 4213 701 4269; x_wconf 85' lang='lat' dir='ltr'><strong>civitates</strong></span> <span class='ocrx_word' id='word_1_446' title='bbox 743 4223 799 4268; x_wconf 91' lang='lat' dir='ltr'><strong>et</strong></span> <span class='ocrx_word' id='word_1_447' title='bbox 828 4214 929 4268; x_wconf 88' lang='lat' dir='ltr'><strong>vici</strong></span> <span class='ocrx_word' id='word_1_448' title='bbox 965 4214 1186 4281; x_wconf 71' lang='lat' dir='ltr'><strong>Induere,</strong></span> <span class='ocrx_word' id='word_1_449' title='bbox 1229 4228 1284 4270; x_wconf 89' lang='lat' dir='ltr'><strong>et</strong></span> <span class='ocrx_word' id='word_1_450' title='bbox 1325 4219 1505 4271; x_wconf 91' lang='lat' dir='ltr'><strong>omnia</strong></span> <span class='ocrx_word' id='word_1_451' title='bbox 1541 4219 1654 4274; x_wconf 84' lang='lat' dir='ltr'><strong>haec</strong></span> <span class='ocrx_word' id='word_1_452' title='bbox 1703 4235 1822 4289; x_wconf 64' lang='lat' dir='ltr'><strong>quae</strong></span> 
     </span>
    </p>
   </div>
   <div class='ocr_carea' id='block_1_60' title="bbox 247 4303 1821 4373">
    <p class='ocr_par' dir='ltr' id='par_1_60' title="bbox 247 4303 1821 4373">
     <span class='ocr_line' id='line_1_61' title="bbox 247 4303 1821 4373; baseline 0.004 -16"><span class='ocrx_word' id='word_1_453' title='bbox 247 4317 400 4357; x_wconf 88' lang='lat' dir='ltr'><strong>nunc</strong></span> <span class='ocrx_word' id='word_1_454' title='bbox 446 4303 499 4356; x_wconf 90' lang='lat' dir='ltr'><strong>in</strong></span> <span class='ocrx_word' id='word_1_455' title='bbox 532 4303 637 4358; x_wconf 89' lang='lat' dir='ltr'><strong>hoc</strong></span> <span class='ocrx_word' id='word_1_456' title='bbox 677 4303 816 4358; x_wconf 89' lang='lat' dir='ltr'><strong>libro</strong></span> <span class='ocrx_word' id='word_1_457' title='bbox 864 4304 1130 4373; x_wconf 86' lang='lat' dir='ltr'><strong>descripta</strong></span> <span class='ocrx_word' id='word_1_458' title='bbox 1165 4306 1481 4360; x_wconf 87' lang='lat' dir='ltr'><strong>recitantur.</strong></span> <span class='ocrx_word' id='word_1_459' title='bbox 1513 4308 1645 4362; x_wconf 85' lang='lat' dir='ltr'><strong>Cum</strong></span> <span class='ocrx_word' id='word_1_460' title='bbox 1690 4324 1821 4364; x_wconf 89' lang='lat' dir='ltr'><strong>vero</strong></span> 
     </span>
    </p>
   </div>
   <div class='ocr_carea' id='block_1_61' title="bbox 247 4393 1822 4453">
    <p class='ocr_par' dir='ltr' id='par_1_61' title="bbox 247 4393 1822 4453">
     <span class='ocr_line' id='line_1_62' title="bbox 247 4393 1822 4453; baseline 0.002 -5"><span class='ocrx_word' id='word_1_461' title='bbox 247 4393 307 4448; x_wconf 92' lang='lat' dir='ltr'><strong>in</strong></span> <span class='ocrx_word' id='word_1_462' title='bbox 347 4393 578 4447; x_wconf 90' lang='lat' dir='ltr'><strong>adventu</strong></span> <span class='ocrx_word' id='word_1_463' title='bbox 630 4393 928 4448; x_wconf 88' lang='lat' dir='ltr'><strong>Salvatoris</strong></span> <span class='ocrx_word' id='word_1_464' title='bbox 975 4394 1145 4448; x_wconf 84' lang='lat' dir='ltr'><strong>nostri</strong></span> <span class='ocrx_word' id='word_1_465' title='bbox 1189 4395 1280 4449; x_wconf 93' lang='lat' dir='ltr'><strong>Dei</strong></span> <span class='ocrx_word' id='word_1_466' title='bbox 1313 4411 1343 4449; x_wconf 94' lang='lat' dir='ltr'><strong>e</strong></span> <span class='ocrx_word' id='word_1_467' title='bbox 1388 4398 1541 4451; x_wconf 73' lang='lat' dir='ltr'><strong>cauis</strong></span> <span class='ocrx_word' id='word_1_468' title='bbox 1592 4399 1822 4453; x_wconf 86' lang='lat' dir='ltr'><strong>descen-</strong></span> 
     </span>
    </p>
   </div>
   <div class='ocr_carea' id='block_1_62' title="bbox 1911 1937 3484 2006">
    <p class='ocr_par' dir='ltr' id='par_1_62' title="bbox 1911 1937 3484 2006">
     <span class='ocr_line' id='line_1_63' title="bbox 1911 1937 3484 2006; baseline 0.001 -13"><span class='ocrx_word' id='word_1_469' title='bbox 1911 1941 2226 1994; x_wconf 87' lang='lat' dir='ltr'><strong>occasiones</strong></span> <span class='ocrx_word' id='word_1_470' title='bbox 2255 1952 2365 1992; x_wconf 70' lang='lat' dir='ltr'><strong>sum</strong></span> <span class='ocrx_word' id='word_1_471' title='bbox 2399 1937 2740 1993; x_wconf 87' lang='lat' dir='ltr'><strong>inﬁdelitatis</strong></span> <span class='ocrx_word' id='word_1_472' title='bbox 2770 1939 3104 2006; x_wconf 90' lang='lat' dir='ltr'><strong>acciperent,</strong></span> <span class='ocrx_word' id='word_1_473' title='bbox 3133 1948 3187 1993; x_wconf 91' lang='lat' dir='ltr'><strong>et</strong></span> <span class='ocrx_word' id='word_1_474' title='bbox 3215 1939 3484 1994; x_wconf 84' lang='lat' dir='ltr'><strong>habentes</strong></span> 
     </span>
    </p>
   </div>
   <div class='ocr_carea' id='block_1_63' title="bbox 1912 2027 3482 2100">
    <p class='ocr_par' dir='ltr' id='par_1_63' title="bbox 1912 2027 3482 2100">
     <span class='ocr_line' id='line_1_64' title="bbox 1912 2027 3482 2100; baseline -0.002 -16"><span class='ocrx_word' id='word_1_475' title='bbox 1912 2030 2136 2084; x_wconf 88' lang='lat' dir='ltr'><strong>umbras</strong></span> <span class='ocrx_word' id='word_1_476' title='bbox 2163 2027 2468 2097; x_wconf 89' lang='lat' dir='ltr'><strong>antiquitus</strong></span> <span class='ocrx_word' id='word_1_477' title='bbox 2499 2029 2599 2083; x_wconf 92' lang='lat' dir='ltr'><strong>sibi</strong></span> <span class='ocrx_word' id='word_1_478' title='bbox 2640 2029 2886 2093; x_wconf 89' lang='lat' dir='ltr'><strong>traditas,</strong></span> <span class='ocrx_word' id='word_1_479' title='bbox 2917 2029 3001 2081; x_wconf 89' lang='lat' dir='ltr'><strong>vel</strong></span> <span class='ocrx_word' id='word_1_480' title='bbox 3035 2030 3252 2100; x_wconf 90' lang='lat' dir='ltr'><strong>templi,</strong></span> <span class='ocrx_word' id='word_1_481' title='bbox 3282 2030 3367 2084; x_wconf 86' lang='lat' dir='ltr'><strong>vel</strong></span> <span class='ocrx_word' id='word_1_482' title='bbox 3403 2030 3482 2082; x_wconf 88' lang='lat' dir='ltr'><strong>al-</strong></span> 
     </span>
    </p>
   </div>
   <div class='ocr_carea' id='block_1_64' title="bbox 1911 2118 3483 2190">
    <p class='ocr_par' dir='ltr' id='par_1_64' title="bbox 1911 2118 3483 2190">
     <span class='ocr_line' id='line_1_65' title="bbox 1911 2118 3483 2190; baseline -0.001 -16"><span class='ocrx_word' id='word_1_483' title='bbox 1911 2120 2063 2183; x_wconf 90' lang='lat' dir='ltr'><strong>taris,</strong></span> <span class='ocrx_word' id='word_1_484' title='bbox 2111 2118 2191 2172; x_wconf 84' lang='lat' dir='ltr'><strong>vel</strong></span> <span class='ocrx_word' id='word_1_485' title='bbox 2242 2119 2590 2187; x_wconf 90' lang='lat' dir='ltr'><strong>pontiﬁcum,</strong></span> <span class='ocrx_word' id='word_1_486' title='bbox 2637 2119 2723 2174; x_wconf 91' lang='lat' dir='ltr'><strong>vel</strong></span> <span class='ocrx_word' id='word_1_487' title='bbox 2764 2119 3108 2174; x_wconf 89' lang='lat' dir='ltr'><strong>sacerdotum</strong></span> <span class='ocrx_word' id='word_1_488' title='bbox 3144 2119 3280 2190; x_wconf 84' lang='lat' dir='ltr'><strong>(l8),</strong></span> <span class='ocrx_word' id='word_1_489' title='bbox 3332 2120 3483 2173; x_wconf 79' lang='lat' dir='ltr'><strong>vide-</strong></span> 
     </span>
    </p>
   </div>
   <div class='ocr_carea' id='block_1_65' title="bbox 1913 2196 3481 2281">
    <p class='ocr_par' dir='ltr' id='par_1_65' title="bbox 1913 2196 3481 2281">
     <span class='ocr_line' id='line_1_66' title="bbox 1913 2196 3481 2281; baseline 0 -15"><span class='ocrx_word' id='word_1_490' title='bbox 1913 2221 2101 2266; x_wconf 89' lang='lat' dir='ltr'><strong>rentur</strong></span> <span class='ocrx_word' id='word_1_491' title='bbox 2144 2210 2244 2265; x_wconf 92' lang='lat' dir='ltr'><strong>sibi</strong></span> <span class='ocrx_word' id='word_1_492' title='bbox 2289 2196 2646 2280; x_wconf 85' lang='lat' dir='ltr'><strong>permanente</strong></span> <span class='ocrx_word' id='word_1_493' title='bbox 2685 2212 2887 2278; x_wconf 90' lang='lat' dir='ltr'><strong>antiqui</strong></span> <span class='ocrx_word' id='word_1_494' title='bbox 2923 2211 3100 2266; x_wconf 91' lang='lat' dir='ltr'><strong>cultus</strong></span> <span class='ocrx_word' id='word_1_495' title='bbox 3145 2221 3290 2265; x_wconf 89' lang='lat' dir='ltr'><strong>statu</strong></span> <span class='ocrx_word' id='word_1_496' title='bbox 3341 2227 3481 2281; x_wconf 67' lang='lat' dir='ltr'><strong>pra:-</strong></span> 
     </span>
    </p>
   </div>
   <div class='ocr_carea' id='block_1_66' title="bbox 1913 2302 3480 2372">
    <p class='ocr_par' dir='ltr' id='par_1_66' title="bbox 1913 2302 3480 2372">
     <span class='ocr_line' id='line_1_67' title="bbox 1913 2302 3480 2372; baseline 0.003 -17"><span class='ocrx_word' id='word_1_497' title='bbox 1913 2302 2138 2356; x_wconf 88' lang='lat' dir='ltr'><strong>varicari</strong></span> <span class='ocrx_word' id='word_1_498' title='bbox 2183 2302 2460 2372; x_wconf 87' lang='lat' dir='ltr'><strong>religionis</strong></span> <span class='ocrx_word' id='word_1_499' title='bbox 2489 2305 2734 2358; x_wconf 89' lang='lat' dir='ltr'><strong>ordinem</strong></span> <span class='ocrx_word' id='word_1_500' title='bbox 2768 2306 2810 2358; x_wconf 90' lang='lat' dir='ltr'><strong>si</strong></span> <span class='ocrx_word' id='word_1_501' title='bbox 2849 2305 3145 2358; x_wconf 87' lang='lat' dir='ltr'><strong>transirent</strong></span> <span class='ocrx_word' id='word_1_502' title='bbox 3176 2304 3240 2357; x_wconf 87' lang='lat' dir='ltr'><strong>ad</strong></span> <span class='ocrx_word' id='word_1_503' title='bbox 3297 2303 3480 2360; x_wconf 87' lang='lat' dir='ltr'><strong>ﬁdem.</strong></span> 
     </span>
    </p>
   </div>
   <div class='ocr_carea' id='block_1_67' title="bbox 1915 2391 3484 2464">
    <p class='ocr_par' dir='ltr' id='par_1_67' title="bbox 1915 2391 3484 2464">
     <span class='ocr_line' id='line_1_68' title="bbox 1915 2391 3484 2464; baseline 0.003 -18"><span class='ocrx_word' id='word_1_504' title='bbox 1915 2391 2207 2463; x_wconf 87' lang='lat' dir='ltr'><strong>Propterea</strong></span> <span class='ocrx_word' id='word_1_505' title='bbox 2239 2409 2371 2464; x_wconf 87' lang='lat' dir='ltr'><strong>ergo</strong></span> <span class='ocrx_word' id='word_1_506' title='bbox 2419 2392 2626 2448; x_wconf 89' lang='lat' dir='ltr'><strong>auferri</strong></span> <span class='ocrx_word' id='word_1_507' title='bbox 2678 2395 2792 2450; x_wconf 68' lang='lat' dir='ltr'><strong>hate</strong></span> <span class='ocrx_word' id='word_1_508' title='bbox 2837 2395 3017 2448; x_wconf 87' lang='lat' dir='ltr'><strong>omnia</strong></span> <span class='ocrx_word' id='word_1_509' title='bbox 3053 2410 3174 2464; x_wconf 81' lang='lat' dir='ltr'><strong>quae</strong></span> <span class='ocrx_word' id='word_1_510' title='bbox 3225 2396 3278 2449; x_wconf 91' lang='lat' dir='ltr'><strong>in</strong></span> <span class='ocrx_word' id='word_1_511' title='bbox 3322 2397 3484 2451; x_wconf 91' lang='lat' dir='ltr'><strong>terris</strong></span> 
     </span>
    </p>
   </div>
   <div class='ocr_carea' id='block_1_68' title="bbox 1916 2481 3479 2554">
    <p class='ocr_par' dir='ltr' id='par_1_68' title="bbox 1916 2481 3479 2554">
     <span class='ocr_line' id='line_1_69' title="bbox 1916 2481 3479 2554; baseline 0.005 -20"><span class='ocrx_word' id='word_1_512' title='bbox 1916 2481 2113 2535; x_wconf 90' lang='lat' dir='ltr'><strong>dudum</strong></span> <span class='ocrx_word' id='word_1_513' title='bbox 2154 2481 2368 2536; x_wconf 77' lang='lat' dir='ltr'><strong>fuerant</strong></span> <span class='ocrx_word' id='word_1_514' title='bbox 2406 2484 2751 2550; x_wconf 88' lang='lat' dir='ltr'><strong>adumbrata,</strong></span> <span class='ocrx_word' id='word_1_515' title='bbox 2780 2485 2960 2538; x_wconf 89' lang='lat' dir='ltr'><strong>divina</strong></span> <span class='ocrx_word' id='word_1_516' title='bbox 2998 2486 3336 2554; x_wconf 87' lang='lat' dir='ltr'><strong>providentia</strong></span> <span class='ocrx_word' id='word_1_517' title='bbox 3369 2487 3479 2542; x_wconf 88' lang='lat' dir='ltr'><strong>dis-</strong></span> 
     </span>
    </p>
   </div>
   <div class='ocr_carea' id='block_1_69' title="bbox 1916 2571 3484 2644">
    <p class='ocr_par' dir='ltr' id='par_1_69' title="bbox 1916 2571 3484 2644">
     <span class='ocr_line' id='line_1_70' title="bbox 1916 2571 3484 2644; baseline 0.004 -21"><span class='ocrx_word' id='word_1_518' title='bbox 1916 2571 2198 2640; x_wconf 87' lang='lat' dir='ltr'><strong>pensavit,</strong></span> <span class='ocrx_word' id='word_1_519' title='bbox 2246 2582 2302 2624; x_wconf 91' lang='lat' dir='ltr'><strong>ut</strong></span> <span class='ocrx_word' id='word_1_520' title='bbox 2338 2572 2478 2624; x_wconf 81' lang='lat' dir='ltr'><strong>viam</strong></span> <span class='ocrx_word' id='word_1_521' title='bbox 2528 2574 2928 2640; x_wconf 84' lang='lat' dir='ltr'><strong>quodammodo</strong></span> <span class='ocrx_word' id='word_1_522' title='bbox 2983 2575 3249 2644; x_wconf 87' lang='lat' dir='ltr'><strong>accipiant</strong></span> <span class='ocrx_word' id='word_1_523' title='bbox 3299 2577 3484 2644; x_wconf 86' lang='lat' dir='ltr'><strong>requi-</strong></span> 
     </span>
    </p>
   </div>
   <div class='ocr_carea' id='block_1_70' title="bbox 1916 2661 3483 2733">
    <p class='ocr_par' dir='ltr' id='par_1_70' title="bbox 1916 2661 3483 2733">
     <span class='ocr_line' id='line_1_71' title="bbox 1916 2661 3483 2733; baseline 0.004 -19"><span class='ocrx_word' id='word_1_524' title='bbox 1916 2663 2096 2715; x_wconf 72' lang='lat' dir='ltr'><strong>renda:</strong></span> <span class='ocrx_word' id='word_1_525' title='bbox 2120 2661 2366 2716; x_wconf 90' lang='lat' dir='ltr'><strong>veritatis</strong></span> <span class='ocrx_word' id='word_1_526' title='bbox 2409 2663 2746 2716; x_wconf 84' lang='lat' dir='ltr'><strong>cessantibus</strong></span> <span class='ocrx_word' id='word_1_527' title='bbox 2793 2665 2952 2733; x_wconf 88' lang='lat' dir='ltr'><strong>typis.</strong></span> <span class='ocrx_word' id='word_1_528' title='bbox 3003 2664 3058 2717; x_wconf 89' lang='lat' dir='ltr'><strong>Si</strong></span> <span class='ocrx_word' id='word_1_529' title='bbox 3095 2680 3230 2733; x_wconf 85' lang='lat' dir='ltr'><strong>ergo</strong></span> <span class='ocrx_word' id='word_1_530' title='bbox 3263 2666 3483 2721; x_wconf 90' lang='lat' dir='ltr'><strong>veniens</strong></span> 
     </span>
    </p>
   </div>
   <div class='ocr_carea' id='block_1_71' title="bbox 1917 2749 3484 2819">
    <p class='ocr_par' dir='ltr' id='par_1_71' title="bbox 1917 2749 3484 2819">
     <span class='ocr_line' id='line_1_72' title="bbox 1917 2749 3484 2819; baseline 0.003 -14"><span class='ocrx_word' id='word_1_531' title='bbox 1917 2753 1984 2805; x_wconf 91' lang='lat' dir='ltr'><strong>ad</strong></span> <span class='ocrx_word' id='word_1_532' title='bbox 2015 2749 2316 2806; x_wconf 70' lang='lat' dir='ltr'><strong>Jerusalem</strong></span> <span class='ocrx_word' id='word_1_533' title='bbox 2353 2753 2626 2807; x_wconf 89' lang='lat' dir='ltr'><strong>civitatem</strong></span> <span class='ocrx_word' id='word_1_534' title='bbox 2656 2761 2951 2819; x_wconf 89' lang='lat' dir='ltr'><strong>terrenam,</strong></span> <span class='ocrx_word' id='word_1_535' title='bbox 2994 2768 3026 2808; x_wconf 90' lang='grc' dir='ltr'>ο</span> <span class='ocrx_word' id='word_1_536' title='bbox 3071 2753 3282 2818; x_wconf 64' lang='lat' dir='ltr'><strong>Judme,</strong></span> <span class='ocrx_word' id='word_1_537' title='bbox 3331 2756 3484 2811; x_wconf 87' lang='lat' dir='ltr'><strong>inve-</strong></span> 
     </span>
    </p>
   </div>
   <div class='ocr_carea' id='block_1_72' title="bbox 1919 2843 3486 2902">
    <p class='ocr_par' dir='ltr' id='par_1_72' title="bbox 1919 2843 3486 2902">
     <span class='ocr_line' id='line_1_73' title="bbox 1919 2843 3486 2902; baseline 0.003 -6"><span class='ocrx_word' id='word_1_538' title='bbox 1919 2843 2033 2898; x_wconf 89' lang='lat' dir='ltr'><strong>nies</strong></span> <span class='ocrx_word' id='word_1_539' title='bbox 2058 2859 2176 2898; x_wconf 89' lang='lat' dir='ltr'><strong>eam</strong></span> <span class='ocrx_word' id='word_1_540' title='bbox 2215 2845 2528 2898; x_wconf 90' lang='lat' dir='ltr'><strong>subversam</strong></span> <span class='ocrx_word' id='word_1_541' title='bbox 2577 2855 2632 2898; x_wconf 85' lang='lat' dir='ltr'><strong>et</strong></span> <span class='ocrx_word' id='word_1_542' title='bbox 2683 2845 2735 2898; x_wconf 92' lang='lat' dir='ltr'><strong>in</strong></span> <span class='ocrx_word' id='word_1_543' title='bbox 2781 2845 2995 2898; x_wconf 89' lang='lat' dir='ltr'><strong>cineres</strong></span> <span class='ocrx_word' id='word_1_544' title='bbox 3039 2861 3102 2898; x_wconf 85' lang='lat' dir='ltr'><strong>ac</strong></span> <span class='ocrx_word' id='word_1_545' title='bbox 3145 2844 3354 2900; x_wconf 78' lang='lat' dir='ltr'><strong>favillas</strong></span> <span class='ocrx_word' id='word_1_546' title='bbox 3395 2861 3486 2902; x_wconf 83' lang='lat' dir='ltr'><strong>rc-</strong></span> 
     </span>
    </p>
   </div>
   <div class='ocr_carea' id='block_1_73' title="bbox 1919 2935 3484 3004">
    <p class='ocr_par' dir='ltr' id='par_1_73' title="bbox 1919 2935 3484 3004">
     <span class='ocr_line' id='line_1_74' title="bbox 1919 2935 3484 3004; baseline 0.001 -15"><span class='ocrx_word' id='word_1_547' title='bbox 1919 2935 2152 3001; x_wconf 88' lang='lat' dir='ltr'><strong>dactam,</strong></span> <span class='ocrx_word' id='word_1_548' title='bbox 2177 2935 2284 2990; x_wconf 90' lang='lat' dir='ltr'><strong>noli</strong></span> <span class='ocrx_word' id='word_1_549' title='bbox 2317 2935 2461 2998; x_wconf 88' lang='lat' dir='ltr'><strong>ﬁere,</strong></span> <span class='ocrx_word' id='word_1_550' title='bbox 2497 2936 2635 2988; x_wconf 91' lang='lat' dir='ltr'><strong>sicut</strong></span> <span class='ocrx_word' id='word_1_551' title='bbox 2668 2949 2809 2989; x_wconf 89' lang='lat' dir='ltr'><strong>nunc</strong></span> <span class='ocrx_word' id='word_1_552' title='bbox 2834 2935 3013 2989; x_wconf 89' lang='lat' dir='ltr'><strong>facitis</strong></span> <span class='ocrx_word' id='word_1_553' title='bbox 3038 2943 3292 3004; x_wconf 82' lang='lat' dir='ltr'><strong>tanquam</strong></span> <span class='ocrx_word' id='word_1_554' title='bbox 3328 2937 3484 3004; x_wconf 88' lang='lat' dir='ltr'><strong>pueri</strong></span> 
     </span>
    </p>
   </div>
   <div class='ocr_carea' id='block_1_74' title="bbox 1921 3023 3488 3094">
    <p class='ocr_par' dir='ltr' id='par_1_74' title="bbox 1921 3023 3488 3094">
     <span class='ocr_line' id='line_1_75' title="bbox 1921 3023 3488 3094; baseline 0.002 -17"><span class='ocrx_word' id='word_1_555' title='bbox 1921 3025 2192 3089; x_wconf 90' lang='lat' dir='ltr'><strong>sensibus,</strong></span> <span class='ocrx_word' id='word_1_556' title='bbox 2226 3023 2334 3076; x_wconf 91' lang='lat' dir='ltr'><strong>noli</strong></span> <span class='ocrx_word' id='word_1_557' title='bbox 2384 3024 2685 3088; x_wconf 88' lang='lat' dir='ltr'><strong>lamentari,</strong></span> <span class='ocrx_word' id='word_1_558' title='bbox 2723 3023 2816 3078; x_wconf 88' lang='lat' dir='ltr'><strong>sed</strong></span> <span class='ocrx_word' id='word_1_559' title='bbox 2861 3038 2958 3092; x_wconf 86' lang='lat' dir='ltr'><strong>pro</strong></span> <span class='ocrx_word' id='word_1_560' title='bbox 3006 3034 3220 3078; x_wconf 89' lang='lat' dir='ltr'><strong>terrena</strong></span> <span class='ocrx_word' id='word_1_561' title='bbox 3272 3025 3488 3094; x_wconf 87' lang='lat' dir='ltr'><strong>require</strong></span> 
     </span>
    </p>
   </div>
   <div class='ocr_carea' id='block_1_75' title="bbox 1921 3114 3487 3188">
    <p class='ocr_par' dir='ltr' id='par_1_75' title="bbox 1921 3114 3487 3188">
     <span class='ocr_line' id='line_1_76' title="bbox 1921 3114 3487 3188; baseline 0 -18"><span class='ocrx_word' id='word_1_562' title='bbox 1921 3115 2221 3170; x_wconf 66' lang='lat' dir='ltr'><strong>caelestem.</strong></span> <span class='ocrx_word' id='word_1_563' title='bbox 2260 3116 2484 3169; x_wconf 83' lang='lat' dir='ltr'><strong>Sursum</strong></span> <span class='ocrx_word' id='word_1_564' title='bbox 2520 3116 2746 3184; x_wconf 88' lang='lat' dir='ltr'><strong>respice,</strong></span> <span class='ocrx_word' id='word_1_565' title='bbox 2773 3125 2826 3169; x_wconf 92' lang='lat' dir='ltr'><strong>et</strong></span> <span class='ocrx_word' id='word_1_566' title='bbox 2865 3116 2939 3170; x_wconf 88' lang='lat' dir='ltr'><strong>ibi</strong></span> <span class='ocrx_word' id='word_1_567' title='bbox 2985 3115 3228 3188; x_wconf 86' lang='lat' dir='ltr'><strong>invenies</strong></span> <span class='ocrx_word' id='word_1_568' title='bbox 3265 3114 3487 3170; x_wconf 79' lang='lat' dir='ltr'><strong>Jerusa-</strong></span> 
     </span>
    </p>
   </div>
   <div class='ocr_carea' id='block_1_76' title="bbox 1925 3205 3486 3276">
    <p class='ocr_par' dir='ltr' id='par_1_76' title="bbox 1925 3205 3486 3276">
     <span class='ocr_line' id='line_1_77' title="bbox 1925 3205 3486 3276; baseline -0.001 -14"><span class='ocrx_word' id='word_1_569' title='bbox 1925 3207 2027 3262; x_wconf 93' lang='lat' dir='ltr'><strong>lem</strong></span> <span class='ocrx_word' id='word_1_570' title='bbox 2055 3206 2352 3271; x_wconf 56' lang='lat' dir='ltr'><strong>caelestem,</strong></span> <span class='ocrx_word' id='word_1_571' title='bbox 2387 3224 2506 3276; x_wconf 65' lang='lat' dir='ltr'><strong>quae</strong></span> <span class='ocrx_word' id='word_1_572' title='bbox 2536 3216 2618 3260; x_wconf 88' lang='lat' dir='ltr'><strong>est</strong></span> <span class='ocrx_word' id='word_1_573' title='bbox 2647 3207 2887 3260; x_wconf 90' lang='lat' dir='ltr'><strong>omnium</strong></span> <span class='ocrx_word' id='word_1_574' title='bbox 2926 3215 3098 3260; x_wconf 89' lang='lat' dir='ltr'><strong>mater</strong></span> <span class='ocrx_word' id='word_1_575' title='bbox 3121 3206 3184 3260; x_wconf 70' lang='lat'><strong>“.</strong></span> <span class='ocrx_word' id='word_1_576' title='bbox 3224 3205 3279 3260; x_wconf 92' lang='lat' dir='ltr'><strong>Si</strong></span> <span class='ocrx_word' id='word_1_577' title='bbox 3311 3207 3486 3261; x_wconf 83' lang='lat' dir='ltr'><strong>altare</strong></span> 
     </span>
    </p>
   </div>
   <div class='ocr_carea' id='block_1_77' title="bbox 1922 3299 3485 3370">
    <p class='ocr_par' dir='ltr' id='par_1_77' title="bbox 1922 3299 3485 3370">
     <span class='ocr_line' id='line_1_78' title="bbox 1922 3299 3485 3370; baseline -0.001 -13"><span class='ocrx_word' id='word_1_578' title='bbox 1922 3302 2128 3357; x_wconf 88' lang='lat' dir='ltr'><strong>videris</strong></span> <span class='ocrx_word' id='word_1_579' title='bbox 2161 3301 2499 3362; x_wconf 90' lang='lat' dir='ltr'><strong>destitutum,</strong></span> <span class='ocrx_word' id='word_1_580' title='bbox 2528 3299 2650 3354; x_wconf 90' lang='lat' dir='ltr'><strong>nolo</strong></span> <span class='ocrx_word' id='word_1_581' title='bbox 2684 3299 3047 3362; x_wconf 81' lang='lat' dir='ltr'><strong>contristeris.</strong></span> <span class='ocrx_word' id='word_1_582' title='bbox 3075 3299 3130 3355; x_wconf 91' lang='lat' dir='ltr'><strong>Si</strong></span> <span class='ocrx_word' id='word_1_583' title='bbox 3172 3301 3485 3370; x_wconf 88' lang='lat' dir='ltr'><strong>pontiﬁcem</strong></span> 
     </span>
    </p>
   </div>
   <div class='ocr_carea' id='block_1_78' title="bbox 1922 3390 3486 3458">
    <p class='ocr_par' dir='ltr' id='par_1_78' title="bbox 1922 3390 3486 3458">
     <span class='ocr_line' id='line_1_79' title="bbox 1922 3390 3486 3458; baseline -0.001 -12"><span class='ocrx_word' id='word_1_584' title='bbox 1922 3407 2027 3446; x_wconf 91' lang='lat' dir='ltr'><strong>non</strong></span> <span class='ocrx_word' id='word_1_585' title='bbox 2072 3391 2333 3455; x_wconf 91' lang='lat' dir='ltr'><strong>invenias,</strong></span> <span class='ocrx_word' id='word_1_586' title='bbox 2380 3390 2503 3444; x_wconf 90' lang='lat' dir='ltr'><strong>nolo</strong></span> <span class='ocrx_word' id='word_1_587' title='bbox 2537 3391 2811 3456; x_wconf 90' lang='lat' dir='ltr'><strong>desperes.</strong></span> <span class='ocrx_word' id='word_1_588' title='bbox 2858 3391 2952 3445; x_wconf 87' lang='lat' dir='ltr'><strong>Est</strong></span> <span class='ocrx_word' id='word_1_589' title='bbox 2987 3390 3040 3443; x_wconf 91' lang='lat' dir='ltr'><strong>in</strong></span> <span class='ocrx_word' id='word_1_590' title='bbox 3092 3390 3246 3446; x_wconf 68' lang='lat' dir='ltr'><strong>caelis</strong></span> <span class='ocrx_word' id='word_1_591' title='bbox 3293 3392 3486 3458; x_wconf 89' lang='lat' dir='ltr'><strong>altare,</strong></span> 
     </span>
    </p>
   </div>
   <div class='ocr_carea' id='block_1_79' title="bbox 1923 3479 3488 3549">
    <p class='ocr_par' dir='ltr' id='par_1_79' title="bbox 1923 3479 3488 3549">
     <span class='ocr_line' id='line_1_80' title="bbox 1923 3479 3488 3549; baseline -0.001 -13"><span class='ocrx_word' id='word_1_592' title='bbox 1923 3492 1978 3536; x_wconf 90' lang='lat' dir='ltr'><strong>et</strong></span> <span class='ocrx_word' id='word_1_593' title='bbox 2012 3482 2220 3536; x_wconf 91' lang='lat' dir='ltr'><strong>assistit</strong></span> <span class='ocrx_word' id='word_1_594' title='bbox 2253 3481 2301 3535; x_wconf 94' lang='lat' dir='ltr'><strong>ei</strong></span> <span class='ocrx_word' id='word_1_595' title='bbox 2353 3480 2594 3549; x_wconf 81' lang='lat' dir='ltr'><strong>pontifex</strong></span> <span class='ocrx_word' id='word_1_596' title='bbox 2635 3479 2941 3534; x_wconf 90' lang='lat' dir='ltr'><strong>futurorum</strong></span> <span class='ocrx_word' id='word_1_597' title='bbox 2981 3482 3245 3536; x_wconf 88' lang='lat' dir='ltr'><strong>bonorum</strong></span> <span class='ocrx_word' id='word_1_598' title='bbox 3291 3498 3488 3536; x_wconf 90' lang='lat' dir='ltr'><strong>secun-</strong></span> 
     </span>
    </p>
   </div>
   <div class='ocr_carea' id='block_1_80' title="bbox 1922 3571 3488 3628">
    <p class='ocr_par' dir='ltr' id='par_1_80' title="bbox 1922 3571 3488 3628">
     <span class='ocr_line' id='line_1_81' title="bbox 1922 3571 3488 3628; baseline 0.001 -1"><span class='ocrx_word' id='word_1_599' title='bbox 1922 3574 2048 3628; x_wconf 85' lang='lat' dir='ltr'><strong>dum</strong></span> <span class='ocrx_word' id='word_1_600' title='bbox 2091 3573 2334 3628; x_wconf 87' lang='lat' dir='ltr'><strong>ordinem</strong></span> <span class='ocrx_word' id='word_1_601' title='bbox 2382 3571 2784 3626; x_wconf 87' lang='lat' dir='ltr'><strong>Melchisedech</strong></span> <span class='ocrx_word' id='word_1_602' title='bbox 2839 3573 3044 3626; x_wconf 90' lang='lat' dir='ltr'><strong>electus</strong></span> <span class='ocrx_word' id='word_1_603' title='bbox 3079 3587 3108 3626; x_wconf 87' lang='lat' dir='ltr'><strong>a</strong></span> <span class='ocrx_word' id='word_1_604' title='bbox 3151 3573 3258 3626; x_wconf 91' lang='lat' dir='ltr'><strong>Deo</strong></span> <span class='ocrx_word' id='word_1_605' title='bbox 3282 3573 3348 3628; x_wconf 79' lang='grc'><strong>³⁸.</strong></span> <span class='ocrx_word' id='word_1_606' title='bbox 3394 3572 3488 3628; x_wconf 79' lang='lat' dir='ltr'><strong>Sic</strong></span> 
     </span>
    </p>
   </div>
   <div class='ocr_carea' id='block_1_81' title="bbox 1922 3662 3490 3746">
    <p class='ocr_par' dir='ltr' id='par_1_81' title="bbox 1922 3662 3490 3746">
     <span class='ocr_line' id='line_1_82' title="bbox 1922 3662 3490 3746; baseline 0.001 -28"><span class='ocrx_word' id='word_1_607' title='bbox 1922 3679 2052 3733; x_wconf 85' lang='lat' dir='ltr'><strong>ergo</strong></span> <span class='ocrx_word' id='word_1_608' title='bbox 2079 3663 2233 3717; x_wconf 91' lang='lat' dir='ltr'><strong>vobis</strong></span> <span class='ocrx_word' id='word_1_609' title='bbox 2279 3662 2479 3732; x_wconf 91' lang='lat' dir='ltr'><strong>pietate</strong></span> <span class='ocrx_word' id='word_1_610' title='bbox 2505 3673 2559 3717; x_wconf 92' lang='lat' dir='ltr'><strong>et</strong></span> <span class='ocrx_word' id='word_1_611' title='bbox 2592 3662 2964 3718; x_wconf 81' lang='lat' dir='ltr'><strong>rnisericordia</strong></span> <span class='ocrx_word' id='word_1_612' title='bbox 2997 3663 3089 3718; x_wconf 90' lang='lat' dir='ltr'><strong>Dei</strong></span> <span class='ocrx_word' id='word_1_613' title='bbox 3121 3665 3282 3746; x_wconf 81' lang='lat' dir='ltr'><strong>etiam</strong></span> <span class='ocrx_word' id='word_1_614' title='bbox 3316 3665 3490 3720; x_wconf 69' lang='lat' dir='ltr'><strong>haere-</strong></span> 
     </span>
    </p>
   </div>
   <div class='ocr_carea' id='block_1_82' title="bbox 1924 3754 3481 3825">
    <p class='ocr_par' dir='ltr' id='par_1_82' title="bbox 1924 3754 3481 3825">
     <span class='ocr_line' id='line_1_83' title="bbox 1924 3754 3481 3825; baseline 0 -15"><span class='ocrx_word' id='word_1_615' title='bbox 1924 3757 2066 3811; x_wconf 91' lang='lat' dir='ltr'><strong>ditas</strong></span> <span class='ocrx_word' id='word_1_616' title='bbox 2098 3765 2310 3808; x_wconf 89' lang='lat' dir='ltr'><strong>terrena</strong></span> <span class='ocrx_word' id='word_1_617' title='bbox 2354 3754 2563 3809; x_wconf 88' lang='lat' dir='ltr'><strong>sublata</strong></span> <span class='ocrx_word' id='word_1_618' title='bbox 2596 3763 2701 3821; x_wconf 85' lang='lat' dir='ltr'><strong>est,</strong></span> <span class='ocrx_word' id='word_1_619' title='bbox 2731 3764 2790 3809; x_wconf 91' lang='lat' dir='ltr'><strong>ut</strong></span> <span class='ocrx_word' id='word_1_620' title='bbox 2821 3754 3194 3811; x_wconf 77' lang='lat' dir='ltr'><strong>hzereditatem</strong></span> <span class='ocrx_word' id='word_1_621' title='bbox 3226 3756 3481 3825; x_wconf 81' lang='lat' dir='ltr'><strong>quaeratis</strong></span> 
     </span>
    </p>
   </div>
   <div class='ocr_carea' id='block_1_83' title="bbox 1924 3847 2182 3901">
    <p class='ocr_par' dir='ltr' id='par_1_83' title="bbox 1924 3847 2182 3901">
     <span class='ocr_line' id='line_1_84' title="bbox 1924 3847 2182 3901; baseline 0.004 -1"><span class='ocrx_word' id='word_1_622' title='bbox 1924 3849 1977 3900; x_wconf 90' lang='lat' dir='ltr'><strong>in</strong></span> <span class='ocrx_word' id='word_1_623' title='bbox 2008 3847 2182 3901; x_wconf 78' lang='lat' dir='ltr'><strong>caelis.</strong></span> 
     </span>
    </p>
   </div>
   <div class='ocr_carea' id='block_1_84' title="bbox 1991 3939 3492 4009">
    <p class='ocr_par' dir='ltr' id='par_1_84' title="bbox 1991 3939 3492 4009">
     <span class='ocr_line' id='line_1_85' title="bbox 1991 3939 3492 4009; baseline 0.001 -15"><span class='ocrx_word' id='word_1_624' title='bbox 1991 3939 2046 3994; x_wconf 71' lang='grc'><strong>2.</strong></span> <span class='ocrx_word' id='word_1_625' title='bbox 2093 3941 2471 3994; x_wconf 79' lang='lat' dir='ltr'><strong>Verumtamen</strong></span> <span class='ocrx_word' id='word_1_626' title='bbox 2531 3939 2812 3994; x_wconf 88' lang='lat' dir='ltr'><strong>videamus</strong></span> <span class='ocrx_word' id='word_1_627' title='bbox 2885 3940 3009 4009; x_wconf 90' lang='lat' dir='ltr'><strong>quid</strong></span> <span class='ocrx_word' id='word_1_628' title='bbox 3065 3946 3148 3994; x_wconf 89' lang='lat' dir='ltr'><strong>est</strong></span> <span class='ocrx_word' id='word_1_629' title='bbox 3199 3940 3341 4008; x_wconf 90' lang='lat' dir='ltr'><strong>quod</strong></span> <span class='ocrx_word' id='word_1_630' title='bbox 3395 3954 3492 4009; x_wconf 85' lang='lat' dir='ltr'><strong>per</strong></span> 
     </span>
    </p>
   </div>
   <div class='ocr_carea' id='block_1_85' title="bbox 1925 4032 3494 4102">
    <p class='ocr_par' dir='ltr' id='par_1_85' title="bbox 1925 4032 3494 4102">
     <span class='ocr_line' id='line_1_86' title="bbox 1925 4032 3494 4102; baseline 0.004 -19"><span class='ocrx_word' id='word_1_631' title='bbox 1925 4033 2172 4086; x_wconf 88' lang='lat' dir='ltr'><strong>umbram</strong></span> <span class='ocrx_word' id='word_1_632' title='bbox 2219 4032 2568 4096; x_wconf 85' lang='lat' dir='ltr'><strong>describitur,</strong></span> <span class='ocrx_word' id='word_1_633' title='bbox 2616 4032 2743 4100; x_wconf 91' lang='lat' dir='ltr'><strong>quia</strong></span> <span class='ocrx_word' id='word_1_634' title='bbox 2789 4032 2841 4085; x_wconf 90' lang='lat' dir='ltr'><strong>in</strong></span> <span class='ocrx_word' id='word_1_635' title='bbox 2879 4033 3071 4087; x_wconf 91' lang='lat' dir='ltr'><strong>umbra</strong></span> <span class='ocrx_word' id='word_1_636' title='bbox 3115 4032 3252 4102; x_wconf 84' lang='lat' dir='ltr'><strong>legis</strong></span> <span class='ocrx_word' id='word_1_637' title='bbox 3290 4033 3494 4089; x_wconf 87' lang='lat' dir='ltr'><strong>veritas</strong></span> 
     </span>
    </p>
   </div>
   <div class='ocr_carea' id='block_1_86' title="bbox 1925 4121 3494 4193">
    <p class='ocr_par' dir='ltr' id='par_1_86' title="bbox 1925 4121 3494 4193">
     <span class='ocr_line' id='line_1_87' title="bbox 1925 4121 3494 4193; baseline 0 -15"><span class='ocrx_word' id='word_1_638' title='bbox 1925 4123 2266 4178; x_wconf 84' lang='lat' dir='ltr'><strong>deformatur</strong></span> <span class='ocrx_word' id='word_1_639' title='bbox 2294 4121 2426 4193; x_wconf 87' lang='lat' dir='ltr'><strong>(I9).</strong></span> <span class='ocrx_word' id='word_1_640' title='bbox 2475 4121 2732 4176; x_wconf 78' lang='lat' dir='ltr'><strong>Refertur</strong></span> <span class='ocrx_word' id='word_1_641' title='bbox 2775 4137 2904 4192; x_wconf 83' lang='lat' dir='ltr'><strong>ergo</strong></span> <span class='ocrx_word' id='word_1_642' title='bbox 2938 4123 3110 4191; x_wconf 91' lang='lat' dir='ltr'><strong>prima</strong></span> <span class='ocrx_word' id='word_1_643' title='bbox 3155 4133 3210 4177; x_wconf 89' lang='lat' dir='ltr'><strong>et</strong></span> <span class='ocrx_word' id='word_1_644' title='bbox 3255 4125 3494 4178; x_wconf 88' lang='lat' dir='ltr'><strong>secunda</strong></span> 
     </span>
    </p>
   </div>
   <div class='ocr_carea' id='block_1_87' title="bbox 1923 4215 3494 4286">
    <p class='ocr_par' dir='ltr' id='par_1_87' title="bbox 1923 4215 3494 4286">
     <span class='ocr_line' id='line_1_88' title="bbox 1923 4215 3494 4286; baseline -0.001 -15"><span class='ocrx_word' id='word_1_645' title='bbox 1923 4217 2260 4272; x_wconf 68' lang='lat' dir='ltr'><strong>haereditatis</strong></span> <span class='ocrx_word' id='word_1_646' title='bbox 2299 4215 2439 4271; x_wconf 87' lang='lat' dir='ltr'><strong>facta</strong></span> <span class='ocrx_word' id='word_1_647' title='bbox 2474 4216 2695 4270; x_wconf 87' lang='lat' dir='ltr'><strong>divisio.</strong></span> <span class='ocrx_word' id='word_1_648' title='bbox 2731 4215 2909 4270; x_wconf 85' lang='lat' dir='ltr'><strong>Prima</strong></span> <span class='ocrx_word' id='word_1_649' title='bbox 2950 4216 3170 4284; x_wconf 89' lang='lat' dir='ltr'><strong>quidem</strong></span> <span class='ocrx_word' id='word_1_650' title='bbox 3210 4232 3304 4285; x_wconf 90' lang='lat' dir='ltr'><strong>per</strong></span> <span class='ocrx_word' id='word_1_651' title='bbox 3343 4217 3494 4286; x_wconf 89' lang='lat' dir='ltr'><strong>Moy-</strong></span> 
     </span>
    </p>
   </div>
   <div class='ocr_carea' id='block_1_88' title="bbox 1923 4308 3491 4377">
    <p class='ocr_par' dir='ltr' id='par_1_88' title="bbox 1923 4308 3491 4377">
     <span class='ocr_line' id='line_1_89' title="bbox 1923 4308 3491 4377; baseline 0.001 -13"><span class='ocrx_word' id='word_1_652' title='bbox 1923 4324 2051 4374; x_wconf 90' lang='lat' dir='ltr'><strong>sen;</strong></span> <span class='ocrx_word' id='word_1_653' title='bbox 2087 4311 2321 4364; x_wconf 90' lang='lat' dir='ltr'><strong>secunda</strong></span> <span class='ocrx_word' id='word_1_654' title='bbox 2374 4324 2526 4372; x_wconf 87' lang='lat' dir='ltr'><strong>vero,</strong></span> <span class='ocrx_word' id='word_1_655' title='bbox 2566 4324 2686 4376; x_wconf 70' lang='lat' dir='ltr'><strong>qua:</strong></span> <span class='ocrx_word' id='word_1_656' title='bbox 2719 4308 2990 4376; x_wconf 88' lang='lat' dir='ltr'><strong>potentior</strong></span> <span class='ocrx_word' id='word_1_657' title='bbox 3041 4318 3147 4373; x_wconf 90' lang='lat' dir='ltr'><strong>est,</strong></span> <span class='ocrx_word' id='word_1_658' title='bbox 3181 4323 3275 4377; x_wconf 93' lang='lat' dir='ltr'><strong>per</strong></span> <span class='ocrx_word' id='word_1_659' title='bbox 3307 4309 3491 4365; x_wconf 86' lang='lat' dir='ltr'><strong>Jesum</strong></span> 
     </span>
    </p>
   </div>
   <div class='ocr_carea' id='block_1_89' title="bbox 1926 4400 3488 4471">
    <p class='ocr_par' dir='ltr' id='par_1_89' title="bbox 1926 4400 3488 4471">
     <span class='ocr_line' id='line_1_90' title="bbox 1926 4400 3488 4471; baseline 0 -17"><span class='ocrx_word' id='word_1_660' title='bbox 1926 4401 2065 4456; x_wconf 88' lang='lat' dir='ltr'><strong>facta</strong></span> <span class='ocrx_word' id='word_1_661' title='bbox 2099 4402 2442 4456; x_wconf 88' lang='lat' dir='ltr'><strong>describitur.</strong></span> <span class='ocrx_word' id='word_1_662' title='bbox 2474 4402 2539 4455; x_wconf 91' lang='lat' dir='ltr'><strong>Et</strong></span> <span class='ocrx_word' id='word_1_663' title='bbox 2570 4400 2781 4471; x_wconf 84' lang='lat' dir='ltr'><strong>Moyses</strong></span> <span class='ocrx_word' id='word_1_664' title='bbox 2809 4410 2960 4454; x_wconf 90' lang='lat' dir='ltr'><strong>trans</strong></span> <span class='ocrx_word' id='word_1_665' title='bbox 2993 4400 3282 4456; x_wconf 89' lang='lat' dir='ltr'><strong>Jordauem</strong></span> <span class='ocrx_word' id='word_1_666' title='bbox 3319 4403 3488 4455; x_wconf 89' lang='lat' dir='ltr'><strong>tribui</strong></span> 
     </span>
    </p>
   </div>
   <div class='ocr_carea' id='block_1_90' title="bbox 251 4478 3495 4560">
    <p class='ocr_par' dir='ltr' id='par_1_90' title="bbox 251 4478 3495 4560">
     <span class='ocr_line' id='line_1_91' title="bbox 251 4478 3495 4560; baseline 0.002 -18"><span class='ocrx_word' id='word_1_667' title='bbox 251 4486 395 4542; x_wconf 86' lang='lat' dir='ltr'><strong>dens</strong></span> <span class='ocrx_word' id='word_1_668' title='bbox 429 4502 447 4537; x_wconf 78' lang='grc' dir='ltr'><strong>ι</strong></span> <span class='ocrx_word' id='word_1_669' title='bbox 477 4486 678 4540; x_wconf 85' lang='lat' dir='ltr'><strong>veritas</strong></span> <span class='ocrx_word' id='word_1_670' title='bbox 703 4487 767 4540; x_wconf 90' lang='lat' dir='ltr'><strong>de</strong></span> <span class='ocrx_word' id='word_1_671' title='bbox 817 4497 959 4540; x_wconf 90' lang='lat' dir='ltr'><strong>terra</strong></span> <span class='ocrx_word' id='word_1_672' title='bbox 990 4495 1108 4540; x_wconf 89' lang='lat' dir='ltr'><strong>orta</strong></span> <span class='ocrx_word' id='word_1_673' title='bbox 1137 4496 1239 4551; x_wconf 89' lang='lat' dir='ltr'><strong>est,</strong></span> <span class='ocrx_word' id='word_1_674' title='bbox 1268 4497 1320 4541; x_wconf 90' lang='lat' dir='ltr'><strong>et</strong></span> <span class='ocrx_word' id='word_1_675' title='bbox 1345 4487 1554 4556; x_wconf 89' lang='lat' dir='ltr'><strong>justitia</strong></span> <span class='ocrx_word' id='word_1_676' title='bbox 1589 4490 1654 4544; x_wconf 92' lang='lat' dir='ltr'><strong>de</strong></span> <span class='ocrx_word' id='word_1_677' title='bbox 1683 4491 1821 4544; x_wconf 74' lang='lat' dir='ltr'><strong>ctelo</strong></span> <span class='ocrx_word' id='word_1_678' title='bbox 1859 4507 1900 4560; x_wconf 78' lang='grc' dir='ltr'>ι)</span> <span class='ocrx_word' id='word_1_679' title='bbox 1928 4492 2139 4559; x_wconf 87' lang='lat' dir='ltr'><strong>Ruben,</strong></span> <span class='ocrx_word' id='word_1_680' title='bbox 2182 4503 2236 4546; x_wconf 91' lang='lat' dir='ltr'><strong>et</strong></span> <span class='ocrx_word' id='word_1_681' title='bbox 2286 4494 2448 4546; x_wconf 90' lang='lat' dir='ltr'><strong>tribui</strong></span> <span class='ocrx_word' id='word_1_682' title='bbox 2481 4493 2618 4556; x_wconf 84' lang='lat' dir='ltr'><strong>Gad,</strong></span> <span class='ocrx_word' id='word_1_683' title='bbox 2660 4501 2716 4546; x_wconf 92' lang='lat' dir='ltr'><strong>et</strong></span> <span class='ocrx_word' id='word_1_684' title='bbox 2745 4478 2978 4546; x_wconf 61' lang='lat' dir='ltr'><strong>dimidiae</strong></span> <span class='ocrx_word' id='word_1_685' title='bbox 3029 4493 3192 4546; x_wconf 90' lang='lat' dir='ltr'><strong>tribui</strong></span> <span class='ocrx_word' id='word_1_686' title='bbox 3245 4492 3495 4548; x_wconf 88' lang='lat' dir='ltr'><strong>Manasse</strong></span> 
     </span>
    </p>
   </div>
   <div class='ocr_carea' id='block_1_91' title="bbox 245 4577 1820 4655">
    <p class='ocr_par' dir='ltr' id='par_1_91' title="bbox 245 4577 1820 4655">
     <span class='ocr_line' id='line_1_92' title="bbox 245 4577 1820 4655; baseline 0.003 -25"><span class='ocrx_word' id='word_1_687' title='bbox 245 4577 868 4648; x_wconf 64' lang='lat' dir='ltr'><strong>prospexit“,»umbrae</strong></span> <span class='ocrx_word' id='word_1_688' title='bbox 892 4587 946 4632; x_wconf 90' lang='lat' dir='ltr'><strong>et</strong></span> <span class='ocrx_word' id='word_1_689' title='bbox 990 4578 1317 4646; x_wconf 85' lang='lat' dir='ltr'><strong>exemplaria</strong></span> <span class='ocrx_word' id='word_1_690' title='bbox 1351 4580 1820 4655; x_wconf 50' lang='grc' dir='ltr'><strong>οθοίαειιιιιιόηβε-</strong></span> 
     </span>
    </p>
   </div>
   <div class='ocr_carea' id='block_1_92' title="bbox 245 4665 1820 4734">
    <p class='ocr_par' dir='ltr' id='par_1_92' title="bbox 245 4665 1820 4734">
     <span class='ocr_line' id='line_1_93' title="bbox 245 4665 1820 4734; baseline 0 -13"><span class='ocrx_word' id='word_1_691' title='bbox 245 4665 388 4721; x_wconf 89' lang='lat' dir='ltr'><strong>cidit</strong></span> <span class='ocrx_word' id='word_1_692' title='bbox 424 4665 566 4719; x_wconf 89' lang='lat' dir='ltr'><strong>enim</strong></span> <span class='ocrx_word' id='word_1_693' title='bbox 597 4665 919 4730; x_wconf 84' lang='lat' dir='ltr'><strong>Jerusalem,</strong></span> <span class='ocrx_word' id='word_1_694' title='bbox 948 4666 1146 4720; x_wconf 87' lang='lat' dir='ltr'><strong>cecidit</strong></span> <span class='ocrx_word' id='word_1_695' title='bbox 1181 4666 1462 4734; x_wconf 90' lang='lat' dir='ltr'><strong>templum,</strong></span> <span class='ocrx_word' id='word_1_696' title='bbox 1492 4670 1665 4721; x_wconf 87' lang='lat' dir='ltr'><strong>altare</strong></span> <span class='ocrx_word' id='word_1_697' title='bbox 1696 4668 1820 4721; x_wconf 80' lang='lat' dir='ltr'><strong>sub-</strong></span> 
     </span>
    </p>
   </div>
   <div class='ocr_carea' id='block_1_93' title="bbox 244 4740 1823 4827">
    <p class='ocr_par' dir='ltr' id='par_1_93' title="bbox 244 4740 1823 4827">
     <span class='ocr_line' id='line_1_94' title="bbox 244 4740 1823 4827; baseline 0 -14"><span class='ocrx_word' id='word_1_698' title='bbox 244 4757 424 4813; x_wconf 84' lang='lat' dir='ltr'><strong>latum</strong></span> <span class='ocrx_word' id='word_1_699' title='bbox 457 4740 567 4820; x_wconf 64' lang='lat' dir='ltr'><strong>est}</strong></span> <span class='ocrx_word' id='word_1_700' title='bbox 587 4760 661 4812; x_wconf 93' lang='lat' dir='ltr'><strong>uti</strong></span> <span class='ocrx_word' id='word_1_701' title='bbox 692 4759 802 4827; x_wconf 87' lang='lat' dir='ltr'><strong>jam</strong></span> <span class='ocrx_word' id='word_1_702' title='bbox 839 4773 1015 4824; x_wconf 81' lang='lat' dir='ltr'><strong>neque</strong></span> <span class='ocrx_word' id='word_1_703' title='bbox 1062 4757 1115 4810; x_wconf 91' lang='lat' dir='ltr'><strong>in</strong></span> <span class='ocrx_word' id='word_1_704' title='bbox 1152 4767 1334 4811; x_wconf 89' lang='lat' dir='ltr'><strong>monte</strong></span> <span class='ocrx_word' id='word_1_705' title='bbox 1355 4757 1617 4822; x_wconf 86' lang='lat' dir='ltr'><strong>Garizint,</strong></span> <span class='ocrx_word' id='word_1_706' title='bbox 1649 4774 1823 4827; x_wconf 86' lang='lat' dir='ltr'><strong>neque</strong></span> 
     </span>
    </p>
   </div>
   <div class='ocr_carea' id='block_1_94' title="bbox 246 4849 1821 4922">
    <p class='ocr_par' dir='ltr' id='par_1_94' title="bbox 246 4849 1821 4922">
     <span class='ocr_line' id='line_1_95' title="bbox 246 4849 1821 4922; baseline -0.003 -13"><span class='ocrx_word' id='word_1_707' title='bbox 246 4855 306 4910; x_wconf 90' lang='lat' dir='ltr'><strong>in</strong></span> <span class='ocrx_word' id='word_1_708' title='bbox 353 4850 703 4922; x_wconf 80' lang='lat' dir='ltr'><strong>Jerosolymis</strong></span> <span class='ocrx_word' id='word_1_709' title='bbox 748 4851 818 4903; x_wconf 91' lang='lat' dir='ltr'><strong>sit</strong></span> <span class='ocrx_word' id='word_1_710' title='bbox 851 4849 1004 4903; x_wconf 91' lang='lat' dir='ltr'><strong>locus</strong></span> <span class='ocrx_word' id='word_1_711' title='bbox 1053 4849 1141 4903; x_wconf 93' lang='lat' dir='ltr'><strong>ubi</strong></span> <span class='ocrx_word' id='word_1_712' title='bbox 1180 4857 1394 4916; x_wconf 88' lang='lat' dir='ltr'><strong>oportet</strong></span> <span class='ocrx_word' id='word_1_713' title='bbox 1430 4849 1682 4915; x_wconf 90' lang='lat' dir='ltr'><strong>adorare,</strong></span> <span class='ocrx_word' id='word_1_714' title='bbox 1729 4851 1821 4904; x_wconf 89' lang='lat' dir='ltr'><strong>sed</strong></span> 
     </span>
    </p>
   </div>
   <div class='ocr_carea' id='block_1_95' title="bbox 245 4940 1827 5011">
    <p class='ocr_par' dir='ltr' id='par_1_95' title="bbox 245 4940 1827 5011">
     <span class='ocr_line' id='line_1_96' title="bbox 245 4940 1827 5011; baseline -0.004 -12"><span class='ocrx_word' id='word_1_715' title='bbox 245 4945 370 5001; x_wconf 87' lang='lat' dir='ltr'><strong>veri</strong></span> <span class='ocrx_word' id='word_1_716' title='bbox 420 4946 736 4998; x_wconf 86' lang='lat' dir='ltr'><strong>adoratores</strong></span> <span class='ocrx_word' id='word_1_717' title='bbox 769 4941 858 5008; x_wconf 85' lang='lat' dir='ltr'><strong>qui</strong></span> <span class='ocrx_word' id='word_1_718' title='bbox 904 4941 1134 4994; x_wconf 89' lang='lat' dir='ltr'><strong>adorant</strong></span> <span class='ocrx_word' id='word_1_719' title='bbox 1173 4940 1491 5005; x_wconf 86' lang='lat' dir='ltr'><strong>Patrem,in</strong></span> <span class='ocrx_word' id='word_1_720' title='bbox 1528 4941 1718 5011; x_wconf 86' lang='lat' dir='ltr'><strong>spiritu</strong></span> <span class='ocrx_word' id='word_1_721' title='bbox 1773 4951 1827 4997; x_wconf 89' lang='lat' dir='ltr'><strong>et</strong></span> 
     </span>
    </p>
   </div>
   <div class='ocr_carea' id='block_1_96' title="bbox 319 5079 1435 5143">
    <p class='ocr_par' dir='ltr' id='par_1_96' title="bbox 319 5079 1435 5143">
     <span class='ocr_line' id='line_1_97' title="bbox 319 5079 1435 5143; baseline -0.003 -8"><span class='ocrx_word' id='word_1_722' title='bbox 319 5085 372 5119; x_wconf 74' lang='grc'><strong>³⁸</strong></span> <span class='ocrx_word' id='word_1_723' title='bbox 409 5080 571 5136; x_wconf 86' lang='lat' dir='ltr'><strong>Num.</strong></span> <span class='ocrx_word' id='word_1_724' title='bbox 604 5096 717 5136; x_wconf 71' lang='grc' dir='ltr'>χιιι</span> <span class='ocrx_word' id='word_1_725' title='bbox 742 5119 756 5143; x_wconf 94' lang='grc'><em>,</em></span> <span class='ocrx_word' id='word_1_726' title='bbox 789 5081 841 5134; x_wconf 76' lang='grc'><strong>4.</strong></span> <span class='ocrx_word' id='word_1_727' title='bbox 921 5079 964 5110; x_wconf 72' lang='grc'>⁸⁸</span> <span class='ocrx_word' id='word_1_728' title='bbox 1005 5079 1176 5136; x_wconf 82' lang='lat' dir='ltr'><strong>Exod.</strong></span> <span class='ocrx_word' id='word_1_729' title='bbox 1206 5094 1319 5143; x_wconf 79' lang='lat' dir='ltr'><strong>xrv,</strong></span> <span class='ocrx_word' id='word_1_730' title='bbox 1347 5079 1435 5133; x_wconf 80' lang='lat' dir='ltr'><strong>3i.</strong></span> 
     </span>
    </p>
   </div>
   <div class='ocr_carea' id='block_1_97' title="bbox 237 5149 1133 5214">
    <p class='ocr_par' dir='ltr' id='par_1_97' title="bbox 237 5149 1133 5214">
     <span class='ocr_line' id='line_1_98' title="bbox 237 5149 1133 5214; baseline -0.01 0"><span class='ocrx_word' id='word_1_731' title='bbox 237 5155 341 5214; x_wconf 70' lang='grc'><strong>29.</strong></span> <span class='ocrx_word' id='word_1_732' title='bbox 418 5153 463 5186; x_wconf 65' lang='grc'><strong>⁸⁸</strong></span> <span class='ocrx_word' id='word_1_733' title='bbox 500 5154 618 5209; x_wconf 81' lang='lat' dir='ltr'><strong>Gal.</strong></span> <span class='ocrx_word' id='word_1_734' title='bbox 661 5168 734 5207; x_wconf 86' lang='lat' dir='ltr'><strong>IV.</strong></span> <span class='ocrx_word' id='word_1_735' title='bbox 810 5151 854 5183; x_wconf 77' lang='grc'><strong>³⁸</strong></span> <span class='ocrx_word' id='word_1_736' title='bbox 895 5149 1054 5205; x_wconf 86' lang='lat' dir='ltr'><strong>IIebr.</strong></span> <span class='ocrx_word' id='word_1_737' title='bbox 1081 5167 1133 5205; x_wconf 87' lang='lat' dir='ltr'><strong>v.</strong></span> 
     </span>
    </p>
   </div>
   <div class='ocr_carea' id='block_1_98' title="bbox 321 5299 1816 5370">
    <p class='ocr_par' dir='ltr' id='par_1_98' title="bbox 321 5299 1816 5370">
     <span class='ocr_line' id='line_1_99' title="bbox 321 5299 1816 5370; baseline -0.002 -14"><span class='ocrx_word' id='word_1_738' title='bbox 321 5301 437 5370; x_wconf 72' lang='lat'><strong>(12)</strong></span> <span class='ocrx_word' id='word_1_739' title='bbox 479 5300 631 5362; x_wconf 87' lang='lat' dir='ltr'><strong>Mss.,</strong></span> <span class='ocrx_word' id='word_1_740' title='bbox 662 5321 680 5353; x_wconf 77' lang='grc' dir='ltr'><strong>ι</strong></span> <span class='ocrx_word' id='word_1_741' title='bbox 712 5301 868 5356; x_wconf 90' lang='lat' dir='ltr'><strong>ﬁdem</strong></span> <span class='ocrx_word' id='word_1_742' title='bbox 901 5301 1116 5370; x_wconf 90' lang='lat' dir='ltr'><strong>plenam</strong></span> <span class='ocrx_word' id='word_1_743' title='bbox 1145 5309 1199 5355; x_wconf 90' lang='lat' dir='ltr'><strong>et</strong></span> <span class='ocrx_word' id='word_1_744' title='bbox 1223 5313 1444 5369; x_wconf 66' lang='lat' dir='ltr'><strong>opera.»</strong></span> <span class='ocrx_word' id='word_1_745' title='bbox 1474 5299 1632 5356; x_wconf 89' lang='lat' dir='ltr'><strong>Libb.</strong></span> <span class='ocrx_word' id='word_1_746' title='bbox 1653 5300 1780 5355; x_wconf 88' lang='lat' dir='ltr'><strong>editi</strong></span> <span class='ocrx_word' id='word_1_747' title='bbox 1806 5323 1816 5353; x_wconf 85' lang='lat'>;</span> 
     </span>
    </p>
   </div>
   <div class='ocr_carea' id='block_1_99' title="bbox 243 5373 879 5440">
    <p class='ocr_par' dir='ltr' id='par_1_99' title="bbox 243 5373 879 5440">
     <span class='ocr_line' id='line_1_100' title="bbox 243 5373 879 5440; baseline -0.009 -11"><span class='ocrx_word' id='word_1_748' title='bbox 243 5393 267 5429; x_wconf 74' lang='grc' dir='ltr'><strong>ι</strong></span> <span class='ocrx_word' id='word_1_749' title='bbox 305 5373 435 5426; x_wconf 89' lang='lat' dir='ltr'><strong>ﬁdei</strong></span> <span class='ocrx_word' id='word_1_750' title='bbox 470 5373 622 5439; x_wconf 90' lang='lat' dir='ltr'><strong>plena</strong></span> <span class='ocrx_word' id='word_1_751' title='bbox 650 5387 832 5440; x_wconf 82' lang='lat' dir='ltr'><strong>Opera.</strong></span> <span class='ocrx_word' id='word_1_752' title='bbox 861 5391 879 5423; x_wconf 77' lang='grc' dir='ltr'><strong>ι</strong></span> 
     </span>
    </p>
   </div>
   <div class='ocr_carea' id='block_1_100' title="bbox 319 5440 1426 5506">
    <p class='ocr_par' dir='ltr' id='par_1_100' title="bbox 319 5440 1426 5506">
     <span class='ocr_line' id='line_1_101' title="bbox 319 5440 1426 5506; baseline -0.003 -10"><span class='ocrx_word' id='word_1_753' title='bbox 319 5443 435 5506; x_wconf 78' lang='grc'><strong>(15)</strong></span> <span class='ocrx_word' id='word_1_754' title='bbox 481 5441 630 5498; x_wconf 90' lang='lat' dir='ltr'><strong>Unus</strong></span> <span class='ocrx_word' id='word_1_755' title='bbox 659 5441 1007 5498; x_wconf 86' lang='lat' dir='ltr'><strong>Ebroicensis</strong></span> <span class='ocrx_word' id='word_1_756' title='bbox 1035 5462 1048 5496; x_wconf 86' lang='lat'><strong>:</strong></span> <span class='ocrx_word' id='word_1_757' title='bbox 1083 5461 1101 5493; x_wconf 75' lang='grc' dir='ltr'><strong>ι</strong></span> <span class='ocrx_word' id='word_1_758' title='bbox 1133 5440 1380 5497; x_wconf 86' lang='lat' dir='ltr'><strong>insidias.</strong></span> <span class='ocrx_word' id='word_1_759' title='bbox 1407 5459 1426 5493; x_wconf 75' lang='grc' dir='ltr'><strong>ι</strong></span> 
     </span>
    </p>
   </div>
   <div class='ocr_carea' id='block_1_101' title="bbox 319 5511 1706 5583">
    <p class='ocr_par' dir='ltr' id='par_1_101' title="bbox 319 5511 1706 5583">
     <span class='ocr_line' id='line_1_102' title="bbox 319 5511 1706 5583; baseline -0.001 -18"><span class='ocrx_word' id='word_1_760' title='bbox 319 5513 436 5583; x_wconf 73' lang='grc' dir='ltr'><strong>(Μ)</strong></span> <span class='ocrx_word' id='word_1_761' title='bbox 476 5514 656 5568; x_wconf 79' lang='lat' dir='ltr'><strong>Codex</strong></span> <span class='ocrx_word' id='word_1_762' title='bbox 685 5512 994 5583; x_wconf 88' lang='lat' dir='ltr'><strong>Sangerm.,</strong></span> <span class='ocrx_word' id='word_1_763' title='bbox 1030 5533 1047 5564; x_wconf 72' lang='grc' dir='ltr'><strong>ι</strong></span> <span class='ocrx_word' id='word_1_764' title='bbox 1076 5511 1446 5568; x_wconf 67' lang='lat' dir='ltr'><strong>haareditatem</strong></span> <span class='ocrx_word' id='word_1_765' title='bbox 1480 5521 1658 5567; x_wconf 64' lang='lat' dir='ltr'><strong>terra.</strong></span> <span class='ocrx_word' id='word_1_766' title='bbox 1686 5529 1706 5564; x_wconf 80' lang='grc' dir='ltr'><strong>ι</strong></span> 
     </span>
    </p>
   </div>
   <div class='ocr_carea' id='block_1_102' title="bbox 319 5584 1154 5654">
    <p class='ocr_par' dir='ltr' id='par_1_102' title="bbox 319 5584 1154 5654">
     <span class='ocr_line' id='line_1_103' title="bbox 319 5584 1154 5654; baseline -0.004 -18"><span class='ocrx_word' id='word_1_767' title='bbox 319 5584 438 5654; x_wconf 70' lang='grc'><strong>(15)</strong></span> <span class='ocrx_word' id='word_1_768' title='bbox 481 5585 662 5654; x_wconf 82' lang='lat' dir='ltr'><strong>Idem:</strong></span> <span class='ocrx_word' id='word_1_769' title='bbox 707 5601 723 5634; x_wconf 73' lang='grc' dir='ltr'><strong>ι</strong></span> <span class='ocrx_word' id='word_1_770' title='bbox 753 5584 1108 5652; x_wconf 80' lang='lat' dir='ltr'><strong>exemplaria.</strong></span> <span class='ocrx_word' id='word_1_771' title='bbox 1137 5601 1154 5633; x_wconf 73' lang='grc' dir='ltr'><strong>ι</strong></span> 
     </span>
    </p>
   </div>
   <div class='ocr_carea' id='block_1_103' title="bbox 317 5653 1003 5719">
    <p class='ocr_par' dir='ltr' id='par_1_103' title="bbox 317 5653 1003 5719">
     <span class='ocr_line' id='line_1_104' title="bbox 317 5653 1003 5719; baseline 0 -13"><span class='ocrx_word' id='word_1_772' title='bbox 317 5653 436 5719; x_wconf 79' lang='grc'><strong>(16)</strong></span> <span class='ocrx_word' id='word_1_773' title='bbox 476 5653 628 5719; x_wconf 85' lang='lat' dir='ltr'><strong>Mss.,</strong></span> <span class='ocrx_word' id='word_1_774' title='bbox 665 5672 684 5704; x_wconf 71' lang='grc' dir='ltr'><strong>ε</strong></span> <span class='ocrx_word' id='word_1_775' title='bbox 717 5665 952 5709; x_wconf 74' lang='lat' dir='ltr'><strong>cessant.</strong></span> <span class='ocrx_word' id='word_1_776' title='bbox 983 5673 1003 5706; x_wconf 71' lang='grc' dir='ltr'><strong>ι</strong></span> 
     </span>
    </p>
   </div>
   <div class='ocr_carea' id='block_1_104' title="bbox 317 5721 1818 5794">
    <p class='ocr_par' dir='ltr' id='par_1_104' title="bbox 317 5721 1818 5794">
     <span class='ocr_line' id='line_1_105' title="bbox 317 5721 1818 5794; baseline 0 -17"><span class='ocrx_word' id='word_1_777' title='bbox 317 5724 438 5793; x_wconf 79' lang='lat' dir='ltr'><strong>(I7)</strong></span> <span class='ocrx_word' id='word_1_778' title='bbox 481 5723 546 5777; x_wconf 84' lang='lat' dir='ltr'><strong>Et</strong></span> <span class='ocrx_word' id='word_1_779' title='bbox 597 5723 949 5794; x_wconf 83' lang='lat' dir='ltr'><strong>nequidquam</strong></span> <span class='ocrx_word' id='word_1_780' title='bbox 985 5734 1057 5778; x_wconf 88' lang='lat' dir='ltr'><strong>tot</strong></span> <span class='ocrx_word' id='word_1_781' title='bbox 1100 5724 1306 5779; x_wconf 75' lang='lat' dir='ltr'><strong>swculis</strong></span> <span class='ocrx_word' id='word_1_782' title='bbox 1345 5723 1644 5794; x_wconf 76' lang='lat' dir='ltr'><strong>jugulatus.</strong></span> <span class='ocrx_word' id='word_1_783' title='bbox 1692 5721 1818 5777; x_wconf 65' lang='lat' dir='ltr'><strong>Haec</strong></span> 
     </span>
    </p>
   </div>
   <div class='ocr_carea' id='block_1_105' title="bbox 235 5794 1818 5866">
    <p class='ocr_par' dir='ltr' id='par_1_105' title="bbox 235 5794 1818 5866">
     <span class='ocr_line' id='line_1_106' title="bbox 235 5794 1818 5866; baseline -0.004 -12"><span class='ocrx_word' id='word_1_784' title='bbox 235 5799 450 5853; x_wconf 86' lang='lat' dir='ltr'><strong>desunt</strong></span> <span class='ocrx_word' id='word_1_785' title='bbox 501 5794 554 5850; x_wconf 92' lang='lat' dir='ltr'><strong>in</strong></span> <span class='ocrx_word' id='word_1_786' title='bbox 603 5794 729 5850; x_wconf 88' lang='lat' dir='ltr'><strong>libb.</strong></span> <span class='ocrx_word' id='word_1_787' title='bbox 771 5795 955 5863; x_wconf 89' lang='lat' dir='ltr'><strong>editis,</strong></span> <span class='ocrx_word' id='word_1_788' title='bbox 1005 5797 1099 5852; x_wconf 88' lang='lat' dir='ltr'><strong>sed</strong></span> <span class='ocrx_word' id='word_1_789' title='bbox 1161 5795 1409 5866; x_wconf 83' lang='lat' dir='ltr'><strong>leguntur</strong></span> <span class='ocrx_word' id='word_1_790' title='bbox 1460 5797 1513 5850; x_wconf 93' lang='lat' dir='ltr'><strong>in</strong></span> <span class='ocrx_word' id='word_1_791' title='bbox 1567 5794 1818 5851; x_wconf 89' lang='lat' dir='ltr'><strong>omnibus</strong></span> 
     </span>
    </p>
   </div>
   <div class='ocr_carea' id='block_1_106' title="bbox 1513 5079 2011 5148">
    <p class='ocr_par' dir='ltr' id='par_1_106' title="bbox 1513 5079 2011 5148">
     <span class='ocr_line' id='line_1_107' title="bbox 1513 5079 2011 5148; baseline 0.002 -14"><span class='ocrx_word' id='word_1_792' title='bbox 1513 5079 1557 5112; x_wconf 82' lang='grc'><strong><em>³⁸</em></strong></span> <span class='ocrx_word' id='word_1_793' title='bbox 1625 5080 1794 5137; x_wconf 81' lang='lat' dir='ltr'><strong>Exod.</strong></span> <span class='ocrx_word' id='word_1_794' title='bbox 1840 5099 1928 5148; x_wconf 85' lang='lat' dir='ltr'><strong>xv,</strong></span> <span class='ocrx_word' id='word_1_795' title='bbox 1964 5086 2011 5136; x_wconf 86' lang='grc' dir='ltr'><strong>Ι.</strong></span> 
     </span>
    </p>
   </div>
   <div class='ocr_carea' id='block_1_107' title="bbox 1928 4583 3494 4653">
    <p class='ocr_par' dir='ltr' id='par_1_107' title="bbox 1928 4583 3494 4653">
     <span class='ocr_line' id='line_1_108' title="bbox 1928 4583 3494 4653; baseline 0 -15"><span class='ocrx_word' id='word_1_796' title='bbox 1928 4585 2318 4653; x_wconf 82' lang='lat' dir='ltr'><strong>possessionem</strong></span> <span class='ocrx_word' id='word_1_797' title='bbox 2351 4583 2633 4646; x_wconf 88' lang='lat' dir='ltr'><strong>decernit;</strong></span> <span class='ocrx_word' id='word_1_798' title='bbox 2664 4583 2845 4636; x_wconf 66' lang='lat' dir='ltr'><strong>caeteri</strong></span> <span class='ocrx_word' id='word_1_799' title='bbox 2893 4596 3021 4636; x_wconf 91' lang='lat' dir='ltr'><strong>vero</strong></span> <span class='ocrx_word' id='word_1_800' title='bbox 3048 4598 3237 4638; x_wconf 88' lang='lat' dir='ltr'><strong>omnes</strong></span> <span class='ocrx_word' id='word_1_801' title='bbox 3279 4598 3375 4652; x_wconf 80' lang='lat' dir='ltr'><strong>per</strong></span> <span class='ocrx_word' id='word_1_802' title='bbox 3402 4583 3494 4638; x_wconf 87' lang='lat' dir='ltr'><strong>.le-</strong></span> 
     </span>
    </p>
   </div>
   <div class='ocr_carea' id='block_1_108' title="bbox 1928 4670 3494 4742">
    <p class='ocr_par' dir='ltr' id='par_1_108' title="bbox 1928 4670 3494 4742">
     <span class='ocr_line' id='line_1_109' title="bbox 1928 4670 3494 4742; baseline -0.001 -14"><span class='ocrx_word' id='word_1_803' title='bbox 1928 4689 2046 4728; x_wconf 92' lang='lat' dir='ltr'><strong>sum</strong></span> <span class='ocrx_word' id='word_1_804' title='bbox 2083 4675 2387 4742; x_wconf 88' lang='lat' dir='ltr'><strong>suscipiunt</strong></span> <span class='ocrx_word' id='word_1_805' title='bbox 2430 4670 2825 4726; x_wconf 66' lang='lat' dir='ltr'><strong>haereditatem.</strong></span> <span class='ocrx_word' id='word_1_806' title='bbox 2868 4670 3111 4724; x_wconf 90' lang='lat' dir='ltr'><strong>Diximus</strong></span> <span class='ocrx_word' id='word_1_807' title='bbox 3139 4672 3206 4725; x_wconf 92' lang='lat' dir='ltr'><strong>de</strong></span> <span class='ocrx_word' id='word_1_808' title='bbox 3255 4673 3340 4726; x_wconf 89' lang='lat' dir='ltr'><strong>bis</strong></span> <span class='ocrx_word' id='word_1_809' title='bbox 3381 4674 3494 4742; x_wconf 86' lang='lat' dir='ltr'><strong>jam</strong></span> 
     </span>
    </p>
   </div>
   <div class='ocr_carea' id='block_1_109' title="bbox 1928 4761 3496 4832">
    <p class='ocr_par' dir='ltr' id='par_1_109' title="bbox 1928 4761 3496 4832">
     <span class='ocr_line' id='line_1_110' title="bbox 1928 4761 3496 4832; baseline 0.001 -16"><span class='ocrx_word' id='word_1_810' title='bbox 1928 4765 2099 4832; x_wconf 89' lang='lat' dir='ltr'><strong>prius,</strong></span> <span class='ocrx_word' id='word_1_811' title='bbox 2129 4765 2398 4832; x_wconf 90' lang='lat' dir='ltr'><strong>quomodo</strong></span> <span class='ocrx_word' id='word_1_812' title='bbox 2440 4763 2474 4816; x_wconf 91' lang='lat' dir='ltr'><strong>ii</strong></span> <span class='ocrx_word' id='word_1_813' title='bbox 2508 4763 2597 4831; x_wconf 91' lang='lat' dir='ltr'><strong>qui</strong></span> <span class='ocrx_word' id='word_1_814' title='bbox 2641 4775 2736 4830; x_wconf 90' lang='lat' dir='ltr'><strong>per</strong></span> <span class='ocrx_word' id='word_1_815' title='bbox 2770 4761 2944 4830; x_wconf 84' lang='lat' dir='ltr'><strong>legem</strong></span> <span class='ocrx_word' id='word_1_816' title='bbox 2997 4762 3319 4832; x_wconf 88' lang='lat' dir='ltr'><strong>placuerunt</strong></span> <span class='ocrx_word' id='word_1_817' title='bbox 3363 4764 3496 4831; x_wconf 84' lang='lat' dir='ltr'><strong>Deo,</strong></span> 
     </span>
    </p>
   </div>
   <div class='ocr_carea' id='block_1_110' title="bbox 1932 4853 3497 4923">
    <p class='ocr_par' dir='ltr' id='par_1_110' title="bbox 1932 4853 3497 4923">
     <span class='ocr_line' id='line_1_111' title="bbox 1932 4853 3497 4923; baseline 0 -17"><span class='ocrx_word' id='word_1_818' title='bbox 1932 4854 2294 4923; x_wconf 64' lang='lat' dir='ltr'><strong>praecedentes</strong></span> <span class='ocrx_word' id='word_1_819' title='bbox 2343 4864 2587 4921; x_wconf 88' lang='lat' dir='ltr'><strong>tempore</strong></span> <span class='ocrx_word' id='word_1_820' title='bbox 2627 4867 2720 4908; x_wconf 90' lang='lat' dir='ltr'><strong>eos</strong></span> <span class='ocrx_word' id='word_1_821' title='bbox 2767 4853 2857 4920; x_wconf 92' lang='lat' dir='ltr'><strong>qui</strong></span> <span class='ocrx_word' id='word_1_822' title='bbox 2913 4866 3008 4920; x_wconf 88' lang='lat' dir='ltr'><strong>per</strong></span> <span class='ocrx_word' id='word_1_823' title='bbox 3051 4853 3210 4906; x_wconf 90' lang='lat' dir='ltr'><strong>ﬁdem</strong></span> <span class='ocrx_word' id='word_1_824' title='bbox 3256 4853 3381 4907; x_wconf 84' lang='lat' dir='ltr'><strong>Jesu</strong></span> <span class='ocrx_word' id='word_1_825' title='bbox 3432 4857 3497 4906; x_wconf 87' lang='lat' dir='ltr'><strong>ad</strong></span> 
     </span>
    </p>
   </div>
   <div class='ocr_carea' id='block_1_111' title="bbox 1934 4945 3500 5017">
    <p class='ocr_par' dir='ltr' id='par_1_111' title="bbox 1934 4945 3500 5017">
     <span class='ocr_line' id='line_1_112' title="bbox 1934 4945 3500 5017; baseline 0.001 -17"><span class='ocrx_word' id='word_1_826' title='bbox 1934 4949 2255 5017; x_wconf 86' lang='lat' dir='ltr'><strong>rcpromissa</strong></span> <span class='ocrx_word' id='word_1_827' title='bbox 2327 4946 2689 5013; x_wconf 88' lang='lat' dir='ltr'><strong>perveniunt,</strong></span> <span class='ocrx_word' id='word_1_828' title='bbox 2755 4947 2992 5000; x_wconf 88' lang='lat' dir='ltr'><strong>nondum</strong></span> <span class='ocrx_word' id='word_1_829' title='bbox 3065 4962 3185 5015; x_wconf 76' lang='lat' dir='ltr'><strong>qua:</strong></span> <span class='ocrx_word' id='word_1_830' title='bbox 3259 4945 3500 5016; x_wconf 88' lang='lat' dir='ltr'><strong>perfecta</strong></span> 
     </span>
    </p>
   </div>
   <div class='ocr_carea' id='block_1_112' title="bbox 2088 5082 3104 5147">
    <p class='ocr_par' dir='ltr' id='par_1_112' title="bbox 2088 5082 3104 5147">
     <span class='ocr_line' id='line_1_113' title="bbox 2088 5082 3104 5147; baseline 0.004 -10"><span class='ocrx_word' id='word_1_831' title='bbox 2088 5084 2128 5114; x_wconf 85' lang='grc'><strong>³¹</strong></span> <span class='ocrx_word' id='word_1_832' title='bbox 2171 5083 2314 5138; x_wconf 87' lang='lat' dir='ltr'><strong>Psal.</strong></span> <span class='ocrx_word' id='word_1_833' title='bbox 2349 5097 2546 5147; x_wconf 76' lang='lat' dir='ltr'><strong>1.xxxv,</strong></span> <span class='ocrx_word' id='word_1_834' title='bbox 2577 5084 2665 5138; x_wconf 89' lang='lat' dir='ltr'><strong>II.</strong></span> <span class='ocrx_word' id='word_1_835' title='bbox 2752 5082 2796 5115; x_wconf 81' lang='lat'><strong>&quot;</strong></span> <span class='ocrx_word' id='word_1_836' title='bbox 2835 5082 2992 5140; x_wconf 83' lang='lat' dir='ltr'><strong>Joan.</strong></span> <span class='ocrx_word' id='word_1_837' title='bbox 3029 5099 3104 5141; x_wconf 72' lang='grc' dir='ltr'><strong>ιν.</strong></span> 
     </span>
    </p>
   </div>
   <div class='ocr_carea' id='block_1_113' title="bbox 3187 5082 3500 5155">
    <p class='ocr_par' dir='ltr' id='par_1_113' title="bbox 3187 5082 3500 5155">
     <span class='ocr_line' id='line_1_114' title="bbox 3187 5082 3500 5155; baseline 0.01 -17"><span class='ocrx_word' id='word_1_838' title='bbox 3187 5082 3231 5114; x_wconf 85' lang='grc'>³³</span> <span class='ocrx_word' id='word_1_839' title='bbox 3271 5082 3430 5141; x_wconf 86' lang='lat' dir='ltr'><strong>Joan.</strong></span> <span class='ocrx_word' id='word_1_840' title='bbox 3456 5095 3500 5155; x_wconf 83' lang='grc' dir='ltr'>ι,</span> 
     </span>
    </p>
   </div>
   <div class='ocr_carea' id='block_1_114' title="bbox 1925 5316 3501 5444">
    <p class='ocr_par' dir='ltr' id='par_1_114' title="bbox 1925 5316 3501 5444">
     <span class='ocr_line' id='line_1_115' title="bbox 1925 5316 3501 5444; baseline 0.002 -19"><span class='ocrx_word' id='word_1_841' title='bbox 1925 5316 2108 5440; x_wconf 51' lang='lat' dir='ltr'><strong>msab)</strong></span> <span class='ocrx_word' id='word_1_842' title='bbox 2160 5369 2250 5423; x_wconf 82' lang='lat' dir='ltr'><strong>Vel</strong></span> <span class='ocrx_word' id='word_1_843' title='bbox 2291 5371 2607 5444; x_wconf 70' lang='lat' dir='ltr'><strong>templi,vel</strong></span> <span class='ocrx_word' id='word_1_844' title='bbox 2643 5371 2864 5444; x_wconf 14' lang='lat' dir='ltr'><strong>fallaris,</strong></span> <span class='ocrx_word' id='word_1_845' title='bbox 2913 5373 2992 5428; x_wconf 81' lang='lat' dir='ltr'><strong>vel</strong></span> <span class='ocrx_word' id='word_1_846' title='bbox 3028 5375 3369 5444; x_wconf 80' lang='lat' dir='ltr'><strong>pontiﬁcum,</strong></span> <span class='ocrx_word' id='word_1_847' title='bbox 3424 5375 3501 5430; x_wconf 80' lang='lat' dir='ltr'><strong>vel</strong></span> 
     </span>
    </p>
   </div>
   <div class='ocr_carea' id='block_1_115' title="bbox 1923 5440 3500 5512">
    <p class='ocr_par' dir='ltr' id='par_1_115' title="bbox 1923 5440 3500 5512">
     <span class='ocr_line' id='line_1_116' title="bbox 1923 5440 3500 5512; baseline 0.004 -18"><span class='ocrx_word' id='word_1_848' title='bbox 1923 5444 2270 5512; x_wconf 78' lang='lat' dir='ltr'><strong>sacerdotum.</strong></span> <span class='ocrx_word' id='word_1_849' title='bbox 2327 5440 2383 5493; x_wconf 93' lang='lat' dir='ltr'><strong>In</strong></span> <span class='ocrx_word' id='word_1_850' title='bbox 2414 5441 2556 5512; x_wconf 90' lang='lat' dir='ltr'><strong>libb.</strong></span> <span class='ocrx_word' id='word_1_851' title='bbox 2591 5443 2752 5496; x_wconf 90' lang='lat' dir='ltr'><strong>editis</strong></span> <span class='ocrx_word' id='word_1_852' title='bbox 2797 5446 2968 5508; x_wconf 89' lang='lat' dir='ltr'><strong>deest,</strong></span> <span class='ocrx_word' id='word_1_853' title='bbox 3018 5440 3037 5495; x_wconf 71' lang='grc' dir='ltr'><em>ἐ</em></span> <span class='ocrx_word' id='word_1_854' title='bbox 3068 5445 3148 5500; x_wconf 88' lang='lat' dir='ltr'><strong>vel</strong></span> <span class='ocrx_word' id='word_1_855' title='bbox 3176 5440 3375 5512; x_wconf 45' lang='lat' dir='ltr'><strong>&#39;templi</strong></span> <span class='ocrx_word' id='word_1_856' title='bbox 3416 5447 3500 5500; x_wconf 92' lang='lat' dir='ltr'><strong>vel</strong></span> 
     </span>
    </p>
   </div>
   <div class='ocr_carea' id='block_1_116' title="bbox 1923 5511 3496 5635">
    <p class='ocr_par' dir='ltr' id='par_1_116' title="bbox 1923 5511 3496 5635">
     <span class='ocr_line' id='line_1_117' title="bbox 1923 5511 3496 5635; baseline 0.004 -73"><span class='ocrx_word' id='word_1_857' title='bbox 1923 5511 2132 5635; x_wconf 48' lang='lat' dir='ltr'><strong>altaris,</strong></span> <span class='ocrx_word' id='word_1_858' title='bbox 2163 5530 2180 5564; x_wconf 76' lang='grc' dir='ltr'><strong>ι</strong></span> <span class='ocrx_word' id='word_1_859' title='bbox 2217 5523 2275 5566; x_wconf 90' lang='lat' dir='ltr'><strong>et</strong></span> <span class='ocrx_word' id='word_1_860' title='bbox 2322 5511 2517 5582; x_wconf 88' lang='lat' dir='ltr'><strong>legitur</strong></span> <span class='ocrx_word' id='word_1_861' title='bbox 2555 5531 2568 5569; x_wconf 89' lang='lat'><strong>:</strong></span> <span class='ocrx_word' id='word_1_862' title='bbox 2617 5531 2635 5564; x_wconf 80' lang='grc' dir='ltr'><strong>ι</strong></span> <span class='ocrx_word' id='word_1_863' title='bbox 2687 5518 2771 5568; x_wconf 89' lang='lat' dir='ltr'><strong>vel</strong></span> <span class='ocrx_word' id='word_1_864' title='bbox 2817 5514 3116 5584; x_wconf 90' lang='lat' dir='ltr'><strong>pontiﬁcii,</strong></span> <span class='ocrx_word' id='word_1_865' title='bbox 3165 5516 3248 5570; x_wconf 92' lang='lat' dir='ltr'><strong>vel</strong></span> <span class='ocrx_word' id='word_1_866' title='bbox 3303 5511 3496 5570; x_wconf 81' lang='lat' dir='ltr'><strong>sacer-</strong></span> 
     </span>
     <span class='ocr_line' id='line_1_118' title="bbox 1964 5597 2134 5634; baseline -0.006 0"><span class='ocrx_word' id='word_1_867' title='bbox 1964 5597 1995 5634; x_wconf 95' lang='lat' dir='ltr'><strong>o</strong></span> <span class='ocrx_word' id='word_1_868' title='bbox 2026 5597 2083 5634; x_wconf 89' lang='grc' dir='ltr'>ιι.</span> <span class='ocrx_word' id='word_1_869' title='bbox 2115 5600 2134 5633; x_wconf 80' lang='grc' dir='ltr'><strong>ι</strong></span> 
     </span>
    </p>
   </div>
   <div class='ocr_carea' id='block_1_117' title="bbox 1923 5619 3493 5778">
    <p class='ocr_par' dir='ltr' id='par_1_117' title="bbox 1923 5619 3493 5778">
     <span class='ocr_line' id='line_1_119' title="bbox 1923 5619 3493 5778; baseline -0.001 -65"><span class='ocrx_word' id='word_1_870' title='bbox 1923 5619 2299 5778; x_wconf 43' lang='grc' dir='ltr'><strong>ἔξὲὲὶῖξιεεη</strong></span> <span class='ocrx_word' id='word_1_871' title='bbox 2355 5653 2800 5712; x_wconf 67' lang='lat' dir='ltr'><strong>«deformatur.»</strong></span> <span class='ocrx_word' id='word_1_872' title='bbox 2853 5654 3012 5712; x_wconf 88' lang='lat' dir='ltr'><strong>Libb.</strong></span> <span class='ocrx_word' id='word_1_873' title='bbox 3060 5655 3216 5725; x_wconf 90' lang='lat' dir='ltr'><strong>editi,</strong></span> <span class='ocrx_word' id='word_1_874' title='bbox 3265 5674 3284 5709; x_wconf 78' lang='grc' dir='ltr'><strong>ι</strong></span> <span class='ocrx_word' id='word_1_875' title='bbox 3314 5656 3493 5715; x_wconf 87' lang='lat' dir='ltr'><strong>refor-</strong></span> 
     </span>
    </p>
   </div>
  </div>
