3874 6494
443 308 544 366 911

1927 302 2247 362 URICENIS
2455 259 2490 292 ³
3584 307 3672 364 9η

442 432 571 480 sunt
613 421 724 493 (ΞΟ)
762 429 1189 490 consequuntur,
1228 431 1610 492 exSpeetantes
1649 438 1744 478 eos
1777 389 1876 493 qu?
1917 438 2016 492 po-
2047 429 2090 484 Λ
2125 420 2338 491 Moyses
2379 419 2566 476 dicere
2597 433 2701 475 non
2748 418 2940 490 potuit,
2973 417 3177 474 ideirco
3213 418 3328 486 ipsa
3375 419 3491 488 (ἓξ)
3537 422 3674 476 habi-

443 515 705 570 steriores
749 513 962 569 diverso
1019 511 1237 580 quidem
1296 522 1539 580 tempore
1593 515 1687 568 sed
1749 530 1856 568 una
1914 513 2017 566 iide

447 607 755 678 placebant,
791 606 941 660 sicut
983 604 1274 676 Apostolus
1325 605 1459 660 dicit
1485 606 1551 673 ³⁸,
1603 624 1620 657 ι
1653 606 1730 660 ιιιί
1785 621 1852 661 ne
1900 605 2016 660 sine

445 698 604 752 nobis
644 696 1038 765 perfectionem
1087 708 1571 763 consequerentur.
1599 715 1618 748 ι
1665 695 1873 750 Interea
1913 695 2012 750 Le-

447 789 572 842 vitis
616 801 790 855 neque
820 786 1029 856 Moyses
1069 786 1216 842 dedit
1267 788 1672 853 hrereditatem,
1718 802 1890 858 neque
1928 786 2018 841 Je-

446 897 560 944 sus,
593 883 717 950 quia
750 881 1008 935 Dominus
1037 879 1176 933 Deus
1217 879 1333 948 ipse
1362 891 1444 935 est
1481 881 1774 936 haereditas
1805 896 2014 936 eorum.

444 972 500 1026 In
532 987 634 1042 qua
671 985 727 1025 re
753 967 882 1040 quid
907 968 1051 1022 aliud
1080 968 1422 1023 sentiendum
1451 980 1557 1033 est,
1589 971 1696 1024 nisi
1731 971 1876 1040 quod
1909 971 2018 1024 sint

445 1068 500 1124 in
536 1068 777 1123 Ecclesia
823 1065 1031 1120 Domini
1063 1065 1323 1134 quidam,
1367 1065 1458 1131 qui
1504 1062 1707 1116 virtute
1753 1061 1918 1115 animi
1964 1071 2019 1116 et

445 1162 762 1220 meritorum
844 1157 1014 1227 gratia
1089 1164 1316 1210 ereteros
1389 1167 1582 1208 omnes
1658 1152 2014 1219 praecedunt,

444 1257 642 1327 quibus
669 1254 785 1324 ipse
814 1249 1074 1304 Dominus
1117 1245 1408 1301 hacreditas
1438 1259 1560 1299 esse
1605 1244 1839 1298 dicitur?
1873 1243 1939 1297 Et
1971 1244 2016 1298 si

442 1347 527 1404 fas
560 1355 644 1402 est
675 1344 875 1399 audere
911 1342 963 1396 iu
999 1340 1216 1401 talibus,
1241 1348 1295 1392 et
1319 1337 1503 1392 arcani
1527 1336 1788 1391 reconditi
1814 1336 2016 1405 aliquid

443 1440 680 1513 aperire,
711 1437 996 1491 videamus
1025 1448 1088 1488 ne
1125 1431 1264 1487 forte
1297 1430 1427 1485 illud
1459 1431 1550 1495 sit,
1580 1432 1722 1500 quod
1758 1431 2018 1485 sacerdo-

445 1543 558 1588 tum
587 1529 673 1586 vel
702 1529 1022 1583 Levitarum
1058 1523 1281 1594 figuram
1329 1523 1564 1576 latenter
1591 1520 1854 1586 ostendit,
1891 1521 2016 1589 quia

444 1629 497 1682 in
532 1623 678 1680 omni
715 1621 910 1692 popqu
953 1621 1161 1691 (eorum
1198 1618 1320 1672 dico
1367 1617 1456 1686 qui
1503 1613 1803 1684 salvantur)
1847 1615 2018 1684 major

442 1715 563 1771 sine
602 1712 766 1767 dubio
805 1725 930 1780 pars
956 1719 1073 1770 est,
1108 1716 1162 1761 et
1205 1708 1362 1773 longe
1407 1707 1753 1760 numerosior
1797 1720 2011 1771 eorum,

2121 513 2298 568 tacula
2353 511 2698 566 sacerdotum
2745 519 2799 565 et
2858 509 3172 564 Levitarum
3222 513 3544 581 dispensare
3584 531 3676 571 nm

2119 604 2314 674 potuit.
2349 601 2548 658 Beatus
2585 617 2714 673 ergo
2747 612 2832 658 est
2863 602 2953 672 qui
2984 617 3042 656 se
3078 602 3238 656 talem
3284 602 3531 668 exhibet,
3558 606 3680 659 etin

2121 695 2240 749 istis
2282 694 2540 749 omnibus
2571 710 2692 765 quae
2735 695 2995 764 prxcepit
3037 692 3220 759 Jesus,
3254 695 3535 748 invenitur
3575 711 3683 750 esse

2119 786 2412 856 perfectus.
2463 797 2520 840 ut
2568 785 2636 840 ab
2672 784 2802 840 Jesu
2848 797 3051 841 sortem
3111 787 3353 841 cozlestis
3401 788 3685 843 mansionis

2119 880 2350 949 accipiat
2381 880 2435 932 in
2473 879 2678 933 futuro.
2711 880 2785 934 De
2831 895 2941 948 quo
2973 879 3106 934 dicit
3152 880 3266 948 ipse
3315 879 3580 936 Dominus
3608 878 3683 936 Je-

2119 984 2212 1025 Sns
2234 969 2280 1002 ³ο
2308 988 2322 1024 :
2361 988 2380 1022 ι
2406 969 2588 1035 Pater,
2621 971 2741 1025 volo
2775 981 2832 1024 ut
2884 972 2971 1026 ubi
3020 987 3122 1042 ego
3165 988 3282 1028 sum
3306 1013 3322 1038 ,
3369 984 3425 1027 et
3457 975 3543 1027 isti
3591 978 3690 1030 sint

2120 1075 2363 1128 mecum;
2397 1081 2414 1113 ι
2461 1072 2513 1118 et
2536 1062 2581 1094 δι
2620 1081 2634 1117 :
2674 1081 2691 1114 ι
2729 1063 2882 1118 Sicut
2930 1080 3030 1134 ego
3077 1066 3130 1118 in
3185 1075 3261 1128 te,
3308 1075 3366 1119 et
3414 1076 3472 1120 tu
3513 1068 3563 1121 in
3614 1086 3688 1124 tne

2119 1170 2283 1208 unum
2319 1171 2526 1221 sumus,
2562 1164 2621 1208 ut
2651 1166 2705 1209 et
2735 1155 2824 1210 isti
2861 1156 2913 1210 in
2951 1157 3107 1212 nobis
3140 1173 3303 1210 unum
3338 1159 3472 1214 sint.
3500 1177 3516 1209 ι

2192 1247 2244 1301 5.
2292 1246 2442 1314 Quod
2501 1247 2544 1302 si
2585 1248 2813 1302 audiens
2860 1249 3228 1318 perfectorum
3269 1260 3326 1306 et
3364 1253 3684 1306 eminentio-

2119 1355 2238 1394 rum
2284 1341 2654 1395 haereditatem
2704 1342 2992 1395 Dominmn
3042 1343 3171 1406 dici,
3218 1344 3444 1412 ignoras
3489 1356 3545 1398 et
3590 1361 3687 1398 arn-

2119 1429 2256 1498 bigis
2295 1432 2428 1498 quid
2482 1431 2612 1485 illud
2657 1431 2727 1484 sit
2780 1433 2922 1500 quod
2976 1431 3076 1485 sub
3123 1434 3225 1487 hoc
3275 1436 3503 1488 nomine
3559 1436 3688 1488 desi-

2119 1531 2335 1588 gnatur,
2368 1523 2492 1575 audi
2527 1524 2653 1590 quia
2691 1523 2953 1577 Dominus
2983 1525 3251 1591 sapientia
3290 1536 3398 1578 est.
3442 1528 3540 1580 Cui
3575 1544 3690 1597 ergo

2119 1611 2320 1666 dicitur
2362 1613 2649 1667 haereditas
2690 1629 2814 1668 esse
2867 1615 2979 1684 (25)
3037 1616 3330 1679 Dominus,
3383 1618 3490 1671 isne
3535 1619 3693 1671 bare-

2121 1701 2348 1757 ditatent
2418 1704 2696 1772 sapientia:
2737 1705 2935 1772 capiet.
2997 1705 3254 1761 Dominus
3295 1708 3516 1776 justitia
3569 1712 3692 1762 dict-

440 1806 535 1877 qui
574 1803 892 1872 simpliciter
932 1801 1216 1854 credentes
1248 1798 1302 1852 in
1337 1798 1529 1852 timore
1567 1797 1682 1864 Dei,
1717 1814 1811 1866 per
1849 1813 2009 1866 opera
2049 1771 2088 1829 Β
2121 1805 2227 1850 tur.
2267 1794 2364 1849 Cui
2403 1811 2532 1864 ergo
2577 1796 2868 1850 limreditas
2917 1797 3177 1851 Dominus
3217 1809 3339 1862 est,
3379 1800 3488 1853 iste
3534 1802 3691 1854 Inmrta-

444 1902 605 1960 bona,
645 1904 700 1950 et
743 1906 839 1963 per
871 1892 1127 1945 honestos
1176 1903 1376 1952 mores,
1420 1900 1473 1941 et
1507 1900 1660 1943 actus
1709 1888 2016 1957 probabiles

441 1987 674 2044 Domino
722 1983 956 2052 placent.
991 1981 1158 2035 Pauci
1193 1996 1320 2036 vero
1369 1988 1533 2044 sunt,
1579 1990 1634 2034 et
1667 1979 1820 2034 valde
1869 1980 2014 2043 rari,

439 2076 533 2146 qui
565 2071 844 2144 sapientiae
881 2084 947 2124 ac
978 2069 1221 2124 scientim
1253 2085 1474 2139 operam
1513 2071 1725 2133 dantes,
1769 2080 1822 2124 et
1868 2087 2016 2125 men-

442 2180 546 2225 tem
597 2180 752 2221 suam
807 2162 1062 2218 mundam
1110 2176 1418 2231 puramque
1487 2173 1806 2224 servantes,
1855 2174 2017 2231 atque

439 2258 692 2317 omnibus
739 2253 1019 2325 praaclaris
1075 2252 1368 2305 virtutibus
1420 2267 1545 2305 suas
1593 2253 1804 2307 animas
1853 2268 2013 2308 exeo-

440 2354 635 2418 lentes,
683 2348 902 2405 caeteris
963 2345 1390 2415 simplicioribus
1440 2360 1535 2412 per
1583 2343 1842 2398 docti-inte
1890 2362 2014 2415 gra-

440 2447 568 2502 tiam
597 2443 906 2500 illuminant
952 2441 1058 2494 iter
1095 2454 1200 2508 quo
1230 2439 1573 2507 gradiuntur,
1604 2448 1659 2491 et
1689 2439 1914 2493 veniunt
1948 2441 2014 2494 ad

439 2539 693 2596 salutem.
733 2535 772 2588 li
804 2534 1054 2588 fortassis
1081 2547 1225 2586 nunc
1252 2532 1351 2586 sub
1397 2530 1703 2584 Levitarum
1737 2542 1790 2585 et
1833 2547 2016 2586 sacer-

440 2633 628 2687 dotmn
662 2627 882 2683 nomine
914 2625 1286 2694 designantur,
1317 2638 1547 2692 quormn
1583 2623 1874 2678 hmreditas
1905 2625 2015 2692 ipse

443 2723 726 2786 Dominus,
756 2718 844 2788 qui
879 2725 962 2773 est
991 2716 1278 2785 sapientia,
1310 2731 1475 2784 quain
1511 2731 1623 2786 pra:
1654 2717 1868 2772 caeteris
1903 2733 2014 2771 om-

440 2818 603 2873 nibus
651 2813 978 2877 dilexerunt,
1008 2825 1127 2864 esse
1176 2810 1513 2879 perhibetur.
1562 2809 1782 2863 Invenio
1830 2820 2009 2866 tamen

443 2909 678 2978 aliquam
711 2903 1077 2962 differentiam
1117 2904 1170 2957 in
1206 2904 1273 2955 iis
1300 2918 1421 2972 quae
1455 2901 1672 2972 Moyses
1716 2905 2009 2973 distribuit,

439 3011 492 3056 et
541 3001 593 3054 in
647 2999 715 3053 iis
761 3013 881 3066 quae
931 2994 1108 3050 Jesus.
1164 2993 1374 3064 Moyses
1436 3010 1669 3063 namque
1709 2996 1914 3052 duabus
1959 3008 2013 3052 et

2119 1887 2344 1942 ditatem
2375 1887 2600 1955 iustitia:
2661 1899 3045 1955 consequetur.
3103 1890 3370 1945 Dominus
3424 1908 3532 1960 pax
3580 1904 3686 1954 est.

2118 1981 2375 2036 Dominus
2425 1981 2728 2047 redemptio
2777 1991 2901 2044 est,
2957 1981 3216 2037 Dominus
3279 1984 3434 2037 salus
3485 1997 3606 2048 est,
3649 1988 3691 2039 in

2114 2073 2282 2145 439
2320 2073 2543 2126 Domino
2581 2082 2708 2127 sttnt
2745 2074 2984 2126 thesauii
3020 2076 3304 2143 sapientite
3351 2087 3409 2130 et
3469 2080 3694 2133 Scienti:

2115 2166 2438 2220 absconditi.
2479 2165 2603 2220 Hinc
2662 2167 2845 2220 omnia
2885 2168 2937 2219 in
2987 2168 3363 2223 luereditatem
3404 2172 3682 2240 percipiet,

2115 2258 2268 2325 cujus
2319 2258 2612 2312 htereditas
2665 2258 2924 2312 Dominus
2979 2260 3160 2316 fuerit.
3202 2259 3598 2315 Verumtamen
3649 2274 3693 2316 et

2117 2349 2204 2402 isti
2239 2349 2438 2418 quibus
2482 2349 2751 2412 sapientia
2780 2347 2897 2414 Dei,
2930 2359 2983 2402 et
3016 2347 3252 2403 Verbum
3287 2352 3384 2405 Dei
3421 2363 3479 2405 et
3513 2354 3693 2407 veritas

2115 2440 2402 2507 etjustitia
2437 2440 2730 2494 haereditas
2773 2456 2895 2495 esse
2929 2442 3150 2506 dicitttr,
3183 2444 3583 2498 habitationem
3617 2447 3690 2499 in-

2117 2532 2280 2586 terim
2323 2547 2446 2586 cum
2477 2531 2583 2586 illis
2615 2532 2909 2601 accipiunt,
2943 2547 3172 2602 quorum
3199 2533 3498 2588 hereditas
3542 2537 3689 2592 babe-

2115 2635 2202 2678 tur
2228 2625 2278 2677 in
2318 2625 2479 2678 terris
2519 2641 2531 2678 :
2567 2637 2625 2677 ut
2657 2639 2721 2677 ex
2757 2625 2996 2690 ipsorum
3028 2628 3309 2681 consortio
3361 2629 3422 2690 ii,
3458 2631 3552 2696 qui
3600 2645 3682 2697 per

2113 2718 2436 2787 semctipsos
2463 2718 2703 2771 nondum
2731 2718 2934 2781 valent,
2977 2733 3075 2786 per
3106 2719 3224 2773 illos
3261 2720 3562 2789 participes
3592 2717 3687 2775 el—

2113 2811 2335 2865 ciantnr
2362 2809 2647 2878 sapientiae
2680 2819 2730 2864 et
2764 2810 3005 2863 scientia:
3039 2809 3157 2872 Dei,
3201 2819 3256 2863 et
3294 2810 3552 2864 veritatis
3584 2811 3683 2877 ejus

2113 2917 2177 2956 ac
2203 2901 2389 2956 Verbi.
2419 2902 2483 2955 Et
2511 2903 2580 2955 ita
2611 2903 2776 2955 etiam
2813 2901 2881 2955 ad
2911 2901 3165 2956 minimos
3197 2918 3459 2970 quosque
3487 2905 3685 2972 dispen-

2113 2993 2254 3048 satio
2289 2993 2468 3046 divina
2503 2995 2799 3062 pertendit,
2834 3003 2891 3045 ut
2916 2993 3419 3064 qniprineipalitcr
3449 3012 3554 3050 non
3575 3011 3683 3064 pus-

443 3094 608 3147 semis
643 3091 892 3145 tribubus
928 3099 1128 3142 terram
1159 3087 1492 3146 distribuens
1521 3087 1661 3141 ultra
1696 3087 2007 3156 .lordanem,
2038 3116 2080 3175 C
2116 3094 2245 3139 sunt
2285 3085 2482 3138 divinae
2516 3085 2703 3152 gratia:
2730 3099 2959 3154 capaces
2987 3085 3275 3150 exsistere,
3313 3085 3607 3139 illuminari
3629 3102 3684 3142 ex

441 3199 550 3236 non
598 3182 745 3237 dedit
797 3179 1001 3234 Levitis
1056 3178 1349 3232 habitaculi
1400 3179 1704 3250 portionem
1755 3197 1872 3250 qua:
1917 3196 2012 3236 eos

441 3273 829 3344 contingebat:
862 3271 1021 3325 Jesus
1054 3280 1234 3324 autem
1268 3270 1436 3334 dedit,
1487 3286 1588 3323 non
1628 3271 1798 3324 solum
1855 3271 1906 3325 in
1948 3273 2014 3326 iis

441 3368 692 3423 tribubus
716 3379 853 3433 quas
889 3365 1002 3432 ipse
1042 3362 1340 3430 dispensat,
1368 3376 1552 3416 verum
1583 3372 1638 3415 et
1670 3363 1721 3416 in
1755 3363 1862 3416 illis
1893 3378 2014 3431 quae

445 3476 476 3514 a
506 3459 689 3528 Moyse
727 3467 878 3510 trans
928 3451 1221 3508 Iordanem
1256 3451 1464 3506 fuerant
1502 3451 1798 3507 collocatae.
1848 3454 2014 3509 llabi-

444 3550 620 3604 tacula
665 3549 868 3604 etenim
902 3543 1115 3601 Levitis
1155 3543 1206 3595 in
1255 3542 1482 3611 singulis
1532 3543 1779 3598 tribubus
1821 3547 2011 3599 decer-

441 3653 669 3708 nuntur,
718 3652 774 3696 ut
813 3657 911 3710 per
947 3641 1050 3695 hoc
1103 3641 1273 3693 multo
1324 3638 1764 3710 magniﬁcentius
1807 3649 2010 3708 myste-

440 3736 583 3790 rium
635 3750 988 3790 nosccremus
1036 3734 1172 3803 (9.1).
1226 3734 1328 3787 Iste
1367 3733 1510 3788 enim
1564 3731 1697 3786 ordo
1743 3729 2017 3785 Leviticus

437 3829 525 3884 vel
555 3827 931 3892 sacerdotalis,
963 3827 1052 3892 qui
1087 3827 1179 3879 Dei
1215 3824 1492 3892 sapientiae
1520 3832 1573 3877 et
1606 3821 1849 3876 scientiae
1885 3835 2012 3884 ope-

439 3936 556 3975 ram
601 3918 885 3988 impendit,
925 3933 1029 3970 non
1065 3916 1238 3984 potuit
1265 3930 1295 3968 a
1342 3913 1524 3984 Moyse
1567 3923 1768 3966 sortem
1803 3910 2014 3964 habita-

440 4013 606 4067 tionis
657 4012 943 4080 accipere;
999 4009 1125 4076 quia
1174 4023 1280 4061 non
1317 4016 1430 4060 erat
1483 4005 1694 4074 Moyses
1744 4003 2012 4069 veritatis,

441 4107 534 4160 sed
569 4103 775 4158 umbrze
807 4115 861 4156 et
895 4100 1224 4168 exetnplaris
1269 4097 1535 4152 minister.
1567 4095 1726 4150 Jesus
1754 4110 1882 4149 vero
1915 4093 2015 4148 Do-

442 4197 624 4251 minus
659 4207 865 4260 noster,
915 4195 1004 4260 qui
1037 4202 1154 4244 erat
1187 4190 1456 4258 sapientia
1498 4189 1612 4250 Dei,
1645 4189 1758 4254 ipse
1808 4187 2016 4242 habita-

439 4289 558 4345 cula
597 4288 932 4358 sapientibus
969 4284 1196 4353 pra:bet.
1243 4279 1360 4332 Non
1409 4279 1550 4332 enim
1612 4279 1784 4347 potuit
1834 4278 2015 4334 dicere

439 4380 655 4452 Moyses
678 4380 718 4410 ³⁷
754 4393 768 4430 :
814 4396 831 4427 ι
866 4375 1033 4436 Vade,
1071 4374 1241 4424 vende
1271 4371 1450 4423 omnia
1490 4379 1579 4423 tua
1611 4385 1734 4439 qua)
1766 4371 1931 4424 habes
1961 4379 2015 4422 et

2120 3176 2348 3231 istorum
2386 3177 2665 3231 consortio
2704 3185 3040 3237 mereantur,
3078 3186 3133 3232 et
3162 3177 3513 3247 compleatur
3551 3177 3682 3240 illd,

2117 3269 2258 3336 quod
2291 3270 2550 3337 scriptum
2582 3278 2666 3323 est
2695 3268 2740 3298 δ’
2783 3284 2797 3320 :
2835 3286 2852 3318 ι
2894 3269 2994 3334 Qui
3025 3270 3275 3336 multum,
3320 3287 3433 3325 non
3467 3273 3686 3326 abunda-

2118 3364 2228 3428 vit;
2260 3371 2311 3416 et
2340 3367 2429 3430 qui
2460 3361 2770 3425 minimum,
2799 3377 2904 3416 non
2937 3361 3239 3418 minoratus
3255 3364 3523 3420 estJSed
3554 3377 3601 3418 et
3631 3365 3683 3417 il-

2121 3453 2215 3504 lud
2245 3451 2388 3520 quod
2423 3452 2717 3519 Apostolus
2748 3453 2814 3505 ad
2847 3450 3158 3505 Corinthios
3214 3452 3350 3505 dicit
3391 3455 3462 3507 de
3508 3452 3684 3507 sanctis

2116 3541 2519 3612 Jerosolymitis
2555 3559 2568 3593 :
2613 3560 2629 3592 ι
2673 3541 2743 3596 Ut
2804 3554 3004 3606 vestra,
3035 3542 3208 3610 inquit
3242 3543 3314 3607 “,
3368 3545 3682 3598 abundantia

2120 3636 2214 3689 ﬁat
2249 3634 2313 3687 ad
2342 3635 2562 3689 illorum
2597 3635 2854 3703 inopiam,
2888 3646 2942 3689 et
2975 3634 3187 3688 illorum
3235 3637 3576 3689 abundantia
3607 3637 3685 3688 tiat

2117 3725 2182 3778 ad
2220 3737 2454 3778 veSIram
2487 3726 2744 3794 inopiam.
2788 3745 2806 3777 ι
2849 3725 2923 3779 Ita
2959 3736 3182 3796 ergo-et
3214 3742 3362 3780 nunc
3391 3729 3686 3780 cohabitare

2111 3816 2373 3885 jubentur
2398 3817 2583 3870 Levita
2617 3827 2672 3869 et
2695 3818 2950 3870 sacerdos
2979 3818 3068 3885 qui
3104 3831 3211 3869 non
3243 3817 3456 3871 habent
3486 3817 3685 3879 terram,

2121 3910 2372 3966 Israelita:
2400 3912 2490 3981 qui
2524 3912 2684 3966 habet
2733 3919 2956 3970 terram,
2989 3921 3046 3963 ut
3073 3910 3380 3979 percipiant
3419 3912 3489 3965 ab
3529 3911 3683 3967 Israe-

2120 3999 2211 4055 litc
2258 4003 2506 4058 sacerdos
2555 4015 2609 4057 et
2654 4003 2839 4057 Levita
2887 4012 3098 4056 terrena
3141 4016 3264 4069 qua:
3306 4016 3420 4055 non
3468 4002 3680 4066 habent;

2119 4099 2174 4146 et
2217 4093 2406 4147 rursus
2455 4094 2722 4150 lsraelites
2767 4091 3028 4163 percipiat
3075 4091 3186 4159 (24)
3236 4106 3270 4144 a
3324 4093 3606 4147 sacerdote
3637 4103 3680 4146 et

2116 4185 2302 4240 Levita
2331 4185 2576 4240 etelestia
2619 4193 2674 4238 et
2699 4186 2883 4238 divina
2915 4197 3034 4252 qua:
3068 4198 3175 4236 non
3213 4184 3402 4237 habet.
3435 4183 3540 4255 Lex
3562 4183 3688 4239 enim

2119 4277 2210 4329 Dei
2254 4274 2630 4329 sacerdotibus
2673 4275 2964 4328 commissa
2996 4284 3079 4328 est
3110 4284 3164 4329 ct
3216 4274 3458 4341 Levitis,
3492 4288 3546 4330 et
3579 4278 3687 4330 huic

2120 4366 2217 4421 soli
2249 4381 2471 4434 operam
2505 4366 2773 4432 tribuant,
2803 4375 2856 4420 et
2894 4366 3061 4420 verbo
3093 4366 3186 4420 Dei
3219 4369 3438 4436 absque
3463 4369 3566 4421 ulla
3596 4368 3690 4422 sol-

441 4477 506 4529 da
564 4471 926 4542 pauperibus,
968 4476 1021 4521 et
1085 4465 1308 4519 habebis
1367 4464 1680 4516 thesaurum
1737 4463 1788 4515 in
1849 4460 2016 4526 etelo,
2057 4464 2098 4519 D
2126 4458 2403 4511 licitudiuc
2448 4466 2666 4510 vacent.
2712 4455 2817 4511 Sed
2870 4456 3086 4511 interim
3129 4469 3184 4510 ut
3218 4474 3428 4512 vacare
3473 4460 3686 4529 possint,

439 4573 497 4618 et
525 4563 669 4625 veni,
709 4574 936 4626 sequere
981 4573 1084 4609 me.
1111 4576 1127 4608 ›
1169 4554 1279 4608 lioe
1320 4563 1404 4606 est
1450 4553 1594 4606 enim
1629 4563 1839 4620 partem
1883 4554 2013 4606 dare

441 4654 666 4710 Levitis.
711 4652 817 4705 Nec
871 4648 1045 4719 potuit
1085 4649 1269 4700 dicere
1323 4645 1532 4715 Moyses
1579 4646 1656 4710 ³⁸,
1708 4646 1832 4713 quia
1871 4665 1889 4696 ι
1921 4645 2011 4714 qui

440 4759 549 4797 non
585 4740 976 4794 renuntiaverit
1019 4738 1271 4791 omnibus
1294 4751 1415 4804 qua:
1453 4736 1710 4805 possidet,
1757 4750 1860 4789 non
1921 4753 2017 4802 po-

443 4845 547 4890 test
569 4847 691 4886 esse
717 4847 868 4885 meus
903 4830 1219 4899 discipulus.
1248 4848 1264 4879 ι
1306 4827 1413 4882 Nec
1446 4829 1622 4898 potuit
1659 4828 1839 4881 dicere
1870 4829 2018 4898 Moy-

442 4941 530 4982 ses
553 4926 631 4978 ³⁹ε
664 4943 682 4975 ι
718 4922 906 4979 Omnis
930 4924 1020 4991 qui
1059 4937 1163 4974 non
1198 4922 1370 4974 oderit
1400 4931 1605 4986 patrem
1641 4920 1720 4972 vel
1765 4930 2014 4983 matrem,

441 5025 496 5072 et
524 5015 724 5070 fratres
750 5025 804 5068 et
833 5027 1048 5068 sorores
1072 5023 1122 5066 et
1156 5013 1320 5073 tilios,
1350 5011 1573 5079 insuper
1603 5013 1766 5065 etiam
1811 5022 1866 5065 et
1898 5012 2016 5064 ani-

442 5121 584 5162 mam
620 5120 800 5169 suam,
835 5118 940 5158 non
975 5112 1155 5172 potest
1183 5115 1333 5154 meus
1358 5115 1477 5155 esse
1507 5099 1820 5166 discipulus.
1847 5118 1864 5150 ι
1901 5100 2014 5155 Hoc

512 5250 558 5282 ³⁸
597 5248 761 5304 Hebr.
799 5264 876 5312 xi,
906 5245 996 5300 40.
1072 5245 1113 5276 ³⁷
1158 5243 1345 5298 Matth.
1387 5259 1499 5308 xix,
1535 5245 1627 5300 21.

438 5321 488 5355 ⁸³
517 5321 562 5376 ll
593 5319 722 5376 Cor.
753 5334 870 5384 vui,
917 5317 1004 5370 15.
1082 5315 1128 5347 ’⁸³
1153 5316 1282 5370 ibid.
1325 5313 1412 5369 M.

512 5441 624 5512 (20)
665 5438 820 5496 Libb.
849 5438 1004 5502 editi,
1036 5456 1065 5512 _t
1099 5436 1575 5512 repromissioncm
1607 5436 1858 5512 veniunt,
1908 5452 2010 5490 non

441 5506 538 5579 per
578 5506 724 5566 illam
764 5525 886 5580 quae
931 5508 1170 5579 perlecta
1212 5516 1358 5562 sunt.
1392 5526 1410 5558 ι
1462 5506 1586 5561 Mss.
1619 5517 1676 5561 ut
1722 5509 1772 5560 in
1824 5519 2010 5562 nostro

446 5593 625 5720 mis-lui.)
663 5651 815 5714 Mss.,
868 5669 886 5702 ι
920 5662 1328 5705 ηοεοετθιιιιιε.»
1374 5646 1529 5702 Libb.
1572 5649 1724 5713 editi,
1765 5667 1782 5700 ι
1810 5664 2002 5704 cerne-

469 5739 648 5772 'EIIHIS.

454 5738 648 5774 remus.
682 5744 698 5772 ι

521 5792 629 5862 (~21)
671 5794 847 5846 Codex
885 5790 1193 5860 Sangerm.,
1231 5808 1248 5842 σ
1283 5791 1415 5860 ipse.
1443 5809 1461 5841 )

1703 5244 1747 5275 ³⁸
1788 5243 1916 5299 Luc.
1965 5261 2073 5311 xiv,
2117 5247 2205 5302 55.

2122 4549 2385 4603 laicorum
2412 4549 2488 4602 uti
2524 4549 2842 4605 ministeriis
2869 4551 3083 4605 debent.
3119 4549 3174 4605 Si
3207 4553 3356 4605 enim
3394 4552 3563 4607 laicus
3588 4567 3689 4619 qui

2125 4639 2426 4694 necessaria
2464 4650 2589 4694 sunt
2619 4656 2725 4696 non
2758 4643 3049 4711 praebuerit
3089 4644 3474 4698 sacerdotibus
3522 4652 3570 4696 et
3599 4643 3686 4696 Le-

2127 4735 2272 4798 vitis,
2302 4733 2554 4803 occupati
2589 4733 2662 4786 illi
2716 4733 2766 4786 in
2815 4733 3036 4796 talibus,
3089 4733 3140 4787 id
3192 4743 3275 4787 est
3327 4735 3686 4804 corporalibus

2129 4831 2295 4892 euris,
2334 4829 2512 4882 minus
2544 4827 2645 4898 legi
2677 4829 2766 4883 Dei
2802 4829 3094 4883 vacabunt.
3128 4827 3239 4882 lllis
3271 4838 3457 4882 autem
3484 4845 3587 4881 non
3609 4842 3684 4875 ra-

2126 4922 2402 4987 eantibus,
2448 4936 2624 4990 neque
2660 4936 2880 4991 operam
2920 4921 3182 4976 dantibus
3227 4920 3329 4991 legi
3371 4923 3486 4987 Dei,
3522 4932 3570 4974 tu
3600 4935 3680 4988 pe-

2127 5014 2412 5068 riclitaris.
2448 5012 2844 5068 Obscurabitur
2876 5015 3020 5068 enim
3059 5014 3147 5066 lux
3191 5015 3463 5077 scientiae,
3495 5027 3607 5080 qua
3631 5012 3675 5061 in

2125 5105 2230 5159 illis
2256 5113 2360 5169 est,
2399 5113 2450 5158 te
2495 5121 2600 5159 non
2638 5105 3090 5160 subministrante
3121 5107 3299 5160 oleum
3348 5107 3594 5168 lucerme,
3630 5109 3677 5152 et

2283 5247 2325 5279 3°
2367 5247 2520 5311 ibid.,
2559 5247 2650 5302 ‘26.
2741 5248 2784 5279 ⁸ο
2823 5246 2982 5304 Joan.
3010 5251 3266 5314 “11,24.
3369 5249 3415 5281 “
3455 5247 3575 5302 ibid.
3595 5243 3670 5298 ii.

2192 5439 2302 5508 (23)
2347 5438 2493 5494 Esse.
2542 5439 2704 5495 Deest
2754 5439 2806 5494 in
2844 5438 2975 5494 libb.
3033 5439 3218 5504 editis,
3264 5439 3360 5494 sed
3412 5443 3579 5492 exstat
3614 5431 3661 5486 ia

2121 5525 2252 5562 ﬂlSS.

2187 5580 2298 5651 (2t)
2327 5580 2402 5631 Ab
2448 5578 2694 5634 lsroelite
2748 5581 2994 5651 sacerdos
3027 5592 3072 5634 et
3127 5581 3286 5633 levita
3326 5591 3518 5651 terrena
3552 5586 3653 5651 ea:

2115 5645 2218 5705 non
2247 5645 2432 5702 habent
2460 5667 2477 5714 ;
2515 5661 2559 5700 et
2595 5667 2777 5702 rursus
2803 5650 3076 5702 Isruelites
3116 5652 3388 5716 percipi/tt.
3426 5648 3534 5700 Hec
3568 5645 3648 5694 de‘

2112 5721 2425 5844 siﬁerantnr
2453 5723 2500 5773 in
2530 5721 2682 5775 libris
2709 5731 2864 5774 antea
2882 5723 3064 5784 editis,
3093 5723 3188 5775 sed
3211 5722 3453 5790 leguntur
3483 5716 3644 5768 antll'

2112 5809 2162 5844 Ill
2207 5806 2266 5844 us
2299 5806 2428 5843 mss.

2112 5806 2266 5844 lllUllS
2299 5806 2428 5843 lllSS.
