3874 6504
182 443 274 502 9-15

1161 446 1225 500 IN
1265 446 1528 502 LIBRUM
1567 443 1732 502 JESU
1762 442 1949 499 NAVE
1987 445 2276 503 IIOMILIA
2318 449 2505 506 XVIII.

3330 457 3438 515 9M

186 558 336 627 culpa
374 562 459 608 tua
488 554 614 610 illud
647 557 880 628 eveniet,
915 561 1058 630 quod
1091 562 1228 618 dixit
1258 565 1515 619 Dominus
1538 563 1606 629 ⁸⁸,
1631 562 1755 633 quia
1786 564 1838 625 Α
1866 563 2028 615 etiam
2061 575 2279 633 possunt
2316 581 2416 622 nos
2452 567 2720 624 instruere
2748 567 2814 624 ad
2837 569 3085 626 salutent.
3111 570 3293 628 Primo
3314 588 3429 628 om-

203 663 555 705 oeazcuscaeco
593 649 848 705 ducatum
900 656 1171 722 praebens,
1230 658 1390 712 ambo
1443 659 1495 711 in
1546 656 1757 712 foveam

195 744 388 799 cadent.
423 759 441 791 ι
474 739 578 794 Sed
609 750 662 795 et
699 742 827 798 illttd
864 744 916 798 itt
955 755 1004 800 te
1033 749 1394 818 complebilur
1416 751 1556 818 quod
1579 751 1758 805 Domi-

191 851 286 893 nus
312 835 442 888 dixit
469 833 513 866 ⁸⁸
544 849 559 889 :
595 854 612 887 ι
647 834 704 890 Si
729 837 874 892 enim
906 838 993 892 lux
1022 856 1141 910 quae
1183 844 1234 896 in
1281 852 1332 898 te
1381 855 1487 909 est,
1525 845 1758 899 tenebrae

192 935 329 989 sunt,
385 927 514 994 ipsae
559 930 798 983 tenebrae
846 939 1060 1000 quantae
1114 936 1273 989 sunt?
1311 955 1329 989 ο
1370 934 1440 991 Ut
1484 952 1617 1008 ergo
1666 936 1756 991 lux

193 1021 420 1078 scientiae
462 1023 514 1076 in
548 1026 922 1082 sacerdotibus
950 1027 1178 1098 fulgeat,
1217 1040 1272 1085 et
1306 1029 1523 1087 lucerna
1566 1047 1754 1087 eorum

190 1115 255 1168 sit
283 1127 496 1182 semper
525 1129 780 1182 accensa,
823 1125 878 1172 tu
917 1119 1079 1189 imple
1104 1121 1338 1178 oﬂiciunt
1378 1133 1548 1186 tuum,
1601 1140 1753 1180 com-

187 1204 268 1276 ple
300 1206 609 1261 mandatunt
643 1208 735 1264 Dei
767 1225 896 1281 erga
923 1213 1179 1283 obsequia
1205 1219 1574 1271 sacerdotum.
1601 1215 1754 1281 Quod

187 1294 228 1348 si
253 1293 389 1347 forte
428 1298 695 1365 susceptis
737 1314 768 1353 a
815 1309 867 1355 te
905 1315 1025 1370 quae
1069 1305 1374 1358 necessaria
1409 1313 1555 1371 sunt,
1589 1313 1642 1359 et
1671 1306 1751 1360 sic

187 1398 285 1438 non
310 1383 458 1450 quasi
489 1387 715 1441 avaritia
745 1389 839 1442 sed
882 1391 1036 1459 quasi
1089 1393 1464 1448 benedictione
1501 1393 1636 1466 (25),
1676 1396 1749 1450 illi

184 1474 514 1545 neglexerint
546 1480 838 1535 eruditioni
897 1498 1120 1552 operam
1156 1489 1307 1549 dare,
1347 1497 1400 1540 et
1449 1489 1614 1542 verbo
1654 1489 1748 1544 Dei

181 1579 390 1632 vacare,
434 1568 563 1622 etin
597 1569 714 1640 lege
755 1571 846 1626 Dei
885 1576 1136 1630 meditari
1191 1578 1280 1632 die
1320 1593 1384 1632 ac
1436 1589 1615 1646 nocte,
1648 1580 1748 1650 ipsi

180 1659 438 1716 videbunt
487 1664 759 1731 quomodo
807 1681 908 1735 pro
953 1670 1240 1726 animabus
1287 1673 1484 1728 vestris
1519 1674 1750 1729 reddant

174 1750 393 1805 Domino
423 1753 713 1810 rationem.
749 1754 854 1812 Sed
881 1759 1239 1828 deprecemur
1268 1764 1445 1832 potius
1485 1764 1575 1817 Dei
1633 1765 1744 1836 (26)

171 1843 552 1911 omnipotentis
587 1846 1047 1916 misericordiam,
1103 1863 1163 1906 ut
1210 1868 1308 1907 suo
1369 1855 1594 1918 lumine,
1645 1872 1743 1910 sua

169 1928 416 1994 veritate,
459 1946 558 1986 suo
599 1934 905 2003 splendore,
935 1954 1123 1996 omnes
1163 1958 1260 1998 nos
1300 1943 1605 1999 illuminare
1653 1947 1738 2001 di-

167 2033 352 2091 gnctur
399 2031 456 2076 et
505 2026 635 2082 dare
688 2030 963 2086 lucernam
1014 2035 1240 2102 pedibus
1276 2040 1476 2092 nostris
1515 2040 1737 2094 verbum

166 2127 333 2179 suum,
370 2122 428 2166 et
471 2115 652 2170 lumen
704 2119 917 2176 semitis
953 2125 1176 2191 nostris,
1221 2126 1393 2195 ipsum
1451 2128 1738 2186 Dominum

163 2209 398 2257 nostrum
440 2202 622 2261 Jesum
671 2208 971 2276 Christum,
997 2215 1088 2282 qui
1121 2225 1207 2270 est
1234 2231 1359 2273 vera
1393 2218 1481 2274 lux
1532 2221 1737 2289 ntttndi,

163 2293 350 2348 cuiest
378 2295 559 2366 gloria
593 2310 646 2354 et
693 2303 982 2372 imperium
1016 2307 1127 2380 (“2.7)
1161 2310 1215 2364 in
1263 2312 1460 2367 sarcula
1510 2315 1740 2370 saeculo-

163 2400 296 2443 rum.
327 2388 532 2449 Amen.
1683 2413 1689 2416 ‘

685 2484 971 2543 llOMILIA
1023 2490 1208 2549 XVIII.

159 2589 232 2645 De
257 2594 405 2647 initio
444 2597 915 2676 divisionislerrre,
939 2622 1056 2672 qua:
1080 2608 1252 2662 divisa
1281 2622 1357 2666 est
1404 2614 1467 2665 ab
1495 2613 1644 2676 Jesu,
1690 2624 1738 2668 et

224 2667 488 2752 gnemodo
531 2673 750 2724 accessit
775 2675 844 2727 ad
881 2667 1062 2731 lesum
1114 2676 1294 2746 Caleb,
1321 2691 1368 2735 et
1405 2683 1555 2752 petiit
1587 2667 1651 2737 αὗ
1681 2667 1737 2738 eo

227 2732 493 2788 Chebron.

226 2846 272 2901 ί.
321 2847 612 2908 Discamus
655 2869 718 2912 ex
773 2856 889 2926 lege
919 2875 1080 2930 quam
1114 2866 1428 2922 necessarie
1459 2867 1735 2939 descripta

147 2937 231 2993 'est
261 2950 416 2996 terra'
479 2943 696 3016 divisio,
727 2966 846 3019 qua:
885 2953 1062 3021 primo
1107 2971 1206 3025 per
1253 2957 1458 3026 Mosen,
1496 2937 1736 3017 secundo

155 3031 311 3087 etiam
339 3035 462 3106 (28)
498 3053 594 3108 per
626 3038 810 3096 Iesum
847 3045 1047 3100 dicitur
1081 3046 1245 3111 facta,
1295 3066 1398 3105 non
1435 3063 1494 3105 ut
1532 3062 1736 3108 utram-

153 3139 251 3193 que
305 3142 622 3198 servemus,
671 3137 764 3186 sed
812 3136 1083 3192 rationem
1138 3141 1426 3210 utriusque
1465 3144 1735 3200 discentes

1858 653 2008 709 nium
2037 654 2203 711 Caleb
2230 658 2623 728 interpretatur
2650 662 2798 729 quasi
2831 678 2922 716 cor
2947 663 3086 736 (52).
3125 662 3254 730 Quis
3300 680 3428 732 ergo

1857 759 1939 804 est
1974 751 2126 820 quasi
2161 764 2276 817 cor,
2309 750 2411 805 nisi
2436 745 2482 806 is
2505 753 2595 822 qui
2622 752 2674 807 in
2704 755 3273 812 omnibusintellectui
3303 771 3429 826 ope-

1857 851 1974 892 ram
2031 839 2240 907 tribuit,
2271 841 2362 911 qui
2405 857 2514 897 non
2560 843 2777 914 aliquod
2830 846 3129 900 membrum
3181 848 3426 916 corporis

1845 929 2121 986 Ecclesiae
2147 946 2265 988 esse
2311 933 2529 1002 dicitur,
2569 937 2675 991 nisi
2715 938 2847 994 illud
2892 940 3033 1010 quod
3069 949 3153 994 est
3188 941 3241 993 in
3279 940 3428 995 nobis

1855 1022 2172 1093 praeclarius
2223 1039 2360 1083 cor:
2399 1027 2451 1081 id
2482 1037 2585 1094 est,
2621 1031 2709 1100 qui
2750 1036 2928 1088 omnia
2968 1050 3090 1089 cum
3131 1036 3340 1090 ratione
3372 1043 3427 1089 et

1856 1116 2144 1184 prudentia
2189 1117 2352 1186 gerit,
2395 1127 2448 1174 et
2476 1120 2550 1174 ita
2581 1133 2776 1177 cuncta
2807 1127 3082 1197 dispensat
3112 1131 3268 1200 quasi
3317 1143 3425 1184 non

1854 1209 1924 1264 sit
1955 1208 2126 1275 aliud,
2160 1211 2262 1265 nisi
2309 1213 2443 1266 cor?
2488 1211 2883 1283 Interpretatur
2925 1232 3103 1276 autem
3135 1234 3188 1277 et
3218 1221 3428 1278 Jeffone

1853 1313 2007 1372 pater
2031 1301 2146 1370 ejus
2173 1306 2438 1359 conversio
2479 1306 2617 1378 (55).
2657 1309 2757 1364 Hic
2792 1327 2920 1382 ergo
2954 1314 3117 1370 Caleb
3166 1315 3309 1369 [ilius
3342 1324 3427 1368 est

1852 1395 2240 1451 conversionis.
2272 1397 2410 1464 Quid
2458 1400 2562 1454 nisi
2605 1401 2733 1470 quia
2765 1405 2830 1457 ad
2885 1405 3054 1460 Deum
3105 1421 3424 1471 conversus,

1854 1487 2010 1540 talem
2040 1502 2108 1540 ex
2135 1503 2192 1541 se
2226 1487 2462 1543 fructum
2499 1492 2785 1559 proferret,
2831 1505 2889 1548 ut
2919 1512 3012 1550 cor
3051 1495 3216 1550 tilium
3266 1511 3428 1565 gene-

1851 1579 2037 1633 raret?
2069 1579 2164 1635 Est
2198 1596 2329 1650 ergo
2364 1583 2540 1637 omnis
2569 1587 2658 1653 qui
2712 1587 2911 1642 divinis
2963 1590 3216 1643 sensibus
3245 1595 3420 1649 vacat,

1849 1681 1904 1726 et
1934 1675 2233 1742 prudenter
2258 1687 2455 1732 cuncta
2508 1695 2572 1734 ac
2621 1681 3018 1737 rationabiliter
3052 1683 3181 1752 agit,
3232 1681 3418 1738 Caleb.

1849 1763 1946 1820 Hic
1968 1767 2142 1834 primo
2175 1769 2393 1837 quidem
2423 1772 2666 1826 eruditus
2690 1788 2719 1826 a
2748 1771 2916 1836 Mose,
2943 1771 3181 1828 secundo
3204 1789 3331 1828 vero
3356 1774 3424 1827 ab

1848 1855 1994 1922 Jesu,
2025 1860 2110 1914 cui
2161 1863 2476 1924 assistebat,
2519 1865 2654 1919 dicit
2677 1865 2767 1918 ⁸⁸ε
2814 1858 2831 1916 ἀ
2889 1865 2969 1919 Tu
3017 1867 3155 1921 nosti
3193 1865 3421 1920 verbum

1848 1953 1990 2016 quod
2020 1951 2230 2005 locutus
2269 1961 2351 2006 est
2379 1953 2641 2008 Dominus
2671 1957 2735 2008 ad
2780 1955 2963 2010 Mosen
2997 1955 3271 2010 hominem
3303 1954 3417 2008 Dei.

1847 2039 1925 2093 ’l‘u
1959 2039 2124 2111 440
2157 2043 2265 2098 scis
2290 2047 2513 2099 verbum
2547 2048 2689 2115 quod
2718 2047 2931 2102 locutus
2962 2056 3045 2100 est
3079 2047 3353 2101 Dominus.
3398 2065 3416 2098 ι

1841 2128 1973 2195 Quis
1999 2133 2142 2186 enim
2168 2134 2305 2188 alius
2329 2151 2484 2191 nosse
2503 2147 2675 2207 potest
2697 2141 2919 2195 verbum
2942 2141 3079 2209 quod
3109 2140 3316 2195 locutus
3336 2149 3418 2194 est

1845 2223 2103 2279 Dominus
2135 2226 2199 2279 ad
2236 2227 2441 2291 Mosen,
2480 2231 2582 2284 nisi
2616 2229 2774 2287 Jesus
2801 2231 2986 2287 solus?
3011 2232 3182 2287 Nemo
3225 2232 3300 2288 sic
3329 2232 3416 2286 in-

1846 2312 2048 2368 tellexit
2076 2314 2246 2384 legem
2277 2319 2419 2374 sicut
2444 2321 2632 2374 docuit
2661 2320 2837 2376 Jesus.
2889 2321 3008 2391 Ipse
3034 2323 3178 2376 enim
3232 2323 3416 2377 omnia

1843 2407 2045 2472 docuit,
2073 2418 2128 2463 et
2159 2412 2394 2477 aperuit,
2425 2412 2540 2480 ipse
2589 2414 2846 2468 revelavit
2889 2414 3074 2477 Paulo,
3113 2415 3239 2484 quia
3268 2433 3288 2466 ‹
3331 2415 3412 2468 lex

1842 2499 2101 2567 spiritalis
2121 2513 2202 2556 est
2232 2503 2298 2556 ⁸9.
2341 2503 2492 2557 Sicut
2521 2503 2732 2559 locutus
2759 2514 2861 2568 est,
2912 2506 3091 2575 inquit
3115 2506 3182 2572 ⁵ο,
3221 2506 3288 2559 de
3331 2522 3418 2561 me

1842 2598 1895 2644 et
1927 2591 1994 2643 de
2028 2599 2101 2646 te.
2142 2610 2160 2642 ι
2198 2594 2271 2646 De
2302 2609 2408 2656 me,
2439 2594 2636 2662 inquit,
2665 2604 2720 2647 et
2750 2595 2814 2648 de
2844 2604 2896 2648 te
2941 2594 3155 2648 loeutus
3184 2603 3269 2648 est
3300 2592 3414 2648 Mo-

1841 2695 1947 2737 ses.
1979 2683 2052 2736 De
2090 2692 2140 2737 te
2167 2685 2408 2753 quidem,
2449 2688 2550 2740 hoc
2572 2696 2657 2741 est
2685 2689 2832 2756 quod
2867 2685 3005 2740 dixit
3036 2685 3298 2739 Dominus
3323 2683 3368 2715 "
3392 2725 3407 2750 ,

1840 2775 1965 2843 quia
2014 2768 2104 2829 «Si
2130 2778 2428 2832 crederetis
2452 2777 2611 2847 Mosi,
2641 2779 2939 2834 crederetis
2964 2780 3148 2849 utique
3167 2788 3221 2833 et
3256 2778 3412 2842 mihi,

1840 2865 1906 2920 de
1935 2881 2020 2920 tne
2040 2868 2183 2921 enim
2213 2867 2301 2921 ille
2346 2871 2588 2940 scripsit.
2635 2891 2652 2922 ι
2694 2873 2767 2926 De
2798 2885 2884 2926 me
2908 2886 3038 2924 vero
3079 2870 3223 2939 quod
3256 2869 3413 2932 dixit,

1839 2955 1943 3012 hoc
1977 2968 2064 3013 est
2087 2958 2156 3012 de
2187 2957 2370 3025 Caleb,
2397 2961 2488 3028 qui
2540 2976 2637 3016 cor
2679 2970 2784 3029 est,
2818 2972 3028 3017 certum
3071 2971 3155 3016 est
3192 2961 3316 3030 quia
3349 2961 3414 3015 de

1839 3052 2002 3106 corde
2032 3052 2314 3120 scripserit
2352 3053 2544 3122 Moses,
2574 3056 2772 3125 quippe
2810 3056 2903 3125 qui
2940 3057 3117 3110 omnia
3173 3055 3412 3126 pruden-

1842 3153 1924 3197 ter
1947 3146 2331 3214 sapienterquc
2357 3147 2763 3216 conscripserit.
2791 3145 2882 3201 Ait
2909 3161 3038 3218 ergo
3059 3149 3105 3180 ⁵⁸
3134 3162 3146 3199 :
3189 3165 3208 3199 ι
3245 3146 3412 3201 Hodie

152 3217 288 3272 illam
319 3221 500 3276 solam
545 3232 844 3294 teneamus,
870 3243 989 3298 qua:
1019 3232 1084 3285 ab
1111 3229 1239 3287 Jesu
1280 3244 1469 3288 nostro
1509 3236 1735 3292 Domino
1762 3256 1804 3315 ρ
1840 3235 1997 3292 valeo
2035 3238 2177 3292 sicut
2213 3238 2458 3294 valebam
2495 3249 2645 3298 tunc.
2691 3260 2708 3293 ι
2750 3240 2983 3296 Sanctus
3029 3240 3228 3309 quippe
3258 3239 3412 3294 sitni-

157 3307 395 3364 traditur.
432 3311 608 3382 Igitur
640 3315 784 3369 illam
827 3328 1050 3385 terram,
1082 3337 1202 3391 qua:
1232 3333 1316 3378 est
1353 3333 1502 3379 trans
1545 3323 1734 3381 Jorda-

157 3413 292 3467 netu,
319 3401 538 3474 Moyses
572 3408 850 3464 distribuit
887 3429 900 3464 :
934 3412 1073 3466 hanc
1101 3425 1282 3469 atttem
1315 3433 1433 3485 quae
1463 3427 1547 3471 est
1588 3428 1734 3472 terra

155 3505 328 3550 sancta
353 3507 408 3551 et
436 3511 586 3554 terra
616 3501 729 3572 (29)
760 3503 926 3568 bona,
957 3505 1239 3561 distribuit
1267 3507 1425 3564 Jesus
1449 3518 1498 3564 ct
1525 3511 1733 3580 princi-

154 3600 242 3655 pes
279 3589 515 3644 tribuum
554 3594 741 3649 Israel.
793 3596 956 3653 Vides
985 3614 1114 3668 ergo
1145 3601 1296 3670 quia,
1341 3617 1465 3655 cum
1507 3605 1735 3671 ert-perit

158 3690 276 3733 vera
310 3681 402 3736 illa
433 3685 730 3740 haereditas
757 3696 916 3744 terrae
946 3698 1147 3745 sancta:
1178 3707 1206 3744 a
1244 3691 1527 3748 Salvatore
1555 3694 1736 3749 distri-

156 3769 263 3836 bui,
299 3788 657 3833 assumentur
691 3779 801 3850 (50)
837 3783 1000 3835 etiam
1049 3783 1320 3853 principes
1355 3785 1593 3840 tribuum
1622 3789 1733 3843 veri

155 3875 204 3918 et
227 3868 486 3934 spiritalis
511 3871 708 3926 Israel.
741 3874 888 3940 Quos
923 3885 1100 3929 autem
1146 3888 1400 3945 putamus
1432 3893 1554 3933 esse
1583 3880 1734 3948 prin-

152 3963 289 4028 cipes
328 3964 572 4018 tribuum
631 3977 959 4034 nostrarmn,
995 3971 1075 4023 vel
1125 3969 1379 4026 Ecclesiae
1430 3972 1729 4042 principes,

152 4051 247 4104 nisi
296 4064 521 4108 sanctos
555 4057 848 4125 apostolos,
895 4061 959 4112 ad
1011 4077 1148 4129 quos
1186 4062 1316 4116 dicit
1370 4063 1621 4118 Salvator
1664 4065 1728 4131 ⁸⁸,

151 4144 272 4210 quia
306 4163 325 4196 σ
359 4148 628 4202 sedebitis
652 4158 706 4202 et
734 4165 829 4204 vos
856 4167 1018 4219 super
1044 4153 1327 4206 duodecim
1373 4154 1616 4220 thronos,
1647 4156 1733 4224 ju-

152 4233 389 4292 dicantes
428 4240 716 4295 duodecim
771 4243 941 4297 tribus
989 4245 1198 4298 Israel?
1232 4265 1250 4298 ι
1291 4247 1603 4303 Assumitur
1653 4260 1730 4304 ta-

152 4339 267 4398 men
295 4331 359 4382 :td
396 4331 724 4385 divisionem
753 4335 916 4387 etiam
947 4339 1224 4401 sacerdos,
1254 4338 1344 4406 qui
1390 4349 1468 4392 est
1498 4356 1732 4398 arcanus

149 4425 201 4472 et
235 4423 500 4490 mysticus
525 4440 706 4478 sermo
739 4426 851 4478 Dei.
892 4427 982 4480 Sic
1023 4430 1166 4482 enim
1199 4430 1351 4492 dicit,
1378 4432 1504 4501 quia
1535 4447 1730 4490 conve-

152 4515 327 4568 nerint
353 4516 519 4573 Jcsus
551 4527 605 4574 et
639 4520 868 4576 Eleazar
919 4523 1081 4577 simul
1128 4525 1193 4579 ad
1230 4525 1574 4581 dividendam
1623 4539 1732 4584 ter-

146 4617 255 4659 rant
282 4609 422 4676 (51).

213 4696 262 4749 2.
293 4699 671 4759 Etvideamus
707 4707 828 4776 quis
859 4716 960 4772 est,
995 4709 1085 4777 qui
1135 4709 1342 4777 primus
1375 4710 1582 4779 accepit
1616 4712 1727 4765 hm-

147 4795 425 4849 reditatem
460 4797 532 4850 ab
555 4796 702 4852 Jesu.
736 4817 752 4850 ι
779 4799 968 4865 Caleb,
996 4801 1173 4870 inquit
1196 4802 1262 4867 ⁸⁷,
1297 4803 1435 4856 lilius
1461 4802 1718 4858 Jell‘one.»

148 4883 241 4938 llic
282 4889 429 4940 enim
466 4889 680 4958 primus
720 4892 875 4959 petit,
927 4901 981 4945 et
1033 4883 1165 4960 petit
1201 4895 1367 4949 certis
1401 4895 1720 4964 quibusdam

144 4982 448 5037 rationibus
479 4993 536 5037 et
561 4985 757 5049 verbis,
797 5002 916 5055 qua:
947 4987 1216 5057 descripta
1243 4999 1387 5055 sunt,
1418 5003 1537 5056 quae
1561 4987 1721 5042 verba

212 5093 257 5124 ⁸⁸
279 5093 473 5150 Matth.
511 5113 604 5161 xv,
624 5097 709 5151 14.
789 5099 832 5130 ⁸⁸
858 5099 1046 5153 Matth.
1077 5117 1149 5160 vt.
1177 5101 1268 5156 25.

144 5169 328 5230 nv,6.
408 5167 629 5224 “Joan.
668 5187 719 5238 ν,
753 5171 841 5226 46.
918 5171 1104 5227 “Jos.
1145 5189 1256 5236 xw,
1296 5174 1377 5226 ll.

211 5264 324 5335 (25)
357 5264 524 5324 Lihb.
562 5269 714 5334 editi,
749 5289 764 5320 ι
816 5269 1123 5332 avaritiam,
1162 5268 1256 5322 sed
1295 5269 1448 5337 quasi
1496 5269 1717 5324 benedi-

145 5335 403 5406 ctionem,
442 5357 461 5388 ι
491 5338 589 5392 Ms.
620 5339 975 5406 Sangerman.
1014 5349 1070 5392 ttt
1096 5339 1146 5392 in
1194 5335 1378 5393 nostro
1403 5348 1574 5395 textu.

350 5406 539 5478 Qodex
571 5406 857 5478 Sangernt.
893 5430 910 5461 ι
950 5411 1042 5464 sed
1083 5411 1260 5478 potius
1296 5425 1513 5462 oremus
1540 5410 1651 5463 Dei.
1696 5427 1714 5460 ι

234 5421 322 5471 zu)
351 5421 539 5462 uoaex
571 5421 857 5478 Sangernt.
893 5430 910 5461 ι
950 5421 1042 5464 seu
1083 5421 1260 5478 potius
1296 5425 1513 5462 oremus
1541 5421 1651 5463 Det.
1696 5427 1714 5460 ι

213 5421 324 5546 (27)
350 5475 510 5550 I_Jnus
537 5479 878 5535 Ebroicensis
905 5490 1027 5550 post
1070 5498 1087 5530 ι
1133 5481 1415 5547 imperium
1457 5498 1474 5529 ι
1507 5481 1660 5534 addit
1703 5496 1716 5532 :

153 5562 172 5595 σ
201 5561 320 5616 cum
354 5546 567 5616 Spiritu
610 5559 819 5604 sancto.
860 5571 878 5601 ι

214 5615 324 5691 (28)
359 5615 568 5672 Etiam.
595 5619 757 5675 Abest
798 5637 824 5673 a
852 5621 982 5676 ltbb.
1011 5620 1192 5684 editis,
1224 5623 1318 5676 sed
1362 5621 1630 5691 reperitur
1667 5621 1718 5675 in

146 5700 245 5741 nts.
279 5688 571 5742 Sanuerttt.

214 5756 327 5830 (29)
358 5756 553 5813 Terra.
607 5764 765 5817 Deest
801 5763 857 5817 in
905 5762 1035 5819 libb.
1084 5763 1266 5830 editis,
1321 5763 1412 5816 sed
1460 5771 1635 5817 exstat
1669 5763 1720 5817 in

145 5826 329 5904 eodt'tn
357 5846 482 5904 _n_ts.
517 5830 799 5904 Sangerttt.

216 5896 324 5970 (50)
357 5899 508 5956 Idem
547 5896 654 5961 ms:
682 5923 699 5957 ι
741 5915 1104 5961 assumcntur.
1141 5924 1170 5960 ι·
1192 5903 1348 5962 Libb.
1377 5905 1506 5960 editi
1541 5927 1552 5958 ;
1587 5922 1603 5958 ι
1635 5920 1723 5961 as-

1345 5102 1388 5133 ⁸⁶
1423 5101 1611 5156 Matth.
1637 5118 1748 5167 XIX,
1770 5102 1859 5157 28.

1453 5173 1500 5204 ⁸³
1539 5173 1665 5227 ibid.
1685 5212 1699 5237 ,
1730 5174 1814 5227 1⁵2.

1840 3328 1967 3382 liter
1993 3329 2136 3382 valet
2167 3339 2219 3384 et
2250 3331 2301 3384 in
2353 3333 2711 3401 praesentilnts
2737 3341 2790 3387 et
2833 3333 2884 3386 in
2927 3333 3244 3402 praeteritis,
3275 3341 3330 3385 et
3359 3330 3410 3384 in

1838 3422 1992 3476 novis
2026 3429 2079 3476 et
2114 3423 2166 3476 in
2202 3426 2499 3487 veteribus,
2529 3434 2585 3478 et
2635 3423 2686 3478 in
2735 3423 3043 3492 Evangeliis
3068 3431 3121 3478 et
3171 3424 3223 3476 in
3273 3422 3409 3491 lege.

1837 3514 1952 3569 Hoc
1980 3526 2063 3570 est
2090 3531 2218 3583 ergo
2253 3518 2393 3584 quod
2425 3517 2576 3583 dicit,
2615 3518 2798 3572 valere
2850 3531 2909 3572 se
2960 3515 3120 3570 hodie
3151 3517 3250 3570 sub
3282 3515 3408 3569 .Iesu

1837 3607 1977 3661 sicut
2009 3617 2134 3661 tunc
2164 3608 2263 3660 sub
2297 3606 2466 3672 Mose,
2495 3608 2621 3675 quia
2669 3607 2721 3661 itt
2768 3608 3053 3662 utriusque
3104 3606 3410 3660 testamenti

1836 3699 2115 3773 tnysteriis
2151 3713 2245 3753 cor
2274 3699 2498 3769 vigilans
2526 3700 2686 3756 valet.

1905 3794 1960 3847 5.
1995 3793 2102 3865 sed
2161 3791 2439 3846 videamus
2474 3793 2636 3846 etiam
2696 3793 3009 3873 petitionem
3063 3791 3180 3857 eius
3241 3805 3406 3860 quam

1835 3886 2068 3955 primam
2103 3888 2350 3957 poposcit
2383 3887 2596 3942 abJesu
2617 3887 2782 3942 Caleb
2806 3887 2944 3942 ﬁlius
2972 3885 3198 3943 Jeﬂ'one.
3231 3905 3250 3938 ι
3280 3887 3411 3940 Pelo

1836 3993 1866 4033 a
1902 3991 1951 4033 te
1983 3990 2219 4033 montem
2259 3980 2422 4043 hunc,
2459 3980 2631 4050 inquit
2665 3980 2734 4043 ⁸³,
2773 3980 2916 4035 sicut
2964 3980 3098 4034 dixit
3154 3979 3411 4034 Dominus

1838 4071 1889 4124 in
1928 4071 2014 4125 die
2045 4071 2154 4124 illa.
2198 4090 2215 4122 ι
2252 4070 2392 4125 Nihil
2419 4072 2642 4138 humile,
2671 4071 2751 4124 vel
2782 4070 3048 4138 deiectum
3082 4081 3302 4124 sanctus
3326 4085 3410 4122 re-

1833 4159 2021 4228 quirit,
2059 4160 2194 4214 nihil
2239 4163 2380 4232 quod
2435 4163 2486 4216 itt
2524 4161 2789 4218 demersis
2825 4162 3163 4216 convallibus
3209 4160 3409 4228 jaceat,

1833 4253 1925 4305 sed
1966 4261 2201 4306 montem
2238 4256 2429 4323 qmerit
2463 4255 2759 4320 excelsum,
2795 4256 2888 4310 sed
2936 4267 3174 4311 montem
3210 4256 3262 4308 in
3305 4270 3410 4322 quo

1832 4346 2080 4399 civitates
2132 4361 2338 4416 magna:
2388 4356 2443 4400 ct
2496 4350 2716 4402 munita:
2773 4358 2922 4402 sunt.
2995 4349 3267 4417 Scriptum
3323 4357 3407 4401 est

1832 4437 1979 4491 enim
2011 4438 2078 4504 ⁵⁸,
2111 4439 2235 4507 quia
2284 4456 2302 4489 α
2341 4439 2408 4493 ibi
2437 4449 2561 4493 sunt
2595 4439 2792 4505 Machi,
2824 4439 3073 4494 civitates
3117 4453 3323 4507 magna:
3357 4447 3410 4489 et

1832 4530 2106 4586 munitae.»
2134 4530 2197 4583 Et
2227 4529 2340 4584 haec
2371 4531 2648 4599 poscebat,
2675 4531 2799 4600 quia
2827 4540 3056 4586 noverat
3081 4531 3406 4600 belligerari,

1764 4617 1807 4671 D
1838 4621 1983 4675 sicut
2011 4622 2275 4690 scriptum
2306 4632 2391 4675 est
2419 4623 2464 4654 ⁵⁵
2503 4638 2515 4676 :
2554 4641 2571 4674 ι
2605 4622 2868 4677 Civitates
2912 4623 3147 4677 munitas
3177 4638 3405 4690 occupa-

1837 4711 1914 4767 hit
1943 4713 2181 4782 sapiens,
2216 4722 2270 4768 et
2317 4715 2561 4769 destruet
2601 4715 2958 4768 munitionem
3003 4715 3054 4767 in
3087 4730 3190 4783 qua
3237 4716 3408 4768 conli-

1834 4806 2028 4859 dcbant
2071 4807 2238 4875 impii.
2280 4827 2296 4856 ι
2341 4806 2502 4861 Putas
2553 4823 2673 4862 cum
2718 4808 2832 4862 hinc
2872 4806 3076 4864 diceret
3133 4807 3407 4866 Salomon,

1833 4897 1938 4950 hoc
1962 4915 2058 4952 nos
2096 4899 2309 4951 volebat
2353 4900 2572 4964 docere,
2613 4902 2737 4969 quia
2777 4903 2994 4970 sapiens
3026 4909 3246 4970 caperet
3272 4899 3407 4953 civi-

1834 4997 1973 5044 tates
1999 4999 2052 5043 et
2083 4993 2414 5046 munitiones
2430 4993 2739 5048 destrueret
2767 5010 2832 5048 ex
2863 4995 3130 5065 lapidibus
3157 5000 3408 5048 constru-

1939 5102 2109 5158 "Jos.
2142 5121 2230 5159 xw
2253 5146 2266 5167 ,
2297 5105 2349 5158 ϐ.
2428 5107 2471 5138 ⁸⁸
2507 5106 2635 5159 ibid.
2681 5107 2723 5139 ⁸³
2753 5107 2911 5163 Rom.
2942 5124 3040 5171 vn,
3065 5108 3152 5160 Η.
3226 5108 3272 5138 ⁵ο
3297 5105 3406 5160 .Ios.

1893 5176 1940 5206 ⁵⁸
1977 5174 2110 5229 ibid.
2187 5176 2231 5207 "
2257 5176 2418 5230 Prov.
2445 5193 2557 5238 XXI.
2580 5177 2672 5233 22.

1827 5279 2129 5323 SUII'IIIIIIIII‘.
2169 5289 2187 5322 1

1900 5340 2011 5414 (5-1)
2043 5340 2186 5396 ldent
2240 5357 2340 5414 ms.
2377 5361 2394 5393 ε
2441 5343 2649 5412 primus
2693 5345 2923 5414 accepit.
2964 5363 2982 5396 ι
3032 5341 3190 5398 Libh.
3227 5342 3354 5398 editi
3390 5359 3399 5391 :

1833 5427 1852 5459 ι
1889 5411 2120 5478 primum
2152 5413 2314 5481 cepit.
2347 5433 2364 5463 ι
2444 5411 2454 5412 ί
2825 5411 2840 5414 ’
3351 5448 3357 5454 .

1902 5480 2014 5602 (52)
2049 5482 2196 5538 Unus
2217 5480 2402 5538 codex
2432 5482 2780 5540 Eltroicensis
2813 5499 2829 5538 :
2870 5503 2888 5536 ι
2920 5484 3135 5538 Primus
3163 5484 3404 5537 omnium

1925 5554 2012 5602 el).
2042 5553 2206 5602 (Zaleh
2243 5555 2634 5602 interpretatus
2661 5555 2858 5602 dicitur
2880 5556 3032 5602 nuasi
3051 5571 3168 5602 enr.
3198 5573 3215 5602 ι
3239 5554 3404 5602 Porro

1827 5548 2012 5625 galeb.
2042 5553 2206 5608 Caleb
2243 5555 2634 5622 interpretatus
2661 5555 2858 5609 dicitur
2880 5556 3032 5625 quasi
3051 5571 3168 5609 cor.
3198 5573 3215 5605 ι
3239 5554 3406 5608 Porro

1830 5621 1994 5675 Caleb
2046 5621 2438 5694 interpretatur
2481 5643 2498 5675 ‹
2532 5626 2688 5696 quasi
2731 5639 2863 5681 corr
2898 5621 2945 5679 'a
2978 5639 3010 5683 Ω
3051 5645 3068 5677 ι
3100 5626 3250 5695 quasi
3288 5645 3305 5677 ι
3351 5635 3404 5679 et

1842 5697 1922 5744 2'1
1949 5706 1965 5736 t
1990 5701 2100 5742 cor.
2117 5708 2134 5739 ›

1903 5787 2014 5856 (53)
2055 5787 2451 5862 interpretatur
2509 5799 2682 5844 autent
2741 5800 2786 5844 et
2827 5790 3032 5862 Je/fone
3091 5800 3236 5861 pater
3293 5789 3407 5861 ejus

1832 5858 2121 5915 conversio.
2151 5861 2194 5914 A
2226 5870 2331 5921 ru}:
2375 5881 2393 5914 ι
2426 5863 2712 5917 convertit.
2747 5879 2766 5913 ι
