3874 6498
404 439 514 495 915

414 645 554 698 muri
588 647 715 698 sunt
747 634 1037 705 impiorum
1069 628 1340 697 dogmata,
1382 630 1437 675 et
1469 614 1766 689 syllogismi
1815 610 1990 682 philo-

414 737 734 807 sophorum,
763 729 960 800 quibus
993 728 1244 779 astruunt
1272 715 1434 786 impia
1471 724 1699 782 quaeque
1720 715 1774 760 et
1800 704 1994 761 divinae

416 796 517 902 legi
545 796 848 889 contraria,
877 835 999 892 quae
1024 815 1165 886 apud
1214 823 1454 882 paganos
1476 807 1561 860 vel
1609 803 1872 858 barbaros
1901 796 1998 852 ob-

417 891 743 983 servantur?
773 891 964 973 Sedet
995 910 1086 966 illa
1133 908 1188 963 in
1217 904 1303 960 his
1339 898 1646 972 deputanda
1683 903 1810 950 sunt
1839 901 1893 946 et
1920 891 2019 945 ci--

419 1017 618 1071 vitates
649 1009 873 1066 munitm
914 1017 1056 1068 esse,
1091 1008 1254 1069 atque
1289 997 1340 1050 in
1387 989 1665 1047 montibus
1697 984 2000 1048 collocatae,

421 1121 542 1178 qua:
573 1100 815 1161 haeretici
844 1098 897 1154 in
931 1094 1340 1163 Scripturarum
1377 1080 1798 1142 assertionibus,
1833 1073 2000 1129 veluti

423 1172 477 1256 in
503 1199 627 1253 altis
657 1193 958 1254 montibus,
990 1186 1280 1243 collocant.
1313 1181 1444 1234 Istas
1483 1189 1612 1246 ergo
1637 1172 1887 1226 civitates
1917 1182 2004 1221 sa-

425 1291 581 1361 piens
604 1287 836 1356 quisque
862 1281 1085 1336 verbum
1117 1273 1415 1346 praedicans
1438 1263 1730 1329 destruxit,
1760 1271 1814 1316 et
1841 1257 2006 1315 urbes

428 1352 698 1436 menda—cii
740 1352 992 1432 veritatis
1023 1370 1192 1424 ariete
1224 1361 1512 1425 subvertit,
1553 1359 1696 1413 sicut
1732 1352 2009 1423 apostolus

428 1473 632 1530 Paulus
679 1469 896 1525 dicebat
933 1465 1022 1515 “:
1067 1481 1085 1513 ι
1127 1455 1503 1526 Cogitationes
1557 1450 1929 1509 destruentes,
1956 1452 2012 1498 et

428 1580 650 1622 onmem
679 1559 1017 1616 altitudinem
1051 1566 1171 1622 quae
1200 1565 1258 1605 se
1283 1545 1492 1601 extollit
1523 1544 1785 1597 adversus
1828 1537 2010 1592 scien-

435 1660 569 1714 tiam
602 1651 848 1710 Dei.»lta
893 1661 1022 1718 ergo
1053 1644 1217 1699 etiam
1259 1653 1402 1695 nunc
1430 1636 1521 1692 hic
1575 1629 2014 1702 sapientissimus

429 1750 602 1806 Caleb
633 1745 844 1802 assistit
883 1751 1010 1801 ante
1052 1735 1261 1799 Jesum,
1296 1742 1352 1788 et
1399 1727 1670 1800 promittit
1719 1725 1901 1779 valere
1954 1736 2014 1777 se

433 1842 502 1896 ad
532 1839 753 1902 bellum,
789 1844 842 1890 et
870 1839 1183 1902 promptum
1231 1837 1355 1880 esse
1387 1823 1453 1876 ad
1486 1818 1762 1891 praelium;
1799 1825 1853 1870 et
1897 1815 2016 1869 ideo

433 1930 686 2003 deposcit
711 1926 949 1998 permitti
994 1921 1094 1976 sibi
1130 1918 1280 1974 velut
1318 1913 1622 1983 disputandi
1677 1909 2013 1970 facultatem,

435 2035 496 2082 ut
519 2023 902 2094 congrediatur
929 2031 1050 2073 cum
1084 2010 1398 2068 dialecticis
1433 2004 1639 2070 saeculi,
1672 2018 1792 2058 cum
1827 2004 1892 2058 iis
1924 1999 2014 2069 qui

436 2134 539 2188 pro
567 2120 711 2171 veris
745 2113 880 2167 falsa
919 2108 1268 2170 confirmant,
1297 2113 1355 2157 ut
1383 2118 1478 2157 eos
1502 2099 1744 2156 confutet
1766 2105 1820 2150 et
1855 2108 2016 2162 supe-

436 2219 542 2275 ret,
576 2218 631 2264 et
675 2207 956 2262 subvertat
1011 2201 1218 2266 omnia,
1244 2212 1365 2269 quae
1429 2184 1514 2248 illi.
1544 2191 1696 2246 falsis
1755 2187 2017 2243 assertio-

437 2301 599 2356 nibus
629 2305 1074 2354 construxerunt.
1098 2292 1223 2348 Ideo
1255 2289 1487 2355 denique
1527 2285 1718 2339 videns
1764 2280 2018 2334 alacrita-

438 2403 551 2450 tem
603 2392 742 2461 ejus,
777 2409 797 2442 ‹
856 2387 1153 2450 benedicit,
1208 2382 1384 2452 inquit
1431 2383 1500 2446 ⁸⁷,
1534 2393 1683 2442 eum,
1741 2395 1760 2427 ι
1812 2373 2021 2429 scilicet

441 2486 587 2556 quod
618 2484 742 2539 talia
768 2483 1046 2548 deposcat,
1079 2487 1136 2533 et
1169 2476 1382 2530 audeat.
1414 2471 1520 2527 Sed
1543 2478 1597 2523 et
1626 2477 1680 2522 tu
1707 2467 1752 2522 si
1780 2466 1862 2519 vis
1893 2463 2022 2516 dare

440 2593 661 2650 operam
703 2574 918 2639 studiis,
959 2581 1016 2627 et
1047 2571 1219 2640 legem
1245 2566 1340 2622 Dei
1366 2563 1662 2634 prudenter
1685 2556 1934 2614 meditari
1969 2563 2025 2609 et

440 2668 581 2725 elﬁci
611 2681 706 2723 cor
745 2667 798 2721 in
834 2664 955 2734 lege
1002 2662 1118 2726 Dei,
1151 2666 1306 2727 potes
1339 2655 1474 2708 istas
1507 2662 1728 2718 mag-nas
1761 2653 1816 2701 et
1848 2643 2024 2698 muni-

443 2771 530 2815 tas
557 2759 740 2825 urbes,
767 2755 823 2811 id
859 2762 946 2809 est
996 2744 1336 2807 assertiones
1376 2747 1695 2799 subvertere
1744 2736 2023 2799 falsitatis,

445 2862 508 2907 ut
536 2859 594 2905 et
627 2859 683 2904 tu
718 2845 982 2902 merearis
1009 2839 1262 2898 benedici
1309 2837 1377 2892 ab
1405 2834 1555 2899 Jesu,
1591 2842 1646 2887 et
1675 2830 1924 2899 accipere
1957 2826 2026 2881 ab

445 2957 514 2997 eo
553 2941 834 2998 Chebron.
877 2935 1274 3004 Interpretatur
1315 2937 1498 2982 autem
1528 2923 1779 2980 Chebron
1835 2939 1853 2972 ‹
1897 2935 2029 2975 eon-

441 3031 676 3104 iunctio,
696 3028 776 3082 vel
803 3025 1112 3096 coniugium
1130 3023 1262 3095 (‘54).
1277 3018 1406 3074 iPer
1419 3016 1563 3086 quod
1595 3020 1771 3083 potest
1797 3009 2029 3065 fortasse

449 3097 580 3179 illud
609 3121 842 3184 ostendi,
871 3117 1014 3188 quod
1066 3113 1328 3183 spelunca
1370 3106 1564 3175 duplex
1613 3108 1928 3171 comparata
1961 3097 2029 3152 ab

450 3215 728 3274 Abraham
763 3209 1072 3281 patriarcha
1113 3207 1166 3260 in
1202 3219 1265 3260 ea
1294 3211 1399 3266 est,
1435 3201 1488 3254 iu
1527 3213 1634 3269 qua
1659 3194 1907 3263 coniugia
1931 3207 2028 3262 pa-
2059 3221 2102 3279 ε

450 3320 599 3364 trum
642 3315 697 3360 et
741 3301 983 3372 reliquiae
1037 3314 1225 3354 eorum
1266 3296 1478 3366 iacent,
1528 3291 1582 3346 id
1621 3297 1702 3344 est
1756 3287 2033 3342 Abraham

452 3415 577 3453 cum
610 3396 766 3461 Sara,
799 3394 948 3449 Isaac
975 3407 1096 3446 cum
1125 3388 1397 3451 Rebecca,
1430 3384 1600 3440 Jacob
1634 3399 1756 3439 cum
1782 3381 1897 3436 Lia.
1929 3376 2038 3432 Me-

455 3491 568 3544 ruit
596 3503 730 3559 ergo
773 3486 942 3542 Caleb
988 3495 1202 3555 patrum
1250 3479 1510 3548 reliquias
1559 3478 1612 3532 in
1661 3475 2038 3531 hzzereditatem

453 3583 757 3652 suscipere,
789 3580 907 3635 sine
940 3577 1106 3632 dubio
1138 3575 1265 3645 quia
1299 3589 1397 3642 per
1444 3570 1768 3640 sapientiam
1811 3582 1932 3637 qute
1983 3566 2038 3621 in

453 3690 521 3728 eo
553 3681 692 3738 erat,
721 3686 826 3742 qua
860 3669 1081 3740 vigebat
1131 3675 1184 3721 et
1225 3666 1327 3720 sub
1357 3664 1507 3719 Mose
1539 3673 1593 3718 et
1625 3661 1726 3718 sub
1760 3659 1913 3726 Jesu,
1955 3658 2040 3712 in-

460 3767 746 3822 tellexerat
801 3759 1208 3831 coniunctionis
1254 3757 1425 3826 ipsius
1475 3755 1769 3818 rationem,
1821 3760 1876 3806 et
1920 3764 2043 3819 per-

455 3862 712 3926 spexerat
749 3852 876 3922 quid
905 3858 1049 3905 esset
1075 3861 1276 3914 causae,
1303 3846 1446 3915 quod
1471 3859 1594 3900 cum
1617 3843 1894 3898 Abraham
1931 3839 2043 3895 sola

459 3948 596 4002 Sara
632 3946 703 4001 ibi
728 3944 962 4012 iaceret,
997 3949 1052 3995 et
1085 3953 1264 4007 neque
1290 3937 1460 4007 Agar,
1505 3950 1681 4004 neque
1711 3933 1948 3988 Cethura
1993 3933 2042 3986 ei

459 4039 753 4094 meruisset
786 4034 1005 4104 adiungi
1047 4053 1058 4086 :
1087 4031 1174 4085 vel
1209 4029 1340 4100 quid
1372 4036 1519 4083 esset
1546 4041 1726 4082 causa:
1751 4024 1892 4094 quod
1921 4039 2044 4078 cum

459 4129 632 4184 Jacob
657 4127 774 4182 sola
799 4125 896 4180 Lia
923 4126 1110 4192 jacere
1149 4122 1449 4184 videretur,
1500 4128 1555 4173 et
1595 4132 1769 4186 neque
1815 4115 2045 4182 Rachel,

461 4237 584 4292 quae
611 4220 844 4290 amplius
873 4217 1054 4272 fuerat
1094 4216 1315 4280 dilecta,
1355 4226 1534 4282 neque
1573 4211 1756 4280 aliqua
1796 4224 1862 4264 cx
1912 4224 2046 4264 con-

467 4314 682 4370 cubinis
709 4317 762 4368 in
796 4311 1048 4381 sepulcro
1073 4310 1121 4364 ei
1151 4308 1330 4362 fuerat
1353 4305 1623 4375 copulata.
1655 4303 1776 4372 Ipse
1817 4316 1948 4372 ergo
1992 4300 2047 4355 in

461 4404 744 4460 memoriis
774 4413 985 4474 patrum
1015 4397 1396 4454 haereditatem
1427 4395 1572 4464 capit
1595 4394 1835 4465 prudens
1875 4401 1930 4446 et
1963 4406 2051 4446 sa-

462 4499 616 4569 piens
643 4497 828 4553 Caleb.
865 4496 968 4565 Ipsi
995 4494 1153 4549 .Iesus
1182 4489 1576 4544 Enacbitarum
1623 4487 1802 4557 gentis
1852 4493 2052 4541 metro—

1899 392 2222 458 ORIGENIS

317 576 337 597 ν
409 550 564 609 ctas?
609 549 692 604 An
750 541 882 601 illud
941 536 1124 610 potius
1179 532 1404 594 indicat,
1457 527 1602 600 quod
1651 521 1900 579 civitates
1937 519 2067 575 etA

3572 359 3666 417 9|.

2653 494 2936 556 HOMILIA
2978 487 3123 546 XIX.

2350 599 2424 653 De
2446 594 2640 666 ﬁnibus
2681 585 3009 645 Ita’redilalis
3049 580 3214 636 tribus
3246 575 3429 631 Judce.

2170 697 2221 752 I.
2250 665 2532 750 Distribuit
2562 685 2740 740 Moses
2767 677 3162 739 luereditatem,
3195 667 3482 725 distribuit
3508 665 3676 720 haereo

2098 792 2320 848 ditatem
2347 795 2402 838 et
2431 782 2608 839 Jesus.
2639 775 2745 831 Sed
2783 787 2887 826 non
2914 778 2997 824 est
3029 765 3293 834 scriptum
3337 763 3389 815 in
3426 757 3678 814 distribu—

2103 883 2245 938 tione
2275 872 2604 933 haereditalis
2633 863 2963 937 Moysi,quia
2989 857 3226 916 cessavit
3261 863 3410 910 terra
3437 868 3467 905 a
3491 850 3676 905 bellis:

2103 976 2158 1030 in
2187 969 2571 1029 distributione
2595 978 2725 1019 vero
2753 959 2879 1014 Jesu
2909 957 3023 1025 ipsa
3045 952 3198 1008 verbi
3231 947 3485 1018 praefatio
3502 945 3583 1000 sic
3608 945 3683 997 in-

2105 1067 2283 1138 cipit:
2323 1082 2342 1116 ‹
2386 1063 2451 1117 Et
2473 1059 2732 1121 cessavit,
2776 1053 2952 1124 inquit
2971 1051 3039 1116 ⁵⁸,
3070 1057 3221 1103 terra
3265 1059 3297 1096 a
3352 1039 3532 1096 bellis.
3587 1033 3685 1090 »εἰ

2107 1175 2236 1230 ergo
2261 1169 2314 1212 tu
2347 1157 2540 1226 dignus
2575 1153 2657 1207 vis
2685 1147 2821 1205 elIici
2847 1146 2938 1217 qui
2977 1139 3358 1198 hereditatem
3386 1141 3690 1199 consequa-

2108 1253 2185 1310 ris
2208 1251 2275 1306 ab
2302 1249 2452 1314 Jesu,
2483 1257 2537 1302 et
2564 1255 2780 1301 sumere
2813 1239 2884 1294 ab
2913 1253 2978 1293 eo
3012 1234 3344 1305 portionem,
3375 1231 3599 1296 oportet
3641 1232 3690 1276 te

2108 1346 2263 1415 prius
2287 1340 2468 1396 omnia
2495 1337 2635 1394 bella
2666 1335 2848 1398 linire,
2874 1339 2927 1387 et
2972 1331 3026 1384 in
3070 1339 3208 1396 pace
3257 1319 3598 1376 consistere,
3640 1320 3692 1365 ut

2112 1436 2276 1490 etiam
2322 1433 2390 1486 de
2425 1441 2528 1486 tua:
2565 1427 2752 1484 carnis
2809 1435 2958 1479 terra
3008 1419 3241 1475 dicatur.
3277 1410 3408 1466 auia
3467 1402 3695 1461 cessavit

2115 1538 2260 1583 terra
2287 1541 2314 1577 a
2342 1523 2527 1578 bellis.

2185 1619 2242 1672 2.
2272 1615 2425 1671 Tunc
2455 1611 2654 1669 deinde
2680 1623 2803 1665 cum
2834 1599 3176 1662 consuetudo
3210 1595 3285 1652 sit
3321 1597 3537 1648 sancta
3561 1584 3700 1640 Scri-

2117 1719 2292 1780 pturae
2343 1715 2573 1775 quatuor
2617 1711 2801 1772 partes
2842 1696 2990 1751 orbis
3042 1701 3219 1752 terrae,
3271 1700 3414 1756 quas
3446 1678 3532 1733 vel
3583 1689 3702 1729 axes

2118 1771 2204 1859 vel
2233 1771 2417 1872 plagas
2449 1771 2735 1852 nominant
2768 1790 2904 1862 (56),
2931 1785 3228 1858 appellare,
3257 1779 3312 1833 in
3343 1771 3704 1840 descriptione

2049 1875 2092 1930 Β
2123 1865 2518 1949 Iiniumwtribus
2541 1886 2712 1950 Judze,
2745 1884 2864 1939 duae
2899 1873 3281 1934 tantummodo
3325 1865 3701 1926 nominantur,

2121 1990 2242 2044 dua:
2305 1987 2623 2041 reticentur.
2677 1979 2954 2048 Scriptum
3001 1972 3147 2029 enim
3199 1969 3280 2023 sic
3323 1973 3411 2020 est
3469 1962 3516 1993 "
3552 1975 3566 2010 :
3598 1978 3615 2009 ‹
3653 1955 3705 2010 Et

2125 2080 2253 2134 facti
2314 2087 2442 2134 sunt
2513 2073 2652 2128 lines
2699 2071 2878 2124 tribus
2927 2065 3159 2118 filiorum
3207 2057 3350 2113 Juda
3417 2048 3706 2108 secundum

2121 2175 2306 2244 plebes
2343 2185 2554 2231 eorum,
2603 2181 2630 2218 a
2693 2161 2893 2216 finibus
2939 2157 3209 2215 Idumaeas,
3267 2165 3297 2205 a
3335 2149 3564 2202 deserto
3601 2141 3705 2204 Sin,

2123 2273 2189 2325 ad
2221 2258 2698 2322 occidentem.»Et
2735 2270 2860 2310 cum
2915 2247 3299 2320 descripsisset
3349 2242 3490 2296 lines
3523 2238 3592 2291 ab
3629 2250 3709 2290 oc-

2125 2363 2358 2424 cidente,
2416 2366 2545 2410 tunc
2591 2352 2786 2406 deinde
2842 2347 2980 2402 dicit
3023 2344 3068 2376 ⁶⁰
3127 2357 3140 2392 :
3197 2358 3217 2392 ι
3266 2337 3336 2392 Et
3391 2335 3464 2388 ab
3511 2330 3707 2386 oriente

2123 2451 2282 2524 44],
2340 2463 2503 2508 omne
2525 2489 2538 2512 ,
2593 2442 2802 2512 inquit,
2826 2451 2976 2493 mare
3003 2433 3206 2490 salsum
3235 2445 3250 2482 :
3293 2446 3312 2478 ι
3333 2435 3390 2479 et
3421 2423 3563 2477 alias
3592 2419 3710 2472 duas

2124 2555 2308 2616 partes
2339 2511 2576 2604 reticuit,
2616 2511 2783 2590 idest
2830 2524 3238 2598 septentrionis,
3268 2519 3358 2574 vel
3405 2511 3707 2571 meridiani.

2127 2604 2263 2692 -Vide
2301 2647 2432 2703 ergo
2465 2631 2509 2686 si
2546 2644 2652 2682 non
2695 2625 2900 2694 repleta
2928 2629 3058 2675 sunt
3094 2617 3198 2670 ista
3231 2608 3545 2682 mysteriis.
3579 2604 3715 2658 Licet

2129 2744 2228 2784 nos
2269 2725 2480 2794 singula
2526 2721 2610 2776 vel
2645 2717 2848 2773 sentire
2873 2755 2888 2779 ,
2920 2711 3004 2768 vel
3035 2708 3319 2778 explicare
3354 2711 3712 2771 nequeamus,

2132 2831 2312 2876 tamen
2346 2823 2507 2886 prout
2541 2808 2805 2866 Dominus
2834 2802 3080 2874 praebere
3109 2798 3392 2866 dignatur,
3423 2799 3480 2844 et
3514 2801 3614 2842 nos
3638 2799 3714 2840 ca-

2129 2926 2257 2984 pere
2285 2908 2528 2963 valemus
2558 2902 2669 2974 (37}
2692 2943 2706 2968 ,
2740 2898 3011 2954 discutere
3043 2888 3250 2959 singula
3279 2897 3520 2955 quisque
3559 2889 3716 2934 tenta-

2130 2971 2332 3058 bimus.
2355 3020 2373 3053 ι
2401 2997 2551 3053 Facti
2568 2971 2717 3060 sunt,
2745 2988 2946 3058 inquit,
2977 2985 3110 3037 fines
3128 2979 3265 3034 Juda
3294 2975 3600 3032 secundum
3615 2971 3714 3041 ple-

2131 3098 2228 3154 bes
2261 3109 2448 3152 eorum
2482 3107 2510 3145 a
2550 3089 2747 3142 finibus
2781 3083 3024 3136 Idumaeas
3053 3093 3083 3130 a
3117 3075 3340 3131 deserto
3363 3070 3465 3124 Sin
3494 3069 3564 3122 ad
3585 3066 3716 3120 θεόν

2135 3191 2375 3246 dentem.
2398 3203 2416 3237 ι
2437 3183 2607 3254 Igitur
2630 3173 2975 3234 IinesJudmaa
2991 3166 3225 3240 proximi
3247 3173 3382 3219 sunt
3402 3159 3716 3217 ﬁnibnsldu-

2141 3297 2307 3339 mteae.
2342 3278 2574 3334 ldumaaa
2604 3286 2757 3337 vero,
2793 3269 2936 3324 sicut
2958 3279 3098 3334 szepe
3125 3264 3238 3334 iam
3269 3257 3542 3320 diximus,
3571 3254 3716 3307 inter-

2141 3382 2387 3446 pretatur
2435 3378 2644 3422 terrena
2698 3361 2835 3432 (38).
2881 3359 3009 3414 Post
3052 3366 3333 3411 terrenam
3369 3364 3508 3417 ergo
3557 3346 3716 3400 stau‘il

2141 3435 2547 3533 consequuntur
2578 3460 2712 3512 lines
2735 3453 2958 3510 Iudaeae.
2989 3449 3098 3504 Sed
3120 3456 3174 3502 et
3198 3461 3227 3499 a
3261 3445 3514 3501 deserto,
3543 3435 3716 3504 inquit,

2143 3559 2264 3617 Sin.
2300 3529 2695 3628 Interpretatur
2723 3558 2902 3604 autem
2934 3545 3030 3602 Sin
3069 3541 3387 3597 tentationes
3430 3534 3573 3605 (39).
3611 3529 3719 3584 Post

2145 3651 2479 3709 tentationes
2508 3659 2638 3714 ergo
2667 3649 3080 3712 consequuntur
3107 3635 3244 3690 lines
3271 3624 3618 3686 haereditatis
3644 3621 3720 3677 Ja-

2147 3746 2294 3801 dreae.
2331 3742 2597 3799 Occidens
2631 3749 2686 3792 et
2717 3738 2901 3792 oriens
2937 3731 3280 3792 nominatur,
3317 3734 3378 3779 et
3419 3722 3597 3776 vicina
3625 3718 3720 3771 lota

2149 3856 2209 3894 ea
2254 3853 2376 3907 qua:
2421 3849 2586 3904 supra
2625 3832 2882 3893 diximus,
2917 3829 3027 3882 imo
3056 3819 3315 3879 conﬁnia.
3351 3817 3467 3872 Sed
3507 3822 3564 3868 et
3590 3810 3721 3864 vallis

2149 3930 2370 4001 A‘ngpti
2407 3929 2586 3983 vicina
2621 3920 3056 3981 occidentalibus
3097 3913 3352 3986 partibus
3387 3907 3719 3977 designatur,

2150 4043 2269 4095 quae
2313 4036 2397 4079 est
2430 4038 2460 4075 a
2495 4021 2708 4076 deserto
2741 4017 2811 4071 ad
2841 4014 3183 4071 occidentem
3219 4024 3234 4062 :
3271 4007 3342 4062 ab
3373 4005 3590 4061 oriente
3612 4010 3722 4054 vero

2150 4120 2442 4188 cinguntur
2475 4117 2612 4170 fines
2642 4112 2782 4168 mari
2808 4110 2975 4165 salso.

2223 4209 2276 4264 5.
2316 4209 2442 4263 Post
2473 4208 2611 4273 hoc,
2645 4223 2663 4256 ‹
2697 4219 2726 4258 a
2755 4202 3010 4267 collibus,
3041 4197 3219 4268 inquit
3254 4195 3299 4227 ⁶¹
3332 4235 3350 4261 ,
3385 4194 3482 4265 qui
3523 4191 3725 4248 tendun-

2155 4315 2241 4360 tur
2272 4306 2337 4359 ad
2378 4303 2740 4366 occidentem,
2772 4306 2826 4352 et
2862 4295 2984 4350 inde
3018 4291 3339 4348 ascenditur
3366 4289 3440 4343 ab
3469 4285 3724 4342 occidente

2155 4410 2326 4468 usque
2357 4394 2534 4450 Cades
2572 4393 2746 4446 Barne
2771 4431 2786 4456 ,
2823 4408 2844 4441 ι
2886 4398 2942 4444 et
2983 4387 3064 4442 sic
3109 4382 3464 4454 pertenditur
3500 4381 3564 4433 ab
3595 4376 3725 4432 occi-

2156 4493 2318 4546 dente
2354 4489 2420 4542 ad
2449 4487 2785 4542 occidentem
2819 4482 3014 4538 Cades.
3041 4479 3107 4533 Et
3141 4478 3198 4533 hi
3234 4485 3365 4531 sunt
3395 4473 3537 4528 ﬁnes
3560 4482 3724 4525 eorum

463 4591 629 4662 polim
661 4590 849 4645 tribuit
879 4588 1154 4652 Chebron,
1189 4595 1245 4641 et
1273 4584 1504 4640 elIicilur
1537 4583 1584 4636 ci
1627 4596 1746 4636 sors
1788 4593 1961 4650 usque
1997 4579 2050 4633 in
2085 4571 2127 4625 Ι)
2159 4583 2227 4638 ab
2248 4580 2456 4646 Africo,
2486 4590 2542 4633 et
2571 4579 2694 4633 inde
2717 4574 2962 4646 perrexit
2989 4585 3161 4642 usque
3187 4570 3255 4624 ad
3277 4566 3480 4621 vallem
3507 4561 3726 4632 Algypti.

464 4681 784 4734 hodiernum
807 4679 970 4734 diem.
1005 4678 1220 4734 Utinam
1243 4685 1299 4733 et
1331 4675 1461 4730 mihi
1491 4676 1710 4729 daretur
1727 4689 1846 4728 sors
1871 4673 2050 4727 Abra-

467 4776 621 4837 ham,
653 4781 707 4826 et
750 4771 919 4837 Isaac,
954 4770 1227 4836 etJacob,
1274 4779 1327 4823 et
1367 4766 1678 4822 elIiceretur
1716 4781 1866 4820 meus
1908 4764 2053 4819 Deus

467 4882 622 4922 meus
651 4866 762 4937 (55)
793 4867 933 4922 sicut
961 4866 1186 4920 effectus
1217 4873 1300 4919 est
1327 4862 1468 4918 Deus
1490 4862 1790 4926 Abraham,
1827 4870 1880 4914 et
1911 4859 2052 4914 Deus

467 4960 638 5024 Isaac,
657 4970 711 5014 et
741 4960 881 5014 Deus
905 4957 1092 5024 Jacob,
1120 4957 1172 5011 in
1201 4955 1418 5011 Christo
1444 4953 1570 5008 Jesu
1592 4951 1818 5006 Domino
1846 4960 2049 5017 nostro,

471 5053 664 5108 cuicst
696 5052 866 5123 gloria
913 5061 967 5106 et
1014 5049 1300 5120 imperium
1362 5048 1417 5103 in
1471 5046 1664 5102 smcula
1711 5043 2052 5098 saeculorum.

468 5145 672 5200 Anien;

540 5304 588 5339 "
612 5307 650 5361 ll
692 5307 818 5364 Cor.
846 5324 898 5372 κ,
941 5307 996 5376 4,
1019 5308 1072 5362 5.

471 5394 584 5446 v.1,
620 5380 706 5435 M.

1152 5309 1196 5340 "
1229 5306 1342 5364 .Ios.
1388 5320 1499 5366 διν,
1530 5302 1616 5356 1⁷5.

549 5513 1082 5597 (@4)_Inlerpi'etntur
1129 5524 1304 5594 autem
1350 5511 1593 5565 Chebron
1626 5510 1925 5592 conjunctio
1982 5509 2060 5564 vel

472 5582 798 5670 accingam:
821 5587 1050 5670 Αρςπιῃ
1092 5603 1109 5635 ι
1152 5583 1495 5652 coniunctus,
1539 5582 1777 5635 sociatus
1802 5590 1906 5634 est.
1933 5600 1950 5631 ›

545 5650 660 5726 (55')
688 5656 868 5726 Codex
895 5650 1285 5726 Sangermangj
1322 5670 1340 5703 ς
1385 5652 1698 5726 elliceretur
1741 5665 1891 5704 meus
1920 5650 2062 5706 Deus

478 5721 657 5780 incus.
699 5745 717 5777 ι
753 5725 906 5778 Libb.
936 5721 1063 5779 editi
1095 5742 1107 5777 :
1147 5741 1165 5774 ε
1199 5721 1507 5778 efﬁceretur
1534 5722 1675 5776 Dens
1727 5737 1902 5777 meus.
1930 5741 1948 5773 ι

553 5796 665 5876 (ξϐ)
693 5793 1415 5876 Codex.Saingertnanensis,
1450 5810 1468 5844 t
1508 5793 1812 5848 nominant.
1851 5810 1868 5844 ι
1900 5791 2057 5849 Libb.

479 5867 611 5920 edni
637 5883 649 5916 ε
675 5879 691 5910 1
741 5865 1007 5922 nominat.
1039 5886 1056 5917 ι

1714 5302 1760 5334 ⁵⁸
1783 5302 1894 5359 Jos.
1921 5319 2031 5367 xxv,
2072 5303 2155 5358 I9.
2229 5303 2273 5335 '°
2298 5301 2411 5358 Jos.
2447 5316 2539 5367 xv,
2590 5299 2644 5354 I.

2162 4673 2326 4728 Vides
2357 4670 2629 4742 quomodo
2658 4669 2710 4723 in
2739 4664 3042 4721 occidentis
3072 4662 3323 4731 partibus
3349 4669 3405 4714 et
3429 4656 3659 4710 Africum
3684 4658 3728 4702 et

2161 4765 2455 4836 Egyptum
2489 4761 2736 4816 nominat
2766 4769 2819 4814 et
2847 4753 3142 4812 occasum?
3171 4752 3306 4807 Sine
3330 4749 3522 4810 dubio,
3557 4756 3611 4799 ut
3633 4745 3728 4796 haec

2161 4862 2342 4916 omnia
2368 4859 2506 4914 sciat
2525 4858 2627 4912 sibi
2655 4853 3030 4922 unusquisque
3051 4844 3334 4903 evadenda
3359 4859 3484 4899 esse
3507 4852 3559 4895 et
3577 4849 3731 4891 trans-

2162 4953 2363 5016 eunda,
2399 4960 2457 5004 ut
2490 4951 2561 5002 ita
2595 4949 2808 5001 demum
2849 4943 3021 5014 possit
3063 4941 3130 4995 ad
3163 4940 3364 4992 tribum
3400 4935 3595 5005 regiam
3625 4941 3733 4998 per-

2165 5047 2392 5112 venire,
2440 5046 2505 5097 de
2554 5057 2659 5111 qua
2706 5039 2834 5095 dicit
2878 5034 3168 5105 Apostolus
3195 5034 3240 5064 “
3280 5050 3294 5085 :
3343 5049 3362 5081 ί
3408 5028 3622 5083 Certum
3660 5031 3731 5076 est

2168 5149 2348 5194 autem
2399 5136 2542 5206 quod
2569 5149 2634 5189 cx
2660 5133 2795 5188 Juda
2830 5141 2983 5186 ortus
3011 5136 3095 5182 est
3124 5124 3390 5180 Dominus
3421 5129 3615 5174 noster.
3646 5133 3664 5164 ι
3694 5112 3729 5164 Δ

2721 5296 2930 5351 “ibid.
2984 5292 3040 5346 5.
3133 5290 3330 5345 “ibid.
3355 5287 3410 5342 9.
3487 5284 3530 5315 "
3582 5279 3733 5335 Hebr.

2245 5508 2356 5578 (ὅτ)
2390 5506 2532 5578 Idem
2562 5524 2574 5558 :
2607 5503 2852 5556 valemus.
2881 5499 3038 5578 Libi).
3070 5495 3224 5578 editi,
3257 5493 3532 5578 raleamus.

2693 5554 2920 5627 ivero....
2975 5554 3355 5637 interpretatur
3401 5574 3621 5615 terrena.
3664 5554 3734 5608 Ab

2173 5661 2336 5708 nD‘TN
2381 5658 2544 5701 terra.

2244 5699 2788 5789 {35)Vlnterpretatur
2836 5722 3009 5768 autent
3065 5709 3166 5766 Sin
3211 5705 3530 5762 tentationes.
3572 5699 3738 5754 Am:

2175 5791 2407 5845 tentavit.
