3874 6514
237 363 346 422 917

233 577 471 632 diximus
493 575 560 630 de
588 576 804 631 deserto
832 575 928 632 Sin
949 616 965 642 ,
1000 577 1142 646 quod
1175 577 1498 632 tentationes
1539 577 1810 646 signiﬁca-

233 677 352 734 ret,
379 677 434 724 et
457 667 575 722 ideo
603 681 824 722 necesse
852 665 947 722 est'
967 683 1064 724 nos
1093 669 1326 724 transire
1359 684 1599 723 eremum
1633 678 1809 743 tenta-

239 760 466 825 tionum,
495 769 553 814 ut
594 759 673 814 sic
715 764 988 829 possimus
1033 762 1319 830 pervenire
1349 761 1402 815 in
1439 760 1809 816 haereditatem

239 847 472 904 ﬁliorum
499 847 658 904 Juda.
690 849 794 906 Sed
826 859 880 906 et
912 852 1211 907 ascendere
1243 865 1340 906 nos
1367 861 1581 922 oportet
1616 866 1811 907 ascen-

237 956 358 996 sum
418 940 632 996 collium
697 943 964 1009 Acrabin,
1023 945 1165 1014 quod
1219 945 1607 1014 interpretatur
1667 963 1814 1000 scor-

237 1033 416 1098 piones
449 1032 582 1104 (40).
614 1033 955 1090 Transeundi
987 1051 1115 1107 ergo
1145 1036 1302 1092 nobis
1331 1047 1459 1092 sunt
1491 1048 1546 1092 et
1571 1037 1812 1094 calcandi

236 1125 402 1179 etiam
430 1124 766 1194 scorpiones,
800 1124 877 1178 illi
908 1126 1024 1180 sine
1056 1126 1218 1182 dubio
1248 1128 1313 1182 de
1341 1128 1536 1196 quibus
1566 1129 1816 1184 Salvator

235 1215 318 1269 ait
347 1216 392 1248 ⁸³
421 1230 435 1270 :
471 1234 489 1268 ι
527 1217 663 1272 Ecce
693 1215 815 1272 dedi
836 1218 990 1273 vobis
1017 1205 1354 1288 potestatem,
1373 1220 1620 1276 calcaudi
1655 1238 1818 1293 super

241 1312 546 1370 serpentes,
577 1315 630 1358 et
658 1307 987 1377 scorpiones.
1022 1329 1040 1362 ι
1072 1311 1171 1377 Qui
1199 1328 1324 1384 ergo
1348 1317 1491 1378 vult,
1519 1329 1571 1372 et
1595 1319 1808 1375 deside-

240 1400 329 1446 rat
352 1393 554 1464 ingredi
581 1396 632 1450 in
659 1397 1026 1456 haereditatem
1050 1403 1220 1458 tribus
1255 1406 1424 1472 Judze,
1450 1420 1664 1478 oportet
1683 1427 1809 1468 eum

238 1485 534 1540 ascendere
563 1491 904 1546 ascensioncs
927 1493 1074 1557 istas,
1101 1505 1153 1550 et
1178 1498 1382 1553 calcare
1402 1509 1561 1570 atque
1583 1506 1808 1560 evadere

237 1577 555 1646 scorpiones
595 1581 684 1648 qui
718 1583 1003 1640 obsistunt.
1050 1587 1202 1642 Unde
1236 1591 1467 1646 arbitror
1494 1595 1634 1662 quod
1665 1595 1806 1651 istud

241 1667 348 1720 iter
376 1670 552 1739 agenti
587 1672 856 1728 Ezechieli
889 1677 1168 1746 propheta:
1195 1680 1406 1736 dicebat
1433 1683 1691 1738 Dominus
1719 1686 1762 1718 “
1787 1705 1798 1739 :

240 1775 260 1808 ι
297 1757 396 1811 Fili
427 1760 676 1826 hominis,
703 1764 756 1817 in
778 1767 954 1821 medio
979 1769 1320 1838 scorpionum
1353 1782 1409 1828 tu
1439 1775 1666 1829 habitas.
1691 1795 1707 1826 ι
1734 1808 1804 1818 -

1280 365 1348 420 ΙΝ
1384 364 1642 420 LIBRUM
1675 363 1840 420 JESU
1875 361 2063 418 NAVE
2092 363 2378 420 HOMILIA
2416 361 2533 417 XX.

241 483 444 540 ﬁnibus
487 490 664 536 autem
719 480 966 537 ldumzeaa
1017 491 1100 539 est
1145 481 1438 538 desertum.
1483 482 1650 538 Paulo
1697 492 1821 537 ante
1849 484 1896 542 Α
1924 480 2104 547 l‘ecto,
2145 483 2210 537 de
2258 495 2363 551 quo
2406 480 2618 535 dicebat
2648 478 2803 537 Jesus
2847 479 2890 513 ⁶τ
2925 497 2939 533 :

1911 579 2054 635 berit
2085 581 2147 630 de
2171 590 2309 645 aqua
2339 589 2500 644 quam
2529 587 2629 644 ego
2658 573 2728 627 do
2753 573 2801 628 ei
2825 611 2841 639 ,
2893 572 2989 628 ﬁet
3018 573 3071 627 in
3102 588 3167 628 eo
3195 572 3317 627 fons
3347 588 3501 643 aqua:

3391 360 3498 416 918

3000 498 3019 532 ι
3057 477 3159 546 Qui
3201 488 3382 534 autem
3418 479 3502 534 bi-

1915 670 2167 728 salientis
2197 670 2247 722 in
2267 669 2435 722 vitam
2465 675 2748 722 aeternam.
2779 686 2796 719 ι
2830 665 3001 736 llujus
3026 665 3194 734 igitur
3215 665 3348 720 solis
3375 680 3496 719 cum

1915 764 2078 820 talem
2114 761 2328 831 qualem
2379 760 2614 815 diximus
2659 759 2934 814 inveneris
2982 759 3216 826 fontem,
3260 757 3502 813 invenies

1913 856 2078 911 etiam
2096 855 2370 910 civitatem
2404 851 2539 921 ejus.
2573 871 2592 904 ι
2629 851 2724 906 Est
2741 853 2886 906 enim
2907 891 2921 917 ,
2948 852 3124 922 inquit
3153 852 3230 917 ⁸⁸,
3259 850 3332 906 ibi
3349 859 3406 906 et
3424 849 3500 905 ci-

1913 951 2055 1004 vitas
2082 947 2233 1002 solis.
2269 965 2286 998 ι
2326 945 2534 1001 Dicitur
2553 955 2607 1000 et
2643 947 2694 999 in
2719 943 2954 1015 Egypto
2983 945 3172 1001 civitas
3209 944 3358 1001 solis.
3391 942 3498 998 Sed

1915 1042 2019 1097 ista
2047 1039 2242 1095 civitas
2272 1053 2393 1108 qua:
2424 1039 2477 1092 in
2503 1037 2736 1108 [Egypto
2764 1047 2878 1102 est,
2922 1036 3079 1104 hujus
3117 1023 3250 1092 solis
3292 1049 3490 1090 nomen

1917 1132 2150 1202 accepit,
2181 1145 2339 1200 quem
2374 1128 2535 1182 Pater
2559 1127 2796 1183 cmlcstis
2839 1127 2994 1193 jubet
3032 1127 3164 1181 oriri
3198 1141 3360 1195 super
3398 1123 3494 1178 bo-

1917 1240 2018 1280 nos
2058 1231 2114 1279 et
2158 1223 2346 1278 malos.
2400 1222 2492 1276 Illa
2535 1236 2666 1277 vero
2709 1220 2903 1275 civitas
2931 1234 3051 1289 qua:
3083 1219 3134 1272 iu
3161 1217 3344 1273 Judaea
3378 1225 3496 1282 est,

1917 1327 2228 1374 sanctorum
2266 1315 2642 1370 tantummodo
2679 1313 2948 1374 efﬁcitur,
2993 1311 3117 1381 quia
3163 1311 3357 1365 civitas
3401 1310 3500 1364 Dei

1918 1421 2022 1467 est.
2080 1411 2144 1465 Et
2181 1412 2300 1464 fons
2345 1409 2433 1462 ille
2471 1409 2534 1462 de
2566 1421 2672 1475 quo
2710 1405 2960 1474 superius
2995 1403 3264 1468 diximus,
3306 1400 3502 1456 ﬂuvius

1918 1501 2144 1557 eﬁ'ectus
2172 1509 2254 1556 est
2284 1499 2562 1553 lzetiﬁcaus
2594 1494 2707 1566 (45)
2737 1495 3012 1550 civitatem
3049 1493 3163 1547 Dei.
3195 1492 3300 1546 Sed
3343 1503 3399 1547 et
3445 1502 3501 1547 tu

1919 1597 1965 1650 si
2000 1611 2066 1648 ex
2097 1593 2245 1648 omni
2284 1601 2440 1663 parte
2468 1589 2706 1643 munitus
2736 1589 2845 1652 sis,
2886 1598 2940 1641 et
2974 1587 3322 1641 continentiae
3349 1600 3503 1639 muro

1921 1687 2326 1752 circumdatus,
2369 1686 2412 1741 si
2448 1683 2726 1752 sapientiae
2757 1690 2811 1736 et
2843 1679 3304 1744 magnanimitatis
3344 1678 3507 1731 turri-

1924 1779 2020 1835 bus
2059 1779 2417 1836 conﬁrmatus
2458 1792 2553 1844 es,
2586 1778 2749 1831 etiam
2791 1783 2843 1828 tu
2879 1773 3137 1828 erlicieris
3163 1771 3352 1827 civitas
3388 1771 3501 1824 Dei.

238 1866 258 1898 ι
298 1849 367 1902 Et
397 1859 542 1914 sunt,
580 1871 598 1903 ι
634 1853 804 1923 inquit
831 1856 894 1920 ⁸³,
937 1877 954 1907 ‹
989 1857 1122 1914 ﬁnes
1157 1876 1325 1930 usque
1351 1863 1543 1921 Cades.
1577 1885 1594 1917 ι
1630 1866 1803 1921 Gades
1851 1845 1892 1898 Β
1923 1871 1980 1926 Si
2020 1886 2150 1926 vero
2197 1871 2263 1925 ad
2321 1871 2435 1923 haec
2478 1867 2658 1922 omnia
2709 1864 2976 1935 adjeceris
3016 1863 3110 1919 tibi
3154 1862 3396 1918 scientim
3427 1860 3505 1913 lu-

229 1938 623 2010 interpretatur
664 1957 902 2002 sanctum
942 1951 1025 2003 vel
1067 1955 1413 2022 sanctiﬁcatio
1464 1956 1594 2027 (41).
1643 1959 1800 2015 Fines

223 2045 362 2102 ergo
388 2033 538 2088 Judae
566 2051 735 2105 usque
764 2039 830 2093 ad
857 2041 1332 2099 sanctiﬁcationem
1365 2049 1706 2116 perveniunt.

305 2131 363 2184 4.
396 2132 498 2184 Sed
531 2133 808 2188 videamus
844 2137 1006 2190 etiam
1039 2139 1129 2208 qui
1163 2139 1276 2194 sint
1308 2139 1442 2194 ﬁnes
1479 2155 1542 2195 ex
1572 2140 1819 2209 partibus

230 2222 616 2276 orientalibus.
659 2222 775 2277 Non
813 2240 919 2294 quo
950 2227 1105 2281 velim
1154 2244 1297 2283 nunc
1333 2228 1572 2285 locorum
1613 2229 1819 2284 catalo-

231 2328 362 2383 gum
403 2314 620 2381 facere,
653 2318 746 2371 sed
787 2327 842 2372 ut
877 2321 1267 2389 mysteriorum
1310 2339 1427 2392 qua:
1465 2339 1561 2392 per
1598 2325 1712 2378 lucc
1745 2325 1820 2377 si-

229 2403 583 2473 gniﬁcantur,
611 2418 967 2463 contueamur
990 2409 1104 2480 (4‘2)
1131 2411 1414 2482 imagines.
1447 2414 1658 2467 Dicitur
1686 2429 1818 2482 ergo

232 2491 308 2547 ab
345 2496 570 2550 orientis
601 2500 846 2568 partibus
875 2501 1045 2555 tribus
1073 2498 1227 2555 Iudae
1258 2519 1408 2558 mare
1437 2519 1556 2559 esse
1589 2505 1815 2566 salsum,

227 2597 287 2639 et
324 2597 446 2656 post
479 2590 579 2644 hoc
611 2591 662 2645 in
704 2604 855 2661 parte
899 2594 1015 2663 ejus
1051 2597 1359 2650 nominatur
1405 2596 1526 2650 fons
1573 2596 1736 2660 solis,
1767 2605 1819 2650 et

229 2677 431 2734 civitas
471 2682 630 2746 solis,
682 2694 736 2738 et
780 2686 830 2738 in
873 2688 1060 2740 eadem
1096 2689 1240 2742 tribu
1271 2699 1392 2742 esse
1423 2688 1584 2741 etiam
1621 2688 1819 2741 civitas

232 2770 559 2826 litterarum.
592 2774 810 2844 Oportet
856 2779 1022 2849 igitur
1052 2795 1268 2835 omnem
1313 2779 1404 2850 qui
1438 2779 1550 2833 vult
1592 2780 1817 2833 introire

231 2863 289 2916 in
342 2875 548 2933 partem
593 2868 828 2923 ﬁliorum
869 2869 1042 2938 Juda,
1083 2873 1315 2927 transire
1347 2873 1498 2942 prius
1527 2888 1677 2927 mare
1710 2872 1816 2926 sal-

228 2971 382 3023 sum,
410 2959 532 3013 vitae
561 2963 767 3018 scilicet
797 2965 961 3035 hujus
986 2967 1155 3021 undas
1179 2976 1230 3022 et
1261 2967 1504 3022 turbines
1533 2982 1816 3036 superare.

227 3061 288 3103 et
314 3051 544 3106 evadere
574 3055 750 3108 omnia
781 3072 900 3124 quae
936 3057 986 3110 in
1018 3058 1119 3112 hoc
1148 3059 1346 3112 tuundo
1374 3076 1470 3129 pro
1497 3061 1704 3112 incerto
1734 3059 1816 3113 Sui

228 3151 287 3194 et
325 3140 530 3197 lubrico
559 3145 784 3200 marinis
820 3145 1074 3203 ﬂuctibus
1099 3158 1494 3216 comparantur
1515 3187 1530 3209 ,
1562 3160 1619 3200 ut
1647 3148 1816 3216 possit

1922 1979 2046 2018 men
2068 2005 2082 2030 ,
2123 1964 2261 2018 sicut
2283 1963 2416 2018 dixit
2445 1959 2611 2013 Isaias
2639 1958 2682 1989 ⁸9
2708 1975 2721 2011 :
2756 1975 2776 2008 ι
2816 1957 3120 2011 Illuminate
3148 1955 3301 2010 vobis
3323 1953 3504 2006 lumen

1921 2057 2184 2122 scientiae,
2225 2075 2244 2109 ›
2279 2065 2332 2110 et
2380 2056 2456 2110 sol
2512 2065 2559 2110 te
2608 2053 2832 2124 justitiae
2880 2050 3216 2113 radiaverit,
3247 2045 3507 2100 efﬁcieris

1921 2153 2086 2206 etiam
2119 2160 2172 2204 tu
2204 2150 2403 2205 civitas
2440 2149 2592 2215 solis,
2621 2148 2704 2202 vel
2739 2145 3012 2200 civitatem
3051 2143 3182 2196 solis
3214 2149 3362 2194 sorte
3394 2139 3508 2192 haz-
3577 2160 3583 2164 ι

1922 2240 2169 2295 reditatis
2205 2240 2457 2309 accipies.
2501 2239 2606 2294 Sed
2651 2245 2707 2291 et
2750 2234 2795 2288 si
2837 2230 3212 2288 te’tradideris
3253 2230 3352 2298 legi
3386 2229 3506 2292 Dei,

1921 2343 1975 2387 et
2025 2333 2078 2387 in
2131 2333 2244 2400 ipsa
2298 2331 2648 2386 meditaberis
2690 2330 2804 2400 (44)
2844 2330 2930 2384 die
2963 2342 3029 2382 ac
3074 2335 3261 2387 nocte,
3296 2333 3356 2376 ut
3397 2335 3506 2376 non

1923 2425 2140 2478 recedat
2188 2423 2325 2477 liber
2373 2424 2508 2494 legis
2550 2425 2618 2476 de
2658 2437 2822 2475 manu
2856 2428 2980 2484 tua,
3024 2419 3162 2472 sicut
3200 2416 3400 2469 dicitur
3436 2411 3506 2467 ad

1921 2517 2139 2580 Jesum,
2168 2525 2221 2570 et
2255 2517 2300 2570 si
2334 2531 2540 2570 memor
2576 2516 2652 2570 sis
2684 2513 2940 2584 przecepti
2980 2509 3284 2566 Salvatoris
3318 2509 3369 2561 in
3394 2521 3504 2576 qu.)

1922 2607 1999 2660 ait
2031 2623 2044 2658 :
2070 2623 2087 2655 ι
2115 2604 2443 2660 Scrutamini
2470 2603 2780 2672 Scripturas
2799 2601 2942 2672 (45);
2971 2620 2990 2653 ›
3015 2599 3060 2656 si
3077 2613 3207 2669 ergo
3225 2597 3424 2652 talibus
3453 2604 3508 2650 te

1922 2689 2119 2743 studiis
2160 2689 2592 2757 mancipaveris,
2627 2697 2682 2742 et
2714 2687 3082 2744 eruditionem
3123 2684 3256 2754 legis
3285 2682 3506 2746 divina.

1923 2782 2006 2836 vel
2032 2782 2260 2852 legendo
2283 2822 2297 2844 ,
2331 2780 2411 2835 vel
2436 2781 2707 2835 audiendo
2737 2781 3038 2836 obtinueris
3061 2819 3078 2844 ,
3105 2787 3207 2833 tuae
3244 2777 3511 2848 portionis

1921 2871 2190 2926 efﬁcietur
2212 2872 2402 2926 civitas
2434 2871 2761 2924 litterarum.
2793 2869 2860 2924 Et
2890 2870 3005 2924 haec
3029 2868 3246 2937 quidem
3274 2881 3372 2922 nos
3401 2880 3499 2936 pro

1921 2963 2289 3035 possibilitate
2321 2980 2512 3018 sensus
2544 2965 2749 3027 nostri,
2779 2961 2864 3016 vel
2898 2962 3062 3016 etiam
3096 2975 3194 3029 pro
3221 2961 3382 3015 vestri
3417 2974 3510 3013 au-

1921 3058 2072 3112 ditus
2099 3057 2399 3123 capacitate
2420 3056 2773 3110 discussimus
2799 3071 2815 3109 :
2841 3067 3053 3107 summa
3081 3066 3210 3106 vero
3239 3051 3506 3116 scientiae,

1920 3155 1972 3200 et
2015 3144 2335 3216 profundior
2375 3161 2441 3200 ac
2478 3145 2714 3200 lucidior
2747 3145 2943 3210 horum
2978 3141 3334 3212 intelligentia
3365 3142 3508 3212 apud

231 3232 303 3286 ad
335 3229 487 3288 Jud:e
515 3243 712 3289 terram
748 3238 1053 3305 pervenire,
1088 3249 1142 3294 et
1169 3239 1234 3292 ad
1264 3237 1466 3292 fontem
1500 3239 1632 3292 solis
1658 3253 1816 3291 acce-
1845 3225 1885 3282 C
1922 3239 2044 3292 illos
2073 3238 2212 3301 erit,
2252 3236 2343 3306 qui
2380 3252 2561 3291 veram
2595 3237 2967 3291 limrcditatem
3019 3234 3128 3289 veri
3165 3242 3219 3287 et
3245 3233 3505 3305 unigeniti

230 3323 386 3377 dere.
417 3323 548 3390 Quis
571 3335 746 3381 autem
773 3342 855 3384 eSt
879 3329 1001 3383 fons
1026 3329 1179 3396 solis,
1204 3331 1287 3384 vel
1311 3331 1464 3399 cujus
1488 3329 1655 3384 solis?
1675 3329 1818 3384 illius

226 3412 358 3468 sine
401 3414 564 3468 dubio
587 3455 602 3480 ,
637 3419 702 3470 de
731 3432 841 3486 quo
871 3418 1132 3485 scriptum
1173 3428 1258 3472 est
1290 3419 1336 3449 ⁶⁶
1366 3435 1378 3471 :
1421 3436 1439 3468 ι
1479 3416 1818 3470 Timentibus

227 3515 421 3557 autem
475 3520 666 3560 nomen
709 3524 884 3561 incum
933 3508 1141 3562 orietur
1178 3509 1258 3562 sol
1296 3506 1542 3576 justitim.
1597 3527 1614 3559 ι
1653 3505 1820 3576 Hujus

225 3609 369 3662 ergo
410 3595 570 3662 solis,
613 3597 658 3651 si
703 3599 850 3666 prius
896 3601 1138 3656 evaseris
1173 3617 1323 3655 mare
1359 3601 1579 3667 salsum,
1614 3600 1819 3655 fontem

226 3687 484 3742 invenies
517 3688 569 3742 in
606 3697 751 3744 terra
778 3689 956 3746 ludas.
999 3691 1169 3760 Quem
1207 3692 1451 3750 fontem?
1500 3679 1648 3747 ΙΙΙιιιιι
1698 3707 1823 3762 pro-

244 3945 348 4000 Ἐκ
383 3947 501 4029 τῷν
540 3951 868 4029 ῘΩρίγένους
915 3957 1002 4029 εὶς
1048 3956 1152 4029 τὸν
1193 3959 1425 4024 Ἰησοῦν
1471 3961 1578 4014 τὸν
1621 3962 1812 4029 Ναυῆ.

309 4050 378 4100 -_—_
417 4021 557 4100 ’Ajtt)
582 4021 688 4090 τῆς
717 4031 767 4100 κς
791 4028 1027 4094 ὁμιλίας
1059 4027 1175 4080 τῶν
1201 4021 1287 4094 sic
1308 4032 1413 4083 τὸν
1444 4032 1680 4100 Ἰησοῦν
1715 4021 1816 4085 τίν

307 4091 500 4159 Ναυῆ,
535 4111 665 4163 κερ.
700 4095 787 4149 ιε’.

317 4181 385 4233 Ἦ
421 4183 518 4252 μὲν
545 4184 686 4256 ἄκρα
731 4186 964 4256 ὠφέλεια
1001 4189 1109 4242 ἀπὸ
1139 4189 1246 4245 τῶν
1287 4193 1542 4246 τοιούτων
1573 4194 1819 4262 ἀναγνω-

227 4272 461 4344 σμάτων
491 4275 598 4346 (46)
654 4278 731 4348 τῷ
756 4279 1036 4352 δυναμένῳ
1060 4281 1247 4352 νοῆσαι
1280 4283 1377 4355 τὴν
1411 4285 1584 4355 ἁληΟῆ
1621 4285 1816 4356 κληρο-

223 4364 422 4419 δοσίαν
467 4369 573 4421 ἀπὸ
619 4371 790 4440 Ἰησοῦ
842 4373 1204 4446 μεριζομένην
1254 4380 1364 4439 τοῖς
1415 4380 1548 4442 υἱοῖς
1607 4379 1821 4450 Ἰσραὴλ

1926 3326 2046 3381 Filii
2084 3328 2201 3391 Dei,
2227 3343 2345 3396 qua:
2372 3327 2704 3396 repromissa
2733 3335 2815 3380 est
2845 3326 2912 3380 iis
2932 3364 2946 3389 ,
2973 3325 3067 3392 qui
3105 3339 3228 3378 eum
3263 3325 3508 3393 perfecte

1921 3421 2254 3483 dilexeriut,
2311 3420 2575 3488 consequi
2628 3418 2981 3473 merebuntur
3025 3418 3079 3471 in
3123 3417 3342 3472 Christo
3379 3414 3507 3472 Jesu

1931 3509 2159 3565 Domino
2202 3521 2411 3574 nostro,
2442 3511 2524 3564 cui
2568 3519 2652 3564 est
2689 3508 2860 3580 gloria
2889 3517 2943 3563 et
2976 3507 3263 3578 imperium
3303 3509 3356 3562 in
3397 3523 3505 3563 sa:-

1930 3601 2052 3656 cula
2083 3601 2425 3656 saaculorum.
2462 3603 2653 3655 Amen.

1924 3961 2086 4034 442
2107 3960 2188 4034 Ea:
2212 3961 2448 4032 Origenis
2467 3961 2926 4034 commentariisin
2943 3961 3123 4015 Jesum
3150 3959 3315 4034 Nape.
3336 3987 3403 3997 —
3423 3956 3506 4012 Ex

2157 4029 2373 4087 Itonuiia
2401 4034 2470 4086 20
2505 4035 2556 4086 in
2586 4031 2770 4086 Iesum
2809 4031 2988 4098 Nave,
3021 4047 3136 4094 cap.
3184 4029 3272 4083 15.

2000 4187 2223 4243 Summa
2253 4188 2456 4242 utilitas
2482 4188 2550 4241 ab
2573 4187 2839 4258 ejusmodi
2874 4187 3102 4242 lectione
3131 4185 3195 4239 ad
3220 4200 3341 4240 eum
3370 4199 3496 4254 per-

1929 4280 2074 4334 venit
2095 4321 2108 4344 ,
2137 4281 2227 4349 qui
2260 4296 2440 4334 veram
2470 4291 2626 4334 terrae
2657 4280 3090 4335 distributionem
3128 4293 3157 4332 a
3193 4277 3318 4332 Jesu
3352 4275 3502 4331 Nave

1933 4372 2132 4425 tactam
2161 4372 2286 4425 ﬁliis
2325 4371 2489 4425 Israel
2523 4371 2820 4438 intelligere
2846 4379 3056 4440 potest,
3085 4379 3138 4424 et
3162 4369 3228 4422 ad
3255 4383 3382 4421 eum
3409 4369 3505 4436 qui

226 4458 470 4528 γίνεται,
497 4464 588 4515 καὶ
623 4464 699 4534 τῷ
731 4465 827 4536 οἴῳ
869 4484 926 4518 τε
965 4469 1241 4540 γενομένῳ
1276 4470 1540 4541 ἀναϐῆναι
1590 4473 1679 4523 ἐπὶ
1722 4471 1812 4542 τὴν

1928 4467 2101 4535 potuit
2146 4466 2440 4520 ascendere
2493 4465 2546 4518 in
2603 4475 2803 4517 terrain
2851 4471 3131 4525 sanctam,
3178 4476 3402 4524 veram,
3447 4470 3504 4514 et

227 4550 344 4620 γῆν
368 4551 462 4620 τὴν
497 4553 676 4621 ἁγίαν,
706 4554 804 4625 τὴν
831 4555 1109 4628 ἀληθινὴν,
1141 4559 1240 4631 τὴν
1269 4559 1438 4622 ὅντως
1464 4561 1696 4633 ἀγαθὴν,
1728 4563 1821 4615 καὶ

227 4645 545 4714 ἐφαρμόσαι
595 4649 656 4701 ἐκ
687 4650 780 4720 τῆς
811 4651 1102 4721 ὀνομασίας
1143 4652 1250 4705 τῶν
1273 4654 1574 4726 εἰρημένων
1605 4658 1670 4726 τῇ
1702 4656 1818 4708 δια-

227 4739 384 4807 φορᾷ
415 4737 521 4791 τῶν
547 4739 1018 4812 κληρονομούντων
1061 4743 1127 4796 τὰ
1173 4745 1314 4798 κατὰ
1357 4747 1482 4809 τοὺς
1510 4747 1708 4809 τόπους
1739 4747 1829 4799 λεί

1817 4863 1861 4893 ⁸⁸
1908 4861 2138 4915 Malach.
2173 4877 2241 4921 iv,
2270 4859 2324 4912 Ξ.

309 4854 356 4884 ⁶³
387 4854 515 4916 Luc,
545 4873 576 4909 Χ
595 4902 606 4920 ,
634 4857 723 4911 19.

228 4925 280 4957 ⁸⁹
333 4923 494 4979 Osce.
531 4944 586 4990 ιι,
625 4930 712 4985 12.

311 5023 430 5090 (40)
476 5023 725 5104 Acrabin,
772 5028 911 5097 quod
954 5029 1332 5099 interpretatur
1369 5030 1688 5098 scorpiones.
1735 5028 1816 5082 Ab

224 5103 401 5182 23F?
434 5103 654 5162 scorpio.

317 5187 430 5256 iii)
460 5187 625 5241 Cades
668 5191 1038 5258 interpretatur
1061 5202 1303 5245 sanctum
1338 5193 1414 5245 vel
1444 5191 1816 5259 sanctiﬁcatio.

229 5260 283 5314 A
317 5268 444 5333 mp
471 5268 707 5312 sanctum
733 5277 862 5317 esse.

315 5349 430 5420 (£2)
470 5348 597 5420 Mss.
656 5361 1017 5408 contueamur.
1051 5355 1203 5410 Libb.
1239 5356 1367 5408 editi
1404 5374 1416 5409 :
1449 5366 1816 5409 contueantur.

311 5420 430 5494 (ᾧ)
465 5419 701 5494 [iterque
737 5423 1078 5479 Ebroiceusis
1111 5441 1125 5478 :
1159 5426 1371 5494 effectus
1405 5427 1662 5494 la'ti/icat.

341 5491 430 5559 44)
469 5490 617 5546 Unus
654 5494 867 5548 Ebroic.
903 5497 1186 5548 ntcditeris.

315 5494 434 5684 ‘45)
480 5559 546 5639 in
596 5580 696 5632 quo
740 5565 813 5616 ait
857 5580 876 5618 :
904 5565 1186 5621 Scrutantit

315 5647 382 5684 1).
421 5633 578 5684 editis
614 5635 812 5684 omissa
841 5637 1051 5684 sunnlet
1085 5653 1186 5684 uuu

800 4859 1058 4915 “Ezech.
1110 4878 1170 4926 ιι,
1209 4867 1263 4917 ti.
1339 4865 1382 4893 ‘5
1411 4862 1524 4916 Jos.
1560 4879 1645 4927 xv,
1692 4863 1739 4916 1.

341 5561 434 5631 45)
473 5559 546 5636 [ιι
596 5580 715 5636 quo
740 5565 813 5616 ait
857 5580 876 5618 :
904 5565 1229 5621 Scrutamini
1261 5565 1583 5636 Scripturas.
1620 5566 1741 5620 Ilzcc
1769 5567 1820 5619 in

230 5627 382 5693 libb.
417 5627 578 5685 editis
608 5627 812 5688 "omissa
841 5637 1051 5704 supplet
1085 5653 1222 5690 unus
1251 5627 1416 5690 codc'x
1451 5637 1817 5691 Ebroiccnsis.

318 5723 435 5794 (46)
483 5723 640 5797 ᾈπῤ-
683 5723 800 5797 τῶν·
858 5727 1138 5779 τοιούτων
1186 5728 1688 5797 ἀναγνωσμάτων.
1756 5728 1818 5782 Et

234 5809 377 5851 mox
427 5817 439 5853 :
483 5794 786 5868 Βῡυλόμεθα
820 5794 1322 5868 ποιραμνθήσοισθοιι.⁷
1359 5794 1482 5863 τοὺξ
1527 5800 1820 5858 ἀκούοντας

1929 4575 2058 4615 vere
2079 4561 2294 4624 bonam,
2317 4569 2372 4612 et
2394 4575 2457 4611 ex
2481 4557 2844 4625 appellatione
2869 4571 3056 4610 eorum
3082 4570 3201 4624 qua:
3226 4555 3500 4616 dicuntur.

1929 4651 2158 4705 diversis
2199 4650 2582 4713 sortientibus,
2622 4663 2739 4716 (pne
2775 4648 2839 4702 de
2878 4646 3104 4716 singulis
3138 4646 3272 4700 locis
3303 4660 3504 4700 memo-

1943 4753 2155 4807 rantur,
2188 4742 2617 4798 acconnnodarc.
2647 4740 2750 4794 Sed
2785 4741 3036 4810 quoniam
3065 4739 3283 4794 difﬁcile
3309 4751 3392 4793 est
3424 4740 3505 4792 in-

2398 4854 2618 4909 “Joan.
2650 4871 2725 4921 ιν,
2769 4855 2857 4920 15,
2897 4854 2983 4908 11.
3063 4853 3106 4885 ⁸⁸
3145 4853 3255 4909 Jos.
3297 4869 3388 4918 xv,
3415 4853 3499 4907 10.

1929 5023 2006 5098 μὴ
2036 5020 2288 5098 ἐκκγακεῖν
2336 5023 2428 5098 sui.
2453 5025 2591 5098 cuig
2619 5021 2971 5098 citvotywboact.
3009 5023 3104 5098 Τίς
3132 5017 3224 5076 οὖν
3242 5023 3286 5098 -ἡ
3329 5037 3501 5098 Trapa-

1930 5089 2096 5168 "adet;
2123 5096 2258 5165 ὑπὲρ
2282 5093 2381 5168 τοῦᾐ
2407 5095 2479 5164 μὴ
2502 5089 2757 5168 ἐνκακεῖν
2805 5093 2894 5168 cev
2919 5089 3306 5168 dxedquqnbir
3331 5089 3500 5168 13mg-

1926 5161 2032 5220 ’ὶων
2059 5161 2519 5234 ἀναγνωσμὰηὲων,
2555 5164 2790 5217 λεκτέον.
2817 5164 2880 5216 Et
2907 5179 3048 5232 saepe
3080 5163 3328 5217 lectionis
3351 5161 3500 5234 Scri-

1929 5248 2103 5304 pturae
2159 5232 2487 5289 mentionem
2541 5236 2668 5289 facit
2713 5235 2814 5288 hoc
2859 5236 3033 5302 capite
3077 5251 3091 5287 :
3138 5234 3330 5302 priscae
3357 5232 3500 5284 enim

1931 5303 2184 5361 Ecclesia:
2222 5321 2282 5358 ea
2330 5305 2662 5360 consuetudo
2719 5305 2852 5370 fuit,
2900 5317 2956 5359 ut
3001 5303 3194 5373 populo
3231 5304 3296 5356 ad
3347 5316 3499 5357 sacra

1926 5387 2113 5432 coacto
2143 5386 2322 5443 partes
2349 5379 2606 5444 quasdam
2645 5375 2940 5444 Scriptura:
2971 5373 3208 5444 pra-legi,
3241 5383 3291 5427 et
3323 5389 3352 5425 a
3378 5388 3496 5426 cono

1927 5449 2205 5502 cionatore
2249 5449 2441 5514 exponi
2490 5458 2706 5501 curaret
2755 5448 3063 5514 episc0pus.
3119 5445 3381 5498 "UETIUS.
3435 5473 3492 5482 -

1937 5517 2064 5570 Vide
2096 5519 2314 5587 insuper
2344 5531 2501 5570 notas
2528 5521 2594 5571 ad
2620 5518 2876 5587 Origeuis
2903 5515 3178 5569 liomiliam
3205 5515 3270 5568 de
3304 5514 3477 5587 Pytho

1929 5590 2070 5642 nissa
2114 5587 2129 5640 Ι
2169 5585 2298 5654 Reg.
2352 5603 2544 5642 XXVIII.
2585 5588 2698 5640 Mox
2726 5585 3041 5639 'P/iilocalin
3078 5601 3178 5638 ms.
3219 5598 3366 5639 recte
3402 5585 3496 5636 ha-

1926 5659 2012 5730 bet
2039 5658 2117 5728 τῷ
2142 5657 2423 5730 δυναμένῳ
2448 5659 2654 5730 νοῆσαι.
2690 5656 2836 5712 Libri
2869 5654 2995 5709 editi
3018 5695 3033 5722 ,
3059 5655 3166 5708 τῶν
3192 5655 3495 5727 δυναμένων

1921 5745 2132 5800 vanum.
