3874 6492
463 340 571 397 919
1958 329 2027 386 Ol

2133 328 2212 383 EN
2220 328 2280 385 IS
3625 325 3719 380 9'20

466 458 659 513 venire
679 498 695 523 ,
725 458 815 529 qui
847 468 1053 514 tantum
1086 458 1267 529 capiat
1295 457 1552 515 utilitatis
1576 496 1593 522 ,
1639 455 1921 511 adhortari
1951 468 2027 509 vo

2151 450 2359 521 γόμενα
2381 466 2394 479 °
2423 448 2547 504 ἐπεὶ
2572 447 2629 502 δὲ
2652 446 2907 502 δύσκολόν
2929 445 3076 499 ἐστιν
3097 445 3280 517 εύρεῖν
3301 445 3392 499 τὸν
3417 444 3723 516 οδτωςώᾳ..

394 576 399 581 ι
467 552 647 608 lumus
687 552 1004 617 audientes,
1039 567 1107 606 ne
1151 552 1390 607 animum
1441 552 1585 606 inter
1628 550 1914 618 legendum
1952 549 2047 601 de-

466 640 789 711 spondeam.
837 640 1119 709 Quodnam
1170 642 1333 712 igitur
1377 641 1631 697 solatium
1665 641 1759 703 sit,
1809 655 1878 695 ne
1921 652 2047 694 sue-

464 732 686 787 cutnbat
709 772 726 800 ,
759 733 857 801 qui
889 733 937 786 ei
977 733 1191 789 lectioni
1222 735 1472 799 interest,
1501 734 1805 789 dicendum.
1846 732 2046 799 Quem-

466 822 757 876 admodum
811 822 973 892 igitur
1029 824 1271 877 carmina
1328 826 1433 879 vim
1487 820 1777 894 quamdam
1845 823 2045 877 habent

468 912 709 977 insitam,
735 922 901 983 utque
926 914 1240 984 imprudens
1261 916 1463 985 aliquid
1491 932 1520 969 a
1550 916 1794 969 carmine
1822 914 2042 982 accipit,

461 1006 558 1076 qui
587 1005 912 1073 incantatur,
931 1022 994 1062 ea
1021 1009 1277 1063 nimirum
1302 1019 1384 1064 est
1414 1020 1608 1063 natura
1639 1022 1895 1062 sonorum
1922 1022 2043 1060 car-

465 1097 659 1164 minis,
693 1097 805 1153 sive
828 1097 883 1153 in
914 1099 1207 1163 damnum,
1234 1100 1349 1154 sive
1375 1100 1441 1154 ad
1474 1101 1762 1155 sanitatem
1792 1098 2041 1167 corporis

465 1188 550 1243 vel
601 1188 767 1243 animi
807 1190 890 1244 sui
936 1207 951 1244 :
999 1192 1079 1246 sic
1115 1192 1273 1247 velim
1311 1191 1592 1247 existimes
1620 1191 1767 1247 oumi
1797 1190 2039 1246 carmine

463 1281 826 1350 potentiorem
866 1296 990 1339 esse
1032 1282 1487 1353 signiﬁcationem
1525 1284 1801 1338 nominum
1844 1282 2039 1338 divinae

461 1374 788 1446 Scriptum.
836 1377 977 1431 Sunt
1018 1378 1165 1433 enim
1209 1377 1454 1446 quaadam
1494 1376 1551 1432 in
1581 1375 1740 1431 nobis
1771 1376 2037 1444 virtutes,

459 1483 694 1538 quarum
740 1484 861 1540 qua:
903 1470 1158 1526 meliores
1199 1480 1365 1536 sunt,
1410 1484 1507 1540 per
1548 1470 1664 1527 base
1710 1472 1869 1527 veluti
1912 1489 2035 1527 car-

459 1559 632 1629 mina,
656 1560 856 1630 quibus
881 1577 999 1618 cutn
1033 1570 1272 1632 cognatae
1301 1572 1466 1631 atque
1494 1559 1683 1619 aﬁines
1721 1567 1850 1629 sint,
1882 1564 2039 1618 alun-

456 1660 581 1720 tur,
625 1653 784 1709 nobis
818 1669 925 1710 non
955 1654 1381 1725 percipientibus
1411 1654 1640 1709 virtutes
1671 1654 2036 1726 iutelligentes

454 1756 522 1798 ea
543 1759 664 1814 quae
691 1745 982 1811 dicuntur,
1028 1747 1358 1815 potentiores
1386 1747 1439 1799 in
1473 1746 1631 1801 nobis
1665 1746 1784 1800 ﬁeri
1815 1748 1880 1800 ad
1913 1748 2035 1802 vita:

458 1809 663 1892 nostra:
694 1809 995 1892 subsidium
1028 1809 1195 1908 atque
1235 1836 1635 1904 adiumentum.
1672 1838 1803 1893 Esse
1838 1840 2036 1909 quippe
2067 1809 2108 1864 Β

460 1927 517 1983 in
564 1929 756 1996 nobis,
790 1945 911 1998 qua:
944 1945 1050 1986 non
1082 1931 1402 1995 videantur,
1436 1947 1609 2001 eaque
1643 1931 1811 1986 multa
1835 1971 1851 1998 ,
1892 1932 2036 1986 indi-

454 2020 598 2076 cabit
624 2021 861 2091 psalmus
893 2021 984 2092 qui
1017 2023 1147 2077 dicit
1179 2024 1224 2056 ⁷⁰
1256 2039 1272 2079 :
1318 2042 1338 2075 ι
1378 2023 1630 2088 Benedic,
1673 2025 1849 2078 anima
1892 2040 2033 2092 mea,

455 2110 705 2179 Domino,
739 2121 794 2166 et
817 2113 1002 2167 omnia
1030 2128 1151 2184 qua;
1183 2115 1326 2169 intra
1352 2129 1436 2169 me
1465 2122 1593 2168 sunt
1612 2114 1820 2168 nomini
1844 2125 2035 2168 sancto

450 2201 591 2268 ejus.
644 2221 665 2255 ι
701 2202 844 2259 Sunt
873 2200 1046 2275 igitur
1075 2206 1129 2260 in
1166 2205 1324 2260 nobis
1350 2206 1593 2275 plurima:
1628 2207 1854 2261 virtutes
1874 2245 1889 2272 ,
1915 2222 2035 2276 qua:

451 2295 619 2349 veluti
667 2297 959 2354 sortitione
999 2300 1211 2354 animas
1253 2310 1472 2354 nostras
1503 2309 1555 2354 et
1593 2314 1823 2368 corpora
1860 2302 2034 2368 possi-

448 2386 612 2455 dent,
644 2389 787 2460 quae,
827 2390 871 2446 si
897 2400 1102 2446 sanctae
1143 2391 1286 2457 sint,
1336 2391 1569 2448 lectione
1613 2392 1910 2464 Scriptura:
1943 2393 2034 2461 ju-

446 2490 684 2550 vantur,
726 2491 781 2538 et
835 2482 1126 2538 validiores
1157 2483 1329 2546 ﬁunt;
1366 2486 1469 2539 etsi
1518 2500 1667 2540 mens
1701 2496 1882 2541 nostra
1917 2485 2033 2540 fru-

446 2585 596 2630 ctum
648 2591 756 2631 non
801 2575 1027 2638 sentiat,
1070 2577 1527 2645 quemadmodum
1558 2576 1821 2647 scriptum
1851 2586 1932 2633 est
1964 2580 2030 2632 de

449 2682 537 2734 eo,
562 2668 654 2738 qui
681 2667 861 2738 lingua
884 2667 1183 2737 loquitur“
1216 2686 1230 2722 :
1253 2684 1272 2718 t
1303 2666 1439 2735 Quia
1461 2669 1686 2737 spiritus
1710 2684 1861 2723 meus
1884 2678 2026 2734 orat,

448 2772 604 2813 mens
625 2767 807 2813 autem
829 2773 948 2813 mea
970 2758 1088 2813 sine
1107 2757 1284 2813 fructu
1302 2768 1406 2814 est.
1432 2779 1452 2812 ο
1482 2761 1670 2831 Cogita
1700 2762 1884 2831 igitur,
1906 2776 2025 2816 cum

449 2850 744 2919 aliquando
787 2867 937 2908 mens
974 2863 1161 2908 nosua
1195 2852 1435 2907 fructum
1469 2869 1576 2908 non
1613 2855 1874 2923 percipit,
1917 2856 2026 2909 vir-

449 2950 596 2999 tutes
620 2958 741 3013 quae
758 2942 941 2999 animo
964 2952 1022 2999 et
1049 2944 1217 2999 tuenti
1248 2953 1303 2999 et
1330 2944 1489 2999 nobis
1506 2945 1759 2999 omnibus
1784 2944 2026 2999 subsidio

445 3040 609 3099 sunt,
640 3034 742 3089 boc
765 3033 1101 3098 rationabili,
1125 3034 1267 3103 quod
1294 3050 1324 3087 a
1354 3035 1530 3089 sacris
1555 3036 1754 3091 litteris
1782 3045 1838 3091 et
1860 3036 2027 3090 unmi«

446 3124 608 3180 nibus
621 3132 726 3191 est,
747 3125 1084 3180 nutrimento
1104 3126 1348 3190 educari,
1369 3135 1422 3179 et
1436 3126 1691 3180 educatas
1708 3124 1822 3180 ﬁeri
1842 3127 1908 3181 ad
1925 3140 2023 3179 nos

440 3217 709 3287 iuvandos
723 3217 1071 3288 potentiores.
1086 3217 1155 3273 Ut
1174 3218 1337 3288 igitur
1353 3216 1602 3273 meliores
1618 3219 1843 3273 virtutes
1858 3220 2021 3275 veluti
2052 3188 2096 3248 θ

444 3311 857 3381 permulceatur
876 3321 931 3367 et
952 3301 1231 3380 juvantur,
1265 3310 1509 3380 ﬁuntque
1535 3328 1630 3382 per
1644 3314 1908 3383 ejusmodi
1938 3316 2025 3371 li:-

441 3402 607 3477 m
639 3413 782 3459 teras
811 3413 867 3459 et
910 3406 1130 3459 nomina
1175 3405 1547 3474 potentiores;
1583 3408 1661 3462 sic
1695 3408 2024 3464 adversaria:

444 3498 500 3552 in
534 3497 690 3552 nobis
722 3497 954 3552 virtutes
1029 3496 1233 3551 divinis
1279 3497 1619 3551 carminibus
1656 3498 2019 3565 deducuntur,

444 3599 501 3645 ut
540 3591 616 3645 ita
650 3590 846 3653 dicam,
885 3598 940 3644 et
974 3588 1287 3657 vincuntur,
1328 3597 1381 3644 et
1410 3590 1567 3644 victae
1609 3590 1896 3661 sopiuntur-
1922 3611 1936 3647 :
1967 3602 2024 3648 et

441 3686 487 3738 si
523 3683 646 3753 quis
678 3697 917 3752 unquam
954 3692 1198 3737 nostrum
1244 3683 1385 3737 vidit
1424 3683 1759 3740 carminibus
1789 3686 2020 3755 sopitam

441 3776 709 3845 aspidem,
762 3786 855 3831 aut
896 3776 1039 3831 aliud
1074 3791 1105 3830 e
1138 3776 1444 3841 venenatis,
1481 3776 1610 3830 illud
1655 3788 1899 3834 assumat
1953 3781 2023 3835 ad

442 3868 784 3936 Scripturam
811 3867 1162 3936 exemplum:
1187 3882 1307 3935 quae
1345 3867 1389 3921 si
1437 3868 1650 3936 legatur
1682 3883 1782 3924 nec
1820 3870 2023 3925 intelli-

441 3968 625 4029 gatur,
657 3960 928 4015 interdum
980 3960 1283 4032 languescit
1324 3971 1379 4015 et
1430 3963 1732 4017 succumbit
1768 3966 2017 4031 auditor;

440 4062 498 4105 et
524 4052 713 4105 credat
760 4067 881 4121 qua:
921 4052 973 4105 in
1005 4066 1062 4106 se
1091 4062 1220 4104 sunt
1251 4051 1489 4120 aspides,
1522 4060 1576 4105 et
1612 4067 1731 4121 quae
1768 4055 1819 4108 in
1854 4071 1910 4109 se
1944 4057 2023 4110 vi-

440 4158 607 4214 peraa,
644 4143 1027 4199 imbecilliores
1079 4142 1199 4198 ﬁeri
1247 4144 1657 4199 medicamentis
1687 4148 2017 4213 curantium,

439 4236 896 4307 quemadmodum
933 4252 962 4290 a
991 4236 1239 4305 sapiente
1268 4235 1436 4303 Mose,
1470 4254 1499 4290 a
1536 4238 1778 4307 sapiente
1808 4238 1954 4304 Jesu,
1988 4259 2017 4295 τι

439 4330 778 4401 sapientibus
835 4329 1040 4384 sanctis
1090 4329 1394 4400 prophetis.
1442 4328 1560 4383 Non
1610 4331 1775 4400 igitur
1835 4334 2017 4388 animo

440 4422 820 4494 langueamus,
855 4437 976 4477 cum
1004 4422 1258 4477 audimus
1282 4422 1600 4491 Scripturas
1629 4439 1764 4493 quas
1796 4440 1900 4481 non
1931 4429 2016 4481 in-

2149 543 2425 616 λούμενον,
2461 542 2760 615 βουλόμεθα
2802 540 3305 611 παραμυθήσασθαι
3349 541 3479 602 coit;
3518 541 3723 595 ἀκούον-

2146 652 2244 699 τας
2279 636 2352 706 μὴ
2394 637 2649 689 ἑκκακεῖν
2711 632 2804 686 ἐπὶ
2852 635 2972 696 ταῖς
3026 632 3387 701 ἀναγνώσεσι.
3443 633 3540 697 Τίς
3580 629 3720 706 οὖνὴ

2146 728 2467 801 παραμυθία
2491 728 2630 798 ὑπὲρ
2664 726 2758 780 τοῦ
2803 726 2877 797 μὴ
2916 727 3169 779 ὲκκακείν
3202 726 3296 779 τὸν
3329 726 3601 779 ἀκοὼντα
3627 727 3721 779 τῶν

2143 822 2399 875 τοιούτων
2431 821 2897 891 ἀναγνωσμάτων,
2931 818 3181 873 λεκτέον·
3230 818 3423 890 ὥσπερ
3457 819 3638 871 τοίνυν
3676 820 3724 873 αἱ

2144 913 2349 984 ἐπῳδαὶ
2371 912 2596 983 δύναμιν
2622 930 2745 966 τινα
2788 911 2968 982 ἔχουσι
3014 913 3269 982 φυσικὴν,
3299 912 3397 964 καὶ
3440 911 3517 982 μὴ
3543 912 3673 962 νοῶν
3698 913 3723 965 6

2142 1004 2575 1075 κατεπᾳδόμενος
2603 1002 2867 1075 λαμϐάνει
2901 1021 2951 1056 τι
2986 1006 3048 1057 ὲκ
3076 1004 3175 1074 τῆς
3203 1003 3443 1074 ἐπῳδῆς,
3470 1004 3617 1056 κατὰ
3638 1004 3723 1073 τὴν

2142 1095 2303 1166 φύσιν
2323 1095 2431 1149 τῶν
2459 1095 2707 1165 φθόγγων
2731 1096 2828 1167 τῆς
2852 1095 3082 1166 ἐπῳδῆς,
3112 1094 3222 1148 εἴτε
3246 1098 3330 1159 εἰς
3361 1095 3596 1167 βλάϐην,
3625 1097 3722 1149 εἴτε

2138 1188 2220 1259 εἰς
2247 1185 2387 1240 ἴασιν
2409 1187 2656 1257 σώματος
2684 1187 2716 1258 ἢ
2749 1186 2927 1257 ψυχῆς
2946 1186 3160 1251 ἑαυτοῦ,
3188 1186 3336 1241 οὕτω
3361 1204 3462 1258 μοι
3496 1188 3614 1240 νόει
3637 1190 3725 1241 πάι

2142 1296 2239 1350 σης
2262 1278 2473 1350 ἐπῳδῆς
2503 1277 2875 1350 δυνατωτέραν
2912 1274 3050 1332 εἶναι
3088 1279 3185 1350 τὴν
3222 1280 3505 1350 σημασξαν
3534 1280 3640 1332 τῶν
3676 1282 3724 1334 ὲν

2138 1374 2256 1435 ταῖς
2288 1370 2459 1434 Θείαις
2481 1371 2722 1442 Γραφαῖς
2746 1370 3057 1440 ὀνομάτων·
3093 1373 3200 1425 εἰσί
3233 1374 3344 1443 γάρ
3386 1389 3540 1435 τινες
3578 1372 3724 1425 δυνά-

2143 1483 2265 1535 μεις
2308 1468 2364 1518 ὲν
2399 1468 2532 1537 ἡμῖν
2571 1459 2646 1519 ὧν
2688 1466 2742 1518 αἱ
2783 1464 2880 1535 μὲν
2915 1465 3223 1536 κρείττονες
3261 1466 3353 1519 διά
3386 1467 3601 1519 τούτων
3630 1468 3725 1522 τῶν

2137 1559 2300 1611 οἱονεὶ
2350 1556 2571 1627 ἐπῳδῶν
2626 1556 2934 1628 τρέφονται,
2973 1561 3256 1625 συγγενεῖς
3302 1554 3470 1611 οὖσαι
3524 1559 3722 1625 αὑταῖς,

2138 1651 2232 1703 καὶ
2262 1649 2417 1720 ἡμῶν
2462 1649 2537 1719 μὴ
2586 1648 2848 1702 νοούντων
2885 1649 3100 1713 ὲκείνας
3136 1649 3235 1714 τὰς
3281 1651 3557 1721 δυνάμεπ
3587 1654 3725 1707 νοού-

2140 1756 2237 1803 σας
2289 1739 2362 1792 τὰ
2416 1740 2726 1810 λεγόμενα,
2770 1740 3145 1813 δυνατωτέρας
3196 1747 3253 1797 ἐν
3297 1746 3442 1815 ἡμῖν
3493 1745 3725 1812 γίνεσθαι

2138 1835 2273 1905 πρὸς
2305 1835 2367 1888 τὸ
2412 1838 2692 1906 συνεργεῖν
2738 1835 2816 1906 τῷ
2866 1836 3121 1907 ἡμετέρῳ
3161 1836 3263 1908 βίῳ
3289 1855 3303 1867 ”
3339 1838 3427 1890 ὅτι
3462 1840 3576 1908 γάρ
3623 1839 3724 1893 ἐστι

2136 1946 2255 1981 τινα
2300 1931 2356 1981 ὲν
2399 1929 2527 2000 ἡμῖν
2566 1928 2791 2000 ἀόρατα,
2825 1930 2918 1982 καὶ
2947 1928 3117 1982 πολλά
3161 1946 3227 1997 γε
3262 1929 3473 1992 ταῦτα,
3503 1931 3722 2000 δηλώσει

2135 2022 2163 2074 6
2202 2020 2371 2075 εἰπὼν
2414 2021 2647 2092 ψαλμὸςο
2681 2043 2697 2071 ι
2737 2021 2985 2089 Εύλὸγει,
3025 2024 3058 2092 ἡ
3103 2021 3247 2093 ψυχή
3276 2041 3424 2093 μου,
3475 2024 3572 2076 τὸν
3622 2025 3721 2078 Κύ-

2139 2132 2272 2188 ριον,
2320 2116 2412 2168 καὶ
2438 2114 2614 2168 πάντα
2663 2114 2729 2167 τὰ
2781 2115 2930 2178 ἐντός
2983 2133 3082 2186 μου
3134 2115 3195 2167 τὸ
3248 2116 3435 2187 ὄνομα
3478 2116 3541 2169 τὸ
3590 2115 3723 2186 ἆγων

2135 2204 2667 2262 αύτοῦ.ι⁹Εστινοῦν
2708 2207 2908 2279 πλῆθός
2960 2226 3011 2261 τι
3053 2210 3111 2262 ὲν
3146 2211 3284 2280 ἡμῖν
3316 2209 3612 2280 δυνάμεων
3642 2226 3723 2264 κει

2136 2302 2504 2374 κληρωμένων
2528 2305 2559 2373 ὴ
2568 2302 2683 2373 μῶν
2716 2301 2815 2365 τὰς
2839 2301 3013 2373 ψυχὰς,
3045 2303 3139 2356 καὶ
3162 2301 3235 2355 τά
3257 2301 3524 2373 σώματα,
3546 2304 3725 2366 αἵτινες

2133 2394 2229 2450 ἐὰν
2272 2389 2404 2448 ὦσιν
2439 2394 2611 2465 ἅγιαι.
2636 2396 2735 2467 τῆς
2769 2395 3008 2466 Γραφῆς-
3036 2396 3571 2466 ἀναγινωσκομένης
3601 2395 3723 2465 ὠφε-

2131 2487 2347 2542 λοῦνται
2392 2488 2486 2543 καὶ
2526 2488 2764 2558 γίνονται
2808 2489 3150 2561 ἰσχυρότεραι
3174 2506 3188 2518 ’
3222 2487 3331 2542 κᾶν
3361 2490 3395 2541 6
3429 2488 3559 2550 νοῦς
3584 2489 3722 2559 ἡμῶν

2130 2580 2380 2653 ἄκαρπος
2401 2576 2456 2655 ᾗ,
2479 2581 2553 2643 ὼς
2574 2580 2884 2652 γέγραπται
2908 2581 3151 2653 περὶτοῦ
3167 2581 3402 2652 γλώσσῃ
3431 2581 3720 2645 λαλοῦντος.

2136 2672 2281 2727 (Ὅτι
2300 2672 2360 2725 τὸ
2375 2671 2595 2743 πνεῦμά
2630 2690 2729 2743 μου
2757 2673 2867 2744 (47)
2902 2672 3292 2745 προσεύχεται,
3319 2676 3350 2727 6
3379 2673 3443 2726 δὲ
3486 2673 3608 2737 voti;
3632 2691 3719 2744 μω

2130 2762 2378 2835 ἄκαρπός
2402 2764 2539 2820 ἐστι.
2563 2782 2579 2813 ι
2602 2762 2729 2815 Νόει
2756 2756 2847 2815 οὖν
2876 2780 2964 2833 μοι
2994 2763 3076 2817 ὅτι
3103 2762 3235 2815 ποτὲ
3272 2761 3374 2815 τοῦ
3404 2764 3465 2815 ὲν
3488 2763 3617 2832 ἡμῖν
3639 2760 3717 2814 νώ

2129 2856 2378 2927 ἀκάρπου
2396 2855 2567 2917 ὄντος,
2593 2856 2645 2907 αἱ
2686 2853 2945 2924 δυνάμεις
2980 2856 3036 2907 αἱ
3081 2852 3461 2925 συνεργοῦσαι
3496 2856 3564 2923 τῇ
3593 2853 3719 2922 ψυχῇ

2129 2948 2226 3002 καὶ
2252 2947 2330 3017 τῷ
2357 2947 2453 3018 νῷ,
2478 2950 2573 3001 καὶ
2601 2948 2765 3000 πᾶσιν
2788 2949 2940 3018 ἡμῖν,
2974 2945 3269 3018 τρέφονται
3300 2944 3510 3015 left-mf,
3538 2947 3602 3015 τῇ
3626 2943 3719 2996 ἀπὸ

2127 3039 2236 3094 τῶν
2261 3039 2421 3111 ἱερῶν
2444 3041 2786 3111 γραμμάτων
2808 3041 2902 3093 καὶ
2930 3040 3038 3094 τῶν
3059 3039 3349 3109 ὀνομάτων
3378 3037 3589 3090 τούτων
3613 3050 3710 3106 τρι

2131 3134 2226 3203 φῇ,
2245 3132 2339 3185 καὶ⁴
2358 3131 2689 3203 τρεφόμεναι
2708 3132 2945 3201 γίνονται
2963 3129 3341 3201 δυνατώτεραι
3367 3130 3513 3200 πρὸς
3533 3128 3592 3181 τὸ
3605 3129 3717 3198 {pia

2134 3228 2417 3297 συνεργεῖν
2433 3242 2446 3256 ⁸
2463 3224 2656 3297 ὥσπερ
2671 3225 2728 3278 δὲ
2749 3226 2805 3278 αἱ
2832 3223 3112 3297 κρείττους
3133 3223 3411 3294 δυνάμεις
3432 3221 3596 3275 οἱονεὶ
3609 3237 3718 3274 κατ-

2131 3317 2417 3388 επᾴδονται
2448 3318 2540 3370 καὶ
2572 3316 2929 3386 ὠφελοῦνται,
2967 3316 3061 3370 καὶ
3084 3315 3331 3384 γίνονται
3363 3313 3715 3384 δυνατώτεραι

2132 3406 2239 3462 ἀπὸ
2276 3408 2385 3461 τῶν
2419 3407 2527 3479 (48)
2570 3407 2824 3461 τοιούτων
2867 3409 3213 3480 γραμμάτων
3270 3408 3374 3460 καὶ
3426 3408 3711 3477 ὀνομάτων.

2131 3500 2302 3565 οὕτως
2329 3502 2385 3554 αἱ
2414 3501 2789 3572 ἀντικείμεναι
2828 3500 2937 3553 τῶν
2979 3502 3037 3554 ὲν
3076 3503 3209 3571 ἡμῖν
3239 3500 3544 3570 δυνάμεων
3573 3500 3714 3552 οἱονεὶ

2130 3596 2485 3651 καθέλκονται
2511 3596 2605 3648 καὶ
2634 3593 2890 3649 νικῶνται
2914 3593 3023 3646 ἀπὸ
3041 3593 3150 3645 τῶν
3178 3591 3277 3645 τοῦ
3310 3592 3462 3645 Θεοῦ
3490 3589 3710 3661 turbari”.

2130 3691 2227 3744 καὶ
2275 3688 2574 3761 νικώμεναι
2623 3685 2983 3757 κοιμίςονται.
3035 3685 3147 3739 Καὶ
3198 3685 3397 3738 εἴποτέ
3443 3703 3533 3749 τις
3576 3681 3713 3752 ἡμῶν

2130 3782 2373 3853 ἑώρακεν
2408 3781 2518 3853 (49)
2563 3780 2672 3834 ἀπὸ
2712 3778 2935 3849 ἐπῳδῶν
2981 3776 3185 3831 ἀσπίδα
3227 3772 3713 3848 κοιμιζομένην,ἢ

2130 3870 2258 3925 ἄλλο
2287 3887 2339 3922 τι
2374 3868 2576 3923 τούτων
2609 3867 2716 3921 τῶν
2750 3866 2988 3931 ἰοϐόλων,
3026 3869 3206 3920 ἐκεῖνο
3236 3868 3603 3939 παράδειγμα
3626 3867 3714 3919 λι-

2130 3960 2271 4013 δέτω
2306 3962 2383 4023 εἰς
2413 3958 2512 4029 τὴν
2550 3958 2794 4028 Γραφὴν,
2829 3952 2897 4028 ἦς
2929 3956 3473 4027 ἀναγινωσκομένης
3516 3956 3607 4009 καὶ
3650 3956 3711 4025 μή

2132 4050 2445 4122 νοουμένης,
2462 4049 2631 4102 ἐνίοτε
2660 4047 2857 4119 ἀκηδιᾷ
2877 4046 2971 4100 καὶ
2993 4048 3222 4100 ὲκκακεί
3247 4048 3279 4098 6
3305 4046 3609 4118 ἀκροατὴς,
3631 4046 3715 4098 ut

2130 4141 2432 4195 πιστευέτω
2464 4141 2545 4194 ὅτι
2576 4140 2632 4193 αἱ
2665 4142 2722 4192 ὲν
2760 4136 2908 4209 αύτῴ
2948 4138 3196 4202 ἀσπίδες,
3235 4138 3335 4192 καὶ
3376 4142 3437 4191 αἱ
3484 4141 3539 4191 ἐν
3582 4134 3717 4205 αὖτῷ

2129 4233 2333 4306 ἔχιδναι
2412 4231 2739 4302 ἀτονώτεραι
2787 4232 3026 4300 γίνονται
3086 4231 3196 4284 ἀπὸ
3252 4230 3371 4284 τῶν
3420 4231 3715 4301 sanguine!

2126 4325 2237 4379 τῶν
2271 4324 2756 4396 φαρμακευόντων,
2794 4316 2906 4375 οἷον
2939 4321 3091 4394 παρά
3134 4320 3308 4390 σοφοῦ
3344 4322 3541 4391 Μωσῆ,
3574 4320 3715 4388 παρά

2130 4415 2293 4485 σοφοῦ
2351 4415 2545 4487 Ἰησοῦ,
2596 4414 2744 4486 παρὰ
2796 4413 2975 4485 σοφῶν
3022 4413 3132 4467 τῶν
3178 4413 3360 4483 ἁγίων
3406 4413 3717 4485 προφητῶν.

443 4517 756 4587 telligimus,
794 4518 888 4574 sed
921 4517 1013 4572 ﬁat
1042 4517 1200 4572 nobis
1229 4518 1528 4572 secundum
1556 4518 1715 4572 ﬁdem
1746 4530 2013 4586 nostram,

2133 4510 2218 4579 Μὴ
2241 4508 2566 4579 ὲκκακῶμεν
2592 4504 2683 4563 οὖν
2706 4508 2995 4572 ἀκούοντες
3009 4506 3270 4579 Γραφῶν,
3289 4506 3361 4571 ἃς
3387 4508 3450 4560 ού
3474 4505 3715 4575 νωῦμεν.

439 4625 549 4682 qua
594 4620 650 4666 et
690 4612 962 4666 credimus
993 4611 1123 4679 quia
1176 4629 1194 4662 ι
1224 4611 1404 4667 onmis
1430 4610 1710 4680 Scriptura
1758 4612 2017 4669 divinitus

441 4706 703 4777 inspirata
728 4706 875 4761 utilis
895 4716 978 4761 est
996 4705 1064 4757 ⁷⁸.
1079 4722 1098 4755 ι
1121 4706 1363 4760 Alterum
1378 4706 1521 4761 enim
1549 4722 1579 4760 e
1599 4708 1808 4762 duobus
1826 4708 2018 4763 admit-

442 4808 558 4851 tere
595 4807 645 4851 te
681 4806 897 4866 oportet
927 4798 980 4851 in
1026 4797 1093 4852 iis
1124 4798 1445 4867 Scripturis,
1473 4799 1554 4853 vel
1582 4814 1687 4853 non
1720 4814 1841 4854 esse
1870 4800 2013 4855 divi-

441 4888 588 4942 nitus
613 4890 787 4952 datas,
817 4888 1081 4958 siquidem
1108 4889 1268 4944 utiles
1302 4906 1407 4944 non
1438 4899 1580 4953 sunt,
1613 4901 1671 4945 ut
1706 4892 2014 4960 suspicetur

438 4980 639 5050 aliquis
675 4981 911 5036 inﬁdelis
941 4999 952 5036 :
985 4982 1069 5035 vel
1103 4990 1162 5034 ut
1201 4980 1374 5037 ﬁdelis
1411 4982 1662 5048 admitte,
1694 4983 1819 5052 quia
1854 4983 2015 5038 utiles

437 5084 586 5141 sunt,
618 5075 882 5130 divinitus
904 5089 1023 5129 esse
1044 5076 1216 5129 datas.
1232 5072 1525 5129 Sciendum
1551 5085 1636 5128 est
1663 5075 1832 5145 igitur
1855 5075 2014 5131 nobis

438 5183 539 5226 nec
564 5168 928 5224 sentientibus
971 5183 1208 5239 persaepe
1252 5168 1536 5222 utilitatem
1578 5168 1781 5235 venire,
1820 5184 2014 5237 quem-

436 5261 728 5317 admodum
783 5277 927 5331 saepe
975 5261 1157 5316 cibum
1203 5260 1439 5330 aliquem
1485 5274 1702 5313 sumere
1755 5260 2013 5330 jubemur

434 5357 697 5413 acuendis
730 5356 924 5421 oculis,
958 5356 1185 5411 necdum
1224 5363 1403 5406 tamen
1445 5354 1599 5407 in'eo
1646 5354 1909 5408 sumendo
1936 5354 2013 5408 le—

542 5499 592 5532 "
630 5499 775 5555 Psal.
810 5516 907 5560 cu,
941 5501 992 5554 l.
1071 5499 1113 5531 ⁷⁸
1160 5496 1178 5550 l
1210 5496 1333 5551 Cor.
1369 5512 1478 5561 xiv,
1518 5498 1601 5551 Μ.

2127 4600 2264 4655 ἀλλά
2297 4600 2580 4673 γενηθήτω
2612 4600 2742 4671 ἡμῖν
2771 4597 2913 4653 κατά
2943 4598 3043 4666 τὴν
3082 4599 3272 4651 πίστιν
3308 4596 3493 4669 ἡμῶν,
3532 4599 3607 4669 ἦν
3636 4597 3720 4647 καὶ

2126 4694 2473 4766 πιστεύομεν,
2530 4696 2610 4749 ὅτι
2673 4696 2863 4747 «πᾶσα
2896 4693 3090 4764 Γρασὴ
3133 4691 3506 4754 Θεὸπνευστος
3566 4687 3715 4747 οὖσαν

2124 4785 2399 4860 ὠφέλιμός
2424 4787 2559 4838 ἐστι⁸
2589 4804 2607 4836 ι
2659 4785 2718 4838 τὸ
2756 4783 2865 4855 γὰρ
2898 4783 2956 4837 ἓν
2986 4783 3093 4837 τῶν
3123 4783 3220 4838 δύο
3253 4783 3342 4837 δεῖ
3373 4801 3434 4837 σε
3480 4782 3719 4854 παραδέ-

2126 4875 2318 4939 ξασθαι
2351 4877 2443 4929 ἐπὶ
2475 4875 2675 4929 τούτων
2710 4875 2818 4928 τῶν
2849 4874 3101 4948 Γραφῶν,
3137 4877 3169 4947 ἢ
3215 4876 3301 4929 ὅτι
3330 4877 3434 4929 οὐκ
3461 4878 3574 4929 εἰσὶ
3612 4876 3721 4926 15εέ-

2126 4983 2398 5029 πνευστοι,
2443 4966 2563 5019 ἐπεὶ
2591 4966 2690 5019 οὐκ
2722 4968 2858 5019 εἰσὶν
2902 4967 3189 5037 ὠφέλιμοι,
3220 4967 3300 5031 ὡς
3346 4968 3719 5037 ὑπολαμϐάνει

2126 5055 2191 5109 ἂν
2220 5057 2247 5108 ὁ
2282 5055 2528 5119 ἄπιστος,
2573 5056 2606 5126 ἢ
2660 5056 2734 5119 ὡς
2772 5056 2960 5119 πιστὸς
2995 5057 3431 5129 παραδέξασθαι,
3467 5059 3560 5110 ὅτι
3604 5058 3718 5110 ἐπε

2122 5150 2259 5200 εἰσιν
2317 5146 2602 5217 ὠφέλιμοι,
2639 5146 2984 5201 θεόπνευστοί
3044 5151 3202 5201 εἰσιν
3242 5150 3418 5203 ἰστέον
3460 5152 3715 5219 μέντοιγε

2120 5251 2202 5304 δτι
2233 5252 2325 5304 καὶ¹
2350 5249 2760 5319 ἀνεπαισθήτως
2795 5253 2827 5322 ἡ
2838 5253 2953 5321 μῶν
2981 5252 3243 5316 πολλάκις
3269 5252 3480 5321 γίνεται
3506 5256 3545 5322 ἡ
3580 5252 3719 5320 (Lagi-

2120 5353 2261 5418 λεια,
2296 5347 2404 5406 οἷον
2425 5350 2681 5416 πολλάκις
2697 5353 2904 5422 τροφήν
2925 5369 3046 5406 τινα
3061 5352 3460 5424 διατασσόμεθα
3486 5356 3713 5413 ἐσθίειν,

1680 5496 1785 5550 “ll
1842 5497 1981 5553 Tim.
2033 5499 2234 5565 111,16.

509 5648 622 5719 (47)
667 5648 955 5719 Philocnlia
990 5663 1114 5709 ms.,
1142 5645 1203 5719 τὸ
1234 5642 1452 5719 τενεῦμά
1476 5642 1797 5719 ’μου.μιΐί1›1ι.
1825 5645 1956 5719 editi
1994 5664 2006 5699 :

2133 5645 2329 5700 ’λῶσσά
2359 5663 2480 5717 μου.

508 5712 625 5787 (18)
652 5718 915 5772 Philocal.
948 5735 1048 5772 ms.
1082 5714 1353 5787 (inermia
1373 5712 1528 5767 Libb.
1558 5712 1687 5767 editi
1719 5715 1861 5787 :63?)
1889 5716 2018 5787 τῶν.

511 5783 621 5856 (49)
673 5790 746 5843 Εἴ
779 5788 924 5842 πίτέ
967 5807 1054 5853 τις
1091 5785 1260 5855 ἡμῶν
1290 5783 1387 5851 se;
1403 5801 1568 5849 αχεν,
1601 5794 1707 5840 clc.
1747 5783 1875 5840 Vide
1905 5786 2027 5842 l’lin.

2133 5830 2138 5841 .
2165 5786 2259 5843 lib.
2292 5802 2408 5853 vm,
2443 5802 2562 5857 cap.
2589 5786 2675 5852 10,
2700 5796 2752 5842 ct
2788 5786 2881 5841 lib.
2913 5800 3105 5853 xxvtn,
3132 5802 3250 5855 cap.
3276 5784 3309 5838 9.
