3874 6514
143 369 229 431 ιιι
1138 357 1206 413 ΙΝ
1243 357 1504 415 LIBRUM
1542 356 1703 416 JESIJ
1745 357 1935 414 NAVE
1975 358 2259 417 HOMILIA
2301 357 2416 415 XX.

3275 358 3381 416 922

143 474 487 550 ὁξυδερκικὴν,
535 475 632 528 καὶ
672 477 910 550 οὐδήπου
963 479 1019 531 ἐν
1063 478 1143 550 τῷ
1199 479 1399 535 ἐσθίειν
1448 478 1692 533 αἰσθανό-

1803 481 1915 534 vari
1944 481 2158 536 oculum
2188 481 2484 548 sentimus;
2521 479 2614 535 sed
2637 481 2873 537 secunda
2900 465 2986 536 vel
3015 478 3174 534 tertia
3208 477 3380 534 inter-

143 570 381 654 μεοαβο)
406 570 484 622 ὅτι
513 567 872 641 ὠφελούμεθα
897 571 984 624 τὸν
1012 571 1309 644 ὀφθαλμὸν,
1333 572 1446 625 ἀλλ’
1473 571 1688 644 ἡμέρας

138 662 498 738 διαγενομένης
541 662 802 734 δευτέρας
836 664 930 716 καὶ
971 665 1180 734 τρίτης,
1223 667 1256 736 ἠ
1305 665 1552 729 ἀνάδοσις
1596 665 1696 735 τῆς

139 760 324 834 τροφῆς
353 757 444 826 τῆς
476 755 791 827 ὠφελούσης
831 758 923 810 τὸν
955 757 1231 828 ὀφθαλμὸν
1272 763 1416 812 ποιεῖ
1448 760 1595 830 ἡμᾶς
1629 760 1692 829 τῇ

138 852 288 924 πείρᾳ
315 847 592 901 πιστεῦσαι
617 849 698 901 ὅτι
723 849 811 903 τὸν
832 849 1106 922 ὀφθαλμὸν
1125 851 1502 922 ὠφελούμεθα.
1536 851 1697 904 Ἀλλὰ

137 946 220 1002 καὶ
244 943 324 997 ἐπ’
347 940 517 994 ἄλλων
543 941 760 1013 τροφῶν
789 941 1112 1010 ὠφελουσῶν
1141 961 1261 997 τινα
1299 943 1432 1014 μέλη
1462 943 1555 997 τοῦ
1591 940 1696 995 σώ-

138 1055 291 1114 ματος
325 1033 435 1088 ἔστι
468 1035 623 1089 τοῦτο
655 1035 800 1090 ίδεῖν·
831 1035 974 1090 οὕτω
995 1037 1176 1090 τοίνυν
1203 1037 1423 1090 πίστευε
1449 1037 1544 1089 καὶ
1567 1036 1697 1107 περὶ

133 1137 224 1206 τῆς
247 1131 390 1192 θείας
421 1130 662 1201 Γραφῆς,
705 1131 788 1184 ὅτι
837 1131 1124 1201 ὠφελεῖται
1181 1148 1274 1184 σου
1316 1133 1349 1200 ἡ
1385 1129 1553 1201 ψυχὴ,
1595 1128 1697 1182 κᾶν

135 1229 204 1300 μὴ
245 1226 271 1278 ὁ
314 1221 437 1287 νοῦς
482 1223 574 1276 τὸν
627 1225 834 1295 καρπὸν
876 1223 1126 1298 λαμϐάνῃ
1176 1224 1276 1293 τῆς
1306 1223 1570 1292 ὡφελείας
1601 1222 1700 1292 τῆς

1791 572 1935 641 jecta
1973 574 2060 629 die
2094 575 2402 629 distributio
2431 575 2536 629 cibi
2571 574 2661 644 qui
2697 574 2912 629 oculum
2937 573 3115 643 juvat,
3150 572 3283 627 facit
3321 582 3379 627 ιιι

1799 668 2005 735 experti
2034 670 2342 732 credamus,
2374 668 2532 723 oculo
2566 684 2665 723 nos
2695 684 2817 725 esse
2852 669 3056 725 levatos
3084 686 3097 723 ε
3125 670 3217 723 sed
3245 675 3300 721 et
3326 667 3380 720 in

1802 759 2024 829 reliquis
2059 760 2216 826 cibis,
2255 761 2586 829 quihusdam
2639 763 2884 830 partibus
2931 763 3180 831 corporis
3229 761 3380 815 utili-

1799 851 1922 918 bus,
1964 852 2016 906 id
2052 853 2249 906 intueri
2285 853 2430 908 licet.
2477 854 2568 909 Sic
2615 855 2779 924 igitur
2804 863 2859 909 et
2896 855 2962 910 de
3013 855 3196 910 divina
3235 854 3383 910 Scri-

1803 955 1958 1014 ptura
1999 955 2205 999 certmn
2247 946 2410 1010 habe,
2443 946 2620 1014 juvari
2651 949 2918 1015 animum,
2952 949 3055 1002 etsi
3083 962 3236 1002 mens
3267 947 3384 1000 fru-

1803 1045 1950 1090 ctum
1986 1052 2091 1091 non
2119 1038 2384 1108 percipiat
2415 1039 2554 1108 ejus,
2583 1053 2704 1108 quae
2735 1055 2763 1093 a
2799 1040 2998 1095 litteris
3027 1057 3058 1095 e
3093 1043 3235 1094 nuda
3267 1039 3381 1094 sola

1805 1125 2040 1183 lectione
2091 1128 2328 1199 protluit,
2361 1130 2660 1186 utilitatis:
2690 1131 3045 1186 ineantantur
3081 1133 3226 1187 enim
3263 1147 3385 1200 quae

1808 1221 1860 1276 in
1898 1222 2054 1276 nobis
2102 1235 2246 1288 sunt,
2281 1225 2499 1279 aluntur
2530 1225 2777 1291 meliora,
2809 1224 2994 1293 pejora
3029 1225 3180 1278 irrita
3219 1224 3371 1276 liunt.

134 1320 232 1377 ἀπὸ
269 1318 372 1373 τῶν
411 1318 777 1388 γραμμάτων,
817 1321 881 1372 ὲκ
924 1319 1096 1390 μόνης
1140 1317 1303 1388 ψιλῆς
1342 1317 1440 1389 τῆς
1474 1313 1855 1384 ἀναγνώσεως.
1909 1316 1990 1370 Τὰ
2035 1316 2144 1388 γὰρ
2204 1320 2263 1373 ὲν
2307 1319 2438 1389 ἡμῖν
2473 1318 2756 1390 ἐπᾴδεται,
2790 1316 2886 1371 καὶ
2940 1316 3010 1370 τὰ
3059 1315 3156 1387 μὲν
3196 1315 3384 1388 κρείτ-

130 1434 250 1476 τονα
270 1418 544 1491 τρέφεται,
569 1416 639 1472 τὰ
665 1416 723 1471 δὲ
746 1415 963 1488 χείρονα
996 1416 1370 1486 καταργεῖται.

544 1709 624 1764 EA
635 1708 773 1765 DEM
819 1708 1102 1765 HOMILIA
1140 1708 1260 1764 XX.

601 1819 943 1861 INTERPBETE
983 1821 1196 1862 RUFlNO.

120 1902 190 1957 De
235 1897 545 1969 difﬁcultate
597 1897 979 1969 intelligentia’,
1016 1907 1063 1950 et
1091 1898 1173 1969 fde
1231 1896 1390 1969 Caleb
1433 1898 1694 1969 quomodo

344 1969 549 2037 accepit
589 1967 848 2032 Chebron,
889 1982 937 2022 et
973 1970 1037 2022 de
1064 1968 1282 2038 ﬁliabus
1313 1967 1451 2038 ejus.

183 2088 233 2142 l.
267 2086 326 2141 Si
371 2085 576 2154 quibus
613 2083 869 2154 possibile
901 2093 983 2140 est
1025 2085 1326 2141 ascendere
1377 2085 1442 2140 ad
1491 2092 1690 2141 terram

114 2191 372 2243 sanctam,
405 2189 467 2233 ct
510 2179 706 2233 bonam
743 2188 946 2232 terram
976 2177 1292 2245 viventium,
1322 2177 1376 2232 in
1407 2194 1511 2248 qua
1548 2193 1694 2234 mors

109 2287 212 2326 non
240 2279 343 2338 est,
362 2270 408 2324 si
443 2270 567 2340 quis
593 2285 689 2339 per
711 2271 962 2338 spiritum
992 2270 1192 2326 meruit
1223 2270 1289 2325 ad
1321 2270 1437 2325 haec
1459 2271 1693 2325 videnda

109 2360 498 2426 conscendere,
564 2362 654 2416 ille
714 2371 894 2432 potest
949 2361 1132 2416 verius
1180 2375 1339 2416 nosse
1406 2360 1695 2416 [neredita-

108 2462 214 2508 tum
240 2451 381 2523 (51),
417 2461 482 2506 et
514 2451 756 2507 locorum
796 2460 850 2506 et
886 2452 1312 2522 appellationum
1353 2468 1476 2522 qua:
1523 2455 1574 2506 in
1607 2454 1695 2510 his

106 2547 234 2602 locis
262 2547 494 2613 scriptae
523 2557 672 2612 sunt,
703 2545 1064 2601 dill‘erentias.
1097 2547 1295 2601 Verum
1324 2547 1452 2616 quia
1477 2546 1694 2602 dillicile

102 2650 185 2695 est
218 2641 290 2693 ita
323 2628 630 2704 eruditam,
665 2639 748 2692 vel
788 2639 958 2708 gratia
992 2638 1218 2708 spiritus
1251 2639 1510 2709 repletam
1541 2640 1694 2695 inve-

102 2735 214 2789 nire
245 2733 432 2787 anima
451 2749 524 2796 ιη,
557 2733 878 2787 conabimur
906 2746 1004 2786 nos
1029 2731 1424 2787 consolationis
1449 2749 1693 2788 commo-

99 2827 180 2879 nis
203 2838 395 2884 causa,
420 2837 498 2876 ne
521 2821 665 2878 forte
686 2824 844 2878 taedio
863 2821 1130 2878 eiliciatur
1151 2823 1490 2878 auditoribus
1509 2840 1692 2882 sermo

98 2916 310 2971 divinus
342 2925 400 2969 et
458 2917 640 2982 lectio,
691 2917 736 2972 si
789 2917 924 2971 nihil
966 2917 1370 2987 explanationis
1419 2921 1688 2988 accipiat,

93 3012 382 3067 orantibus
432 3012 619 3076 vobis,
674 3023 729 3067 et
784 3012 1010 3068 Domino
1043 3015 1278 3070 donante
1314 3016 1430 3069 haec
1470 3017 1689 3070 interim

1721 1717 2072 1779 Bstupot‘cm
2134 1708 2426 1780 quemdam
2486 1723 2681 1765 sensus
2733 1706 3000 1780 inﬂigere,
3053 1706 3140 1760 ubi
3199 1716 3379 1760 tamen

1796 1801 1998 1857 Christi
2048 1817 2154 1856 non
2212 1802 2473 1858 restiterit
2510 1802 2642 1858 lides
2673 1818 2687 1856 :
2719 1813 2925 1873 quanto
2986 1801 3158 1867 magis
3213 1799 3382 1853 totius

1796 1895 2265 1966 praecantatiouis,
2296 1905 2351 1950 et
2391 1897 2657 1950 carminis
2689 1895 3008 1949 validiorem
3035 1902 3086 1947 et
3115 1891 3382 1962 potentio-

1799 2004 1911 2043 rem
1960 1988 2263 2043 duccndam
2313 1989 2588 2044 credimus
2623 2003 3006 2059 quamcunque
3041 1986 3186 2040 illam
3231 1983 3379 2039 Scri-

1798 2092 1966 2151 pturze
1983 2090 2205 2146 sanctae,
2226 2079 2307 2133 vel
2325 2095 2661 2143 sermonum,
2680 2082 2761 2136 vel
2777 2081 3053 2135 nominum
3067 2077 3178 2147 (56)
3198 2077 3381 2146 appel-

1796 2171 2084 2228 lationem?
2114 2172 2267 2226 Sicut
2291 2174 2437 2226 enim
2483 2172 2624 2239 apud
2665 2171 2908 2225 inﬁdeles
2945 2169 3235 2224 contrariae
3273 2167 3381 2220 vir-

1799 2273 1938 2319 tutes
1959 2263 2240 2318 audientes
2263 2263 2351 2318 illa
2366 2261 2548 2317 velilla
2577 2263 2791 2315 nomina
2809 2262 2921 2331 (57)
2944 2261 2995 2313 in
3021 2259 3378 2336 carminibus,

1796 2357 1880 2413 vel
1911 2358 2458 2426 pramantationihus,
2506 2356 2705 2411 adsunt
2743 2366 2796 2410 et
2843 2357 3106 2410 exhibent
3152 2353 3382 2407 famula-

1796 2458 1928 2516 tum,
1960 2460 2014 2504 et
2045 2451 2175 2504 dant
2209 2464 2429 2518 operam
2471 2451 2522 2502 in
2559 2450 2683 2510 hoc,
2731 2448 2798 2502 ad
2847 2449 2991 2517 quod
3051 2446 3290 2501 invocari
3321 2460 3380 2498 sc

1795 2557 1864 2596 ex
1902 2543 1990 2597 illo
2019 2542 2102 2597 vel
2128 2558 2190 2596 ex
2227 2541 2314 2596 illo
2345 2541 2564 2596 nomine
2589 2543 2884 2604 senserint,
2929 2538 3087 2594 ollicii
3124 2539 3206 2593 sui
3264 2553 3378 2590 rem

1795 2636 2196 2706 quodammodo
2235 2651 2302 2690 ac
2336 2634 2625 2690 ministerii
2667 2635 2751 2688 cui
2800 2634 3127 2702 semetipsos
3175 2631 3382 2686 manci-

1794 2731 2042 2800 pavcriut
2095 2730 2503 2799 dependentes:
2538 2743 2602 2782 eo
2653 2727 2822 2796 magis
2884 2727 3070 2795 utique
3124 2724 3377 2780 etelestus

1795 2823 2025 2877 virtutes
2051 2834 2107 2876 et
2139 2820 2314 2891 angeli
2357 2821 2473 2882 Dei.
2515 2820 2606 2888 qui
2643 2819 2924 2872 nobiscum
2958 2828 3105 2883 smtt,
3148 2817 3291 2871 sicut
3324 2825 3381 2870 et

1794 2917 2056 2971 Dominus
2091 2914 2157 2969 de
2211 2913 2449 2984 parvulis
2487 2912 2748 2968 Ecclesia:
2795 2911 3010 2976 dicit",
3042 2911 3166 2980 quia
3202 2909 3381 2980 angeli

1797 3024 1986 3065 eorum
2021 3021 2237 3076 semper
2277 3008 2540 3062 assistunt
2592 3007 2644 3060 in
2688 3014 2985 3074 conSpectu
3024 3003 3260 3066 Domini,
3295 3005 3380 3056 vi-

98 3104 161 3157 de
193 3102 588 3172 hujuscemodi
621 3105 946 3164 lectionibus
976 3107 1367 3178 perstringere,
1402 3123 1523 3177 quae
1555 3110 1690 3164 aedi-
1721 3074 1766 3135 C
1797 3103 1987 3159 dentes
2025 3074 2220 3156 faciem
2255 3100 2392 3169 ejus,
2427 3099 2667 3154 libenter
2710 3109 2765 3152 et
2810 3106 2963 3167 grate
3001 3097 3294 3164 accipiunt,
3334 3095 3378 3149 si

94 3193 258 3251 ﬂcare
296 3197 525 3266 possint
558 3197 774 3251 animas
802 3207 1035 3252 nostras.
1072 3198 1128 3253 Si
1181 3216 1287 3269 qua
1317 3211 1499 3256 autem
1538 3211 1688 3269 sunt,

93 3306 211 3358 quae
237 3292 323 3346 vel
356 3306 467 3346 nos
510 3293 580 3345 ad
617 3307 856 3360 prmsens
885 3294 1093 3348 sentire
1125 3309 1229 3348 non
1261 3310 1574 3364 possumus,
1605 3298 1692 3353 vel

89 3399 183 3439 vos
216 3385 474 3440 nondum
516 3385 744 3453 potestis
770 3387 979 3452 audire,
1007 3400 1070 3440 ex
1108 3387 1191 3441 his
1228 3396 1405 3443 tamen
1437 3405 1556 3458 quae
1583 3391 1692 3447 dis-

87 3477 321 3532 serimus
367 3478 746 3533 corrcctiores
795 3487 958 3547 atque
1008 3479 1412 3536 emendatiores
1461 3484 1686 3548 redditi,

85 3567 244 3621 etiam
275 3569 371 3622 illa
405 3585 536 3638 qua:
569 3585 711 3624 nunc
738 3584 935 3638 capere
964 3584 1068 3622 non
1097 3584 1406 3637 possumus,
1437 3574 1690 3630 meliores

83 3661 260 3716 eliccti
308 3664 824 3733 comprehensuros
873 3679 970 3718 nos
1015 3681 1240 3736 sperare
1290 3668 1573 3723 debemus.
1624 3669 1692 3724 Et

77 3755 301 3826 quidem
332 3755 619 3826 optimum
649 3757 752 3810 erit
780 3761 892 3812 htec
923 3760 1158 3828 assequi,
1193 3760 1316 3814 dum
1350 3761 1402 3814 in
1442 3760 1544 3816 hac
1579 3763 1688 3818 vita

78 3863 293 3914 smnus,
327 3850 424 3902 ubi
461 3849 669 3904 laboris
693 3851 974 3918 praemium
995 3851 1200 3919 justum
1227 3862 1311 3906 est
1337 3871 1350 3906 :
1374 3855 1457 3908 sin
1487 3856 1686 3921 minus,

77 3951 200 4009 post
237 3942 466 3996 obitum
506 3940 743 3996 fortasse
777 3942 1122 3999 inuotescent
1155 3946 1221 4000 iis
1254 3945 1346 4014 qui
1393 3949 1688 4003 merebun-

75 4044 182 4089 tur.
219 4036 640 4090 Verumtamen
669 4037 836 4089 etiam
870 4035 997 4090 illud
1037 4037 1324 4102 admoneo,
1361 4053 1467 4092 non
1497 4055 1685 4108 parum

72 4139 136 4179 ex
173 4126 280 4180 hoc
318 4125 452 4194 ipso
491 4125 746 4180 utilitatis
787 4126 985 4181 anima:
1033 4127 1293 4190 conferri,
1332 4130 1478 4198 quod
1526 4147 1688 4188 aures

68 4227 291 4272 nostras
317 4218 460 4273 licet
483 4216 896 4289 Mobscura
919 4220 1353 4292 videattlur(52),
1379 4234 1686 4292 penetrant.

69 4308 125 4363 Si
174 4309 330 4363 enim
383 4311 670 4364 creditum
722 4317 806 4363 est
853 4325 884 4364 a
927 4311 1202 4379 gentibus,
1247 4314 1390 4380 quod
1437 4319 1685 4384 quaedam

1795 3207 2013 3261 semper
2046 3191 2212 3245 verba
2265 3190 2582 3258 Scriptnrze,
2614 3195 2668 3240 et
2711 3188 2905 3241 horum
2959 3186 3242 3240 nominum
3279 3202 3379 3256 ap-

1793 3296 2113 3364 pellationes
2142 3292 2286 3348 velut
2314 3292 2550 3346 carmina
2572 3289 2816 3358 quaedam
2842 3300 2896 3342 et
2922 3287 3380 3358 prmcantationes

1793 3404 1859 3442 ex
1888 3397 2077 3443 nostro
2106 3402 2202 3441 ore
2225 3398 2560 3455 promamus.
2596 3385 2734 3449 Quia
2770 3381 2868 3436 etsi
2906 3397 3002 3434 nos
3038 3395 3140 3434 non
3178 3379 3377 3434 intelli-

1793 3481 1971 3550 gimus
1997 3492 2117 3547 quae
2143 3477 2212 3530 de
2246 3489 2340 3529 ore
2389 3470 2735 3541 proferinms,
2773 3471 2875 3525 illae
2929 3480 3110 3523 tamen
3153 3469 3382 3522 virtutes

1793 3586 1914 3640 qua:
1944 3570 2102 3624 nobis
2125 3570 2324 3622 adsunt
2344 3565 2674 3636 intelligunt,
2697 3575 2751 3619 et
2781 3564 2931 3618 velut
2964 3563 3208 3618 carmine
3241 3576 3379 3631 quo-

1792 3667 1916 3719 dam
1948 3664 2193 3718 invitatze
2226 3661 2418 3715 adesse
2451 3665 2626 3727 nobis,
2668 3670 2719 3714 et
2754 3659 2898 3714 ferre
2932 3657 3193 3710 auxilium
3229 3655 3378 3711 dele-

1792 3769 2030 3814 ctantur.
2087 3757 2222 3823 Quia
2269 3766 2447 3810 autem
2484 3764 2610 3808 sunt
2665 3769 2769 3807 non
2831 3751 3004 3806 solum
3067 3749 3217 3804 circa
3278 3762 3378 3800 nos

1793 3852 1976 3906 multa:
2009 3850 2206 3904 divinae
2242 3850 2497 3917 virtutes,
2528 3847 2620 3903 sed
2655 3845 2817 3900 etiam
2845 3845 2984 3897 intra
3020 3857 3136 3908 nos,
3170 3840 3378 3894 indie-at:

1791 3944 2060 4013 Propheta
2104 3957 2228 3997 cum
2275 3941 2406 3996 dicit
2457 3942 2510 3993 in
2552 3937 2842 3992 Psalmis“
2876 3954 2888 3989 :
2925 3932 3218 3997 «Benedic,
3252 3931 3382 3984 ani-.

1791 4053 1877 4092 ma
1911 4051 2056 4102 mea,
2080 4034 2392 4097 Dominum,
2417 4039 2471 4087 et
2493 4031 2676 4086 omnia
2709 4028 2969 4083 interiora
3002 4040 3143 4090 mea,
3179 4039 3375 4078 nomen

1790 4139 2041 4186 sanctum
2071 4127 2210 4195 ejus.
2234 4145 2252 4176 ι
2293 4124 2406 4178 lloc
2438 4131 2524 4178 est
2559 4121 2743 4177 omnia
2785 4137 2906 4190 qua:
2936 4119 3075 4172 intra
3113 4131 3198 4171 me
3231 4125 3376 4169 sunt.

1789 4223 2014 4279 Constat
2042 4237 2171 4291 ergo
2203 4221 2406 4274 multas
2441 4233 2563 4272 esse
2595 4218 2828 4271 virtutes
2854 4217 2997 4268 intra
3028 4228 3150 4273 nos,
3181 4211 3378 4280 quibus

1789 4317 1874 4372 vel
1908 4316 2213 4369 animarum
2246 4323 2582 4374 nostrarum,
2626 4309 2710 4362 vel
2757 4323 3046 4377 corporum
3087 4321 3214 4359 cura
3251 4319 3377 4371 per-

62 4404 344 4470 carmina,
404 4417 560 4472 quas
611 4403 1069 4472 praecantationes
1123 4405 1431 4474 appellant,
1490 4409 1687 4476 quibus
1719 4425 1764 4481 ι)
1794 4409 1962 4463 missa
1990 4417 2096 4471 est,
2131 4420 2251 4475 quae
2301 4405 2489 4473 utique
2544 4407 2588 4456 si
2635 4411 2838 4457 sanctae
2879 4410 3028 4465 sunt,
3065 4413 3188 4453 cum
3229 4395 3381 4449 Seri-

61 4494 210 4549 istud
250 4497 406 4551 artis
443 4505 562 4560 est,
607 4495 1038 4559 insusurrantes,
1087 4497 1399 4553 nominibus
1422 4499 1535 4570 (5'5)
1560 4503 1684 4570 qui-

57 4587 297 4642 busdam
330 4587 698 4656 compellatis
739 4603 861 4656 quze
896 4603 964 4642 ne
1004 4587 1078 4641 illi
1128 4589 1346 4657 quidem
1393 4592 1486 4660 qui
1524 4594 1682 4650 invo-

56 4688 210 4744 cant,
246 4687 504 4742 norunt,
548 4692 613 4731 ex
659 4678 776 4732 solo
812 4678 960 4732 vocis
1007 4693 1142 4732 sono
1186 4679 1272 4732 vel
1319 4681 1539 4749 sopiunt
1568 4698 1689 4737 scr-

50 4785 280 4842 pentes,
323 4772 427 4827 vel
477 4771 650 4827 etiam
685 4773 751 4827 de
797 4775 1050 4828 cavernis
1096 4775 1424 4844 protrahunt
1467 4778 1683 4832 ahstru-

52 4867 128 4921 sis
155 4866 304 4938 (54).
344 4866 529 4935 Saepe
576 4875 755 4920 autem
785 4875 840 4922 et
870 4866 923 4920 in
956 4870 1278 4935 corporibus
1317 4870 1572 4924 humanis
1601 4879 1685 4924 tu-

48 4977 264 5030 mores,
309 4959 407 5015 vel
457 4957 860 5031 l‘ervores(55),
885 4971 976 5015 aut
1006 4963 1109 5015 alia
1146 4962 1516 5031 hujuscemodi
1550 4980 1685 5021 voce

46 5057 167 5110 sola
226 5053 574 5126 reprimere
617 5053 894 5117 dicuntur,
941 5053 1212 5110 interdum
1269 5059 1436 5111 etiam
1485 5059 1684 5116 animae

113 5173 165 5205 ⁷³
197 5172 424 5228 Matth.
495 5184 660 5235 xvm,
712 5169 796 5224 l0.
871 5168 919 5201 ⁷⁸
941 5170 1226 5238 Psal.cm,
1256 5173 1310 5228 l.

113 5272 243 5346 (50)
276 5270 459 5326 Libri
499 5279 660 5346 antea
702 5268 858 5334 editi,
907 5271 1107 5346 ἐσθίειν
1152 5273 1267 5346 οὐκ,
1297 5274 1688 5346 αἰσθανόμεθα,

38 5340 138 5432 sed
174 5340 346 5399 recte
374 5358 412 5398 a
449 5340 750 5396 codicibus
787 5357 919 5397 mss.
950 5345 1104 5398 abest
1135 5345 1402 5412 particula
1435 5340 1688 5415 negativa

35 5431 243 5610 ουῖὲί)
290 5485 536 5542 Omnes
576 5499 710 5541 mss.
755 5485 1146 5542 Itwredilalum.
1186 5485 1338 5541 Libh.
1379 5488 1510 5543 editi
1542 5489 1690 5546 :hw-

36 5575 114 5610 rer
139 5569 370 5610 uatem.

36 5569 370 5612 retltlalem.

112 5629 238 5700 (52)
276 5627 565 5700 Uterque
595 5622 948 5700 Ebroiccnsis
972 5629 1168 5694 codex,
1205 5648 1223 5682 t
1245 5629 1495 5685 videatur
1521 5630 1684 5688 lectio

33 5697 224 5752 divini
257 5697 866 5762 sermonis,illahitur.
893 5722 911 5754 ι

111 5769 238 5839 (55)
275 5769 496 5823 Codex
530 5765 844 5838 Sangertn.,
878 5772 1200 5826 numinibus.

114 5841 242 5914 (54)
278 5839 548 5912 Sopiunt
588 5852 872 5911 serpentes,
906 5845 982 5898 vel
1026 5844 1182 5898 etiam
1210 5844 1273 5900 de
1303 5847 1541 5902 cavernis
1567 5863 1684 5917 pro-

1798 4511 1973 4571 ptura:
2003 4499 2256 4568 leguntur
2297 4497 2409 4568 (58)
2443 4513 2470 4549 ο
2509 4496 2688 4560 nobis,
2737 4493 3104 4554 delectantur,
3155 4499 3210 4543 et
3241 4489 3378 4543 vali-

1797 4596 1976 4650 diores
2018 4608 2145 4661 erga
2197 4591 2368 4646 nostri
2418 4589 2754 4656 diligentiam
2803 4587 2939 4640 ﬁunt
2981 4584 3026 4638 si
3073 4583 3269 4655 linguis
3299 4583 3381 4638 lo-

1795 4703 2048 4759 quamur,
2104 4696 2159 4741 et
2213 4686 2434 4756 spiritus
2499 4692 2688 4737 noster
2740 4690 2884 4743 oret,
2947 4694 3142 4733 sensus
3196 4667 3389 4732 antem'

1795 4793 1984 4838 noster
2014 4783 2130 4836 sine
2162 4781 2340 4834 fructu
2373 4779 2443 4834 sit
2490 4772 2561 4825 ⁷⁸.
2613 4776 2757 4831 Dixit
2779 4775 2922 4830 enim
2949 4783 3002 4828 et
3035 4774 3134 4826 hoc
3157 4783 3379 4827 sanctus

1792 4873 2107 4943 Apostolus,
2141 4880 2195 4926 et
2223 4873 2422 4924 mirum
2469 4869 2878 4942 quodammodo
2910 4867 3224 4936 mysterium
3274 4865 3376 4918 hu-

1795 4969 1972 5022 manis
2007 4967 2232 5020 aurihus
2255 4963 2501 5034 protulit,
2520 4963 2707 5017 dicens
2739 4959 3033 5032 aliquando
3055 4959 3169 5013 licri
3197 4970 3376 5028 posse,

1794 5071 1853 5116 ut
1883 5059 2107 5131 spiritus
2138 5057 2229 5128 qui
2267 5057 2318 5112 in
2369 5054 2525 5110 nobis
2563 5063 2645 5111 est
2683 5065 2826 5121 oret,
2862 5065 2918 5110 et
2967 5069 3160 5110 sensus
3193 5060 3378 5106 noster

1390 5176 1435 5207 ⁷⁵
1457 5175 1474 5229 l
1500 5176 1625 5234 Cor.
1653 5196 1765 5249 xw,
1792 5178 1882 5235 M.

1797 5276 2013 5330 trahunt
2036 5273 2315 5329 abstrusis.
2341 5272 2433 5328 Sic
2462 5281 2608 5326 recte
2637 5271 2799 5325 habet
2823 5283 2963 5322 unus
2986 5265 3372 5321 Ebroicensis:

1794 5347 1922 5402 libri
1969 5361 2096 5400 vero
2146 5345 2275 5398 editi
2322 5363 2339 5396 ι
2361 5343 2645 5411 scpiantur
2673 5349 2977 5410 serpentes,
3004 5339 3087 5391 vel
3115 5338 3278 5391 etiam
3309 5337 3374 5391 de

1796 5418 2051 5472 cavernis
2080 5415 2468 5484 protrahantur
2503 5414 2762 5468 abstrusi.
2799 5432 2817 5463 ι

1867 5487 1979 5561 (55)
2020 5477 2113 5561 γέι
2135 5487 2383 5561 fervores.
2410 5483 2571 5540 Deest
2601 5485 2654 5539 in
2690 5484 2842 5539 libris
2873 5489 3029 5537 antea
3063 5477 3244 5543 editis,
3278 5477 3371 5533 scd

1795 5556 1993 5630 legitur
2027 5559 2079 5612 in
2115 5556 2364 5630 omnibus
2395 5571 2525 5612 mss.

1867 5627 1981 5703 (56)
2009 5630 2192 5703 Codex
2218 5627 2530 5703 Sangerm.,
2561 5646 2579 5680 ι
2605 5627 2905 5682 numinum.
2930 5645 2948 5678 ι

1864 5697 1977 5762 (57)
2013 5701 2154 5754 Idem
2184 5717 2196 5752 :
2233 5718 2251 5750 ι
2275 5697 2516 5751 numina.
2543 5717 2562 5750 ι

1865 5764 1978 5844 (58)
2002 5770 2160 5844 Libh.
2191 5770 2322 5824 editi
2355 5788 2368 5823 :
2402 5787 2420 5820 ι
2450 5769 2491 5821 si
2519 5778 2719 5825 sanetae
2748 5767 3039 5830 Scriptura:
3060 5764 3362 5837 leguntur.»

1793 5842 1924 5900 MSS.
1964 5853 2020 5900 ut
2052 5843 2104 5896 in
2143 5849 2328 5896 nostro
2363 5848 2532 5896 textu.
