3874 6546
433 356 543 413 923

1898 355 2223 414 ORIGENIS

3616 352 3706 412 εει

438 481 562 538 sine
594 479 772 540 fructu
804 483 895 540 sit.
937 484 1187 557 Intellige
1217 498 1350 556 ergo
1379 498 1447 540 ex
1474 484 1600 552 hoc,
1645 485 1770 554 quia
1819 483 1878 540 ﬁt
1923 487 2022 541 ali-
2049 492 2099 548 Α
2128 494 2304 540 tamen
2338 481 2604 539 debemus
2636 479 2766 553 quia
2793 480 2946 536 utilis
2973 488 3078 538 est.
3113 478 3309 534 Solent
3348 477 3551 533 medici
3588 492 3687 546 pra

443 579 670 647 quando
704 587 891 632 uoster
919 579 1142 648 quidem
1177 593 1372 635 sensus
1401 579 1520 633 sine
1553 578 1732 633 l'ructu
1760 592 1775 630 :
1802 579 2028 648 spiritus

441 683 648 734 autem,
696 672 749 726 id
795 682 878 728 est
907 674 1142 728 virtutes
1188 672 1315 738 illae,
1353 688 1474 742 qua:
1510 672 1704 726 animae
1738 684 1941 726 nostrae
1975 672 2028 725 in

445 761 777 832 adiutorium
843 765 982 819 datae.
1034 775 1184 830 sunt,
1244 775 1546 834 pascuntur
1597 772 1653 817 et
1709 763 2030 817 relieiuntur

443 869 512 909 ex
544 854 734 909 auditu
762 855 1065 926 Scriptura:
1093 867 1325 922 sanctae,
1358 857 1507 910 velut
1532 871 1600 910 ex
1627 854 1828 909 divinis
1859 867 1912 908 et
1944 872 2031 909 ra-

448 947 799 1005 tionabilibus
848 949 1008 1004 cibis.
1057 949 1198 1015 Quid
1249 949 1372 1003 diro
1401 950 1528 1018 quia
1576 947 1772 1002 divina:
1803 948 2030 1003 virtutes

445 1051 741 1112 pascantur
775 1053 830 1099 et
873 1043 1163 1113 epuleutur
1208 1042 1262 1097 in
1302 1043 1481 1109 nobis,
1525 1041 1570 1096 si
1621 1057 1719 1096 nos
1753 1042 1917 1096 verba
1952 1042 2033 1095 di-

445 1132 587 1189 vinae
622 1133 924 1205 Scriptum
962 1136 1314 1206 proferamus
1343 1151 1408 1190 ex
1454 1134 1584 1190 ore?
1615 1133 1736 1203 Ipse
1772 1133 2033 1189 Dominus

446 1237 636 1286 noster
661 1227 821 1284 Jesus
846 1228 1098 1284 Christus
1131 1229 1175 1284 si
1219 1244 1318 1283 nos
1366 1228 1609 1282 inveniat
1639 1227 1723 1281 his
1751 1238 2030 1294 vacantes,

446 1330 502 1375 et
532 1321 908 1391 hujuscemodi
943 1323 1140 1377 studiis
1166 1331 1221 1377 et
1249 1322 1535 1378 exercitus
1560 1337 1782 1392 operam
1815 1325 2030 1392 dantes,

447 1430 555 1470 non
597 1413 774 1469 solum
804 1415 952 1483 pasci
983 1424 1035 1468 et
1066 1415 1214 1471 reﬁci
1249 1417 1505 1485 dignatur
1549 1418 1602 1471 in
1634 1422 1811 1485 nobis,
1844 1434 2031 1475 verum

447 1507 615 1561 etiam
653 1505 698 1561 si
755 1505 859 1560 bas
913 1508 1099 1576 epulas
1135 1509 1279 1578 apud
1331 1524 1431 1564 nos
1469 1510 1667 1566 viderit
1717 1523 2029 1584 apparatas,

447 1597 668 1654 Patrem
714 1613 901 1654 secum
955 1599 1209 1670 dignatur
1258 1602 1704 1658 adducere..Sed
1752 1607 1866 1661 haec
1906 1607 2033 1677 quia

449 1691 584 1745 satis
613 1705 804 1760 magna
837 1701 892 1746 et
919 1706 1081 1760 supra
1115 1691 1390 1746 hominem
1424 1693 1702 1762 videntur,
1742 1710 1847 1750 non
1900 1698 2036 1752 meis

448 1785 568 1853 tibi,
599 1784 693 1840 sed
745 1784 918 1854 ipsius
975 1785 1188 1838 Domini
1237 1793 1291 1838 et
1333 1785 1637 1843 Salvatoris
1687 1789 2035 1844 sermonibus

2131 579 2262 633 bere
2282 577 2552 632 interdum
2575 578 2752 631 cibum
2772 575 3030 645 aliquem,
3049 575 3326 629 interdum
3351 573 3524 626 etiam
3545 583 3710 644 potnt:

2133 670 2280 732 dare,
2310 669 2458 724 verbi
2493 669 2667 739 gratia
2691 668 2758 722 ad
2785 667 3189 723 discutiendam
3212 666 3510 737 caliginem
3539 666 3708 723 visus:

2130 760 2292 833 M5
2348 776 2444 816 nec
2503 770 2683 815 tamen
2730 761 2780 814 in
2815 760 3027 816 edendo
3061 762 3178 831 ipso
3209 761 3376 824 cibo,
3413 760 3500 815 vel
3552 761 3602 815 in
3631 776 3712 832 po-

2134 854 2297 908 tando
2320 853 2591 908 sentimus
2631 853 2756 923 quia
2800 852 2931 908 utile
2979 862 3083 917 est,
3125 862 3181 908 et
3233 853 3463 921 prodest
3507 853 3709 908 curiis:

2132 944 2228 1000 sed
2265 960 2387 999 cum
2419 945 2700 1000 transierit
2731 946 2848 1000 dies
2893 960 3003 999 una
3031 956 3086 1000 et
3111 945 3281 1000 altera
3323 953 3381 1000 et
3404 945 3570 999 tertia
3595 945 3711 1016 (till,

2133 1053 2231 1094 suo
2259 1039 2309 1092 in
2343 1049 2581 1109 tempore
2618 1055 2716 1108 per
2745 1038 2990 1095 occultos
3012 1041 3278 1110 quosdam
3319 1053 3545 1100 meatus
3571 1046 3712 1101 relata

2134 1132 2200 1186 ad
2232 1131 2402 1186 visum
2435 1133 2542 1188 cibi
2584 1133 2726 1190 illius
2763 1145 2857 1189 aut
2884 1137 3059 1206 poculi
3087 1138 3283 1202 virtus,
3307 1139 3583 1208 paulatim
3612 1156 3715 1210 per»

2134 1237 2224 1297 gat
2267 1236 2576 1297 aspectum,
2609 1240 2663 1284 et
2711 1239 2839 1284 tunc
2880 1229 3094 1284 demum
3143 1233 3359 1287 sentire
3417 1234 3711 1303 incipimus,

2136 1320 2262 1388 quia
2297 1321 2450 1374 cibus
2485 1321 2571 1375 ille
2609 1322 2690 1378 vel
2739 1333 2899 1393 potus
2944 1321 3145 1392 profuit
3195 1326 3404 1380 oculis.
3440 1325 3556 1381 Sed
3599 1331 3712 1384 etin

2135 1411 2257 1466 aliis
2289 1411 2538 1467 similiter
2579 1415 2830 1484 corporis
2871 1417 3113 1485 partibus
3149 1419 3342 1472 eadem
3391 1419 3514 1473 ﬁeri
3541 1422 3714 1477 soteat.

2136 1499 2251 1556 Hoc
2287 1517 2417 1573 ergo
2455 1503 2614 1558 modo
2641 1507 2968 1560 credendum
3009 1517 3090 1562 est
3133 1509 3303 1561 etiam
3345 1511 3419 1566 de
3455 1512 3716 1583 Scriptura

2137 1601 2344 1659 sancta,
2394 1597 2518 1663 quia
2570 1596 2720 1650 utilis
2749 1605 2857 1662 est,
2889 1609 2943 1652 et
2987 1601 3181 1656 anima:
3227 1603 3486 1672 prodest,
3521 1605 3716 1660 etianni

2139 1699 2330 1741 sensus
2365 1697 2554 1743 noster
2579 1689 2645 1742 ad
2677 1705 2918 1758 presens
2956 1693 3386 1765 intelligentiam
3429 1712 3542 1751 non
3581 1702 3718 1771 capit,

2140 1782 2416 1849 quoniam,
2443 1792 2498 1836 ut
2528 1783 2784 1850 diximus,
2810 1796 2861 1840 et
2883 1785 3036 1840 bonae
3053 1789 3282 1845 virtutes
3311 1805 3442 1860 quae
3478 1791 3630 1846 nobis
3648 1796 3720 1846 ad-

449 1880 874 1950 comprobentur
915 1879 1220 1935 dicentis”
1250 1897 1262 1934 :
1296 1898 1314 1931 ‹
1338 1880 1510 1935 Amen
1552 1881 1675 1935 dico
1723 1882 1875 1937 vobis
1908 1883 2037 1952 quia
2068 1866 2111 1920 Β
2140 1884 2286 1940 sunt,
2318 1875 2640 1931 reﬁciuntur
2665 1881 2716 1931 in
2745 1878 2829 1932 his
2853 1882 3200 1936 sermonibus
3225 1891 3283 1935 et
3312 1892 3648 1951 pascuntur,
3676 1901 3716 1940 et

448 1988 551 2044 ego
579 1981 635 2026 et
664 1973 827 2028 Pater
856 1973 1164 2034 veniemus,
1199 1982 1253 2026 et
1295 1975 1632 2028 mansionem
1665 1976 1951 2041 faciemus,
1983 1985 2040 2029 et

451 2066 790 2122 etenabimus
823 2065 965 2135 apud
1012 2080 1160 2120 etim.
1194 2084 1212 2118 ο
1255 2066 1466 2132 Quem?
1498 2067 1644 2120 illum
1675 2068 1917 2137 profecto
1947 2068 2040 2138 qui

449 2169 546 2210 sua
577 2157 831 2210 mandata
872 2156 1128 2211 custodit.
1163 2156 1290 2222 Sed,
1321 2160 1464 2211 sicut
1500 2157 1760 2224 diximus,
1810 2159 1938 2228 quia
1971 2174 2037 2212 ex

451 2246 825 2315 hujuscemodi
873 2249 1342 2312 meditationibus,
1388 2249 1697 2303 divinarum
1747 2265 1878 2320 erga
1937 2266 2036 2306 nos

448 2341 714 2393 virtutum
743 2341 1016 2394 consortia
1036 2351 1091 2394 et
1113 2340 1286 2395 oIiicia
1316 2356 1683 2411 provocamus
1709 2358 1723 2396 :
1753 2342 1826 2396 ita
1858 2357 1887 2395 e
1910 2357 2044 2396 con-

454 2433 624 2487 trario
651 2434 1010 2503 malignarum
1037 2435 1294 2487 virtutum
1321 2435 1568 2499 insidias,
1590 2445 1644 2490 et
1675 2435 2040 2505 pessimorum

455 2525 764 2579 daemonum
796 2526 1159 2589 incursiones,
1191 2543 1255 2580 ex
1311 2528 1687 2599 hujuscemodi
1725 2542 2040 2582 sermonum

454 2628 509 2673 et
546 2620 827 2674 nominum
871 2621 1330 2691 appellationibus
1361 2622 1686 2691 eﬁ'ugamus.
1719 2619 1879 2676 Verbi
1915 2634 2042 2691 gra-

460 2711 558 2774 tia,
583 2720 643 2764 ut
671 2712 718 2765 si
751 2712 874 2783 quis
897 2725 1135 2769 vestrum
1163 2717 1462 2786 aliquando
1487 2715 1759 2786 perspexit
1791 2729 2040 2784 praecan-

457 2804 753 2860 tationibus
793 2809 1028 2876 sopitum
1074 2819 1384 2880 serpentem
1422 2811 1632 2880 portari
1670 2811 1724 2864 in
1760 2810 2038 2878 manibus,

456 2895 542 2949 vel
572 2899 815 2964 protrahi
852 2899 919 2953 de
942 2902 1190 2956 cavernis
1237 2902 1369 2956 nihil
1429 2905 1700 2957 valentem
1733 2917 1930 2957 nocere
1954 2917 2046 2956 ve-

463 2989 641 3054 nenis,
673 3001 861 3060 utpote
891 2992 1278 3050 incantationis
1319 2996 1520 3050 virtute
1556 2995 1898 3064 torpentibus
1930 3014 1942 3049 :
1973 2995 2046 3050 ita

456 3083 623 3137 etiam
655 3082 904 3141 lectionis
944 3087 1138 3143 divina:
1171 3089 1393 3152 virtute,
1423 3089 1465 3142 si
1495 3089 1616 3158 quis
1655 3089 1794 3141 intra
1827 3103 1926 3141 nos
1955 3094 2042 3141 est

459 3179 750 3233 contrariae
801 3183 1089 3250 potestatis
1136 3197 1389 3253 serpens,
1441 3183 1485 3236 si
1523 3183 1646 3252 quis
1682 3182 1746 3235 ad
1784 3181 2047 3235 insilian-
2075 3219 2120 3280 C

460 3269 588 3324 dum
617 3271 840 3326 coluber
873 3273 1026 3341 latet,
1061 3275 1104 3329 si
1151 3277 1426 3345 patienter
1453 3275 1617 3341 feras,
1654 3275 1698 3328 si
1730 3290 1835 3328 non
1889 3275 2046 3330 taedio

461 3359 719 3432 fatigatus
745 3374 964 3420 avertas
992 3367 1259 3432 auditum,
1291 3367 1594 3436 Scripturae
1628 3366 1967 3422 carminibus
1993 3375 2050 3422 et

462 3452 630 3508 divini
666 3457 935 3512 sermonis
966 3459 1292 3513 assiduitate
1325 3459 1634 3527 depellitur.

531 3545 588 3602 2.
615 3545 672 3599 Si
709 3563 838 3617 ergo
877 3549 1051 3614 vides,
1083 3567 1114 3604 ο
1152 3551 1389 3617 auditor,
1417 3551 1872 3623 aliquandolegis
1900 3552 2051 3607 Scri-

463 3650 677 3707 pluram
709 3639 761 3694 in
795 3642 1023 3698 auribus
1056 3644 1162 3698 tuis
1188 3660 1349 3714 quam
1383 3661 1488 3699 non
1516 3645 1795 3716 intelligis,
1829 3655 1882 3699 ct
1917 3662 2048 3700 sen-

463 3747 556 3788 sus
579 3733 694 3802 ejus
723 3736 817 3789 tibi
843 3738 1056 3791 videtur
1085 3739 1373 3803 obscurus,
1399 3739 1615 3793 interim
1646 3739 1787 3792 hanc
1815 3740 2048 3808 primam

464 3829 680 3896 suscipe
709 3829 1018 3894 utilitatem,
1057 3833 1202 3900 quod
1237 3832 1352 3886 solo
1385 3832 1576 3886 auditu
1616 3831 1762 3886 velut
1799 3848 2049 3902 praecan-

465 3917 672 3972 tatioue
721 3919 980 3988 quadam,
1012 3923 1299 3975 noxiarum
1334 3920 1617 3983 virtutum,
1657 3937 1778 3990 quae
1824 3930 1876 3976 te
1904 3921 2053 3977 obsi-

467 4009 600 4062 dent
625 4017 680 4062 et
709 4025 829 4076 quae
854 4010 947 4064 tibi
996 4011 1340 4076 insidiantur,
1370 4012 1521 4065 virus
1563 4012 1853 4080 depellitur
1881 4024 1936 4067 et
1969 4014 2053 4066 fu-

468 4111 649 4171 gatur.
683 4099 923 4156 Observa
975 4112 1180 4156 tantum
1232 4119 1298 4157 ne
1349 4103 1602 4159 ciﬁciaris
1647 4107 1787 4160 sicut
1837 4107 2056 4176 aspides

469 4192 678 4258 surd:e,
714 4201 770 4247 et
802 4195 1124 4250 obturantes
1149 4197 1262 4270 (59)
1295 4214 1452 4253 aures
1485 4215 1611 4254 suas
1631 4201 1701 4266 ⁷⁷,
1737 4217 1804 4255 ne
1830 4203 2058 4256 audiant

469 4296 660 4338 vocem
691 4284 1077 4342 incantationis
1104 4299 1157 4343 et
1183 4290 1459 4356 veneﬁcii,
1493 4294 1634 4359 quod
1678 4293 1993 4347 incantatur
2025 4307 2055 4346 a

469 4374 740 4445 Sapienle.
783 4378 942 4432 Verbi
976 4394 1161 4445 causa,
1192 4391 1276 4434 est
1308 4395 1530 4433 carmen
1579 4383 1723 4450 quod
1757 4395 2056 4450 prmcanla-

471 4476 564 4524 tur
588 4483 644 4525 et
676 4472 892 4526 canitur
922 4472 1037 4544 (60)
1085 4489 1111 4526 a
1146 4474 1394 4542 sapiente
1434 4474 1606 4539 Mose,
1646 4485 1699 4529 et
1735 4477 1879 4544 quod
1919 4491 2058 4545 prae-

472 4573 724 4619 cantatur
754 4574 811 4621 et
840 4567 1058 4621 canitur
1092 4583 1121 4620 a
1161 4568 1406 4638 sapiente
1437 4566 1564 4622 Jesu
1598 4568 1771 4633 Nave,
1820 4579 1876 4624 et
1911 4572 2055 4640 quod

472 4668 843 4729 prteeanlatur
874 4667 929 4713 et
964 4659 1178 4714 canitur
1209 4675 1236 4712 a
1273 4659 1616 4729 sapientibus
1647 4659 1902 4716 omnibus
1932 4676 2058 4730 pro-

474 4751 676 4820 phetis.
715 4751 838 4807 Haec
875 4763 1052 4806 autem
1105 4753 1312 4807 ideirco
1361 4753 1615 4816 diximus,
1660 4768 1727 4807 ne
1781 4755 2056 4808 fastidium

476 4844 757 4912 capiamus
787 4845 1070 4899 audientes
1105 4845 1447 4914 Scripturas,
1482 4847 1646 4900 etiam
1681 4850 1724 4902 si
1765 4863 1870 4900 non
1903 4845 2062 4900 intel-

475 4935 717 5004 ligimus,
768 4935 862 4990 sed
907 4939 999 4990 Iiat
1046 4937 1203 4992 nobis
1249 4940 1546 4992 secundum
1593 4937 1752 4993 ﬁdem
1790 4948 2060 5004 nostram,

475 5029 830 5085 credentibus
856 5031 983 5101 quia
1034 5050 1052 5082 ι
1077 5033 1254 5085 omnis
1284 5031 1568 5102 Scriptura
1598 5031 1861 5087 divinitus
1894 5032 2063 5101 inspi-

476 5133 596 5178 rata
630 5123 781 5178 utilis
807 5135 890 5178 est
911 5126 972 5176 ⁷⁸.
1005 5140 1023 5172 ι
1065 5124 1121 5179 Si
1151 5139 1280 5194 ergo
1309 5125 1576 5179 divinitus
1609 5125 1869 5194 inspirata
1898 5131 1982 5176 est
2009 5131 2065 5176 et

479 5216 650 5281 utilis,
691 5217 907 5271 etiamsi
969 5232 1074 5272 non
1129 5217 1430 5272 sentiamus
1477 5216 1794 5279 utilitatem,
1840 5214 2064 5269 credere

1125 5337 1169 5367 '”
1191 5333 1280 5392 Ps.
1314 5352 1468 5401 Lvitt,
1505 5337 1560 5401 4,
1593 5337 1646 5394 5.

552 5452 666 5523 (59)
706 5451 886 5506 Codex
916 5451 1226 5523 Sangerm.,
1263 5471 1282 5506 ι
1305 5454 1656 5510 obduranlcs.
1679 5475 1698 5508 ι

554 5523 669 5594 (6οι
712 5523 779 5596 βε
817 5525 1048 5578 canitur.
1080 5525 1239 5579 Deest
1271 5526 1322 5578 in
1362 5526 1490 5580 libb.
1518 5527 1700 5590 editis,
1731 5528 1824 5581 sed
1864 5524 2063 5596 legitur

483 5595 538 5650 in
578 5593 832 5648 omnibus
868 5612 1001 5649 mss.

562 5665 679 5736 (6i)
716 5664 840 5719 Dies
866 5683 971 5719 una
995 5675 1045 5719 et
1077 5666 1248 5719 altera
1270 5679 1318 5720 et
1338 5667 1492 5719 tertia
1512 5683 1606 5719 suo
1636 5666 1688 5719 in
1722 5677 1951 5736 tempore
1978 5684 2070 5736 per

486 5737 717 5789 occultos
735 5739 988 5804 quosdam
1022 5749 1224 5790 meatus
1252 5737 1417 5790 relata
1442 5738 1530 5790 ad.
1566 5737 1690 5791 Haec
1706 5740 1771 5792 tle
1785 5745 1979 5798 suntin
2001 5738 2071 5793 li-

485 5805 602 5860 bris
632 5808 814 5869 editis,
849 5809 943 5860 sed
971 5817 1192 5861 exstant
1215 5808 1266 5860 in
1295 5807 1547 5862 omnibus
1584 5823 1718 5862 mss.

563 5876 678 5948 (6⁸2)
719 5876 838 5931 Duo
870 5892 1002 5932 mss.
1042 5876 1441 5935 Ebroiceuses:
1486 5897 1505 5932 ι
1538 5879 1670 5936 dicit
1701 5879 1896 5951 aliquis
1921 5879 2074 5937 audi-

549 5335 598 5368 "
620 5331 780 5390 Joan.
813 5349 924 5402 xiv,
957 5334 1051 5390 25.

1723 5337 1768 5369 ⁷⁸
1797 5335 1842 5390 II
1871 5337 2011 5394 Tim.
2046 5337 2243 5408 "1,16.

2143 1970 2435 2022 contrariae
2469 1977 2788 2040 torpescunt
2840 1973 2925 2028 bis
2973 1977 3472 2042 meditationibus,
3513 1989 3566 2031 et
3609 1978 3715 2032 επη-

2142 2071 2358 2132 gantur.
2378 2063 2482 2117 Sed
2498 2063 2736 2121 fortasse
2755 2067 2955 2121 dicitur
2982 2069 3051 2122 ab
3077 2071 3436 2126 auditoribus
3453 2071 3599 2140 (62):
3622 2073 3716 2128 Περ

2144 2155 2300 2210 nobis
2334 2155 2541 2211 idcirco
2566 2157 2724 2222 dicis,
2760 2168 2817 2215 ut
2840 2169 2891 2215 te
2914 2162 2982 2216 ab
3011 2161 3190 2218 oﬂicio
3222 2164 3630 2234 disputationis
3645 2181 3717 2220 ex-

2143 2263 2300 2303 cuses
2329 2259 2383 2304 et
2423 2248 2476 2302 in
2513 2251 2580 2305 iis
2617 2250 2795 2315 ﬁnias,
2838 2268 3012 2323 neque
3051 2255 3359 2324 quidquam
3411 2271 3632 2325 prorsus
3653 2258 3716 2309 rei

2143 2355 2212 2396 ex
2243 2341 2311 2396 iis
2344 2342 2542 2410 quibus
2591 2344 2849 2414 possibile
2877 2355 2984 2408 est,
3018 2347 3432 2401 consolationis
3465 2347 3717 2408 exhibeas,

2145 2447 2322 2503 neque
2378 2445 2437 2488 ut
2485 2436 2776 2490 Dominum
2825 2439 3139 2506 depreceris
3179 2451 3462 2508 prmstare
3519 2442 3718 2510 gratim

2145 2540 2297 2581 suam
2335 2528 2402 2582 ad
2447 2529 2738 2584 revelauda
2789 2546 2850 2584 ca
2893 2548 3014 2601 quae
3061 2533 3204 2588 lecta
3239 2542 3399 2596 sunt,
3430 2543 3492 2586 ut
3527 2550 3720 2603 parvam

2146 2619 2340 2676 saltem
2379 2623 2560 2676 cibum
2597 2639 2663 2678 ex
2712 2625 3051 2679 occultorum
3083 2635 3138 2680 et
3171 2636 3528 2682 secretorum
3562 2627 3720 2696 expla-

2148 2715 2372 2770 natione
2421 2729 2729 2770 sumamus.
2778 2715 2892 2771 Non
2942 2719 3044 2772 ista
3075 2718 3142 2772 de
3200 2734 3380 2773 causa
3443 2720 3558 2774 hac
3606 2721 3720 2773 dixi-

2148 2821 2292 2871 mus,
2326 2822 2422 2862 nec
2482 2818 2808 2863 excusantes
2865 2825 2966 2864 nos
3016 2811 3114 2863 ista
3154 2811 3536 2878 protulimus,
3562 2813 3645 2866 sed
3680 2823 3725 2865 ut

2151 2900 2571 2954 ostenderemus
2614 2900 2666 2953 iu
2700 2899 3001 2970 Scripturis
3033 2903 3242 2958 sanctis
3271 2918 3404 2959 esse
3436 2905 3545 2956 vim
3575 2920 3708 2974 quam

2150 2991 2296 3058 dam,
2349 3006 2470 3061 quae
2506 2991 2704 3062 legenti
2744 2993 2907 3048 etiam
2974 2995 3092 3050 sine
3141 2995 3553 3065 erplanatione
3601 2997 3724 3051 sul-

2150 3086 2278 3140 cial.

2222 3177 2274 3230 3.
2315 3175 2468 3232 Nune
2493 3191 2647 3242 vero,
2674 3179 2930 3247 quoniam
2975 3194 3082 3234 non
3115 3180 3282 3236 nobis
3314 3182 3525 3238 suﬂicit
3555 3191 3727 3250 tempus

2153 3276 2209 3320 ut
2232 3269 2298 3322 de
2325 3270 2576 3324 omnibus
2613 3286 2733 3340 qua:
2775 3271 2909 3326 lecta
2957 3281 3082 3326 sunt
3117 3272 3231 3345 (65)
3267 3274 3631 3340 disseramus,
3662 3279 3726 3330 vel

2151 3375 2323 3429 pauca
2352 3362 2566 3426 Saltem,
2597 3363 3032 3431 proutDominns
3047 3367 3375 3430 donaverit,
3419 3370 3726 3441 perstringeo

2153 3467 2294 3509 mus.
2339 3453 2554 3506 Initium
2595 3455 2987 3511 distribuendre
3023 3459 3370 3514 hmreditatis
3412 3476 3577 3528 quam
3603 3460 3728 3516 Iesus

2153 3545 2442 3608 distribuit,
2467 3547 2649 3616 incipit
2671 3565 2697 3600 a
2717 3548 3049 3605 Calcb.Data
3084 3561 3166 3606 est
3195 3552 3414 3607 etenim
3444 3554 3572 3609 huic
3597 3554 3728 3609 Caleb

2153 3638 2422 3707 portiouis
2458 3655 2568 3693 sua:
2599 3655 2720 3696 sors
2763 3641 3081 3711 priusquam
3105 3643 3286 3699 tribus
3304 3659 3438 3709 sua,
3461 3660 3583 3714 qua:
3599 3658 3670 3700 est
3689 3648 3729 3699 εν

2154 3730 2350 3785 Iiorum
2375 3731 2531 3795 Juda,
2560 3732 2898 3802 perciperet;
2925 3745 2978 3789 et
3007 3735 3166 3789 datur
3186 3736 3236 3791 ei
3270 3753 3385 3790 non
3424 3737 3479 3791 in
3509 3740 3730 3792 extremis

2157 3824 2427 3894 aliquibus
2450 3828 2714 3894 partibus,
2733 3829 2826 3882 sed
2850 3829 2900 3882 in
2921 3829 3097 3883 medio
3117 3828 3359 3883 ﬁliorum
3379 3829 3526 3884 Juda
3550 3834 3728 3885 :etdata

2155 3925 2240 3971 est
2266 3919 2311 3970 ei
2342 3919 2517 3984 portio
2547 3935 2650 3973 non
2669 3937 2763 3989 per
2782 3930 3008 3981 sortem,
3031 3920 3122 3974 sed
3161 3934 3260 3988 per
3286 3931 3631 3992 praeceptum
3653 3921 3728 3974 Do-

2159 4009 2310 4071 mini,
2331 4019 2383 4063 et
2405 4010 2566 4064 datur
2587 4010 2634 4064 ei
2661 4011 2857 4065 civitas
2887 4009 3311 4080 iutegra.Quem
3333 4012 3511 4067 alium
3542 4013 3728 4083 dignum

2158 4116 2274 4157 erat
2301 4104 2459 4157 talem
2489 4105 2743 4173 consequi
2779 4105 3176 4174 haereditatem,
3200 4116 3256 4160 et
3283 4106 3458 4160 talem
3485 4110 3730 4176 percipere

2161 4196 2490 4266 portionem,
2533 4198 2632 4253 nisi
2659 4197 2843 4262 (Zaleb,
2870 4198 2962 4268 qui
3007 4198 3156 4253 solus
3200 4199 3396 4253 salvus
3423 4199 3644 4253 enectus
3667 4209 3732 4250 est

2161 4303 2280 4342 cum
2305 4288 2428 4344 Jesu
2451 4289 2613 4357 Nave,
2635 4304 2697 4344 ex
2724 4283 2996 4344 sexcentis
3018 4289 3256 4344 millibus
3280 4302 3731 4350 armatorume

2163 4383 2408 4436 exierant
2432 4381 2497 4434 de
2526 4379 2764 4452 IEgypto
2788 4384 2810 4435 ἰν
2845 4379 3022 4450 Ipsum
3051 4384 3344 4449 oportebat
3369 4382 3490 4451 (64)
3523 4382 3732 4449 accipere

2165 4475 2531 4545 metropolim.
2556 4473 2622 4529 Et
2647 4475 2763 4530 ideo
2798 4476 3060 4543 scriptum
3094 4485 3178 4528 est
3201 4475 3272 4528 7°:
3305 4494 3324 4525 ι
3357 4475 3582 4530 Deditei
3605 4471 3732 4526 Iesus

2166 4565 2440 4618 civitatem
2462 4565 2637 4618 Arbnc
2657 4564 2997 4632 metropolim
3017 4563 3223 4626 Enacb,
3240 4580 3368 4632 qua:
3385 4576 3475 4617 est
3489 4565 3731 4623 Chebron,

2166 4658 2218 4711 in
2259 4672 2363 4725 qua
2405 4666 2562 4710 erant
2608 4656 2882 4710 memoria:
2927 4665 3160 4723 patrum.
3190 4674 3210 4708 ι
3243 4655 3349 4710 IIic
3415 4657 3585 4728 igitur
3625 4655 3733 4708 civi-

2167 4761 2275 4806 tate
2303 4749 2505 4815 Arboc,
2542 4765 2662 4818 qua:
2697 4759 2815 4803 erat
2863 4748 3175 4818 metropolis
3225 4748 3417 4803 Enacb
3442 4791 3458 4814 ,
3516 4765 3630 4817 qua
3666 4755 3732 4800 est

2165 4842 2437 4903 Chebron,
2478 4838 2857 4894 exterminavit
2897 4839 3020 4894 inde
3057 4848 3167 4892 tres
3207 4838 3350 4892 ﬁlios
3390 4839 3576 4894 Enacb
3616 4837 3726 4905 (65).

2169 4935 2309 5001 Quid
2396 4944 2554 5002 putas
2624 4933 2782 4987 nobis
2855 4932 3039 4986 volens
3106 4931 3402 5002 Scriptura
3472 4932 3729 4986 ostendere

2170 5026 2333 5081 etiam
2365 5026 2465 5080 hoc
2496 5024 2819 5093 designavit,
2855 5023 2996 5094 quod
3037 5021 3202 5078 Caleb
3239 5033 3473 5091 accepta
3507 5023 3727 5091 portione

2172 5117 2504 5173 [Hereditatis
2518 5131 2648 5183 suae,
2668 5125 2722 5170 et
2750 5126 2860 5169 tres
2892 5113 3028 5168 ﬁlios
3052 5113 3240 5168 Enacb
3271 5112 3672 5173 exterminavit,
3691 5116 3733 5160 et

2174 5212 2393 5266 nomina
2425 5225 2612 5264 eorum
2638 5206 3012 5279 descripsit,id
3037 5218 3120 5262 est
3143 5204 3333 5272 Susui,
3361 5205 3668 5264 Aehimacb,
3687 5211 3733 5253 et

2320 5337 2365 5368 ⁷⁹
2389 5336 2501 5392 Jos.
2548 5351 2635 5400 xv,
2670 5335 2758 5400 I3,
2793 5333 2875 5390 14.

2172 5463 2377 5596 ω’(ὶέἓ).
2397 5472 2558 5576 Iidem
2578 5537 2621 5574 ει
2648 5522 2782 5576 lecta
2803 5530 2949 5577 sunt.
2987 5539 3006 5572 ι
3029 5520 3186 5596 Libb.
3219 5519 3381 5596 editi_:
3399 5536 3430 5596 ⁸ι
3451 5516 3579 5596 dicta
3597 5519 3729 5596 sunt.

2252 5588 2363 5666 (64⁷)
2404 5595 2606 5650 Omnes
2664 5609 2795 5648 mss.
2847 5611 2866 5644 ι
2914 5593 3228 5664 oportebat.
3286 5609 3306 5643 ι
3352 5589 3503 5643 Libb.
3555 5588 3726 5639 editi:

2185 5685 2205 5718 ‘
2232 5675 2566 5808 Ῥέῗῦιῗίιιῖ».
2601 5735 2731 5788 editi
2761 5751 2829 5808 the
2872 5748 2989 5808 qua:
3027 5742 3142 5808 erat
3168 5732 3456 5808 “Chebron.
3479 5738 3529 5808 _el
3561 5733 3729 5808 ωιςισ

2184 5799 2411 5862 minavit
2443 5807 2567 5862 inde
2598 5816 2707 5860 tres
2742 5799 3364 5872 ﬁlios’EnachJSicque
3389 5799 3544 5856 multa
3573 5799 3728 5850 estut-

2185 5888 2323 5936 tuut.
2351 5877 2478 5934 Mss.
2512 5893 2642 5934 vero
2676 5887 2731 5932 ut
2760 5876 2812 5931 iu
2850 5886 3036 5931 nostro
3066 5883 3237 5929 textu.
