3874 6494
122 374 217 431 1125

1092 369 1163 427 ΙΝ
1206 370 1471 429 LIBRUM
1508 370 1669 427 JESU
1706 370 1893 426 NAVE
1932 370 2215 429 HOMILIA
2249 371 2365 427 XX.

3231 370 3337 428 926

123 490 371 558 Thalami,
402 490 776 562 generationes
802 490 1029 545 Enach?
1057 492 1347 548 Videamus
1393 507 1521 564 ergo
1544 492 1669 562 quid
1702 496 1744 552 Α
1774 494 1935 549 Caleb
1963 494 2301 562 metropolim
2343 493 2658 549 humilitatis
2702 492 2899 551 inanis.
2934 495 3073 551 Duas
3109 495 3335 552 humlli-

125 584 355 656 estquod
380 598 480 638 nec
528 582 725 651 sufﬁcit
766 584 814 638 ei
861 585 1043 639 dicere
1084 583 1219 640 ﬁlios
1268 585 1471 648 Enach,
1503 586 1591 638 sed
1618 594 1673 638 et

123 680 324 737 nomina
361 678 601 746 ipsorum
631 676 858 739 addidit,
898 685 953 730 et
988 691 1147 745 super
1166 678 1347 732 omnia
1384 677 1669 745 adjecit”,

128 795 146 827 ι
180 774 285 828 Istae
317 776 474 823 erant
506 768 883 837 generationes
910 767 1119 822 Enaeh.
1157 787 1176 819 ι
1217 766 1323 822 Sed
1360 777 1411 823 et
1451 770 1504 822 in
1538 784 1671 825 eon-

124 858 454 933 sequentibus
489 859 673 925 refert,
705 859 869 928 quod,
900 868 1117 925 accepta
1152 858 1480 913 haereditatis
1506 871 1667 924 sorte,

124 955 272 1012 Caleb
304 971 322 1003 ι
352 951 593 1006 ascendit
622 950 689 1005 ad
726 964 817 1004 eos
846 949 937 1018 qui
988 948 1307 1004 habitabant
1359 949 1541 1007 Dahir.
1569 952 1673 1006 Νο-

125 1062 235 1102 men
276 1053 451 1098 autem
482 1041 649 1096 Dabir
677 1050 797 1096 erat
850 1041 1000 1110 prius
1047 1042 1240 1096 civitas
1292 1042 1611 1096 litterarum.
1647 1059 1665 1091 ι

124 1134 406 1191 Videndum
436 1147 564 1201 ergo
587 1140 669 1186 est
693 1131 824 1200 quid
860 1140 942 1185 est
969 1131 1111 1199 quod
1142 1131 1294 1200 prius
1331 1139 1448 1186 erat
1480 1131 1672 1186 civitas

121 1228 429 1289 litterarum,
459 1231 514 1279 et
538 1234 721 1293 postea
752 1222 894 1287 facta
929 1230 1011 1278 est
1040 1221 1225 1277 Dahir.

183 1318 235 1372 4.
273 1316 538 1370 Praeterea
566 1314 821 1377 refertur,
846 1314 970 1382 quia
1003 1322 1058 1367 et
1087 1313 1249 1367 ﬁliam
1278 1314 1484 1368 habens
1511 1313 1672 1369 Caleb

121 1406 448 1483 proposuerit
473 1407 636 1461 talem
664 1405 952 1474 quamdam
993 1406 1357 1461 conditionem
1390 1405 1670 1460 dicens“:

125 1522 142 1555 ‹
185 1503 493 1569 Quicunque
533 1499 849 1554 exscindere
883 1499 1115 1569 potuerit
1145 1498 1423 1552 civitatem
1467 1497 1673 1552 littera-

119 1606 252 1655 rum,
279 1598 332 1644 et
360 1589 655 1643 obtinuerit
682 1603 824 1655 eam,
858 1589 996 1644 dabo
1019 1589 1069 1643 ei
1101 1590 1273 1642 Axam
1306 1588 1467 1654 ﬁliam
1498 1604 1670 1643 meam

118 1695 348 1736 uxorem.
393 1699 413 1732 ι
446 1680 686 1749 Cumque
712 1680 801 1733 ille
831 1681 933 1734 hoc
968 1682 1357 1749 proposuisset,
1385 1681 1673 1737 Gothoniel

119 1774 247 1827 ﬁlius
291 1771 541 1827 Chenner
584 1771 756 1826 frater
788 1770 948 1827 Caleb
982 1772 1169 1842 junior
1212 1774 1355 1841 cepit
1398 1773 1670 1829 civitatem

1776 594 1907 642 tates
1945 601 2064 641 esse
2087 596 2294 640 certum
2323 596 2426 640 est.
2445 585 2615 641 Unam
2645 587 2990 655 laudabilem,
3016 588 3081 642 de
3121 603 3226 658 qua
3255 587 3337 642 di-

1772 679 1846 734 cit
1876 679 2123 733 Salvator
2151 678 2198 710 ⁸³
2231 694 2244 730 :
2277 697 2296 730 ‹
2340 679 2539 733 Discite
2572 695 2599 733 a
2645 695 2751 743 me,
2781 681 2905 748 quia
2949 680 3093 733 mitis
3125 694 3240 733 sum
3280 683 3337 732 et

1775 770 1990 826 humilis
2016 770 2199 832 corde,
2232 779 2289 824 et
2334 770 2636 849 invenietis.
2659 774 2901 841 requiem
2938 770 3222 825 animabus
3242 785 3337 824 ve-

1773 862 1919 916 stris.
1968 879 1985 911 ι
2026 861 2087 914 Et
2130 863 2197 915 de
2234 862 2331 915 hac
2377 862 2687 916 humilitate
2732 863 2938 918 dictum
2995 874 3078 917 est
3103 862 3169 926 ⁸⁵,
3209 859 3335 928 quia

1779 972 1797 1005 ι
1836 953 2012 1008 omnis
2041 952 2129 1021 qui
2173 968 2230 1007 se
2261 953 2526 1017 humiliat,
2571 952 2916 1008 exaltabitur.
2949 974 2966 1007 ι
3006 956 3070 1009 Et
3112 956 3237 1009 alibi
3265 957 3333 1008 ⁸¹ε

1736 1120 1742 1125 ο
1779 1062 1797 1094 ι
1826 1046 2196 1100 llumiliamini
2213 1042 2698 1114 sub-potentissima
2714 1059 2877 1099 manu
2896 1043 3009 1098 Dei.
3025 1064 3040 1093 ›
3059 1046 3223 1119 446
3243 1047 3339 1103 Es;

1774 1148 1949 1191 autem
1979 1144 2031 1190 et
2056 1136 2160 1189 alia
2196 1136 2474 1190 humilitas
2513 1134 2797 1204 culpabilis
2829 1146 3196 1204 peccatorum,
3226 1140 3339 1195 sic-

1773 1237 1834 1281 ut
1866 1228 1953 1281 illa
1985 1242 2145 1295 quam
2180 1229 2245 1282 de
2292 1226 2483 1281 illicito
2519 1226 2664 1281 coitu
2716 1228 2847 1282 dicit
2879 1228 3179 1297 Scriptura,
3211 1233 3338 1299 quia

1774 1321 2080 1375 humiliavit
2111 1321 2278 1383 illam,
2300 1321 2440 1389 quod
2473 1320 2537 1374 de
2561 1321 2787 1374 Ammon
2815 1322 3073 1391 scriptum
3097 1326 3338 1394 est,quia

1774 1410 2077 1466 humiliavit
2105 1409 2345 1465 Thamar
2386 1424 2628 1465 sororem
2660 1424 2810 1464 suam
2841 1410 2906 1464 ⁸⁸.
2942 1411 3035 1466 Est
3074 1428 3202 1482 ergo
3237 1415 3338 1466 hu-

1774 1504 1972 1559 militas
2003 1503 2179 1558 inanis
2207 1517 2327 1571 qua:
2350 1503 2629 1556 descendit
2659 1519 2722 1557 ex
2764 1513 3003 1569 peccato.
3031 1504 3202 1572 Hujus
3237 1506 3342 1573 igi-

1776 1604 1861 1649 tur
1898 1594 2220 1649 humilitatis
2262 1594 2437 1648 inanis
2463 1596 2801 1663 metropolim
2834 1597 2974 1667 cepit
3002 1598 3083 1651 vel
3111 1598 3342 1651 exscidit

1776 1684 1959 1750 Caleb,
1986 1693 2041 1739 et
2064 1685 2340 1739 interemit
2383 1695 2493 1740 tres
2521 1686 2656 1742 ﬁlios
2686 1688 2890 1753 Euach,
2923 1689 3012 1756 qui
3046 1697 3201 1742 erant
3247 1687 3340 1742 ﬁlii

1776 1773 1951 1828 inanis
1973 1773 2307 1840 humilitatis,
2332 1783 2387 1828 et
2415 1774 2519 1830 illis
2542 1775 2841 1831 interfectis
2864 1777 2977 1846 ipse
3003 1778 3207 1832 habitat
3230 1778 3341 1847 (67)

119 1863 428 1918 litterarum.
463 1863 568 1918 Sed
611 1871 667 1917 et
704 1863 875 1931 ipsum
934 1862 1245 1930 quaastionis
1300 1862 1477 1917 locum
1526 1863 1671 1918 Scri-
1702 1854 1744 1908 Β
1774 1864 2069 1927 civitatem,
2099 1872 2154 1917 et
2200 1862 2327 1916 facit
2374 1880 2492 1932 qua:
2542 1866 2592 1917 in
2628 1867 3083 1934 consequentibus
3139 1868 3340 1936 scripta

116 1965 262 2025 ptura
313 1964 504 2008 sancta
540 1956 800 2023 posuerit,
835 1955 879 2009 si
916 1964 1114 2019 tamen,
1150 1964 1208 2009 ut
1254 1953 1511 2019 diximus,
1537 1956 1671 2009 nihil

115 2048 276 2102 Otiose
296 2046 347 2100 in
389 2046 475 2100 his
513 2046 689 2099 verbis
719 2048 1178 2115 prmtereundum,
1211 2048 1356 2116 quod
1382 2047 1673 2102 Gothoniel

116 2141 271 2196 frater
312 2153 435 2195 esse
487 2141 686 2194 dicitur
735 2139 919 2202 Caleb,
944 2147 996 2192 et
1038 2138 1201 2195 Caleb
1236 2140 1381 2195 ﬁlius
1411 2141 1673 2196 scribitur

114 2232 323 2295 Jell‘one,
356 2244 414 2287 et
437 2232 726 2287 Gothoniel
763 2233 905 2286 ﬁlius
933 2233 1204 2287 Chenner.
1236 2233 1516 2300 Quomodo
1544 2249 1674 2304 ergo

114 2326 367 2379 videbitur
408 2322 581 2379 frater
611 2338 734 2379 esse
773 2323 962 2388 Caleb,
998 2325 1090 2393 qui
1133 2340 1239 2378 non
1275 2334 1358 2379 est
1389 2326 1530 2380 ﬁlius
1559 2327 1671 2381 Jef-

116 2416 252 2482 fone,
278 2416 365 2471 sed
394 2416 486 2469 ille
513 2416 713 2470 dicitur
761 2416 904 2471 filius
937 2415 1160 2480 Jell‘one,
1184 2417 1288 2471 iste
1321 2428 1500 2471 autem
1535 2418 1675 2475 ﬁlius

115 2506 367 2570 Chenner,
405 2506 500 2575 qui
525 2506 728 2561 dicitur
755 2509 963 2575 cepisse
993 2506 1271 2561 civitatem
1321 2506 1674 2564 litterarum?

115 2600 182 2654 De
215 2614 315 2668 quo
345 2600 591 2665 additur,
623 2600 752 2669 quia
795 2610 851 2652 et
878 2599 1066 2669 junior
1114 2607 1252 2664 erat,
1279 2609 1331 2652 et
1361 2615 1457 2668 per
1497 2603 1675 2656 condi-

116 2692 299 2746 tionem
322 2691 547 2745 virtutis
594 2691 788 2745 merito
819 2691 1087 2761 acceperit
1118 2692 1290 2744 Axam
1315 2692 1478 2745 tiliam
1512 2691 1675 2747 Caleb

115 2798 343 2845 uxorem,
373 2783 505 2852 quia
538 2785 772 2838 exscidit
809 2793 864 2838 et
894 2783 1126 2853 perdidit
1164 2782 1439 2836 civitatem
1470 2783 1677 2838 littera-

116 2889 242 2928 1ιιηι.
281 2873 487 2929 Exiens
543 2885 720 2929 autem
759 2875 828 2930 de
865 2876 1024 2929 domo
1054 2874 1221 2943 patris
1257 2873 1341 2928 sui
1371 2874 1507 2938 Axa,
1556 2888 1677 2943 quae

114 2963 156 3016 ei
186 2980 245 3018 ex
274 2973 427 3018 certa
470 2965 781 3019 conditione
831 2973 1054 3033 nuptum
1088 2964 1285 3017 tradita
1331 2970 1449 3029 est,
1482 2964 1677 3017 sedens

114 3070 261 3124 super
307 3056 524 3110 asinum
562 3056 773 3111 dicebat
818 3057 937 3109 viro
992 3071 1090 3109 suo
1118 3055 1163 3086 ⁸³
1196 3073 1209 3109 :
1242 3073 1260 3105 ι
1312 3055 1494 3109 Petam
1526 3070 1553 3108 a
1585 3069 1678 3122 pa-

1773 1962 1922 2007 sunt.
1971 1953 2071 2017 Qui
2109 1964 2287 2006 autem
2338 1965 2464 2007 sunt
2513 1954 2601 2008 isti
2652 1954 2743 2009 ﬁlii
2793 1956 2969 2009 inanis
3020 1956 3344 2011 humilitatis

1773 2060 1910 2113 quos
1945 2046 2333 2100 exterminavit
2356 2046 2518 2100 Caleb
2544 2047 2567 2099 ?
2598 2046 2810 2102 Primus
2850 2048 3007 2102 Susui
3037 2050 3124 2117 qui
3173 2049 3344 2102 inter-

1773 2146 2013 2205 pretatur
2037 2147 2183 2190 eastra
2213 2153 2291 2189 me
2322 2134 2455 2207 (68),
2484 2137 2586 2191 hoc
2608 2146 2689 2192 est
2730 2145 2884 2191 extra
2922 2150 3189 2201 sanctum,
3219 2139 3341 2206 quia

1773 2237 1927 2281 extra
1958 2237 2202 2281 sanctum
2250 2237 2334 2282 est
2376 2227 2516 2280 ﬁlius
2558 2228 2737 2282 inanis
2773 2227 3122 2293 humilitatis,
3152 2229 3259 2281 imo
3290 2236 3344 2281 et

1775 2328 1926 2373 extra
1964 2318 2151 2371 Deum.
2178 2319 2272 2372 Est
2302 2328 2355 2373 et
2395 2320 2534 2373 alius
2563 2321 2849 2383 Achiman,
2884 2320 2973 2388 qui
3017 2320 3347 2388 interpreta-

1776 2420 1863 2466 tur
1885 2412 2045 2480 frater
2064 2427 2206 2464 nteus
2232 2420 2378 2465 extra
2400 2412 2672 2464 consilium
2698 2411 2831 2483 (69),
2850 2411 3000 2465 velut
3022 2411 3065 2465 si
3095 2412 3342 2465 dicamus

1777 2503 1944 2558 frater
2001 2504 2119 2557 sine
2142 2502 2385 2557 consilio.
2433 2503 2632 2559 Omnes
2681 2505 2878 2559 etenim
2912 2504 3110 2558 fratres
3141 2506 3231 2574 qui
3279 2505 3347 2559 de

1777 2596 2082 2651 humilitate
2114 2594 2264 2648 inani
2312 2605 2627 2657 nascuntur,
2662 2606 2868 2649 certum
2901 2605 2982 2648 est
3009 2596 3133 2664 quia
3165 2604 3218 2648 et
3250 2610 3342 2647 cx-

1779 2699 1858 2744 tra
1896 2692 2181 2746 consilium
2224 2701 2367 2747 sunt.
2408 2689 2620 2744 Tertius
2654 2688 2926 2753 Thalami,
2957 2689 3047 2757 qui
3086 2689 3348 2756 interpre-

1779 2792 1923 2837 tatur
1950 2784 2300 2851 pra’cipitium
2334 2782 2414 2836 vel
2444 2783 2710 2849 suspensio
2741 2782 2851 2852 (70)
2885 2800 2897 2835 :
2926 2782 3066 2850 quod
3103 2781 3348 2850 designat

1778 2874 1911 2928 nihil
1946 2875 1997 2927 in
2030 2889 2094 2927 eo
2121 2875 2453 2938 stabilitatis,
2477 2875 2568 2928 sed
2596 2889 2726 2942 vaga
2754 2873 2930 2927 omnia
2952 2884 3005 2927 et
3029 2874 3080 2926 in
3112 2888 3349 2942 praeceps

1768 2968 2010 3022 ruentia.
2046 2966 2183 3021 Istos
2221 2982 2350 3035 ergo
2375 2976 2482 3021 tres
2509 2966 2644 3019 ﬁlios
2678 2967 2853 3019 Enach
2883 2966 3264 3019 exterminavit
3295 2974 3350 3019 et

1780 3058 2053 3113 interfecit
2084 3058 2268 3121 Caleb,
2305 3068 2359 3112 et
2403 3068 2526 3127 post
2562 3058 2693 3112 istos
2740 3057 3020 3112 descendit
3060 3057 3111 3111 in
3163 3056 3343 3112 Dahir.

114 3159 188 3204 tre
220 3163 335 3203 meo
373 3149 683 3218 portionem
732 3148 870 3217 agri.
910 3147 975 3202 Et
1004 3147 1331 3202 exclamavit
1376 3147 1443 3202 de
1473 3158 1674 3211 monte,
1706 3191 1748 3247 ϐ
1783 3148 1986 3205 Nomen
2030 3162 2147 3206 erat
2186 3153 2353 3207 Dabir
2401 3155 2552 3223 prius
2588 3154 2782 3207 civitas
2825 3153 3150 3209 litterarum.
3179 3152 3350 3207 Dabir

112 3252 162 3296 et
205 3243 333 3297 dixit
377 3243 433 3296 ei
473 3241 833 3309 Caleb,Quid
888 3248 973 3295 est
1015 3239 1158 3294 tibi?
1192 3249 1246 3294 et
1288 3240 1423 3292 dixit
1461 3239 1508 3292 ei
1548 3255 1564 3291 :
1603 3238 1675 3291 Da

114 3333 230 3386 mihi
254 3334 710 3398 benedictionem,
740 3333 863 3401 quia
893 3332 944 3384 in
972 3341 1118 3385 terra
1148 3331 1316 3386 austri
1348 3339 1566 3399 nuptum
1593 3344 1680 3384 me

114 3427 386 3490 tradidisti.
430 3427 497 3481 Et
536 3427 745 3495 accepit
777 3426 1062 3481 Gonetlam
1092 3424 1447 3493 superiorem,
1480 3434 1533 3479 et
1570 3425 1679 3480 Go-

112 3520 295 3574 netlam
332 3519 677 3575 inferiorem.
709 3538 727 3571 »
754 3519 819 3573 Ει
844 3517 1114 3573 conclusit
1143 3515 1423 3583 Scriptura
1456 3516 1674 3571 dicens:

119 3628 138 3662 ι
170 3610 285 3666 llaac
334 3620 430 3665 est.
465 3610 754 3666 haereditas
806 3611 979 3664 tribus
1033 3607 1190 3663 Juda.
1228 3625 1246 3658 ›
1295 3604 1501 3662 Videtis
1550 3606 1675 3676 quia

108 3718 224 3757 vere
249 3704 462 3756 auxilio
488 3703 581 3757 Dei
606 3717 742 3771 opus
777 3712 880 3762 est,
908 3710 964 3754 ut
995 3701 1108 3755 hcce
1133 3699 1409 3768 explanari
1441 3698 1678 3766 queant?

112 3794 442 3864 impossibile
478 3808 705 3863 prorsus
735 3802 819 3847 est
860 3792 1025 3847 ullum
1061 3792 1340 3846 hominum
1370 3791 1433 3844 de
1473 3790 1539 3843 iis
1568 3791 1677 3844 dis-

114 3899 312 3948 serere,
355 3884 463 3938 nisi
514 3883 847 3937 illuminatus
896 3899 994 3952 per
1054 3882 1146 3937 Dei
1198 3879 1425 3951 gratiam
1489 3878 1671 3934 fuerit.

120 3974 231 4029 ideo
269 3990 397 4046 ergo
435 3974 622 4042 juvate
654 3990 739 4029 me
760 3974 1122 4037 orationibus,
1153 3982 1207 4027 et
1235 3988 1444 4028 mecum
1471 3960 1676 4043 pariter

116 4066 360 4131 laborante,
378 4075 443 4121 ut
474 4066 736 4121 Dominus
767 4066 819 4119 in
844 4066 927 4120 his
956 4074 1065 4119 tam
1092 4066 1339 4121 obscuris
1359 4074 1415 4120 et
1440 4066 1671 4120 abscon-

116 4159 230 4212 ditis
262 4158 395 4214 locis
418 4160 596 4213 lucem
621 4159 870 4213 veritatis
898 4160 1053 4213 nobis
1085 4158 1338 4228 dignetur
1366 4159 1670 4223 ostendere,

116 4257 168 4302 nt
192 4260 243 4303 et
271 4264 367 4303 nos
397 4249 553 4303 vobis
580 4248 847 4317 possimus
873 4248 1084 4317 aperire
1106 4247 1374 4316 quomodo
1396 4248 1512 4302 haec
1539 4261 1671 4303 vera

116 4351 164 4395 et
194 4342 338 4396 utilia
368 4351 422 4395 et
463 4341 646 4394 divina
673 4348 818 4405 sunt,
845 4340 938 4393 sed
963 4354 1060 4409 pro
1091 4338 1388 4406 fragilitate
1416 4340 1669 4394 humanae

118 4441 308 4485 naturae
348 4431 568 4485 obtecta
615 4429 973 4483 sacramentis
1012 4437 1069 4483 et
1096 4430 1335 4483 involuta
1374 4430 1668 4499 mysteriis.

1782 3243 2169 3313 interpretatur
2198 3245 2401 3315 loquela
2434 3247 2567 3315 (7i).
2597 3247 2702 3300 Sed
2734 3262 2928 3299 nomen
2975 3245 3159 3308 Dahir,
3194 3244 3348 3313 prius

1780 3334 1971 3389 civitas
2028 3334 2358 3391 litterarum.
2402 3337 2570 3407 Igitur
2617 3338 2888 3391 civitatem
2927 3338 3227 3391 litterarum
3265 3337 3349 3391 in-

1782 3426 1959 3496 tellige
2006 3442 2166 3481 omne
2226 3429 2558 3482 Testamenti
2601 3427 2814 3482 Veteris
2882 3428 3344 3481 instrumentum:

1780 3516 1829 3569 id
1852 3528 1933 3572 est
1961 3526 2013 3571 et
2041 3519 2181 3572 hanc
2208 3519 2373 3587 ipsam
2410 3534 2567 3587 quam
2606 3535 2745 3573 nunc
2788 3520 3055 3591 disserere
3085 3533 3350 3572 conamur

1779 3606 2109 3676 Scripturam
2136 3651 2150 3675 ,
2194 3610 2555 3678 intelligamus
2590 3625 2710 3663 esse
2728 3610 3345 3672 civitatemlitterarum,

1776 3714 1894 3768 quae
1924 3702 2261 3769 postmodum
2296 3701 2558 3755 efﬁciatur
2590 3701 2771 3768 Dahir,
2816 3701 2957 3770 quod
3002 3709 3082 3755 est
3114 3699 3346 3768 loquela.

1778 3791 1904 3847 llaec
1933 3794 2132 3847 etenim
2161 3809 2281 3863 quae
2312 3794 2460 3863 prius
2487 3795 2537 3848 in
2572 3794 2762 3849 litteris
2792 3804 2929 3855 erat,
2961 3804 3013 3847 et
3042 3793 3342 3846 secundum

1776 3882 2080 3938 litterarum
2124 3885 2544 3954 intelligebatur,
2578 3887 2737 3938 modo
2764 3885 2814 3937 in
2847 3883 3103 3938 Ecclesiis
3137 3882 3351 3936 Christo

1775 3976 2047 4029 revelante
2086 3976 2334 4037 Domino,
2368 3976 2579 4045 loquela
2626 3976 2813 4030 effecta
2845 3984 2952 4039 est,
3000 3975 3351 4043 loquentibus

1776 4077 1831 4122 et
1880 4069 2274 4123 disserentibus
2315 4069 2491 4136 primo
2527 4069 2731 4123 sanctis
2769 4068 3044 4137 apostolis,
3073 4077 3128 4122 et
3170 4082 3353 4121 remo-

1772 4159 2023 4213 ventibus
2066 4159 2405 4227 superﬁciem
2438 4160 2655 4224 litterae,
2702 4159 3103 4227 proferentihus
3132 4174 3260 4213 vero
3284 4160 3351 4213 de

1773 4265 1835 4303 ea
1880 4250 2175 4318 spiritalem
2208 4250 2500 4318 loquelam.
2544 4250 2649 4305 Sed
2690 4261 2744 4305 et
2782 4250 2982 4319 singuli
3019 4251 3220 4320 quique
3254 4250 3349 4304 do-

1772 4351 1950 4395 ctores
1995 4342 2358 4396 Ecclesiarum
2401 4341 2632 4395 litteram
2657 4341 2791 4410 legis
2826 4340 3119 4409 loquelam,
3151 4349 3205 4393 et
3238 4340 3351 4394 dis-

1772 4432 2104 4501 putationem
2158 4432 2539 4502 evangelicamv
2570 4431 2794 4486 faciunt.
2847 4431 2947 4496 Qui
3000 4439 3180 4484 autem
3227 4437 3356 4483 sunt

176 4522 228 4577 5.
265 4523 447 4577 Primo
475 4536 606 4590 ergo
633 4520 993 4575 discutiamus
1019 4535 1191 4590 quare
1219 4522 1555 4588 metropolim
1582 4534 1671 4575 ac-
1704 4547 1747 4600 ο
1778 4534 1887 4582 tres
1942 4524 2032 4578 ﬁlii
2075 4525 2278 4587 Enach,
2326 4538 2464 4593 quos
2493 4522 2747 4586 Caleb,iu
2784 4520 2935 4587 cujus
2974 4535 3205 4589 persona
3245 4521 3352 4574 vir-

116 4616 247 4683 cepit
281 4614 466 4680 Caleb,
498 4621 551 4668 et
584 4612 731 4666 illam
766 4626 887 4680 quae
929 4613 1103 4682 prima
1135 4614 1278 4667 inter
1304 4622 1527 4669 caeteras
1553 4628 1667 4667 om-

118 4721 205 4761 nes
234 4707 283 4762 in
314 4716 458 4762 terra
511 4705 951 4775 repromissionis
996 4707 1311 4775 metropolis
1340 4708 1670 4770 nominatur,

118 4807 163 4852 et
195 4799 532 4868 metropolim
579 4797 787 4852 Enach.
835 4798 1014 4852 Enach
1058 4799 1448 4868 interpretatur
1499 4796 1671 4850 Immi-

118 4890 229 4943 litas
257 4892 450 4958 inanis,
493 4890 573 4945 vel
601 4892 865 4960 responsio
904 4891 1079 4944 inanis
1102 4887 1238 4961 (66).
1280 4889 1505 4959 Accepit
1544 4904 1673 4957 ergo

175 4995 553 5064 90108.“,15.
594 5006 637 5037 ⁸¹
666 5005 820 5071 ibid.,
846 5004 934 5059 16.
1009 5004 1232 5072 “ibim,
1309 5005 1395 5071 18,
1438 5006 1521 5071 19,
1551 5005 1643 5061 20.

117 5074 158 5107 ⁸⁸
186 5072 203 5127 l
232 5075 362 5147 Reg.
401 5091 524 5131 xm.

185 5216 293 5285 (66)
334 5217 524 5272 Enach
556 5219 932 5287 interpretatur
971 5219 1246 5273 humilitas
1288 5217 1461 5271 inanis
1492 5216 1572 5287 vel
1597 5230 1680 5268 re-

123 5292 321 5347 sponsio
370 5290 570 5342 inanis.
608 5285 704 5343 Abi
732 5299 836 5352 HJ}:
871 5307 890 5340 ι
924 5290 1223 5359 respondit,
1256 5285 1687 5352 ltuntiliavit,iet

118 5359 694 5433 pijvacnuslinanis.
729 5379 749 5411 ›

122 5427 428 5549 L‘ltlil'lhhls.
460 5429 769 5500 Sangerm.,
789 5447 809 5481 ι
836 5430 1066 5485 habitat.
1105 5447 1124 5481 ›
1156 5428 1313 5484 L'bb.
1343 5428 1509 5483 editi:
1543 5446 1561 5480 ί
1589 5427 1683 5480 ha-

158 5514 167 5546 Ι
197 5514 220 5547 ἶΙ
242 5517 289 5549 )ἕ1
322 5541 335 5549 .
373 5519 394 5549 ι

158 5508 627 5648 Ἣὲῗέέωυίωαὶ
676 5570 1054 5648 interpretatur
1084 5579 1237 5623 extra
1279 5583 1380 5622 me.
1438 5566 1520 5621 Ab
1576 5572 1682 5648 γἹΠ

128 5651 145 5683 t
179 5640 323 5708 extra
351 5657 369 5689 ι
404 5650 459 5693 et
496 5639 814 5708 pronomine
855 5639 1011 5693 allixo
1040 5648 1082 5692 7.

187 5706 293 5775 (69)
338 5706 619 5779 ΑεΙιὶἠιαιι,
654 5711 741 5779 qui
776 5712 1151 5778 interpretatur
1173 5708 1338 5779 frater
1364 5723 1506 5760 meus
1530 5714 1680 5779 extra

125 5778 414 5835 consilium.
438 5776 689 5849 Suspicio
720 5791 802 5837 est
824 5776 1261 5851 ety'tnologistam
1294 5778 1484 5849 legisse
1511 5776 1678 5831 Achi-

1733 5005 1778 5038 ⁸³
1805 5005 1995 5064 Matth.
2048 5020 2125 5071 ιι,
2171 5006 2260 5060 29.
2336 5006 2382 5037 ⁸⁸⁵
2411 5004 2542 5059 Luc.
2589 5019 2698 5069 xw,
2740 5004 2825 5058 ll.

1783 4628 1949 4673 tutem
1992 4618 2124 4687 legis
2169 4617 2588 4683 ascripseramus
2616 4654 2631 4677 ,
2670 4613 2971 4667 interimit?
3022 4611 3202 4666 Inanis
3254 4612 3355 4665 hu-

1779 4708 1980 4761 militas
2009 4706 2324 4775 accipienda
2363 4714 2445 4769 est
2475 4704 2591 4766 illa,
2625 4719 2787 4772 quam
2831 4718 3019 4757 omnes
3058 4700 3215 4770 hujus
3249 4716 3354 4756 sa:-

1778 4798 1883 4852 cnli
1923 4809 2091 4866 poetae
2130 4797 2209 4851 vel
2240 4795 2533 4865 philosophi
2586 4796 2649 4848 de
2704 4794 2981 4849 divinitate
3034 4801 3354 4858 senserunt,

1778 4890 1906 4958 quia
1942 4900 1993 4944 et
2030 4889 2249 4943 humilia
2277 4897 2328 4942 et
2363 4888 2472 4941 Deo
2510 4887 2723 4956 indigna
2748 4895 2872 4942 sunt
2908 4900 3025 4955 quae
3047 4886 3351 4939 senserunt.

2902 5005 2946 5035 ⁸⁵
2974 5002 2995 5057 Ι
3041 5002 3183 5058 Petr.
3208 5016 3264 5067 v,
3296 5000 3349 5054 6.

1791 5220 1963 5271 maaz,
1988 5214 2042 5258 et
2066 5203 2436 5274 etymologiam
2478 5216 2628 5256 suam
2670 5200 2887 5255 duxisse
2917 5215 2978 5253 ex
3014 5209 3116 5260 mat
3144 5220 3162 5251 ι
3193 5200 3357 5281 frater

1792 5290 1947 5399 {heus
1982 5293 1999 5323 ι
2028 5283 2082 5327 ct
2106 5284 2196 5362 pa,
2228 5284 2295 5337 ΥΞ,
2329 5293 2345 5323 ι
2380 5281 2593 5341 praeter,
2623 5282 2807 5337 extra,
2847 5290 2861 5321 ι
2894 5280 2947 5324 et
2974 5281 3086 5332 732W
3120 5291 3137 5321 ‹
3176 5280 3381 5324 const-'

1812 5360 1941 5399 tum.
1976 5361 1993 5393 ι

1864 5427 1973 5498 (70)
2002 5426 2257 5489 Thalami,
2287 5427 2373 5496 qui
2400 5427 2776 5498 interpretatur
2803 5427 3147 5495 prmcipitinm
3173 5425 3251 5477 vel
3275 5442 3358 5477 su-

1791 5494 2011 5579 spensio.
2047 5494 2339 5578 Suspensio
2364 5525 2393 5562 a
2420 5494 2577 5569 rbni
2611 5494 2918 5578 suspendit,
2954 5528 2970 5558 ι
3000 5508 3354 5579 praecipitium

1792 5573 1971 5714 antelm
2005 5573 2245 5646 Thalami
2280 5592 2383 5647 dici
2437 5608 2594 5663 posse
2637 5573 2745 5645 non
2776 5573 3016 5654 videtur:
3036 5590 3139 5642 nisi
3167 5573 3209 5643 -ει
3239 5573 3355 5648 ἐπι

1799 5681 1817 5713 ε
1849 5678 1910 5714 su
1936 5678 2050 5714 eus.
2093 5682 2111 5713 ι

1799 5681 1817 5713 ε
1849 5678 2050 5716 SlllCllS.
2093 5682 2111 5713 ι

1858 5745 1963 5817 (71)
1980 5744 2140 5799 Dabir
2153 5744 2756 5815 interpretaturloquela.
2770 5744 2934 5801 ΑἽΞἸ
2951 5762 2967 5795 ι
2989 5743 3196 5798 locutus
3215 5749 3313 5797 cst.
3329 5758 3349 5793 ι
