3874 6500
542 338 645 396 9‘37

1985 363 2305 421 ORIGENIS

3666 381 3746 436 91!

545 455 682 522 Quid
721 459 863 514 enim
911 469 1018 516 tam
1069 464 1273 522 humile
1317 475 1373 523 et
1418 470 1548 540 quid
1598 481 1704 530 tam
1751 477 1983 536 inaniter
2016 483 2118 538 hu-
2148 487 2195 544 Α
2223 498 2348 536 num
2411 485 2594 555 (super
2621 501 2782 555 quem
2821 490 3030 546 asinum
3055 493 3082 546 ?
3106 492 3253 548 illum
3287 492 3408 549 sine
3443 492 3600 549 dubio
3617 510 3744 565 quem

543 548 670 601 mile
705 565 864 619 quam
906 552 1052 621 ligna
1099 565 1154 612 et
1209 560 1410 628 lapides
1457 565 1585 621 deos
1635 569 1715 624 vel
1756 581 1999 630 astruere
2033 577 2114 632 vel

541 649 729 708 putare
765 639 910 715 (72)?
930 644 1096 717 Hujus
1125 665 1256 720 ergo
1283 653 1459 710 inanis
1487 659 1810 719 humilitatis
1835 665 1974 721 filius
2000 671 2112 738 pri-

541 746 660 784 mus
691 741 774 787 est
809 733 989 802 Susui,
1023 741 1112 809 qui
1144 743 1341 798 dicitur
1365 756 1513 801 extra
1543 766 1650 814 me,
1674 754 1774 808 hoc
1799 766 1883 810 est
1907 759 2111 824 primus

538 835 728 877 sensus
750 839 935 882 eorum
958 841 1013 884 et
1035 842 1189 886 extra
1213 836 1521 902 veritatem,
1550 853 1606 894 et
1640 857 1796 900 extra
1816 846 1982 902 Deum
2004 859 2106 905 est.

537 910 819 973 Secundus
853 935 982 976 vero
1015 926 1301 995 Achiman,
1329 933 1378 986 id
1409 944 1491 988 est
1524 935 1694 992 frater
1715 940 1833 995 sine
1862 941 2106 999 consilio.

536 1003 760 1063 Rectum
780 1021 862 1067 est
879 1028 1027 1084 vero,
1052 1023 1176 1087 quia
1192 1033 1244 1077 et
1260 1025 1358 1078 istc
1373 1025 1541 1083 frater
1561 1030 1787 1087 sitillius
1803 1035 2003 1090 erroris
2016 1038 2104 1105 qui

533 1100 650 1156 sine
673 1105 900 1160 consilio
913 1111 1136 1177 geritur.
1153 1115 1288 1178 Quid
1312 1119 1451 1172 enim
1477 1130 1583 1174 tam
1608 1123 1726 1178 sine
1746 1127 1974 1181 consilio
2000 1141 2104 1197 est,
2145 1117 2149 1120 ’

533 1205 692 1260 quam
745 1193 1054 1266 relinquere
1088 1202 1255 1258 Deum
1315 1209 1405 1277 qui
1448 1225 1542 1263 nos
1567 1211 1716 1280 fecit,
1752 1226 1806 1271 et
1832 1219 1984 1286 sequi
2011 1236 2105 1276 eos

533 1299 668 1354 quos
707 1303 807 1344 nos
841 1290 1115 1350 fecimus?
1146 1299 1362 1358 'l‘ertius
1389 1307 1593 1362 erroris
1629 1324 1820 1366 sensus
1848 1321 1930 1366 est
1963 1313 2103 1370 Tha-

531 1375 683 1442 lami,
710 1383 854 1448 quod
891 1395 975 1440 est
1005 1389 1358 1460 praecipitium
1404 1397 1488 1450 vel
1535 1403 1840 1469 suspensio.
1869 1404 2101 1462 Novissi-

530 1479 614 1519 ma
651 1483 882 1539 namque
906 1473 1063 1542 hujus
1095 1482 1300 1537 erroris
1333 1487 1556 1542 tendunt
1587 1490 1639 1544 in
1663 1495 2014 1564 praecipitium
2046 1509 2101 1555 et

528 1557 582 1612 in
629 1562 949 1630 profundum
1000 1571 1222 1630 inferni.
1257 1578 1401 1650 Ergo
1437 1583 1531 1637 hos
1554 1557 1873 1652 gentilitatis
1903 1604 2098 1648 sensus

525 1655 781 1721 tanquam
835 1658 973 1716 filios
1020 1663 1200 1720 Enach
1245 1673 1439 1726 vetusti
1483 1677 1690 1731 erroris
1719 1679 1949 1736 abscidit
1986 1684 2092 1752 lex,

523 1754 642 1809 qua:
662 1747 826 1802 etiam
854 1753 1148 1808 secundum
1183 1757 1418 1816 litteram
1443 1765 1609 1820 Deum
1636 1783 1819 1825 verum
1849 1783 1903 1828 et
1931 1774 2093 1830 Crea-

2217 574 2491 632 solverant
2543 579 2793 651 discipuli
2853 585 3228 656 Salvatoris),
3269 587 3400 642 dicit
3455 589 3521 644 ad
3574 600 3744 658 patrem

2214 684 2367 725 suum
2417 670 2460 702 '9
2501 687 2516 722 :
2561 689 2581 723 r
2639 673 2713 728 Da
2774 676 2905 732 mihi
2961 678 3441 746 benedictionem,
3496 696 3654 750 pater.
3700 687 3748 741 Et

2214 763 2419 834 accepit
2444 765 2726 822 Gonetlam
2767 772 3123 840 superiorem,
3151 785 3207 829 et
3236 775 3528 832 Gonetlam
3564 779 3746 835 inierin-

2213 869 2344 908 rem.
2403 855 2566 928 44³1
2600 877 2619 911 ι
2671 860 2821 926 Quod
2853 863 3151 920 evidentius
3183 868 3490 934 Apostolus
3530 870 3647 924 dicit
3675 874 3740 925 ’°:

2215 962 2234 994 ι
2266 943 2714 1003 Pollicitationem
2760 953 2964 1008 habens
2989 956 3112 1008 vitae
3138 957 3256 1024 ejus
3287 975 3415 1028 quae
3448 976 3590 1014 nunc
3609 973 3681 1017 est
3706 979 3746 1018 et

2208 1034 2422 1091 futurae.
2466 1057 2484 1089 ι
2523 1038 2587 1094 Ει
2641 1051 2698 1096 ut
2733 1043 2987 1098 Salvator
3032 1050 3365 1115 repromittit
3404 1053 3479 1107 iis
3523 1056 3608 1124 qui
3652 1072 3743 1111 ver-

2207 1127 2258 1181 bi
2291 1130 2374 1182 sui
2405 1131 2794 1199 perfectionem
2829 1151 3148 1207 sequuntur,
3176 1143 3305 1214 quia
3349 1145 3743 1215 accipiant

2209 1217 2411 1285 tnplmn
2444 1220 2552 1290 (76)
2580 1222 2630 1276 itt
2672 1230 2922 1294 praesenti
2961 1234 3180 1296 sa:culo,
3284 1235 3340 1288 in
3383 1235 3575 1290 futuro
3599 1251 3738 1294 autem

2205 1305 2369 1358 vitam
2401 1318 2659 1364 azternam
2706 1328 3109 1385 consequantur
3135 1323 3202 1376 οι.
3228 1323 3348 1377 Hoc
3362 1336 3597 1396 estergo
3621 1345 3739 1384 arce-

2204 1398 2348 1465 pisse
2379 1400 2428 1453 in
2463 1399 2837 1460 benedictione
2868 1409 3147 1466 Gonetlam
3177 1418 3562 1484 superiorem,
3592 1430 3640 1474 et
3663 1421 3742 1476 Go-

2201 1490 2400 1544 netlam
2433 1493 2765 1552 inferiorem.
2796 1499 2964 1567 Quam
2998 1505 3453 1563 benedictionem
3482 1526 3680 1568 oremus
3702 1528 3741 1568 et

2198 1590 2254 1634 et
2301 1598 2399 1637 nos
2455 1591 2719 1658 consequi
2762 1607 3087 1663 mereamur,
3119 1612 3216 1666 per
3259 1600 3552 1656 Christum
3596 1604 3739 1660 Dei-

2197 1688 2324 1726 num
2361 1688 2603 1733 nostrmn
2625 1722 2638 1745 ,
2669 1684 2757 1737 cui
2781 1695 2867 1740 est
2896 1687 3066 1756 gloria
3089 1700 3144 1746 et
3175 1692 3482 1762 imperium
3515 1697 3565 1749 in
3583 1701 3737 1752 saeui:

2195 1769 2535 1826 saeculorum.
2559 1779 2730 1832 Amen
2750 1829 2752 1831 ,

521 1838 693 1888 torem
720 1839 958 1895 omnium
990 1848 1270 1914 praedicat.

589 1923 642 1979 6.
685 1927 789 1982 Sed
828 1946 970 1988 nunc
1004 1941 1254 1994 ascendit
1300 1943 1468 2002 Caleb
1501 1950 1567 2003 ad
1615 1951 1772 2008 istam
1811 1957 2086 2014 civitatem

517 2012 910 2088 litterarum,et
938 2025 1073 2082 dixit
1094 2030 1138 2061 ⁸⁷
1171 2048 1184 2086 :
1216 2051 1236 2084 ς
1266 2033 1584 2109 Quicunque
1622 2046 1912 2102 exsciderit
1948 2051 2080 2106 civi-

517 2113 682 2161 tatem
724 2110 881 2168 istam
927 2116 1250 2190 litterarum,
1284 2138 1339 2181 et
1364 2129 1662 2188 obtinuerit
1687 2151 1838 2204 eam,
1869 2142 2008 2196 dabo
2037 2144 2085 2198 ei

512 2199 681 2254 Axam
708 2202 868 2258 filiam
895 2223 1070 2264 meam
1112 2229 1362 2273 uxorem.
1393 2220 1459 2275 Et
1487 2226 1629 2292 cepit
1653 2243 1770 2281 eam
1799 2228 2085 2288 Gothoniel

514 2289 656 2346 filius
690 2292 961 2356 Chenner.
1003 2322 1022 2355 ι
1065 2304 1354 2362 Gotboniel
1380 2322 1563 2368 autent
1597 2321 1687 2384 qui
1716 2325 1926 2390 accepit
1957 2327 2086 2380 civi-

516 2389 684 2436 tatem
716 2385 1045 2458 litterarum,
1086 2396 1475 2468 interpretatur
1522 2411 1789 2479 responsio
1824 2385 1916 2466 Dei
1945 2415 2080 2486 (75).

511 2470 816 2544 Responsio
839 2492 1018 2538 autem
1047 2488 1136 2541 Dei
1169 2489 1273 2544 dici
1299 2505 1472 2563 potest
1493 2502 1578 2554 cui
1606 2470 1889 2573 respondet
1920 2511 2081 2577 Dens,

510 2561 616 2618 hoc
649 2577 735 2621 est
759 2571 844 2624 cui
897 2575 1102 2630 revelat
1143 2594 1374 2652 secreta,
1405 2598 1458 2642 et
1493 2595 1678 2658 pandit
1720 2613 1937 2654 arcana.
1977 2601 2082 2659 lste

509 2668 638 2724 ergo
671 2667 756 2712 est
793 2664 882 2730 qui
921 2677 1099 2734 potest
1145 2676 1390 2744 accipere
1439 2681 1709 2738 civitatem
1753 2688 2077 2760 litterarum,

507 2755 564 2799 et
589 2751 790 2806 veteris
833 2753 1172 2816 instrumenti
1210 2770 1529 2829 exscindere
1564 2775 1799 2835 litteram
1830 2786 2080 2840 occiden-

512 2845 638 2894 tem.
690 2841 884 2900 Frater
917 2847 1083 2906 Caleb
1107 2853 1310 2921 junior.
1346 2861 1461 2934 Ego
1517 2877 1694 2923 autem
1736 2887 1852 2927 sum
1884 2877 1950 2930 de
1978 2879 2079 2934 Ec-

506 2927 671 2985 clesia
709 2932 874 2991 frater
901 2937 1068 2996 Caleb
1093 2945 1294 3015 junior,
1335 2955 1424 3020 qui
1464 2959 1703 3015 exscissa
1719 2977 1782 3016 ac
1830 2965 2100 3023 discussa-

505 3018 639 3093 legis
665 3023 862 3094 littera,
891 3045 1114 3091 sensum
1141 3037 1192 3092 in
1225 3056 1285 3094 ea
1316 3046 1648 3112 spiritualem
1691 3055 1928 3122 requiro.
1967 3051 2074 3114 Ex-

2747 1894 3026 1952 !lOMlLIA
3067 1897 3206 1956 XXI.

2188 1975 2266 2031 De
2296 1979 2424 2046 ﬁliis
2463 1980 2638 2046 Juda,
2669 1988 2758 2054 qui
2803 2005 2904 2043 non
2951 2005 3235 2064 potuerunt
3271 1997 3584 2064 disperdere
3610 1997 3736 2055 Idm-

2677 2073 2809 2110 swos
2853 2067 2916 2113 de
2954 2061 3272 2118 Jerusalem.

2259 2163 2310 2218 l.
2337 2163 2454 2220 Filii
2483 2165 2615 2222 Juda
2645 2170 2895 2226 volebant
2917 2175 3228 2244 disperdere
3252 2178 3340 2233 vel
3362 2182 3734 2238 interimercie

2187 2253 2398 2308 buszcos
2447 2259 2513 2310 de
2557 2257 2855 2315 Jerusalem
2895 2280 2913 2312 ι
2953 2274 3005 2318 et
3037 2280 3141 2319 non
3185 2278 3531 2336 potuerunt,
3565 2288 3736 2341 propter

2185 2348 2326 2415 quod
2376 2348 2689 2405 habitarunt
2724 2351 2955 2408 Jebusrei
2995 2371 3115 2410 cum
3158 2359 3290 2414 filiis
3334 2361 3484 2415 Juda
3530 2364 3579 2416 in
3616 2365 3734 2418 Jers-

2187 2439 2354 2493 salem
2404 2457 2574 2510 usque
2618 2443 2668 2497 itt
2710 2445 3032 2500 hodiernum
3067 2449 3206 2504 diem
3246 2454 3320 2509 ”.
3357 2471 3379 2504 ι
3433 2455 3673 2510 Volumus
3711 2476 3731 2510 ι

2183 2531 2362 2586 littera
2400 2534 2716 2603 incipientes
2757 2538 3030 2608 inquirere
3056 2544 3124 2597 ab
3158 2544 3223 2598 iis
3268 2546 3366 2615 qui
3424 2558 3609 2617 [nutant
3648 2552 3733 2602 hac

2183 2626 2476 2680 secundum
2516 2628 2752 2683 litteram
2774 2643 2921 2688 stare
2956 2650 3136 2704 posse,
3170 2639 3303 2706 quid
3335 2648 3427 2691 est
3463 2642 3602 2709 quod
3626 2642 3734 2694 dici-

2184 2722 2270 2767 tur
2295 2715 2405 2787 (77)
2466 2738 2484 2769 ‹
2523 2735 2690 2789 usque
2718 2722 2770 2776 in
2817 2723 3136 2782 hodiernum
3184 2730 3332 2784 diem
3369 2748 3385 2782 :
3425 2750 3446 2782 ι
3484 2734 3616 2802 quod
3638 2752 3730 2788 rer-

2180 2807 2307 2861 bum
2335 2823 2549 2878 semper
2579 2812 2860 2880 Scriptura
2911 2832 3006 2883 pro
3035 2833 3101 2873 eo
3140 2821 3294 2886 ponit
3337 2823 3390 2852 ⁹³
3411 2862 3428 2883 ,
3469 2833 3524 2876 ut
3553 2829 3731 2878 sterni.

2182 2907 2341 2952 tatem
2366 2899 2547 2953 saeculi
2579 2916 2676 2970 per
2697 2903 2797 2956 hoc
2821 2904 3107 2974 signiﬁcet,
3139 2907 3287 2959 sicut
3311 2917 3372 2959 et
3398 2909 3537 2962 dicit
3565 2927 3579 2964 :
3603 2929 3620 2961 ι
3650 2910 3732 2965 So-

2181 2989 2271 3042 lite
2307 2991 2554 3045 recedere
2583 3008 2612 3044 a
2640 2991 2864 3046 Domino
2896 2997 2945 3048 in
2968 2997 3228 3053 hodierno
3253 2997 3369 3058 die,
3404 3019 3426 3050 ι
3461 3000 3514 3053 id
3535 3005 3728 3067 est,do-

2178 3093 2278 3132 nec
2306 3080 2557 3132 sacculum
2582 3090 2709 3136 stat.
2748 3083 3014 3138 Ostendat
3043 3101 3174 3154 ergo
3205 3087 3339 3140 mihi
3371 3094 3635 3154 quatnndo
3658 3092 3724 3145 Je-

504 3113 690 3170 scindo
713 3129 892 3174 autem
917 3123 1175 3194 litteram,
1205 3147 1327 3188 cum
1353 3135 1464 3204 jam
1496 3156 1600 3196 non
1628 3148 1922 3201 secundum
1955 3166 2077 3204 car-

503 3223 626 3262 nem
663 3212 1043 3284 circnmcidor,
1082 3237 1256 3291 neque
1285 3231 1579 3284 secundum
1625 3249 1844 3292 carnem
1881 3256 2070 3311 azyma

505 3304 804 3371 tnanduco,
840 3325 1014 3380 neque
1055 3314 1260 3371 Pascha
1301 3335 1422 3376 cum
1463 3321 1663 3381 Judzeis
1695 3327 1944 3396 observo,
1979 3351 2073 3388 ne-

502 3408 607 3461 que
630 3393 923 3454 Sabbatum
951 3408 1245 3462 secundum
1285 3412 1516 3468 litteram
1551 3433 1702 3474 curo.
1732 3422 2067 3481 Promissum

501 3495 738 3552 namque
771 3488 900 3543 mihi
932 3503 1034 3559 est,
1063 3497 1210 3563 quia,
1243 3500 1286 3552 si
1312 3503 1594 3560 exscidero
1622 3509 1892 3567 civitatem
1923 3515 2067 3570 litte-

500 3586 705 3641 rarum,
739 3592 1062 3651 accepturus
1092 3589 1192 3641 sint
1240 3592 1404 3648 filiam
1454 3596 1640 3654 fratris
1675 3603 1778 3656 mei
1823 3606 2062 3674 majoris.

501 3663 656 3719 Eram
679 3685 911 3741 namque
928 3680 1076 3744 prius
1102 3681 1242 3737 ﬁlius
1257 3684 1528 3752 Chenncr,
1557 3692 1646 3760 qui
1679 3693 2066 3764 interpretatur

493 3761 705 3825 spretio.
727 3762 859 3829 Quis
884 3770 1029 3822 enim
1059 3781 1176 3837 erat
1195 3778 1397 3842 spretio
1427 3781 1561 3852 (74),
1592 3783 1732 3838 sicut
1755 3761 1850 3841 nos
1876 3801 2064 3858 gentes

493 3849 712 3906 alienati
735 3871 761 3907 a
781 3864 1189 3919 conversatione
1211 3868 1395 3934 Israel,
1418 3887 1564 3940 spem
1586 3891 1688 3928 non
1711 3878 1990 3949 habentes,
2008 3895 2062 3938 et

492 3942 610 3998 sine
642 3943 752 4000 Deo
773 3949 825 4001 in
845 3951 950 4007 boc
975 3957 1214 4012 mundo?
1242 3959 1374 4013 Nam
1409 3965 1559 4031 prior
1583 3967 1671 4022 ille
1697 3968 1862 4025 frater
1886 3991 2057 4042 meus,

491 4035 644 4103 cujus
659 4055 800 4094 nunc
813 4045 1022 4114 accipio
1041 4049 1197 4103 filiam
1217 4068 1311 4119 pro
1325 4071 1388 4108 eo
1402 4058 1542 4124 quod
1561 4064 1761 4122 exscidi
1783 4067 2056 4126 civitatem

490 4127 816 4200 litterarum,
849 4137 936 4191 ille
959 4139 1099 4197 filius
1132 4143 1338 4201 Jell‘one
1379 4149 1498 4214 fuit,
1537 4153 1626 4220 qui
1671 4157 2059 4228 interpretatur

488 4225 775 4280 conversio.
798 4226 896 4282 Dat
919 4231 1047 4286 mihi
1066 4248 1197 4304 ergo
1217 4239 1380 4291 tiliam
1400 4256 1571 4309 suam,
1601 4246 1650 4299 id
1674 4257 1757 4300 est
1773 4251 2053 4308 scientiam

485 4313 582 4368 Dei
612 4317 720 4382 sui,
744 4321 830 4374 vel
867 4322 1280 4396 intelligentiam
1325 4334 1454 4388 mihi
1492 4337 1602 4405 (75)
1653 4342 1847 4398 minori
1903 4346 2054 4400 fratri

484 4405 572 4460 dat
597 4407 705 4476 lex,
735 4416 1030 4471 secundum
1075 4422 1218 4489 quod
1242 4425 1502 4493 scriptum
1533 4443 1616 4484 est
1645 4433 1688 4464 ⁸⁸
1719 4453 1732 4488 :
1767 4454 1784 4487 ‹
1831 4437 2053 4494 Aufere-

485 4504 571 4550 tur
595 4514 624 4550 a
657 4502 805 4556 vobis
861 4519 1084 4575 regnum
1134 4511 1249 4576 Dei,
1294 4523 1348 4568 et
1386 4517 1601 4572 dabitur
1642 4535 1788 4592 genti
1822 4529 2044 4585 facienti
2081 4524 2124 4578 D

480 4587 688 4646 fructus
714 4594 848 4664 ejus.
889 4619 906 4651 ι
953 4599 1243 4656 Sciendum
1279 4615 1457 4663 tamen
1501 4621 1582 4666 est
1625 4614 1768 4670 aliud
1809 4634 1928 4674 esse
1972 4623 2047 4676 le-

480 4697 621 4750 gem,
668 4691 819 4760 cujus
854 4709 997 4750 nunc
1048 4713 1336 4765 personam
1386 4704 1629 4762 dedimus
1668 4707 1852 4775 Caleb,
1901 4713 2044 4768 aliud

480 4775 714 4833 litteram
751 4781 956 4842 Veteris
994 4790 1527 4866 Testamenti,quam
1577 4801 1851 4857 civitatem
1908 4805 2043 4874 ligu-

477 4868 666 4923 raliter
696 4873 930 4932 diximus
964 4880 1284 4942 litterarum.
1338 4891 1572 4960 Accepta
1611 4909 1742 4962 ergo
1785 4897 1888 4950 lilia
1925 4901 2042 4968 ejus

473 4974 573 5029 ego
610 4961 778 5018 frater
820 4967 935 5035 ejus
969 4970 1153 5038 juniur
1183 4977 1354 5033 educo
1395 4999 1512 5035 eam
1567 4983 1634 5038 de
1665 4987 1824 5040 domo
1870 4991 2040 5056 patris

471 5054 575 5108 sui.
628 5057 758 5122 Quae
809 5075 927 5114 cum
978 5069 1189 5122 venerit
1227 5087 1434 5127 mecum
1473 5078 1666 5131 sedeas
1709 5094 1872 5148 super
1928 5084 2036 5136 asi-

537 5165 582 5197 ⁸⁷
616 5166 726 5266 J33;
759 5175 985 5266 lxvii-fl,
1009 5178 1103 5266 lz‘.‘
1241 5183 1426 5266 Matth.
1462 5205 1569 5253 ut,
1602 5192 1798 5266 {s_5.__”
1824 5193 1936 5250 Jos.
1971 5214 2060 5266 xv,
2105 5202 2192 5257 l9.

468 5235 561 5291 63.
635 5238 718 5292 ⁹³Ι
758 5241 887 5315 lieg.
911 5235 985 5300 xtl
1003 5288 1016 5308 ,
1037 5249 1125 5302 20.
1172 5252 1218 5282 θλ
1238 5235 1426 5311 Matth.
1592 5235 1786 5327 “ii-50.

537 5332 652 5428 (72)
693 5335 847 5428 biss"
899 5343 1107 5428 r'deos
1154 5347 1244 5428 vel
1310 5361 1556 5428 astruere
1611 5357 1691 5410 vel
1743 5363 1973 5428 putare?
2013 5383 2032 5416 ι

467 5401 641 5458 ΙΛΙὼζ
669 5401 839 5472 editi,
867 5429 886 5461 ι
927 5413 1057 5468 deos
1083 5420 1366 5471 astruere?
1404 5441 1418 5468 ι

537 5475 652 5548 (75)
695 5474 970 5536 Gathoniel
1081 5487 1458 5564 interpretatur
1491 5498 1757 5564 responsio
1786 5499 1900 5558 Dei.
1951 5504 2034 5559 Ab

471 5574 940 5674 my71\r%spondit
980 5590 999 5623 ι
1193 5600 1211 5631 ι
1236 5579 1433 5674 Deus.)
1608 5659 1640 5674 Α.
1744 5661 1779 5674 Α
1828 5662 1840 5674 ⁸

539 5637 656 5708 (74)
697 5637 1045 5726 εΙὶρηηςνῃυὶ
1075 5650 1454 5726 interpretatur
1479 5659 1692 5724 spretio.
1737 5661 1866 5726 Quis
1894 5666 2030 5720 enim

470 5717 589 5793 erat.
621 5714 833 5779 spretio,
858 5716 990 5793 sicut
1028 5735 1140 5784 nos,
1164 5714 1267 5775 etc.
1307 5723 1397 5777 Sic
1421 5714 1572 5789 mss;
1607 5737 1662 5782 at
1698 5714 2078 5790 lib‘haeditiﬂ
2143 5739 2162 5773 ‘
2191 5723 2301 5793 τιυὶ(

475 5792 493 5826 ι
530 5776 799 5852 Cheimcr,
816 5776 1302 5860 quiintcrpretatur
1320 5776 1870 5871 spretiol'ittcraruut,
1892 5805 2025 5866 sicut

2103 3172 2145 3231 C
2180 3169 2389 3223 husretts
2410 3170 2582 3224 donec
2618 3173 2873 3226 saeculum
2908 3183 3037 3237 stat,
3069 3176 3282 3230 habitat
3313 3194 3448 3231 cum
3483 3181 3601 3233 filiis
3620 3182 3726 3234 Jud:

2175 3259 2226 3312 itt
2253 3258 2580 3325 Jerusalem,
2614 3264 2812 3332 quippe
2847 3280 2967 3318 cum
3004 3266 3198 3333 ne°ipsi
3234 3270 3473 3337 quidem
3510 3272 3597 3324 lilii
3623 3272 3726 3326 lui:

2171 3350 2414 3405 habitent
2443 3354 2494 3406 in
2531 3351 2850 3414 Jerusalem.
2884 3359 3006 3413 Ideo
3035 3377 3168 3429 ergo
3211 3377 3316 3417 nec
3364 3364 3520 3417 istud
3546 3369 3724 3418 veritum

2170 3456 2288 3495 esse
2320 3444 2538 3509 poterit,
2571 3446 2713 3512 quod
2753 3445 2983 3502 Jebusaai
3023 3465 3144 3503 cum
3177 3449 3393 3507 Judaais
3439 3454 3666 3508 habitent
3688 3459 3724 3507 in

2167 3531 2498 3599 Jerusalem,
2529 3538 2962 3605 quandoquidem
3007 3555 3074 3593 ne
3104 3542 3202 3611 ipsi
3251 3545 3486 3612 quidem
3519 3547 3724 3599 habitant

2168 3625 2220 3678 in
2251 3640 2333 3679 ea.
2365 3625 2471 3681 Sed
2507 3643 2603 3681 nos
2636 3629 2997 3699 intelligamus
3028 3634 3140 3688 haac
3170 3635 3571 3704 spiritualiter,
3603 3653 3726 3690 assu-

2167 3727 2375 3774 mentes
2399 3719 2668 3789 Evangelii
2709 3723 3019 3790 parabolam
3051 3745 3174 3798 qua:
3195 3728 3330 3780 dicit
3356 3729 3431 3780 de
3456 3730 3723 3782 zizanii":

2176 3821 2196 3854 ‹
2235 3801 2404 3864 Sinite
2444 3819 2674 3882 utraque
2735 3830 3002 3882 crescere,
3027 3831 3093 3872 ne
3127 3817 3270 3872 forte
3286 3833 3420 3873 cum
3448 3820 3607 3874 vultis
3630 3835 3726 3875 era-

2165 3901 2346 3954 dicare
2393 3903 2633 3966 zizania,
2690 3905 2978 3962 eradicetis
3023 3909 3186 3962 simul
3243 3927 3377 3965 cum
3417 3914 3551 3981 ipsis
3592 3914 3722 3967 etiam

2163 3992 2420 4047 triticum.
2462 4014 2480 4044 ι
2521 3994 2671 4048 Sicut
2719 4013 2848 4067 ergo
2901 4000 2952 4052 in
3003 3999 3306 4072 Evangelia
3362 4006 3724 4073 permittanter

2163 4085 2365 4138 zizania
2408 4087 2565 4139 simul
2607 4104 2726 4141 cum
2775 4089 2957 4145 tritico
3002 4106 3258 4148 crescere
3295 4112 3310 4148 :
3341 4097 3543 4151 eodem
3593 4097 3721 4150 modo

2160 4175 2320 4229 etiam
2373 4177 2458 4231 hic
2500 4180 2549 4232 in
2596 4178 2934 4247 Jerusalem,
2988 4183 3039 4237 id
3093 4195 3176 4238 est
3229 4185 3287 4239 itt
3326 4187 3576 4242 Ecclesia
3624 4201 3721 4243 sunt

2159 4266 2376 4334 quidam
2432 4268 2693 4339 Jehttswi,
2739 4273 2824 4328 isti
2855 4275 2946 4341 qui
2985 4277 3281 4343 ignobilem
3315 4291 3374 4334 et
3427 4283 3718 4351 degenere

2160 4357 2321 4412 vitam
2354 4360 2581 4426 ducunt,
2607 4365 2706 4433 qui
2743 4377 2796 4420 et
2829 4367 2964 4430 fide,
2993 4379 3045 4422 et
3078 4371 3325 4436 actibus,
3357 4383 3417 4428 et
3448 4376 3593 4429 omni
3616 4391 3718 4427 ran-

2161 4452 2463 4506 versatione
2503 4471 2598 4508 sua
2641 4461 2879 4525 perversi
2915 4471 3060 4516 stitit.
3093 4463 3282 4532 Neque
3309 4468 3462 4519 enim
3489 4467 3715 4536 possibile

2153 4549 2233 4594 est
2259 4543 2324 4595 ad
2351 4543 2606 4611 liquidum
2634 4552 2844 4617 purgari
2875 4550 3170 4606 Ecelesiam
3197 4557 3330 4608 dum
3368 4559 3424 4610 ir;
3453 4561 3609 4612 terris
3634 4569 3716 4619 est,

2155 4631 2228 4688 ita
2259 4645 2315 4689 ut
2339 4653 2513 4707 neque
2552 4639 2747 4708 impius
2773 4642 2823 4695 in
2852 4659 2912 4696 ea
2953 4648 3238 4715 quisquam
3264 4689 3280 4712 ,
3318 4667 3505 4720 neque
3548 4669 3714 4721 pecca-

2156 4737 2240 4783 tor
2271 4731 2506 4785 residere
2549 4733 2815 4798 Videntur,
2847 4737 2938 4790 sed
2988 4739 3096 4791 sint
3134 4739 3188 4793 in
3223 4757 3289 4795 ea
3325 4758 3519 4798 omnes
3559 4746 3710 4798 Sancti

2153 4829 2202 4875 et
2237 4821 2396 4889 beati,
2430 4833 2483 4877 et
2523 4826 2572 4878 in
2603 4828 2801 4896 quibus
2843 4830 2985 4882 nulla
3013 4847 3240 4899 prorsus
3277 4839 3492 4904 peccati
3521 4839 3707 4890 marsi:

2150 4910 2596 4980 deprehendatur.
2632 4915 2736 4970 Sed
2776 4919 2917 4972 sicut
2949 4921 3146 4974 dicitur
3178 4924 3246 4978 de
3282 4927 3507 4981 zizaniis
3544 4944 3560 4979 :
3601 4946 3620 4977 ‹
3646 4926 3706 4979 Si:

2148 4998 2287 5055 forte
2314 5003 2656 5060 cradicantcs
2687 5007 2893 5062 zizania
2921 5011 3079 5064 simul
3114 5027 3235 5066 cum
3285 5015 3392 5069 illis
3438 5017 3706 5070 eradicent

2141 5099 2194 5144 et
2228 5093 2502 5159 triticum;
2537 5114 2555 5146 ι
2592 5096 2664 5150 ita
2690 5100 2853 5153 etiam
2885 5116 3048 5168 super
3076 5104 3141 5157 iis
3169 5105 3276 5158 dici
3315 5117 3490 5173 potest
3523 5108 3577 5160 in
3603 5108 3706 5174 qui-

2271 5204 2358 5260 ⁹⁰Ι
2392 5203 2530 5260 Tim.
2565 5223 2638 5273 tv,
2673 5208 2727 5262 8.
2803 5209 2848 5241 ⁹¹
2881 5211 3070 5268 Matth.
3096 5231 3207 5281 nx,
3233 5217 3326 5273 29.
3407 5217 3588 5274 “los.
3628 5231 3702 5277 ιτ.

2149 5384 2264 5433 nos,
2307 5389 2324 5420 ι
2363 5381 2471 5427 etc.
2510 5372 2870 5451 Unde‘autem
2903 5378 3156 5434 Chenner
3176 5382 3278 5435 dici
3311 5383 3476 5451 possit
3511 5401 3532 5434 ι
3558 5398 3706 5449 spre-

2148 5439 2243 5505 tio,
2286 5459 2301 5491 l
2340 5444 2429 5521 vel
2456 5463 2473 5492 ε
2520 5447 2721 5513 spretio
2752 5449 3078 5521 litterarum,
3100 5439 3478 5521 rigttora'retne
3513 5456 3696 5507 fatear-

2356 5512 2528 5592 ldfilu'.
2551 5510 2818 5570 Restituit
2845 5521 3013 5573 codex
3040 5510 3324 5592 Sattgertn.

2213 5582 2326 5670 (7:3)
2356 5584 2494 5670 I‘dem
2529 5601 2653 5651 ttts.,
2690 5592 3018 5670 τρεςιιιιιριιιἶ
3054 5611 3097 5670 Du
3142 5582 3178 5670 ,ν
3349 5663 3367 5670 _
3597 5664 3626 5670 υ
3656 5661 3667 5670 _

2210 5653 2326 5776 (77p
2361 5652 2523 5736 Mss,
2571 5673 2584 5708 ι
2621 5659 2747 5728 quid
2780 5652 3019 5730 estquod
3047 5663 3266 5722 dicitur;
3299 5683 3318 5719 ι
3345 5663 3505 5720 Libb.
3541 5661 3699 5724 editi.

2210 5723 2301 5776 Ittit
2341 5725 2556 5776 dieitur.
2597 5745 2617 5776 ι

2341 5725 2556 5780 dicitur.
2597 5745 2617 5780 ι
