3798 6384
84 259 163 318 939
975 240 1040 296 IN
1079 238 1343 296 LIBRUM
1378 237 1544 294 JESU
1584 236 1771 293 NAVE
1812 236 2095 294 liOllllLlA
2136 239 2303 297 XXII.

3152 250 3256 307 930

82 380 156 431 bus
184 369 252 426 vel
271 366 413 424 dubia
436 362 512 418 vel
545 360 749 417 occulta
775 369 992 431 peccata
1028 370 1173 414 sunt.
1202 358 1386 427 Neque
1429 358 1574 412 enim
1607 360 1651 418 Α
1684 365 1971 424 potuerunt
1997 357 2088 410 lilii
2121 356 2353 426 Ephrem
2378 360 2690 431 disperdere
2721 362 3051 421 Chauanaaos
3078 406 3092 431 ,
3127 369 3254 423 illud

79 470 257 526 dicimus
290 462 348 515 de
382 458 443 512 iis
470 456 555 525 qui
583 452 867 507 manifeste
900 461 953 506 et
989 453 1268 507 evidenter
1297 451 1573 506 criminosi

79 562 269 620 suut,ut
311 566 405 604 non
456 549 519 601 de
553 544 788 599 Ecclesia
840 543 1205 612 exliellantur.
1256 542 1392 595 Audi
1445 556 1572 609 ergo

79 652 347 718 Scripturam
376 641 627 694 dicentem
648 677 664 701 ,
692 636 816 707 quia
855 652 957 689 non
992 644 1283 705 potuerunt
1312 633 1405 688 filii
1436 632 1570 688 Jnda

78 739 326 812 disperdere
346 733 627 794 Jebuszeos,
650 730 744 784 sed
778 727 1163 782 habitaverunt
1192 742 1315 780 cum
1349 726 1481 795 ipsis
1520 724 1569 778 in

75 832 308 891 Jerusalem
337 838 494 894 usque
530 822 581 875 in
631 820 948 875 hodiernum
991 818 1154 872 diem.
1189 818 1341 872 Unde
1382 817 1573 885 depre-

75 942 143 979 cor
167 936 243 975 vos
281 917 361 985 qui
390 912 567 968 fideles
606 910 775 976 estis,
805 919 864 963 ut
904 910 975 963 ita
1026 910 1190 962 vitam
1239 919 1473 963 vestram
1518 917 1572 960 et

74 1009 465 1070 conversationem
489 1001 747 1063 servetis,
776 1016 843 1055 ne
876 1000 926 1054 in
971 999 1154 1066 aliquo
1175 999 1256 1053 vel
1288 1000 1384 1067 ipsi
1414 1016 1571 1053 scan-

72 1108 205 1161 «istum
231 1098 507 1173 patiamini,
550 1098 631 1151 vel
659 1097 777 1150 aliis
821 1095 1132 1150 scandalum
1185 1094 1400 1148 faciatis
1432 1113 1444 1147 :
1477 1098 1569 1148 sed

72 1203 122 1253 sit
143 1196 268 1251 vobis
298 1191 479 1247 summi
520 1191 713 1253 studii,
745 1202 1078 1256 summaeque
1106 1188 1326 1241 cautelae
1352 1203 1417 1239 ne
1449 1188 1570 1254 quis

72 1294 109 1344 in
138 1291 248 1343 hanc
273 1292 499 1338 sanctam
549 1280 1021 1350 congregationem
1062 1288 1301 1331 vestram
1335 1278 1570 1345 pollutus

70 1382 266 1439 iutmeat,
294 1389 357 1427 ne
390 1371 508 1442 quis
531 1369 810 1423 Jebuszeus
843 1370 1048 1422 habitet
1077 1367 1374 1422 Vobiscum.
1412 1368 1569 1422 Vides

68 1489 165 1541 ergo
189 1470 295 1538 quia
324 1467 447 1521 dicit
489 1464 771 1531 Scriptura
793 1503 809 1529 ,
842 1463 983 1531 quod
1026 1478 1129 1515 non
1157 1472 1442 1529 potuerunt
1469 1461 1570 1525 eji-

68 1579 162 1619 cere
201 1561 278 1615 lilii
318 1558 443 1613 Juda
499 1555 777 1609 Jebuszeos
820 1555 885 1607 de
924 1553 1242 1608 Jerusalem.
1293 1553 1569 1607 Jehusaeus

68 1670 202 1711 autem
224 1655 593 1721 interpretatur
620 1647 1090 1719 conculcatio(78).
1124 1649 1262 1716 Ergo
1308 1648 1429 1715 quia
1463 1663 1565 1702 non

68 1761 288 1818 possumus
337 1743 529 1812 ejicere
585 1744 716 1795 istos
772 1741 863 1810 qui
913 1756 1011 1796 nos
1064 1741 1380 1795 conculcaut
1429 1758 1569 1796 :ecs

68 1842 210 1895 saltem
248 1835 513 1907 ejiciamus
542 1848 682 1901 quos
722 1848 1041 1902 possumus,
1072 1848 1301 1902 quorum
1348 1846 1568 1902 peccata

67 1929 288 1983 manifesta
309 1935 446 1979 sunt.
472 1923 574 1979 Ubi
598 1923 742 1978 enim
773 1932 1050 1991 peccatum
1086 1939 1190 1977 non
1215 1933 1299 1977 est
1326 1924 1566 1990 evidens,

64 2025 212 2092 ejicere
241 2024 297 2075 de
340 2019 577 2075 Ecclesia
630 2017 900 2071 neminem
955 2031 1275 2085 possumus,
1322 2032 1389 2070 ne
1430 2018 1569 2071 forte

64 2115 336 2168 eradicantes
379 2112 632 2177 zizania,
680 2110 1019 2165 eradicemus
1063 2108 1223 2163 simul
1264 2123 1386 2164 cum
1441 2111 1570 2181 ipsis

60 2208 180 2262 etiam
215 2206 449 2260 triticum.

109 2299 151 2352 2.
187 2298 342 2352 Movet
374 2312 456 2351 me
490 2304 677 2350 tamen
712 2294 855 2365 quod
888 2294 1062 2357 dixit,
1088 2292 1212 2363 quia
1243 2308 1346 2347 non
1381 2302 1569 2362 potue-

60 2399 152 2445 runt
177 2387 679 2457 ejicereJebuszeos,
718 2387 769 2439 id
811 2395 894 2439 est
929 2400 1023 2439 eos
1053 2384 1144 2453 qui
1197 2385 1565 2453 interpretan-

62 2496 121 2537 tur
140 2482 459 2539 couculcatio.
496 2481 569 2535 Et
595 2481 715 2533 ideo
752 2478 1031 2533 videamus
1062 2477 1153 2545 qui
1205 2485 1330 2531 sunt
1374 2476 1426 2529 in
1466 2476 1568 2529 Ec-

58 2575 178 2630 clesia
204 2573 591 2629 conculcantes.
642 2569 722 2624 llli
753 2570 870 2624 sine
906 2568 1068 2622 dubio
1099 2566 1166 2621 de
1200 2566 1395 2635 quibus
1434 2565 1568 2619 dicit

58 2666 260 2722 Dominus
283 2668 330 2722 in
366 2665 680 2734 Evangeliis
704 2664 750 2696 "
781 2682 795 2717 :
828 2683 847 2715 ι
880 2662 1055 2717 Nolite
1078 2662 1292 2715 mittere
1322 2670 1564 2714 sanctum

56 2764 252 2827 αιιιὶδιιε,
282 2776 445 2831 neque
482 2759 819 2830 margaritas
852 2769 1066 2811 vestras
1100 2767 1225 2809 ante
1254 2768 1471 2822 porcos,
1499 2768 1565 2807 ne

57 2858 157 2909 forte
189 2855 481 2909 conculcent
524 2868 623 2907 eas
658 2850 882 2921 pedibus
924 2848 1076 2907 suis,
1109 2856 1163 2900 et
1186 2845 1430 2900 conversi
1470 2844 1562 2896 cli-

55 2947 147 3000 dant
181 2963 279 3001 vos.
314 2965 331 2998 ι
387 2947 492 3000 Iste
544 2954 628 2998 est
680 2957 808 3011 ergo
849 2939 1160 3001 Jebusazus,
1193 2936 1560 2998 conculcatio,

1676 450 1905 504 observa
1924 452 2068 519 quod
2092 442 2379 520 Apostolus
2396 457 2735 513 commendat
2760 459 2947 514 dicens
2975 461 3018 491 ³⁷
3040 478 3054 513 :
3075 479 3091 511 ι
3116 458 3254 514 Sub-

1679 543 1875 597 trahite
1889 559 1984 598 vos
2026 544 2094 598 ab
2110 542 2259 594 omni
2280 541 3211 621 fratreinquieteamlmlanteM8.
3228 571 3246 601 ι

1677 634 1780 687 Sed
1816 634 2071 702 quoniam
2095 633 2347 690 Salomon
2383 637 2578 692 suadet
2609 640 2723 694 lucc
2757 656 2875 709 quae
2900 641 3126 709 legimus
3153 645 3252 699 de-

1674 724 1835 779 scribi
1884 725 1938 779 in
1965 725 2125 780 corde
2157 726 2438 795 tripliciter
2470 730 2537 795 9",
2570 731 2733 784 etiam
2786 741 2980 800 praeter
3011 734 3097 787 illa
3136 752 3254 803 qua:

1674 817 1909 871 diximus
1927 857 1941 882 ,
1970 820 2111 885 quod
2131 820 2279 872 cordi
2306 835 2426 875 meo
2452 824 2730 885 occurrit,
2756 824 2821 878 ad
2861 840 3025 880 aures
3048 841 3255 881 vestras

1675 907 1945 978 proferam
1969 920 2054 964 :ct
2070 926 2164 964 vos
2185 911 2343 965 facile
2365 916 2505 983 quod
2524 915 2783 983 scriptum
2799 926 2879 971 est
2892 919 2960 982 θ’,
2975 929 3030 971 nt
3049 936 3153 972 uno
3168 920 3253 973 di-

1673 1010 1829 1055 cente
1849 1017 2038 1056 omnes
2069 1002 2179 1071 (8t)
2219 1004 2555 1059 exatninent.
2593 1005 2675 1060 Me
2698 1022 2825 1078 ergo
2864 1010 3077 1065 dicente
3108 1012 3254 1080 quod

1674 1094 1883 1155 sentio,
1924 1109 2018 1147 vos
2054 1096 2348 1150 discernite
2379 1106 2431 1151 et
2466 1100 2775 1152 examinate
2803 1101 2846 1153 si
2889 1102 3012 1167 quid
3048 1113 3251 1157 rectum

1672 1193 1753 1236 est
1807 1195 1897 1237 ant
1942 1187 2118 1240 minus
2173 1197 2396 1241 rectum.
2452 1189 2524 1242 De
2573 1188 2878 1244 Jerusalem
2934 1192 3254 1263 frequenter

1674 1276 1907 1329 diximus
1949 1279 2092 1345 quod
2146 1280 2272 1332 visio
2307 1280 2454 1345 pacis
2492 1280 2901 1349 interpretatur.
2945 1283 3000 1337 Si
3033 1300 3161 1354 ergo
3199 1289 3252 1341 in

1674 1368 1834 1421 corde
1873 1380 2055 1421 nostro
2085 1368 2385 1424 Jerusalem
2418 1372 2680 1426 astiiticata
2705 1415 2720 1438 ,
2761 1378 2865 1428 hoc
2898 1387 3015 1441 est,
3045 1380 3088 1432 si
3119 1381 3253 1435 visio

1673 1461 1822 1529 pacis
1852 1460 1902 1515 in
1937 1463 2101 1517 corde
2128 1473 2314 1517 nostro
2348 1464 2570 1519 fundata
2596 1477 2700 1531 est,
2725 1479 2777 1521 et
2804 1468 3082 1524 Christum
3111 1488 3255 1528 sem-

1672 1565 1768 1618 per
1806 1554 2005 1620 quiest
2046 1569 2151 1621 pax
2200 1564 2418 1620 nostra,
2472 1556 2745 1611 intuemur
2791 1570 2846 1613 et
2893 1576 3170 1617 servamus
3201 1565 3251 1619 in

1674 1644 1834 1697 corde
1870 1666 1880 1697 :
1912 1646 2174 1713 siquidem
2225 1649 2294 1700 ita
2336 1649 2425 1701 fixi
2456 1658 2511 1702 et
2554 1650 2775 1704 stabiles
2806 1655 2856 1706 in
2898 1654 3001 1710 hac
3048 1658 3254 1714 visione

1675 1734 1854 1802 pacis,
1899 1748 1956 1788 ut
1995 1754 2271 1807 tuinquam
2310 1756 2535 1808 prorsus
2553 1744 2659 1799 ulla
2687 1746 2945 1816 cogitatio
2977 1750 3135 1814 mala,
3168 1752 3253 1806 vel

1674 1825 1898 1895 alicujus
1924 1829 2131 1897 peccati
2162 1831 2445 1884 consilium
2472 1836 2732 1888 ascendat
2759 1837 2811 1891 in
2849 1853 2944 1893 cor
2968 1853 3248 1908 nostrum;

1673 1918 1717 1973 si
1751 1920 1849 1975 hoc
1874 1922 1944 1974 ita
1975 1920 2089 1974 ﬁeri
2135 1924 2329 1992 possit,
2359 1927 2659 1991 poterimus
2684 1928 2891 1993 dicere,
2921 1933 3045 1999 quia
3079 1934 3129 1987 in
3161 1934 3253 1989 Je-

1674 2011 1902 2064 rusalem
1950 2030 2167 2079 sumus,
2201 2027 2253 2069 et
2275 2016 2452 2071 nullus
2490 2018 2627 2073 alius
2676 2021 2885 2075 habitat
2924 2025 3206 2079 nobiscum
3230 2068 3248 2092 ,

1672 2101 1772 2155 nisi
1820 2102 1915 2156 soli
1952 2104 2042 2173 qui
2084 2105 2259 2159 sancti
2293 2116 2441 2159 sunt.
2480 2106 2633 2163 Nunc
2672 2125 2804 2165 vero
2835 2127 2956 2166 cum
2992 2115 3153 2167 etiam
3182 2116 3249 2168 ad

1670 2196 1925 2262 grandem
1958 2197 2255 2263 profectum
2303 2199 2580 2254 veniamus
2603 2242 2618 2265 ,
2647 2211 2701 2255 et
2742 2205 2970 2259 summis
3015 2219 3251 2261 nosmet-

1673 2286 1816 2355 ipsos
1843 2290 2037 2343 studiis
2083 2292 2396 2344 excolamus
2416 2330 2432 2354 ,
2463 2300 2639 2346 tamen
2694 2310 2798 2348 non
2836 2305 2964 2365 puto
2992 2298 3247 2366 cuiquam

1674 2388 1881 2432 tantum
1918 2380 1967 2433 in
2004 2382 2163 2435 corde
2194 2382 2446 2449 puritatis
2480 2386 2731 2450 evenire,
2763 2396 2822 2440 ut
2852 2403 3126 2458 nunquam
3154 2391 3252 2444 ad-

1672 2485 1841 2525 versa:
1895 2472 2241 2540 cogitationis
2292 2475 2619 2543 contagione
2666 2478 3251 2535 maculeturzcertum

1671 2575 1751 2618 est
1782 2565 1944 2617 etiam
1977 2563 2251 2619 Jebusazos
2298 2567 2545 2623 habitare
2582 2585 2704 2624 cum
2741 2571 2867 2625 filiis
2894 2570 3031 2626 Juda
3074 2574 3126 2627 in
3160 2573 3251 2628 Je-

1670 2655 1925 2710 rusalem.
1962 2654 2078 2709 Non
2127 2668 2306 2711 tamen
2347 2658 2467 2713 ideo
2498 2661 2615 2715 inec
2657 2662 2924 2727 diximus,
2978 2665 3121 2733 quod
3156 2682 3251 2720 ne-

1668 2748 1934 2818 gligamus
1962 2760 2225 2818 quantum
2258 2752 2371 2806 lieri
2404 2760 2583 2819 potest
2615 2752 2816 2822 ejicere
2848 2770 2963 2822 eos,
2989 2758 3083 2811 sed
3113 2765 3253 2814 sati!

1671 2844 1937 2909 agendum
1972 2843 2129 2897 nobis
2152 2854 2274 2908 est,
2303 2856 2357 2898 et
2392 2846 2711 2900 tentandum
2751 2848 2995 2914 quotidie
3029 2863 3123 2904 eos
3154 2855 3253 2918 eji-

1670 2947 1791 2986 cere
1836 2933 1902 2987 de
1948 2933 2247 2989 Jerusalem
2280 2954 2292 2988 :
2326 2937 2419 2989 sed
2446 2976 2463 3003 ,
2511 2937 2650 2991 sicut
2687 2939 2947 3008 scriptum
2990 2950 3107 3001 est,
3142 2956 3250 2996 non

54 3042 115 3107 qui
145 3039 316 3109 indigni
348 3039 581 3091 audiunt
613 3036 833 3089 verbum
881 3032 1009 3096 Dei,
1042 3039 1095 3083 et
1131 3044 1252 3082 cum
1289 3028 1559 3082 audierint
1590 3052 1631 3108 ο
1668 3041 1951 3095 possumus
2001 3026 2161 3082 simul
2214 3044 2403 3084 omnes
2458 3029 2672 3097 ejicere.
2728 3031 2839 3087 Hoc
2878 3033 3017 3089 idem
3067 3045 3249 3090 autent

54 3148 181 3201 nepte
217 3144 266 3187 ut
306 3132 558 3186 infideles
588 3130 906 3192 discedunt,
948 3138 1122 3194 neque
1151 3132 1464 3194 permanent
1511 3134 1567 3176 nt

52 3226 215 3292 ﬁdeles,
263 3227 348 3280 sed
397 3232 659 3295 percepta
726 3221 1100 3291 mysteriorum
1160 3217 1380 3281 notitia,
1422 3216 1562 3269 fidei

52 3328 197 3371 nostra:
235 3316 619 3372 secretioribus
677 3313 964 3373 scrutatis,
1025 3309 1271 3364 conversi
1326 3319 1566 3377 postmo-

49 3410 136 3461 dum
161 3410 446 3479 impugnant
477 3421 622 3469 nos,
649 3414 703 3459 et
742 3402 1262 3457 contradictionibus
1294 3401 1407 3455 suis
1437 3415 1561 3454 cor-

48 3502 92 3551 da
118 3513 268 3556 nostra
309 3503 661 3569 dirumpunt,
712 3495 1089 3551 conculcanles
1121 3494 1267 3549 verbi
1300 3494 1562 3549 Dominici

46 3594 327 3663 margaritas,
379 3602 434 3647 et
495 3600 824 3646 ornamenta
886 3587 1009 3642 fidei
1078 3586 1430 3641 maculantes.
1494 3589 1565 3639 De

48 3688 129 3739 iStis
155 3702 264 3755 ergo
291 3686 505 3747 dicitur,
542 3682 669 3751 quia
702 3695 807 3734 non
832 3688 1121 3747 potuerunt
1155 3677 1247 3731 filii
1282 3676 1433 3731 Jud:e
1460 3678 1562 3746 eji-

44 3794 132 3831 cere
164 3779 445 3834 Jebusaium
484 3779 552 3831 de
579 3774 881 3828 Jerusalem
921 3785 1091 3839 usque
1139 3769 1190 3823 in
1239 3770 1560 3823 hodiernum

45 3873 164 3925 diem.
208 3872 384 3927 Simile
443 3881 630 3925 autem
682 3866 881 3933 aliquid
954 3864 1212 3931 scriptum
1274 3872 1359 3915 est
1402 3872 1455 3914 et
1498 3863 1563 3915 de

41 3966 239 4032 Ephrem;
268 3968 341 4021 ait
368 3966 515 4020 enim
548 3962 831 4030 Scriptura
852 3960 932 4013 9‘:
960 3979 975 4010 ι
1001 3959 1066 4011 Et
1099 3972 1201 4009 non
1242 3954 1563 4025 disperdidit

42 4055 220 4121 Ephrem
260 4060 628 4113 Chananaznin
685 4054 776 4123 qni
824 4051 1097 4105 habitabat
1151 4049 1204 4101 iu
1253 4047 1458 4109 Gazer,
1510 4056 1563 4100 et

39 4148 245 4205 habitavit
280 4151 628 4205 Chananqu
678 4146 731 4198 in
776 4144 1010 4213 Ephrem
1058 4156 1225 4209 usque
1260 4140 1309 4193 iu
1346 4138 1559 4193 hodier-

40 4257 133 4294 num
162 4243 304 4297 diem.
346 4262 363 4294 ι
407 4240 646 4309 Ephrem
686 4238 867 4290 autem
912 4235 1297 4301 interpretatur
1330 4230 1560 4299 fructi/i-

34 4335 135 4387 ratio
156 4335 270 4407 (79).
298 4336 398 4402 Qui
426 4349 558 4403 ergo
588 4331 880 4385 fructificat
904 4338 959 4382 et
989 4328 1190 4382 crescit
1234 4326 1285 4380 in
1316 4327 1557 4390 tide,non

33 4438 163 4493 potest
203 4429 563 4482 exterminare
604 4424 967 4480 Chananacum
1011 4435 1192 4475 semen
1227 4419 1513 4488 pessimmn
1538 4456 1553 4481 ,
1591 4401 1632 4455 Ῑ)

32 4532 173 4573 semen
210 4519 588 4584 maledictum,
644 4530 826 4569 semen
853 4527 1068 4579 semper
1108 4511 1338 4574 mobile,
1374 4524 1555 4563 semen

32 4608 260 4666 incertum.
306 4611 419 4667 Hoc
446 4613 594 4665 enim
639 4610 1024 4677 interpretatur
1058 4602 1399 4659 Chananteus
1423 4602 1556 4672 (80).

28 4701 76 4755 Ει
111 4716 291 4761 certum
340 4716 446 4770 est,
479 4704 608 4773 quia
649 4716 772 4756 cum
814 4715 878 4753 eo
909 4698 996 4766 qui
1036 4696 1327 4749 fructiﬁcat
1357 4704 1409 4749 et
1435 4710 1555 4747 cre-

27 4798 115 4857 scit,
145 4816 344 4868 semper
394 4797 607 4852 habitat
654 4793 1015 4848 Chananzeus.
1068 4788 1354 4857 Nunquam
1405 4785 1550 4839 enim

27 4894 328 4946 tentatiomnu
373 4901 558 4944 motus
606 4895 821 4941 cessant
856 4886 921 4937 ab
968 4898 1053 4936 eo.
1096 4880 1201 4935 Sed
1245 4889 1296 4931 tu
1341 4879 1383 4933 si
1429 4892 1553 4931 vere

26 4982 267 5040 lzuctiticas
306 4986 360 5039 in
397 4987 543 5047 Deo,
579 4991 633 5035 et
667 4980 818 5033 vides
860 4976 1022 5030 talem
1064 4974 1295 5042 aliquem
1343 4972 1552 5041 inquico

26 5084 130 5142 tum,
162 5080 459 5143 turbidum,
520 5073 805 5138 mobilem,
860 5072 997 5126 scito
1042 5068 1168 5139 quia
1218 5067 1553 5121 Chanamens

26 5180 93 5223 tst.
116 5172 164 5226 Si
198 5189 295 5227 non
327 5184 486 5243 potes
514 5185 636 5225 eum
670 5166 869 5238 ejicere
895 5163 962 5217 de
996 5160 1256 5223 Ecclesia,
1290 5158 1413 5227 quia
1446 5172 1552 5212 non

68 5317 103 5349 θ’
120 5316 295 5374 Matth.
315 5334 413 5383 vn,
437 5317 496 5371 6.
573 5315 619 5346 ’⁸
647 5312 761 5370 Jos.
788 5324 876 5366 xvt
898 5350 913 5375 ,
941 5308 1030 5364 l0.

72 5456 162 5517 (ἴε)
210 5456 489 5513 Jebusazus
539 5468 711 5512 autem
764 5454 1142 5521 interpretatur
1210 5445 1557 5499 conculcatto.

26 5534 73 5582 ':
92 5540 382 5593 «spernere,
397 5528 747 5584 conculcare.
774 5544 790 5576 ι

66 5586 183 5661 (ἷιῖ)
230 5586 462 5666 Ephrem
531 5606 705 5652 autem
754 5598 1132 5662 interpretatur
1194 5586 1558 5657 fructiﬁcatio.

26 5666 39 5715 t
68 5678 163 5726 r11:
198 5690 213 5719 ι
248 5670 617 5725 [τιιριίιῑεεινῑι.
644 5688 661 5719 ι

62 5746 157 5807 iii)
204 5742 308 5794 Hoc
362 5742 507 5794 enim
556 5740 929 5807 interpretatur
977 5732 1325 5785 Chanana'ns.
1359 5726 1559 5795 Nempe

1106 5306 1152 5347 ⁸⁷
1186 5304 1229 5359 ll
1251 5304 1443 5359 Thess.
1476 5317 1558 5370 nt,
1594 5302 1645 5358 6.

1668 3116 1829 3170 etiam
1871 3116 1924 3169 in
1960 3116 2027 3171 iis
2077 3118 2166 3186 qui
2213 3116 2542 3173 fructificant
2593 3120 2935 3175 sentiendum
2980 3133 3100 3190 est,
3155 3123 3248 3193 qui

1670 3208 1903 3277 Ephrem
1937 3209 2032 3263 filii
2064 3211 2434 3277 nominantur,
2464 3212 2555 3280 qui
2589 3223 2643 3265 et
2672 3212 2770 3282 ipsi
2802 3212 3162 3281 Cliananaros,
3196 3217 3249 3271 id

1668 3309 1752 3355 est
1800 3316 1965 3370 vagas
1997 3310 2053 3355 et
2100 3301 2338 3356 lubricas
2393 3303 2751 3371 cogitationes
2786 3318 3002 3373 semper
3047 3307 3250 3363 debent

1666 3394 1863 3462 ejicere
1892 3395 1959 3448 de
1985 3394 2266 3448 animabus
2306 3395 2438 3448 suis.
2471 3394 2668 3450 Potens
2708 3407 2791 3451 est
2847 3407 3029 3451 autem
3065 3400 3245 3466 Deus,

1667 3488 1758 3555 qui
1786 3495 1840 3540 et
1867 3484 2146 3540 Jebuszeos
2171 3496 2225 3539 ct
2258 3486 2596 3542 Chananzeos
2622 3488 2873 3557 subjiciat
2902 3489 3081 3557 nobis,
3104 3490 3244 3545 sicut

1667 3580 1927 3647 scriptum
1981 3587 2065 3633 est
2101 3578 2440 3647 ‘:cSubjecit
2492 3589 2670 3634 autem
2725 3579 3063 3637 Chanameos
3120 3584 3249 3640 liliis

1668 3669 2144 3742 Ephremalpsum
2165 3686 2293 3737 ergo
2318 3670 2599 3724 Dominum
2634 3673 3009 3739 deprecemur,
3052 3684 3109 3726 ut
3144 3676 3246 3743 eji-

1667 3760 1815 3815 ciens
1844 3776 1872 3813 a
1906 3761 2061 3814 nobis
2081 3762 2250 3815 malas
2274 3762 2660 3830 cogitationes.
2690 3762 2863 3817 bonas
2883 3763 3084 3817 inferat
3107 3765 3246 3833 (8'2),

1666 3850 1853 3918 dignas
1894 3848 2189 3904 Jerusalem
2234 3849 2452 3902 civitate
2486 3848 2735 3913 coelesti,
2787 3849 2838 3902 in
2875 3850 3073 3917 quibus
3112 3851 3246 3905 nihil

1666 3942 1925 4011 pollutum
1977 3942 2289 3996 inveniatur
2322 3950 2375 3995 et
2408 3941 2683 3996 sordidum
2708 3981 2724 4008 ,
2754 3942 2896 4010 quod
2927 3958 3028 3997 nos
3068 3943 3119 3996 in
3162 3944 3247 3997 die

1658 4034 1845 4103 judicii
1903 4050 1971 4088 ex
2024 4035 2376 4089 conscientia:
2414 4034 2838 4103 cogitationibus
2882 4045 3105 4106 arguat,
3152 4037 3245 4090 sed

1665 4125 1974 4179 inveniatur
2010 4125 2062 4178 in
2107 4125 2263 4179 nobis
2311 4124 2519 4194 puritas
2552 4124 2732 4178 cordis
2771 4125 2825 4177 in
2872 4124 3089 4178 Christo
3120 4123 3246 4179 Jesu

1664 4216 1891 4270 Domino
1922 4225 2139 4281 nostro,
2166 4216 2250 4269 cui
2285 4225 2368 4270 est
2400 4215 2573 4281 gloria
2605 4224 2661 4270 et
2719 4216 3005 4285 imperium
3041 4217 3091 4270 in
3139 4232 3245 4269 sae-

1663 4307 1781 4361 cula
1818 4307 2165 4364 smculorum.
2200 4308 2396 4361 Amen.

2202 4397 2485 4452 liOtllLlA
2543 4396 2709 4452 XX-ll.

1965 4511 2043 4566 De
2077 4513 2214 4565 tribu
2258 4510 2484 4579 Ephrem
2520 4521 2569 4565 et
2602 4510 2935 4566 Clianameis.

1734 4606 1786 4661 L
1808 4606 2095 4660 Chananrei
2119 4607 2278 4660 tertio
2296 4604 2425 4660 dicti
2453 4615 2576 4658 sunt
2595 4605 2647 4659 in
2667 4605 2790 4659 filiis
2814 4621 2936 4660 esse
2963 4605 3194 4676 Ephrem
3225 4623 3238 4660 ε

1662 4698 1757 4752 sed
1781 4698 2135 4752 observemus
2165 4698 2254 4766 qui
2288 4698 2357 4752 sit
2392 4698 2445 4752 in
2486 4697 2712 4766 singulis
2761 4697 2897 4751 ordo
2937 4698 3201 4753 dictorum
3224 4740 3241 4765 ,

1654 4790 1705 4843 id
1740 4799 1842 4853 est,
1871 4790 1999 4858 quid
2045 4790 2287 4843 continet
2339 4790 2549 4857 primus
2575 4803 2758 4843 sermo
2796 4790 2887 4858 qui
2925 4792 3056 4845 dicit
3100 4791 3243 4847 Cha-

1655 4898 1872 4936 nauazos
1920 4896 2041 4937 esse
2070 4898 2192 4936 cum
2246 4878 2370 4934 filiis
2410 4880 2677 4951 Ephrem,
2722 4891 2776 4935 et
2812 4882 2939 4951 quid
2973 4884 3242 4937 secundus

1654 4984 1707 5029 et
1741 4974 1951 5028 tertius.
1976 4974 2031 5027 Si
2060 4973 2205 5027 enim
2235 4974 2546 5043 diligentius
2583 4975 2936 5029 observemus
2973 4976 3242 5044 quomodo

1656 5064 1815 5119 tertio
1836 5064 2090 5118 dicantur
2116 5078 2236 5117 esse
2286 5063 2577 5119 Chananmi
2627 5080 2747 5120 cum
2804 5066 2927 5119 filiis
2970 5066 3241 5134 Ephrem,

1654 5166 1731 5222 et,
1766 5156 1992 5211 Domino
2023 5164 2333 5226 prasstante,
2366 5158 2664 5226 poterimus
2715 5156 3043 5228 investigare
3092 5158 3241 5211 ordi-

1724 5305 1769 5342 9"
1798 5304 1959 5360 Prov.
1990 5319 2123 5370 xxn,
2149 5302 2239 5358 ΞΟ.
2315 5304 2404 5359 ⁸⁸1
2436 5304 2562 5360 Cor.
2599 5320 2711 5359 xtv.
2788 5304 2804 5334 ¹
2841 5302 2951 5357 Jos.
2984 5318 3122 5365 xvtt,
3153 5301 3237 5354 15.

1672 5464 1691 5497 σ
1725 5445 1923 5502 mobile
1952 5464 1969 5497 ι
2013 5444 2472 5511 autﬁncertnm,»
2512 5459 2540 5498 a
2567 5452 2655 5507 ru
2687 5459 2705 5493 ι
2747 5439 2983 5503 moveri,
3070 5435 3242 5491 insta-

1668 5517 1774 5571 bile
1815 5532 1956 5571 esse.
2001 5536 2017 5567 ι

1740 5585 1849 5659 (8|)
1875 5585 2086 5642 Omnes.
2120 5586 2299 5659 Codex
2326 5584 2608 5659 Sangerm.
2644 5602 2664 5637 ι
2689 5579 2895 5637 caueri.
2928 5594 2951 5634 ι

1738 5658 1848 5729 (82)
1886 5659 2028 5712 idem
2058 5675 2158 5709 ins.
2194 5674 2211 5706 α
2246 5658 2511 5709 instituat.
2554 5676 2571 5705 ο
