3874 6508
535 312 644 373 931

1996 304 2319 366 ORIGENIS
3697 312 3778 365 53!

550 447 676 488 nem
707 431 1035 498 dictionum,
1083 431 1213 502 quid
1241 429 1294 485 in
1341 430 1544 499 primo,
1576 426 1706 497 quid
1739 426 1790 481 in
1848 428 2118 492 secundo,
2148 431 2194 488 Α
2225 426 2486 488 ferimus,
2541 424 2889 480 exterminari
2927 439 2957 480 a
2999 423 3157 480 nobis
3210 423 3413 480 dicitur
3447 423 3777 484 Cha-nanus.

541 525 673 594 quid
704 524 756 578 in
797 525 954 580 tertio
984 523 1184 579 factum
1217 520 1454 576 refertur
1490 538 1504 574 :
1537 529 1668 590 puto
1702 519 1845 589 quod
1878 535 1986 574 non
2013 519 2118 572 eri-

545 630 666 669 mus
716 615 1012 682 increduli,
1051 614 1175 684 quia
1209 627 1338 666 vere
1379 612 1496 665 hare
1536 625 1644 664 non
1682 619 1741 663 ut
1793 609 1906 664 sola
1962 609 2121 664 nobis

538 718 724 761 rerum
771 713 1046 776 gestarum
1086 703 1330 757 narratio
1377 703 1704 764 traderetur,
1734 701 1936 771 scripta
1965 709 2116 765 sunt,

539 795 634 850 sed
666 797 1023 851 sacramentis
1047 795 1248 850 divinis
1295 795 1514 861 Dcoque
1544 793 1718 862 dignis
1750 794 1976 862 repleta.
2003 791 2122 844 Pri-

540 904 632 945 mo
651 903 781 959 ergo
814 889 1015 943 dictum
1067 896 1148 942 est
1183 888 1225 952 ²,
1262 905 1280 937 t
1323 887 1448 954 quia
1479 900 1583 939 non
1614 885 1844 954 perdidit
1884 886 2118 952 Ephrem

541 981 907 1036 Chauaua‘um
939 979 1028 1048 qui
1061 977 1352 1033 habitatin
1388 976 1584 1041 Gazer,
1637 979 1728 1031 sed
1772 975 1979 1030 habitat
2011 977 2119 1047 (85)

539 1069 881 1127 Chananeus
926 1071 977 1124 itt
1011 1070 1246 1138 Ephrem
1289 1083 1458 1136 usque
1500 1070 1550 1122 in
1585 1068 1907 1122 hodiernum
1941 1068 2118 1136 diem,

541 1175 597 1219 et
630 1165 804 1219 factus
844 1173 928 1219 est
977 1166 1078 1218 suh
1109 1165 1310 1218 tributo
1349 1179 1538 1218 servus
1566 1177 1846 1232 usquequo
1883 1163 2125 1218 ascendit

545 1256 761 1312 Pharao
795 1272 884 1310 rex
921 1255 1145 1326 Egypti
1170 1267 1223 1310 et
1249 1257 1457 1325 accepit
1487 1256 1788 1319 civitatem,
1810 1264 1863 1308 et
1889 1255 2125 1309 incendit

541 1360 662 1400 eam
697 1346 827 1413 igni,
853 1356 907 1399 et
927 1347 1291 1409 (Iliauauzeos,
1317 1356 1370 1399 et
1402 1346 1740 1408 Pherczzros,
1763 1347 1921 1415 etqui
1974 1345 2126 1400 habi-

549 1439 740 1492 tabant
785 1437 838 1492 in
868 1436 1043 1492 Gazer
1073 1438 1377 1504 trucidavit,
1407 1447 1458 1490 et
1491 1438 1630 1490 dedit
1656 1451 1772 1490 eam
1805 1436 2018 1491 Pharao
2072 1439 2122 1490 in

547 1532 728 1587 dotem
761 1531 883 1586 filiae
905 1547 1036 1586 suae.
1065 1551 1084 1583 ι
1111 1531 1394 1586 Secundo:
1420 1548 1438 1582 ς
1464 1531 1527 1584 Et
1545 1531 1741 1584 factum
1764 1545 1870 1598 est,
1893 1533 2124 1601 iuquit',

544 1625 801 1691 quoniam
836 1623 1176 1676 iuvaluerunt
1211 1623 1302 1676 lilii
1331 1621 1516 1688 Israel,
1541 1633 1593 1676 et
1639 1623 1885 1677 fecerunt
1918 1626 2126 1678 Chana-

546 1730 694 1769 nzeos
721 1713 1011 1781 subjectos,
1038 1715 1490 1768 exterminatione
1526 1725 1703 1769 autem
1731 1732 1834 1770 non
1870 1718 2127 1771 exterrui-

2290 515 2490 570 5._Scd
2533 526 2586 570 et
2641 516 2766 570 illud
2823 531 2928 571 non
2987 519 3162 570 otiose
3203 522 3643 584 praetereundum
3687 533 3777 582 est,

2221 608 2362 676 quod
2427 609 2628 661 dicitur
2680 609 2890 662 Pharao
2951 607 3169 663 venisse
3244 617 3301 662 et
3330 609 3615 676 accepisse
3671 613 3781 663 civi-

2225 710 2386 754 tatem
2431 699 2596 772 449
2643 701 2839 766 Gazer,
2887 702 2940 754 in
2985 717 3088 772 qua
3126 701 3480 755 Chananmus
3527 702 3781 759 habitabat

2224 809 2344 847 cum
2374 794 2630 863 Ephrem,
2675 805 2729 848 ct
2757 793 2973 849 dedisse
3014 809 3135 848 eam
3172 794 3224 846 in
3278 794 3467 847 dotem
3520 795 3645 849 ﬁlia:
3677 811 3782 851 sua.

2224 883 2397 938 Gazer
2436 895 2615 938 autem
2646 885 3037 954 interpretatur
3059 887 3390 938 constructio
3423 886 3571 955 (83).
3596 887 3651 940 Si
3682 904 3784 959 erga

2225 990 2421 1042 corpus
2455 985 2504 1029 et
2528 977 2707 1029 anima
2741 975 2793 1028 in
2825 992 2934 1030 una
2969 986 3131 1045 atque
3157 978 3351 1032 eadem
3392 983 3780 1036 construction:

2226 1064 2492 1129 habitent,
2535 1067 2584 1118 id
2631 1075 2712 1120 est
2754 1069 3060 1138 conjuncta:
3105 1071 3211 1124 sibi
3261 1071 3506 1124 invicem
3552 1081 3608 1124 et
3637 1074 3782 1138 socia,

2227 1158 2300 1209 ita
2329 1168 2385 1210 ut
2411 1173 2609 1228 corpus
2636 1160 2930 1216 carnaliter
2958 1162 3123 1228 vivat,
3153 1173 3208 1217 et
3236 1180 3345 1216 non
3376 1164 3616 1217 festinet
3641 1167 3782 1218 animi

2228 1248 2468 1302 velocius
2513 1251 2614 1305 sibi
2663 1252 3005 1308 obedientem
3054 1267 3107 1309 et
3153 1257 3440 1311 subditam
3477 1256 3668 1310 facere
3697 1275 3786 1310 car-

2229 1355 2372 1406 nem,
2419 1343 2713 1397 verendnm
2754 1355 2840 1399 est
2875 1360 2941 1398 ne
2969 1347 3154 1402 veniat
3177 1347 3399 1401 Pharao
3436 1363 3510 1402 ex
3551 1346 3781 1417 AZgyptc,

2227 1445 2280 1488 et
2313 1436 2580 1504 captivam
2610 1439 2769 1490 ducat
2801 1438 3074 1493 infelicem
3119 1441 3397 1503 animam,
3436 1440 3515 1493 ita
3555 1451 3612 1492 ut
3645 1442 3691 1491 in
3713 1444 3788 1492 da.

2232 1541 2335 1583 tem
2375 1544 2492 1582 eam
2527 1531 2698 1583 tradat
2732 1531 2854 1584 filiae
2884 1547 3012 1585 suae.
3045 1533 3099 1586 Si
3148 1533 3297 1587 enim
3328 1534 3668 1587 consideres
3690 1535 3786 1585 illul

2228 1628 2369 1695 quod
2398 1626 2534 1679 dixit
2576 1624 2869 1691 Apostolus
2896 1625 2944 1690 ⁷,
2998 1640 3299 1694 exsurgere
3334 1625 3511 1678 aliam
3547 1624 3712 1693 legem
3753 1629 3785 1676 in

2235 1719 2493 1772 membris
2544 1719 2767 1783 nostris,
2819 1727 2871 1772 et
2911 1718 3154 1786 captivos
3195 1733 3301 1772 nos
3352 1720 3570 1772 ducere
3603 1718 3654 1770 iu
3705 1720 3786 1786 tege

545 1815 814 1861 naveruut
833 1821 947 1860 eos.
983 1825 1000 1857 ι
1030 1807 1212 1860 Tertio
1240 1847 1254 1870 ,
1280 1809 1500 1876 quando
1539 1809 1988 1863 contradixerunt
2017 1810 2117 1864 viri
2155 1806 2195 1860 B
2225 1811 2450 1879 peccati,
2482 1811 2725 1864 invenies
2757 1811 3026 1878 quomodo
3063 1810 3150 1864 ille
3185 1809 3440 1873 Pharao,
3496 1811 3594 1879 qui
3621 1823 3784 1864 cstas-

545 1900 611 1952 de
640 1897 780 1951 tribu
820 1898 1051 1966 Ephrem
1085 1896 1237 1964 Jesu,
1266 1899 1510 1953 volentes
1538 1901 1832 1954 secundum
1866 1916 2122 1956 nurnero-

544 1985 758 2040 sitatetu
792 2001 944 2041 suam
964 2027 978 2050 ,
1011 1987 1135 2054 quia
1172 1986 1354 2054 plures
1379 1998 1533 2042 erant
1561 1999 1616 2043 et
1647 1988 1835 2055 validi,
1861 1991 2119 2060 majorem

545 2077 793 2147 accipere
842 2080 1006 2132 etiam
1064 2079 1404 2133 litereditatis
1456 2089 1694 2145 sortem;
1765 2090 1820 2135 et
1865 2082 2121 2152 jubentnr

543 2169 840 2224 ascendere
874 2172 924 2224 in
954 2173 1153 2226 saltum
1173 2215 1186 2237 ,
1213 2179 1268 2225 ct
1296 2171 1398 2224 sibi
1427 2171 1558 2240 ipsis
1596 2173 1912 2241 ampliorem
1947 2174 2119 2229 locum

541 2277 768 2332 capere;
800 2274 855 2318 et
881 2274 939 2317 ut
961 2267 1172 2332 possint
1198 2265 1390 2319 latiora
1428 2266 1597 2334 spatia
1619 2266 2121 2336 occupare,juhen-

544 2359 634 2407 tur
658 2356 1025 2409 exterminare
1049 2357 1409 2410 Cliauanzeum
1439 2356 1482 2409 ⁸.

611 2447 668 2500 2.
701 2446 990 2504 Videamus
1034 2466 1165 2520 ergo
1217 2467 1358 2505 nunc
1385 2452 1515 2520 quid
1560 2451 1659 2504 sibi
1707 2451 1960 2522 velit(8:£)
2007 2454 2124 2507 lizec

542 2538 614 2594 de
634 2540 955 2596 Chanantcis
988 2544 1257 2612 tripartita
1279 2545 1542 2597 narratio.
1575 2542 1756 2596 Primo
1784 2544 2123 2600 Clianatueus

547 2633 826 2686 nobiscum
874 2644 955 2688 est
987 2637 1233 2703 quidem,
1260 2648 1313 2690 et
1345 2637 1444 2691 sub
1489 2635 1689 2689 tributo
1730 2646 1849 2700 est,
1893 2653 1998 2689 non
2039 2646 2123 2692 cst

549 2735 728 2780 tamen
791 2727 1049 2783 obediens
1103 2730 1296 2794 nobis,
1361 2745 1535 2798 neque
1601 2746 1812 2785 servus.
1877 2728 2124 2784 Secundo

545 2817 712 2873 etiam
747 2833 935 2875 servus
967 2819 1195 2874 cilicitur
1233 2831 1285 2874 et
1329 2821 1603 2876 obediens.
1639 2824 2004 2878 Chanauzeum
2040 2826 2124 2880 hic

549 2924 769 2967 carnem
827 2921 1063 2967 nostram
1114 2915 1475 2982 accipiamus,
1529 2915 1612 2967 vel
1653 2931 1713 2968 ea
1767 2932 1888 2984 quae
1942 2919 2124 2972 carnis

549 3011 696 3056 sunt.
753 3001 876 3057 Haec
911 3005 1086 3072 primo
1135 3005 1411 3058 nobiscum
1466 3015 1570 3068 est,
1638 3006 1738 3059 hoc
1797 2988 1886 3062 est
1931 3010 2124 3061 anima:

545 3094 736 3166 juncta
761 3106 875 3162 est,
901 3098 993 3151 sed
1025 3113 1129 3152 non
1159 3098 1445 3163 obediens,
1479 3099 1577 3152 nisi
1613 3109 1819 3153 tantum
1853 3101 1995 3168 quod
2029 3101 2125 3153 tri-

549 3187 680 3243 buta
705 3187 968 3258 dependet
1000 3209 1012 3242 :
1047 3189 1098 3243 id
1145 3197 1227 3242 est
1279 3189 1636 3244 ministerium
1670 3191 1890 3259 quidem
1930 3190 2122 3260 agendi

550 3277 753 3347 aliquid
800 3282 1036 3346 exhibet,
1091 3281 1174 3336 vel
1233 3281 1528 3346 movendi;
1579 3282 1912 3350 concupiscit
1947 3292 2124 3335 tamen

552 3371 816 3426 adversus
851 3373 1098 3440 spiritum
1132 3380 1184 3426 et
1230 3388 1339 3425 non
1366 3383 1448 3426 est
1477 3371 1736 3426 obediens
1778 3375 2000 3434 animae,
2031 3373 2126 3428 sed

551 3462 664 3516 suis
694 3463 977 3517 desideriis
1007 3464 1169 3519 cedit.
1207 3463 1262 3517 Si
1299 3479 1427 3517 vero
1461 3464 1572 3534 jam
1623 3465 1962 3535 aliquantum
1997 3482 2126 3535 pro-

552 3551 875 3617 fecerimus,
909 3553 1136 3607 elIicitnr
1167 3554 1323 3608 nobis
1355 3567 1484 3607 caro
1531 3569 1754 3621 servus,
1786 3566 1842 3610 et
1872 3557 2129 3612 obediens

553 3654 618 3695 ac
669 3656 864 3710 parens
911 3642 1101 3696 anima:
1127 3643 1411 3696 voluntati.
1461 3643 1525 3696 Et
1583 3645 1682 3699 iste
1738 3654 1821 3700 est.
1862 3647 2129 3700 secundus

553 3731 748 3786 anima:
784 3732 1086 3802 profectus,
1121 3749 1244 3788 cum
1284 3735 1385 3790 sibi
1427 3752 1646 3792 carnem
1697 3747 1750 3792 et
1791 3738 1997 3792 servire
2049 3738 2130 3794 fe-

552 3824 690 3880 cerit
717 3833 773 3878 et
805 3826 1043 3880 obedire.
1077 3825 1320 3880 Tertium
1350 3843 1477 3882 vero
1505 3838 1616 3894 est,
1648 3829 1790 3897 quod
1827 3827 2126 3896 perfectum

551 3925 658 3969 est.
691 3916 747 3969 Si
802 3918 942 3971 enim
984 3918 1098 3987 jam
1146 3920 1428 3974 veniamus
1472 3921 1538 3973 ad
1586 3921 1914 3990 perfectum,
1961 3922 2128 3976 etiam

552 4008 997 4065 exterminandus
1043 4011 1197 4066 nobis
1227 4011 1424 4065 dicitur
1452 4011 1820 4077 Chananazus,
1870 4023 1926 4067 et
1967 4014 2126 4068 morti

557 4100 866 4156 tradendus.
913 4102 1193 4168 Quomodo
1237 4112 1415 4156 autem
1455 4106 1556 4160 hoc
1625 4106 1679 4159 iu
1732 4114 1916 4159 nostra
1964 4119 2130 4159 carne

554 4191 882 4261 completur,
939 4196 1062 4248 audi
1102 4199 1401 4266 apostolum
1455 4198 1681 4251 Paulum
1739 4198 2010 4250 dicentem
2055 4197 2126 4250 δε

558 4299 581 4336 ι
614 4284 935 4341 Mortiﬁcate
959 4288 1197 4342 membra
1222 4300 1400 4343 vestra
1425 4306 1542 4358 quae
1567 4297 1692 4345 sunt
1723 4303 1883 4357 super
1910 4298 2128 4351 terram,

555 4370 998 4442 furnicationem,
1037 4377 1471 4443 imtnui‘tditiam,
1511 4398 1528 4431 ι
1565 4389 1622 4433 et
1662 4389 1852 4433 caetera
1877 4394 1998 4447 qum
2040 4393 2129 4432 se-

2227 1914 2345 1956 ctor
2376 1912 2432 1956 et
2457 1917 2551 1956 rex
2583 1903 2818 1971 peccati,
2855 1901 2978 1955 filiae
3009 1917 3142 1968 sua},
3173 1918 3299 1972 qua:
3342 1911 3436 1957 est
3471 1903 3561 1955 lex
3593 1915 3784 1969 peccati,

2227 1995 2463 2048 animam
2496 2008 2616 2063 quae
2650 1993 2945 2049 carnaliter
2981 1993 3200 2056 vixerit,
3248 1992 3306 2045 in
3343 1995 3542 2047 dotem
3576 1997 3784 2047 coacti.

2225 2089 2322 2144 bit.

2295 2181 2349 2234 4.
2398 2179 2525 2234 Post
2565 2179 2680 2233 lucc
2730 2178 2893 2232 etiam
2939 2178 3044 2231 hoc
3072 2175 3376 2231 videndum
3415 2184 3529 2239 est,
3565 2175 3782 2244 quod

2224 2271 2420 2340 Joseph
2456 2269 2809 2339 quzestionem
2862 2276 3083 2322 movent
3109 2267 3177 2320 de
3227 2265 3607 2329 litereditate,
3653 2268 3783 2330 mago-

2227 2380 2338 2418 rem
2368 2372 2572 2418 sortem
2598 2359 3162 2429 requirunt,dicentes
3189 2359 3258 2411 ad
3276 2357 3474 2411 Jesum
3497 2358 3520 2387 ⁸
3552 2374 3568 2410 :
3602 2376 3620 2407 ‹
3641 2357 3782 2420 Qum

2230 2456 2384 2511 nobis
2419 2453 2613 2509 dedisti
2666 2453 2998 2506 haereditatis
3029 2461 3235 2506 sortem
3271 2451 3394 2520 (86)
3426 2466 3616 2512 unam,
3646 2463 3694 2502 et
3715 2466 3779 2515 pc-

2228 2549 2473 2602 daturam
2503 2545 2711 2598 unam?
2747 2544 2860 2612 Ego
2885 2553 3069 2596 autem
3097 2543 3330 2611 p0pulus
3360 2545 3573 2594 inultus
3601 2553 3779 2598 su.

2229 2638 2487 2693 Dominus
2517 2635 2798 2690 benedixit
2834 2649 2940 2687 me.
2997 2652 3015 2684 ι
3068 2632 3124 2686 Si
3181 2647 3314 2701 ergo
3365 2643 3425 2686 et
3457 2647 3558 2686 nos
3589 2633 3778 2699 ρ-ῳαὲειξ

2229 2733 2398 2787 simus
2446 2729 2672 2792 multus,
2706 2737 2761 2782 et
2799 2726 3086 2780 benedicat
3135 2741 3236 2780 nos
3276 2725 3577 2789 Dominus,
3623 2724 3776 2775 audit-

2231 2839 2352 2878 mus
2397 2823 2465 2876 ab
2503 2821 2627 2875 Jesu
2658 2821 2678 2851 ⁹
2712 2841 2723 2874 :
2761 2838 2778 2870 ι
2819 2818 3055 2888 Populus
3103 2817 3310 2870 multus
3339 2831 3432 2881 es,
3477 2815 3707 2870 ascende
3741 2814 3781 2866 ὴ

2229 2914 2448 2978 saltum,
2481 2922 2537 2965 et
2575 2911 2772 2964 munda
2799 2909 2891 2963 tibi
2925 2909 3048 2978 ipsi,
3079 2917 3134 2961 ct
3164 2923 3298 2976 para
3336 2905 3527 2960 locum
3571 2906 3777 2958 interra.

2231 3006 2486 3075 Expurga
2536 3004 2854 3058 l’herczmos
2913 3010 2968 3054 et
3019 3000 3314 3068 Raphaim.
3383 3017 3404 3050 ι
3463 2997 3779 3052 Necessecst

2229 3113 2360 3167 ergo
2387 3112 2484 3149 nos
2515 3096 2714 3165 ejiCcre
2753 3094 3089 3148 l‘herezmos.
3129 3090 3454 3144 Invenimus
3478 3100 3653 3141 autem
3675 3087 3780 3140 Pilt-

2231 3205 2434 3243 rezaeos
2465 3185 2809 3256 interpretari
2846 3185 3322 3253 [ructiﬁcationem
3356 3182 3502 3251 (87).
3542 3181 3664 3242 Sed,
3699 3181 3779 3233 sic-

2231 3290 2288 3336 ut
2342 3296 2481 3350 sznpe
2533 3281 2644 3350 jam
2680 3279 2915 3333 diximus
2939 3278 3005 3331 de
3051 3275 3176 3330 aliis
3226 3275 3580 3336 nominibus,
3616 3275 3666 3325 in
3707 3274 3778 3323 lac

2231 3374 2426 3442 duplex
2481 3381 2566 3425 est
2610 3370 3014 3440 interpretatio.
3069 3367 3165 3420 Est
3200 3366 3418 3421 etenim
3476 3364 3776 3417 fructibus:

2231 3465 2370 3519 bona
2405 3474 2459 3518 et
2487 3462 2840 3518 fructificatio
2892 3459 3055 3523 mala,
3085 3458 3228 3511 sicut
3270 3459 3324 3512 in
3364 3456 3673 3526 Evangeliis
3714 3455 3782 3504 tie-

2232 3558 2478 3626 signatur
2507 3555 2571 3619 ὀ,
2598 3554 2722 3623 quia
2756 3572 2774 3604 t
2813 3556 2977 3607 arbor
3005 3553 3143 3606 bona
3181 3549 3363 3602 bonos
3395 3549 3614 3601 fructus
3663 3547 3776 3604 facs.

2231 3657 2285 3698 et
2329 3645 2490 3696 arbor
2520 3641 2659 3696 mala
2699 3641 2869 3695 malos
2919 3640 3128 3694 fructus
3163 3639 3318 3692 facit.
3377 3656 3399 3690 ι
3436 3637 3778 3703 Οροτιειετςπ

2233 3749 2334 3789 nos
2364 3733 2637 3802 expellere
2669 3745 2832 3786 omne
2865 3731 3127 3801 quidquid
3182 3745 3294 3783 non
3325 3730 3472 3783 bene
3508 3727 3774 3782 fructiﬁczt.

2231 3833 2288 3878 et
2317 3824 2638 3878 abscindere
2668 3823 2901 3877 fructum
2946 3821 3211 3889 pecccati,
3248 3830 3304 3874 et
3339 3835 3648 3889 expurgare
3695 3819 3778 3870 frv-

2231 3925 2349 3970 ctus
2375 3916 2674 3986 injustitite.
2704 3915 2808 3969 Sed
2842 3923 2897 3967 et
2934 3913 3222 3977 Raphaim,
3246 3912 3451 3980 inquit,
3482 3911 3696 3981 expetit,
3721 3923 3778 3958 V—

2235 4009 2419 4078 potius
2445 4023 2684 4077 expurga
2733 4010 2798 4061 de
2838 4017 2912 4060 te.
2970 4007 3239 4074 ltaphaim
3299 4007 3614 4060 invenimus
3645 4007 3781 4054 inter-

2234 4110 2504 4171 pretatum
2543 4100 2773 4152 resoluta
2802 4109 2970 4152 mater
3003 4098 3138 4169 (88).
3170 4098 3272 4152 Est
3315 4098 3373 4151 in
3423 4099 3595 4150 anima
3631 4108 3780 4148 nostra

2233 4197 2410 4250 virtus
2458 4196 2728 4265 quietiam,
2761 4210 2882 4263 quze
2914 4195 3050 4264 parit
3099 4208 3323 4258 sensus,
3358 4203 3417 4247 et
3464 4192 3606 4245 velut
3644 4205 3784 4243 nam

2233 4299 2312 4343 cst
2340 4304 2529 4341 eorum
2553 4303 2808 4340 sensuum
2835 4288 2919 4339 vel
2951 4286 3358 4349 intellectuum,
3394 4286 3488 4353 qui
3521 4285 3784 4353 procedat:

2234 4395 2264 4435 e
2297 4380 2474 4444 nobis,
2499 4385 2798 4434 secundum
2828 4380 2976 4448 quod
2998 4379 3202 4432 dicitur
3234 4380 3289 4431 in
3324 4389 3674 4433 sacramento
3697 4375 3780 4440 .83"

553 4478 812 4539 quuutur.
839 4469 905 4522 Et
928 4469 1121 4524 iterum
1157 4471 1290 4524 dicit
1314 4473 1334 4502 ⁸
1369 4490 1381 4526 :
1421 4489 1439 4522 ι
1480 4470 1581 4537 Qui
1611 4480 1791 4524 autem
1822 4483 1948 4524 sunt
1973 4469 2127 4524 Cliri-
2160 4497 2204 4552 ο
2239 4475 2303 4527 de
2327 4472 2503 4525 anima
2523 4473 2677 4541 quasi
2707 4475 2777 4527 de
2797 4473 3024 4526 muliere
3047 4471 3086 4501 “
3122 4489 3179 4525 :t
3209 4471 3378 4525 Salva
3406 4471 3783 4535 autemeritpé.‘

554 4560 885 4622 sti,carnem
934 4578 1088 4618 suam
1137 4564 1527 4620 crucifixerunt
1556 4581 1678 4620 cum
1721 4564 1867 4619 vitiis
1900 4573 1954 4618 et
1994 4578 2124 4618 con-

558 4653 916 4720 cupisccutiis.
943 4674 961 4708 i
984 4654 1218 4727 Sicergo
1266 4659 1425 4712 tertio
1446 4697 1461 4721 ,
1493 4657 1595 4712 hoc
1639 4665 1721 4711 est
1747 4671 1869 4711 cum
1900 4657 1967 4712 ad
2000 4671 2124 4726 per-

558 4744 840 4801 fectionem
882 4749 1164 4815 venimus,
1211 4760 1267 4805 et
1321 4752 1559 4805 membra
1595 4759 1778 4803 nostra
1828 4750 2126 4804 mortifica-

556 4853 673 4893 mus
695 4877 712 4904 ,
742 4855 804 4895 ac
835 4851 1059 4897 mortem
1103 4843 1306 4898 Christi
1337 4844 1388 4898 iu
1431 4859 1660 4913 corpore
1686 4851 1871 4898 nostro
1899 4844 2130 4896 circum-

627 4977 649 5006 ²
684 4974 798 5031 Jos.
873 4977 1102 5041 xvr,10.
1193 4981 1213 5012 ³
1245 4978 1358 5037 Jos.
1405 4996 1540 5040 xvii.
1591 4979 1678 5033 15.
1756 4977 1777 5011 ⁸
1833 4979 1992 5041 lbid.,
2044 4979 2130 5034 l8.

1193 4981 1213 5012 ³
1245 4978 1358 5037 Jos.
1405 4996 1540 5040 xvtt.
1591 4979 1678 5033 15.

555 5043 578 5077 ⁸
615 5041 730 5103 Jos.
782 5063 917 5114 xvn,
948 5051 1034 5104 16.

1109 5051 1130 5081 ν
1153 5051 1306 5119 una,
1343 5051 1425 5105 l5.

625 5193 738 5264 (8'5)
763 5192 916 5248 Libb.
947 5193 1114 5260 editi,
1151 5213 1168 5246 ι
1204 5195 1410 5252 habitat
1433 5196 1484 5249 in
1508 5195 1704 5261 Gazcr,
1728 5194 1822 5249 sed
1850 5193 2074 5249 habitat.
2109 5212 2128 5247 ι

555 5263 653 5320 Ms.
691 5264 975 5333 Saugerm.
1010 5267 1328 5335 utrobique,
1369 5285 1386 5316 ι
1418 5266 1715 5320 habitabat.
1754 5284 1775 5317 ι

627 5335 738 5404 (84)
776 5335 916 5404 idem
949 5350 1049 5388 ms.
1081 5353 1098 5386 t
1131 5338 1362 5391 videtur.
1407 5355 1424 5387 ι

627 5399 738 5473 (85)
775 5399 948 5458 Gazer
975 5417 1150 5459 autem
1183 5409 1559 5473 interpretatur
1584 5407 1926 5461 constructio.
1957 5405 2002 5459 A
2039 5419 2133 5472 Ἶτλ

556 5492 651 5533 seu
684 5487 818 5538 mu
851 5495 869 5527 t
907 5488 1268 5547 segmentum,
1297 5479 1520 5540 cxcisio,
1549 5487 1782 5546 septum,
1813 5476 2131 5543 tabulatum,

554 5558 858 5616 separatum
893 5562 912 5628 ξ
947 5565 964 5599 ι
1000 5549 1141 5603 unde
1166 5547 1340 5604 Gazer
1371 5547 1774 5616 quodammodo
1815 5548 1919 5602 dici
1960 5548 2134 5616 possit

560 5635 583 5670 α
619 5628 975 5673 constructio.
1015 5636 1037 5671 ι

559 5688 768 5812 le(36)
827 5686 1002 5747 Codex
1059 5689 1348 5761 Sangerm.
1401 5707 1418 5741 ι
1481 5687 1535 5743 in
1583 5687 1955 5744 luereditatem
2005 5702 2127 5743 sor-

619 5774 690 5812 III.
755 5779 774 5810 ι

619 5774 690 5813 Ill.
755 5779 774 5810 ι

2219 4980 2240 5012 ⁸
2284 4980 2489 5036 Coloss.
2537 4996 2621 5047 tit,
2655 4979 2708 5034 5.

1503 5053 1545 5083 ⁸ο
1581 5049 1763 5105 Matth.
1791 5065 1896 5126 δίη,
1933 5051 2018 5104 Π.
2095 5052 2136 5082 ¹¹
2167 5050 2349 5106 ΙΤίιη.
2381 5068 2442 5118 ιι,
2471 5052 2557 5106 l5.

2244 4565 2479 4619 filiorum
2511 4566 2942 4636 generationem,
2966 4567 3009 4620 si
3035 4566 3408 4635 permanserit
3439 4566 3491 4618 in
3517 4564 3617 4617 fide
3642 4572 3692 4616 et
3711 4574 3782 4611 te-

2237 4661 2412 4714 rilate.
2457 4679 2474 4710 ι
2507 4658 2628 4714 istae
2655 4672 2786 4728 ergo
2823 4667 3046 4722 matres,
3074 4660 3176 4712 hoc
3221 4667 3311 4711 est
3360 4659 3465 4712 ista
3497 4659 3664 4708 virtus
3693 4653 3783 4704 ara—

2238 4769 2359 4817 tnrc,
2387 4752 2492 4806 illis
2563 4755 2614 4805 in
2647 4753 2843 4820 quibus
2888 4751 3044 4805 fortis
3076 4760 3158 4804 est
3190 4760 3248 4804 et
3271 4751 3456 4803 valida
3481 4765 3538 4802 ac
3568 4749 3781 4800 robusta.

2239 4853 2469 4910 generat
2502 4857 2694 4897 sensus
2727 4841 2932 4897 validos
2967 4853 3022 4896 et
3052 4851 3322 4910 potentes,
3363 4851 3420 4896 et
3449 4842 3532 4908 qui
3572 4848 3782 4905 supra-:17

2785 4980 2805 5012 ο
2831 4979 2950 5036 Gal.
2988 4995 3048 5049 v,
3111 4979 3206 5036 at.

3306 4981 3327 5012 ⁷
3355 4979 3510 5034 Rom.
3551 4995 3659 5040 vit,
3712 4977 3782 5030 2‘5.

2314 5195 2426 5265 (87)
2452 5195 2751 5250 Invenimus
2772 5205 2944 5249 autem
2975 5195 3286 5249 Pltercateos
3309 5198 3645 5266 interpretari
3668 5199 3786 5262 {rat--

2245 5266 2607 5332 tiﬁcutiouem.
2647 5268 2688 5319 A
2719 5275 2834 5326 m5
2881 5283 2899 5316 t
2940 5265 3313 5321 fructificavit.
3354 5288 3375 5319 ι

2318 5335 2429 5408 (88)
2464 5335 2734 5408 [iaphaim
2787 5337 3078 5408 invenimus
3125 5339 3522 5408 inteniretatum
3577 5341 3786 5390 resdu:

2239 5405 2428 5460 mater.
2457 5405 2547 5460 Sic
2569 5408 2706 5460 alter
2728 5423 2790 5461 ex
2827 5407 3271 5474 Ebroiceusibus,
3319 5409 3441 5460 libri
3467 5419 3652 5461 autem
3674 5410 3784 5458 exiit.

2239 5493 2338 5544 pro
2376 5496 2393 5528 t
2447 5477 2683 5530 resoluta
2720 5486 2915 5541 mater,
2971 5495 2989 5527 ι
3039 5477 3290 5532 habent:
3332 5497 3350 5527 ι
3409 5481 3658 5530 resolutae
3689 5495 3786 5527 tua-

2240 5558 2370 5604 tres.
2409 5565 2427 5599 »
2461 5547 2794 5617 Etymologia
2827 5547 3042 5600 ducitur
3081 5561 3144 5600 ex
3186 5557 3305 5610 nan
3347 5567 3365 5600 ι
3407 5551 3786 5602 remissumre-

2235 5619 2472 5674 solntum
2496 5631 2708 5675 essetet
2729 5628 2814 5677 cm
2843 5621 3063 5669 «mater.
3080 5637 3097 5669 ι

2307 5688 2417 5758 (89)
2458 5687 2525 5740 In
2555 5699 2903 5742 sacramento.
2961 5688 3121 5743 Deest
3170 5691 3222 5742 in
3264 5688 3391 5746 libb.
3422 5697 3584 5744 antea
3618 5689 3784 5748 editis.

2234 5765 2326 5816 sed
2363 5767 2543 5816 exstat
2571 5759 2624 5814 iu
2659 5759 2911 5814 omnibus
2940 5773 3074 5814 mss.
