3874 6520
115 349 220 409 953

1059 349 1126 404 IN
1165 349 1425 407 LIBRUM
1463 347 1630 406 JESU
1658 347 1844 404 NAVE
1881 349 2164 406 IIOMILIA
2194 349 2381 407 XXIII.

3267 353 3376 412 934

115 489 146 529 a
177 473 584 529 contradicente
612 487 720 528 non
747 475 978 544 possint.
1009 475 1064 530 ln
1114 479 1232 534 aliis
1275 478 1491 548 quidem
1517 479 1689 531 virtus
1720 484 1762 537 Α
1792 490 1912 530 cum
1938 487 2041 543 est,
2075 477 2238 531 citius
2283 474 2553 545 subjicere
2593 476 2770 542 nobis,
2801 483 2856 532 et
2888 474 3232 531 obedientem
3284 478 3365 530 fa-

117 570 220 624 ista
252 566 482 622 resoluta
515 576 599 622 est
643 575 697 622 et
727 569 976 634 remissa,
998 573 1141 640 quod
1180 572 1446 625 indicatur
1472 586 1537 625 ex
1565 585 1689 624 sen-

117 660 268 714 sibus
299 675 420 713 cum
467 659 709 728 languidi
749 660 968 728 quidam
1028 662 1381 730 proferuntur
1409 672 1463 718 et
1497 661 1686 731 inepti,

115 764 170 807 et
199 753 330 807 nihil
367 753 418 806 in
445 766 504 807 se
534 752 872 808 fortitudinis
908 755 1275 808 continentes.
1310 753 1421 807 lloe
1447 767 1577 822 ergo
1609 754 1687 808 si-

117 843 410 914 gniﬁcatur
442 845 543 899 sub
577 845 794 899 nomine
829 844 1098 914 Raphaim
1138 855 1197 898 ut
1227 845 1600 912 hujuscemodi
1625 846 1692 900 de

113 935 272 990 nobis
315 947 519 991 matres
561 938 854 999 remissas,
891 953 1013 1006 quae
1053 951 1248 993 sensus
1290 938 1594 992 ineruditos
1636 947 1690 993 et

112 1027 336 1082 inutiles
359 1029 599 1097 pariunt,
632 1044 1021 1097 expurgemus.
1051 1028 1118 1082 Et
1139 1031 1277 1084 bene
1313 1031 1552 1084 servavit
1581 1029 1688 1097 spi-

113 1120 288 1175 ritalis
325 1120 699 1191 intelligentia:
746 1123 1156 1193 proprietatem.
1209 1121 1323 1175 Non
1365 1121 1508 1175 enim
1553 1120 1690 1174 dixit

113 1211 547 1268 interminandos
609 1214 916 1284 Raphaim,
973 1216 1065 1269 sed
1114 1215 1511 1283 expurgandus.
1572 1211 1688 1266 Non

110 1306 261 1360 enim
293 1306 442 1375 ipsos
491 1309 769 1363 naturales
818 1309 930 1379 (90)
991 1310 1184 1364 anima:
1231 1317 1411 1362 motus
1442 1316 1689 1362 evertere

110 1409 283 1466 atque
313 1401 680 1454 exterminare
731 1401 1066 1470 praecipitur,
1119 1401 1211 1454 sed
1252 1413 1576 1469 eitpurgare,
1637 1399 1688 1451 id

107 1497 199 1542 est
245 1491 432 1546 sordes
479 1501 534 1544 et
563 1491 947 1557 immunditias,
997 1509 1116 1562 qum
1154 1494 1233 1549 eis
1264 1509 1330 1548 ex
1383 1503 1562 1545 nostra
1597 1506 1689 1544 ne-

107 1583 372 1653 gligentia
413 1585 774 1648 advenerunt,
823 1600 1060 1655 purgare
1102 1595 1264 1654 atque
1312 1585 1597 1653 depellere,
1631 1592 1691 1636 ttt

109 1674 376 1730 naturalis
403 1675 520 1743 ejus
540 1677 692 1747 vigor
724 1679 954 1746 propriae
999 1687 1162 1746 atque
1198 1677 1448 1747 ingenitae
1510 1676 1689 1730 virtu-

109 1768 190 1823 tis
217 1767 488 1839 eﬂulgeat.

1792 584 1938 633 cere,
1964 578 2086 638 post
2123 569 2238 622 hazc
2264 569 2426 622 etiam
2460 569 2847 634 exterminare;
2887 569 3038 639 quia,
3077 569 3119 624 si
3149 568 3378 624 dimitti-

1791 677 1914 716 mus
1946 677 2069 715 eum
2097 671 2149 716 et
2181 662 2531 731 negligimus,
2559 663 2738 717 veniet
2759 662 2974 718 Pharao
3011 678 3078 718 ex
3111 663 3372 733 Egypto,

1791 763 1848 810 et
1870 753 2097 824 incipiet
2118 754 2292 809 locum
2326 763 2573 809 nostrum
2611 755 2664 808 in
2696 755 2878 810 dotem
2919 758 3049 810 dare
3092 756 3212 810 filiae
3237 771 3374 824 suae,

1790 856 1846 901 et
1875 846 2124 910 captivos
2147 862 2244 901 nos
2289 848 2502 902 tradere
2532 847 2636 918 legi
2686 849 2918 917 peccati.
2958 848 3062 903 Sed
3096 849 3240 903 absit
3271 849 3376 903 hoc

1793 938 1860 993 ab
1881 937 2179 994 Israelitica
2219 937 2524 1005 nobilitate,
2579 948 2638 994 ut
2666 941 2872 994 serviat
2921 940 3047 994 ﬁliae
3075 941 3378 996 Pharaonis

1790 1029 2059 1094 Israelita,
2103 1029 2268 1101 450
2318 1045 2478 1100 quem
2524 1031 2634 1102 jam
2674 1032 2815 1085 Deus
2863 1034 3049 1086 eduxit
3102 1035 3169 1087 de
3226 1044 3374 1088 terra

1790 1123 2028 1194 IEgypti,
2058 1125 2258 1178 iterum
2289 1125 2492 1178 serviat
2523 1125 2620 1190 illi,
2650 1125 2742 1194 qui
2787 1126 2837 1178 in
2866 1125 3001 1178 mari
3031 1124 3215 1179 Rubro
3239 1127 3373 1180 sub-

1793 1231 2002 1269 mersus
2028 1225 2129 1280 est,
2159 1215 2428 1271 Pharaoni
2455 1219 2466 1271 l
2503 1217 2866 1272 Observemus
2894 1232 3024 1286 ergo
3047 1217 3184 1270 sicut
3211 1227 3264 1271 et
3288 1219 3374 1272 hic

1791 1303 1925 1358 dicit
1975 1303 2162 1370 Jesus,
2216 1317 2273 1360 ut
2324 1307 2713 1377 prrevaleamus
2769 1322 2867 1361 nos
2912 1316 3105 1360 contra
3160 1306 3376 1360 Chana-

1792 1409 1936 1450 naeos
1977 1414 1990 1448 :
2025 1410 2091 1449 ne
2118 1396 2162 1450 si
2194 1395 2332 1451 forte
2369 1397 2483 1466 (92)
2533 1397 2607 1450 illi
2640 1396 2972 1449 invaluerint
3005 1410 3170 1462 super
3199 1410 3294 1448 nos
3320 1402 3374 1450 et

1790 1487 2125 1542 obtinuerint
2153 1504 2271 1553 nos,
2307 1489 2373 1543 de
2416 1488 2733 1543 lsraeliticis
2782 1487 3121 1541 Chananaeos
3161 1500 3259 1540 nos
3285 1485 3372 1538 fa-

1791 1580 1960 1647 ciant,
1994 1581 2136 1634 sicut
2171 1593 2224 1646 et
2269 1582 2360 1636 ille
2411 1580 2639 1635 effectus
2689 1591 2788 1642 est,
2822 1595 2982 1647 quem
3019 1585 3376 1647 superaverat

1791 1671 1974 1725 carnis
2011 1673 2290 1737 illecebra,
2317 1673 2400 1726 cui
2427 1671 2629 1726 dicitur
2653 1687 2680 1723 a
2705 1672 2967 1740 pmphela
2996 1671 3038 1702 ”
3068 1689 3080 1724 :
3115 1689 3133 1722 ι
3173 1671 3371 1726 Semen

1793 1761 2080 1825 Chanaan,
2124 1773 2313 1817 etnon
2356 1761 2514 1828 .luda,
2572 1764 2782 1832 species
2815 1763 3034 1816 seduxit
3069 1772 3138 1815 te.
3193 1781 3212 1813 ι
3250 1761 3369 1816 Non

187 1861 241 1915 5.
284 1860 418 1916 Post
453 1863 568 1917 haec
614 1863 820 1917 addunt
871 1863 1045 1917 adhuc
1094 1863 1184 1916 ﬁlii
1217 1863 1474 1932 Ephrem,
1507 1873 1561 1916 ei
1606 1863 1687 1916 di-
1717 1827 1760 1884 Β
1788 1856 2008 1908 eveniat
2057 1870 2186 1922 ergo
2242 1854 2397 1909 nobis
2448 1855 2641 1909 audire
2692 1870 2875 1909 semen
2913 1855 3198 1920 Chanaan,
3241 1855 3370 1923 quia

109 1958 248 2004 cunt
281 1952 323 1982 "
359 1969 372 2005 :
404 1971 423 2003 ι
460 1951 575 2006 Non
595 1952 784 2007 sullicit
806 1954 960 2008 nobis
982 1970 1158 2020 mons,
1191 1961 1242 2008 et
1273 1970 1444 2024 equus
1462 1955 1686 2018 electus,

106 2049 169 2095 et
199 2041 399 2096 ferrum
447 2042 756 2099 Chanaan
789 2055 871 2099 est
915 2047 1007 2114 qui
1047 2045 1265 2099 habitat
1291 2046 1342 2099 in
1382 2062 1466 2099 me
1492 2047 1624 2115 (9i).
1664 2067 1682 2100 ι

107 2130 404 2200 Nunquam
452 2134 696 2190 invenies
738 2138 830 2204 qui
880 2152 1076 2206 equum
1131 2137 1326 2192 habeat
1368 2137 1685 2204 lsraelitam,

105 2227 210 2278 sed
240 2224 578 2280 Chananzeus
613 2228 776 2281 habet
819 2229 965 2282 illum
1015 2244 1233 2297 equum,
1277 2231 1368 2297 qui
1411 2229 1577 2283 falsus
1606 2240 1690 2286 est

104 2317 180 2371 ad
213 2317 465 2374 salutem.
497 2319 670 2374 Habet
706 2331 760 2374 et
805 2323 1012 2375 ferrum
1049 2323 1299 2378 bellicum
1328 2323 1687 2382 Chananaeus.

107 2408 222 2463 Sed
252 2410 381 2478 quid
415 2411 696 2480 respondit
727 2412 832 2466 illis
857 2412 1060 2469 Jesus?
1098 2433 1115 2465 ‹
1152 2414 1206 2468 Si
1233 2418 1458 2484 populus
1489 2417 1689 2473 multus

107 2515 175 2554 es
205 2510 282 2565 tu,
324 2513 380 2555 et
409 2503 664 2557 virtutem
700 2505 928 2573 habens,
970 2522 1074 2561 non
1108 2510 1214 2561 erit
1242 2508 1338 2563 tibi
1385 2523 1508 2564 sors
1557 2524 1688 2577 una,

106 2594 247 2663 quia
270 2595 439 2651 saltus
462 2607 547 2652 est
581 2599 698 2663 tibi,
734 2609 790 2654 et
841 2602 1164 2656 emundahis
1200 2617 1322 2656 eum
1368 2604 1437 2652 ¹³.
1473 2623 1490 2654 ι
1529 2605 1692 2660 Vides

106 2689 247 2756 quid
280 2691 346 2743 ad
379 2705 477 2744 nos
509 2706 607 2760 per
644 2694 942 2761 spiritalem
969 2695 1610 2766 intelligentiamdicitur,
1637 2707 1694 2752 ut

108 2781 478 2835 emundemus
534 2783 723 2836 silvam
752 2800 873 2852 quae
927 2786 977 2838 itt
1013 2787 1169 2840 nobis
1203 2797 1306 2850 est,
1341 2799 1394 2842 et
1431 2789 1691 2844 exciden-

107 2880 200 2926 tes
233 2873 457 2928 inutiles
481 2883 535 2928 et
562 2875 929 2932 infructuosas
973 2893 1036 2930 ex
1077 2879 1482 2949 nobismetipsis
1529 2883 1692 2935 arbo—

105 2979 226 3026 res,
261 2963 526 3022 faciamus
566 2967 634 3021 ibi
675 2969 883 3022 novalia
926 2984 1044 3038 qua:
1079 2985 1298 3040 semper
1346 2973 1690 3042 innovemus,

105 3064 166 3110 et
207 3072 276 3110 ex
305 3058 501 3126 quibus
531 3059 767 3114 fructum
821 3063 1102 3130 capiamus
1141 3065 1478 3118 tricesimum
1518 3075 1572 3119 et
1604 3081 1692 3120 se-

103 3153 455 3219 xagesimum
491 3164 544 3208 et
595 3156 1001 3210 centesimum?
1051 3157 1242 3210 Annon
1295 3158 1481 3211 eadem
1540 3161 1693 3214 nobis

109 3244 407 3315 Evangelii
443 3260 624 3300 sermo
653 3247 958 3314 denuntiat,
1004 3249 1191 3303 dicens
1223 3249 1264 3280 ιδ
1300 3268 1312 3302 :
1357 3269 1375 3300 ί
1421 3251 1691 3317 Eecejam

107 3337 332 3389 securis
361 3337 530 3402 posita
563 3347 645 3390 est
680 3338 744 3391 ad
774 3338 1006 3392 radicem
1042 3338 1253 3393 arboris
1281 3339 1303 3393 ?
1343 3339 1532 3394 Omnis
1553 3353 1684 3409 ergo

103 3428 285 3482 arbor
305 3443 424 3496 quae
441 3444 546 3482 non
571 3428 727 3483 all‘ert
749 3429 1008 3495 fructum,
1032 3431 1334 3495 excidetur,
1361 3433 1488 3485 etin
1514 3432 1690 3502 ignem

104 3519 393 3574 mittetur.
424 3540 443 3572 ι
481 3520 607 3576 Haec
636 3521 911 3589 prioribus
964 3522 1165 3576 nostris
1211 3521 1354 3576 Nave
1387 3523 1524 3578 filius
1557 3537 1694 3592 prae-

102 3612 261 3682 cepit
295 3610 454 3667 Jesus
492 3613 557 3667 de
589 3612 944 3667 infructuosis
990 3613 1277 3666 arboribus
1353 3613 1693 3678 excidendis,

102 3704 236 3759 haec
267 3705 429 3760 nobis
477 3704 741 3759 Dominus
790 3704 948 3760 Jesus
998 3704 1051 3759 in
1090 3704 1394 3774 Evangeliis
1441 3706 1693 3758 mandata

103 3796 386 3852 describit
416 3812 431 3850 :
468 3805 524 3851 et
555 3799 828 3865 quornudo
870 3813 976 3851 non
1008 3812 1197 3850 verum
1230 3805 1312 3850 est
1332 3798 1477 3866 quod
1508 3797 1696 3851 umbra

98 3889 401 3958 praecessit
436 3894 490 3942 et
523 3888 728 3942 veritas
765 3897 952 3942 secuta
976 3887 1102 3940 est?

184 3980 241 4034 6.
280 3979 447 4047 ~Quid
498 3990 676 4035 autem
727 3988 810 4035 est
862 3981 1006 4048 quod
1053 3979 1257 4033 addidit
1302 3979 1459 4033 Jesus
1501 3996 1515 4032 :
1574 3997 1592 4029 ι
1637 3978 1694 4033 Si

99 4072 537 4138 emundaveris,
607 4073 784 4142 inquit
838 4073 922 4137 ¹⁶,
989 4072 1224 4135 silvam,
1263 4072 1367 4125 erit
1427 4072 1523 4125 tibi
1573 4087 1693 4126 cum

101 4165 573 4221 exterminaveris
602 4163 1008 4220 Chananzeum?
1042 4181 1060 4212 ι
1111 4163 1358 4217 Diximus
1398 4162 1508 4231 jam
1545 4178 1697 4233 supe-

104 4258 236 4310 rius
260 4256 531 4326 quomodo
563 4257 855 4328 nobiscum.
877 4256 1085 4324 positus
1117 4254 1482 4319 Chananaeus,
1517 4257 1696 4323 primo

102 4360 331 4404 tantum
358 4350 558 4402 tributa
606 4346 898 4417 dependet,
945 4347 1181 4399 secundo
1231 4346 1496 4400 obediens
1531 4345 1696 4400 cilici-

97 4450 206 4496 tur
257 4449 314 4495 et
361 4439 648 4507 subjectus,
710 4438 870 4492 tertio
943 4451 1072 4491 vero
1102 4438 1152 4490 itt
1205 4437 1571 4492 membrorum
1607 4451 1698 4491 no-

1795 1963 1814 1996 ‹
1874 1945 2188 2001 maledictus
2231 1946 2485 2000 Chanaan
2531 1963 2665 2016 puer
2712 1963 2900 2001 servus
2945 1949 3052 2001 erit
3099 1948 3364 2001 fratribus

1788 2039 1900 2090 suis
1955 2037 2017 2094 ¹⁷.
2086 2057 2106 2088 ι
2173 2037 2338 2092 Nobis
2398 2048 2575 2092 autem
2645 2048 2863 2108 praestet
2925 2039 3228 2105 Dominus,
3307 2046 3368 2092 ut

1790 2126 1884 2180 filii
1915 2127 2085 2181 simus
2128 2128 2426 2192 Abraham,
2453 2139 2506 2183 et
2534 2129 2711 2196 Isaac,
2756 2141 2809 2186 et
2841 2129 3031 2196 Jacob,
3075 2129 3372 2184 secundum

1789 2219 2207 2289 promissionem
2246 2221 2514 2284 haeredes,
2547 2231 2600 2276 et
2624 2223 2693 2275 ub
2725 2223 2826 2276 hoe
2854 2238 2920 2276 ex
2958 2221 3229 2290 lapidibus
3248 2234 3372 2274 sus-

1792 2313 1966 2377 citati,
2011 2323 2068 2365 ut
2114 2313 2285 2367 simus
2337 2313 2428 2367 filii
2469 2315 2744 2368 Abraham
2787 2331 2816 2369 a
2853 2315 3068 2369 Christo
3113 2313 3237 2368 Jesu
3267 2313 3373 2368 Do-

1793 2406 1939 2458 minu
1967 2415 2174 2469 nostro,
2224 2407 2310 2458 cui
2356 2415 2438 2459 est
2465 2406 2636 2475 gloria
2662 2417 2716 2460 et
2762 2407 3048 2475 imperium
3083 2407 3134 2460 in
3167 2403 3367 2462 sarcula

1794 2497 2138 2551 Saeculorum.
2167 2499 2356 2552 Arnen.

2319 2589 2603 2644 IIOMILIA
2648 2588 2840 2643 XXIII.

1899 2679 1975 2734 De
2020 2684 2224 2735 ratione
2258 2685 2480 2735 sortium
2527 2684 2614 2734 ubi
2639 2694 2831 2751 septem
2863 2681 3029 2734 tribus
3055 2681 3268 2751 capiunt

2385 2754 2769 2808 Inereditatem.

1864 2865 1916 2918 I.
1966 2863 2024 2917 In
2059 2864 2452 2920 consuetudine
2503 2864 2780 2918 hominum
2813 2879 2934 2918 cum
2982 2863 3182 2934 aliquid
3224 2872 3375 2920 sorte

1794 2956 2076 3022 dividitur,
2132 2956 2355 3011 fortuitu
2397 2957 2614 3010 videtur
2646 2972 2767 3011 sors
2818 2957 2905 3010 illa
2952 2959 3018 3011 ad
3071 2957 3244 3024 illum,
3287 2956 3373 3012 vel

1795 3048 1896 3103 alia
1951 3051 2018 3103 ad
2060 3051 2228 3104 alium
2285 3050 2398 3121 (9'5)
2449 3051 2643 3104 cadere
2693 3073 2704 3106 ε
2750 3051 2803 3104 in
2853 3049 3136 3119 Scriptura
3188 3059 3369 3104 autem

1797 3151 1984 3197 sancta
2014 3157 2118 3196 non
2151 3143 2220 3195 ita
2256 3150 2361 3196 est.
2404 3141 2708 3211 Aliquoties
2739 3142 3049 3210 quaerebam
3085 3143 3223 3212 apud
3262 3156 3374 3196 me-

1797 3235 2102 3302 metipsum,
2133 3233 2175 3287 si
2216 3234 2283 3286 de
2316 3249 2372 3287 re
2407 3242 2554 3286 tanta
2607 3247 2670 3287 ac
2707 3233 2798 3286 tali
2841 3231 2954 3302 (94)
2986 3243 3166 3301 patres
3195 3232 3372 3286 sancti

1795 3325 2034 3378 sortibus
2081 3323 2347 3391 judicium
2395 3323 2817 3385 commisissent,
2850 3325 2990 3392 quod
3015 3323 3060 3376 si
3084 3332 3228 3376 esset
3274 3322 3376 3377 hoc

1795 3415 1935 3483 apud
1979 3424 2197 3469 sanctus
2237 3416 2308 3468 ita
2357 3427 2589 3484 gestum,
2635 3415 2748 3484 jam
2801 3415 2866 3467 de
2910 3413 3029 3467 aliis
3067 3413 3377 3468 hominibus

1790 3511 1871 3565 vel
1923 3507 2213 3576 gentilibus
2248 3506 2358 3578 (95)
2394 3506 2526 3559 nihil
2567 3505 2762 3559 mirum
2795 3506 3090 3568 videretur,
3142 3505 3187 3558 si
3234 3502 3374 3558 nihil

1796 3599 2089 3654 haberetur
2114 3600 2374 3653 eximium
2422 3599 2480 3652 in
2531 3598 2617 3661 iis,
2649 3613 2768 3666 quae
2815 3611 2845 3649 a
2875 3597 3079 3650 sanctis
3109 3604 3255 3650 sorte
3290 3595 3375 3649 di-

1793 3697 1992 3744 cuntur
2036 3690 2232 3745 divisa.
2276 3689 2378 3744 Sed
2420 3690 2700 3744 videamus
2725 3689 2766 3742 si
2808 3688 2949 3741 forte
2990 3688 3042 3740 in
3073 3686 3375 3756 Scripturis

1795 3779 2106 3834 invenimus
2133 3779 2334 3848 aliquid
2373 3781 2633 3848 positum,
2658 3778 2801 3847 quod
2847 3777 3001 3830 nobis
3029 3775 3154 3844 quid
3193 3776 3365 3828 virtu-

1796 3873 1864 3926 tis
1903 3872 2246 3925 contineatur
2292 3872 2342 3925 in
2389 3871 2629 3925 sortibus
2673 3869 3002 3923 manifestet.
3051 3866 3376 3934 Incipiamus

1796 3979 1927 4034 ergo
1961 3981 1990 4018 a
2031 3962 2299 4029 Levitico,
2344 3963 2434 4017 ubi
2483 3962 2748 4030 scriptum
2798 3969 2882 4014 est
2911 3960 2953 3990 ’³
2993 3973 3009 4012 :
3059 3977 3077 4010 ι
3118 3958 3186 4011 Ει
3231 3958 3377 4013 acci-

1795 4059 1982 4125 pient,
2059 4056 2274 4126 inquit,
2346 4057 2482 4109 duas
2529 4064 2723 4110 sortes.
2790 4053 2921 4107 Sors
2977 4067 3081 4105 una
3125 4051 3376 4118 Domino,

1796 4159 1848 4204 et
1897 4164 2016 4204 sors
2049 4164 2154 4202 una
2203 4162 2571 4217 apopompeo,
2619 4166 2636 4198 ι
2674 4147 2776 4201 hoc
2812 4155 2915 4209 est,
2975 4142 3377 4200 transmissori.

1801 4259 1820 4293 ι
1875 4243 1940 4296 Ει
1971 4258 2132 4311 super
2165 4256 2542 4310 quemcunque
2603 4240 2820 4294 venerit
2873 4254 2995 4292 sors
3043 4235 3376 4306 apopompzei

1797 4336 2026 4406 accipiet
2056 4337 2266 4389 hircum
2315 4335 2489 4398 illum,
2531 4343 2584 4386 et
2614 4332 2844 4386 adducet
2875 4331 3021 4384 illum
3048 4331 3100 4382 in
3130 4343 3372 4382 eremum

1797 4434 2007 4494 vivum,
2039 4441 2093 4486 et
2122 4431 2358 4485 dimittet
2401 4430 2546 4484 illum
2601 4429 2674 4482 ibi
2724 4428 2776 4481 in
2830 4426 3148 4480 dimissiune
3193 4439 3311 4479 sua.
3348 4443 3367 4475 ι

98 4542 358 4588 atrorum
391 4529 811 4584 tuortilicatione
868 4527 1036 4582 etiant
1081 4527 1433 4581 exterminari
1472 4527 1691 4582 dicitur.
1728 4548 1770 4602 ο
1798 4524 1978 4578 Alium
2013 4539 2141 4578 vero
2160 4523 2368 4576 hircum
2395 4519 2756 4599 immolabunt
2787 4517 3034 4582 Domino,
3065 4525 3117 4569 et
3147 4515 3376 4584 reliqua,

98 4623 248 4692 Qure
282 4624 328 4678 si
358 4631 505 4678 recte
546 4620 917 4689 intelligimus,
961 4627 1015 4674 et
1064 4619 1291 4673 donavit
1321 4618 1477 4673 nobis
1520 4619 1698 4672 Domi-

99 4733 222 4773 nus
251 4732 351 4786 per
373 4716 600 4787 gratiam
639 4730 792 4770 suam
826 4715 901 4768 ita
951 4713 1066 4768 haec
1116 4711 1443 4781 intelligere,
1488 4710 1560 4764 sit
1606 4710 1700 4764 ali-

96 4812 245 4882 quid
277 4825 460 4881 opera:
487 4809 650 4880 pretii
687 4809 800 4862 haec
827 4808 892 4862 de
920 4806 1148 4861 secretis
1178 4814 1233 4860 et
1285 4803 1616 4859 absconditis
1642 4803 1694 4856 in

95 4903 395 4974 publicum
422 4900 762 4971 produxisse,
797 4907 851 4953 et
876 4899 1091 4953 venisse
1116 4896 1184 4950 ad
1213 4895 1546 4967 agnitionem
1602 4907 1697 4947 no-

99 5008 319 5061 stram,
353 5009 476 5066 qua:
526 4993 890 5049 servabantur
923 4991 1176 5055 obtecta;
1224 4998 1280 5043 et
1300 5001 1561 5042 conemur
1606 5000 1696 5040 sc-

94 5091 355 5146 cundum
384 5088 502 5143 haec
523 5101 645 5157 quae
683 5085 941 5148 diximus,
971 5083 1343 5139 Chananaeum
1376 5080 1464 5150 qui
1517 5078 1695 5132 nobis-

182 5281 228 5312 “
269 5276 386 5335 Jos.
411 5292 547 5336 xvn.
583 5275 669 5331 l6.

97 5351 153 5385 ¹⁸
197 5350 379 5406 Levit.
430 5364 540 5413 xvr,
566 5346 624 5413 8,
657 5345 744 5400 ll).

179 5465 300 5538 (90)
318 5464 520 5522 Omnes
543 5477 676 5519 mss.
709 5479 729 5514 ‹
762 5458 1060 5516 naturales.
1092 5474 1112 5509 ›
1141 5453 1303 5510 Libb.
1336 5451 1466 5507 editi
1493 5467 1507 5505 :
1542 5467 1561 5501 ι
1596 5464 1694 5503 na-

93 5549 164 5595 m
178 5540 509 5680 igi'iOCiidex
541 5604 830 5680 Sangerm.
863 5617 987 5658 cum
1023 5615 1131 5657 uno
1150 5596 1367 5654 Ebroic.
1392 5613 1410 5646 ι
1450 5593 1504 5648 in
1535 5603 1639 5645 me.
1669 5609 1688 5643 ι

89 5675 268 5734 Libh.
315 5679 471 5741 editi,
503 5695 522 5729 ε
556 5676 610 5731 in
637 5675 883 5746 meridie.
927 5691 946 5724 ι
1038 5741 1051 5746 _
1140 5738 1256 5746 ____

193 5747 340 5819 (θῖ)
398 5736 526 5805 Mss.
581 5764 600 5798 ι
651 5761 719 5802 ne
759 5745 804 5800 si
845 5745 1010 5800 forte.
1038 5741 1090 5813 1)
1140 5738 1298 5797 Libb.
1339 5736 1467 5793 editi
1509 5752 1522 5788 :
1559 5749 1580 5784 ι
1629 5744 1694 5786 ne

92 5821 279 5876 forte.
328 5839 346 5870 ι

1801 4629 1922 4682 quae
1980 4613 2049 4666 ibi
2093 4619 2240 4667 sunt.
2291 4610 2421 4676 Qua:
2469 4609 2654 4676 utique
2696 4609 2878 4661 sciunt
2923 4606 3014 4673 qui
3066 4605 3268 4672 legunt.
3314 4605 3380 4658 Et

1803 4705 1998 4759 iterum
2033 4704 2122 4758 ubi
2145 4701 2354 4771 Moyses
2387 4708 2534 4754 sorte
2570 4699 2755 4752 divisit
2785 4696 2943 4751 tribui
2971 4695 3183 4761 Ruben,
3217 4706 3268 4750 et
3289 4697 3381 4751 tri-

1800 4795 1890 4850 hui
1916 4796 2052 4859 Gad,
2073 4805 2126 4849 et
2150 4794 2386 4848 dimidia:
2411 4793 2571 4847 tribui
2593 4791 2860 4856 Manasse,
2889 4805 3007 4858 quae
3027 4795 3380 4858 poposcerant

1806 4887 2266 4944 transJordanem
2307 4885 2554 4954 accipere
2596 4892 2796 4937 terram
2831 4881 3000 4946 illam,
3028 4895 3189 4948 quam
3221 4893 3378 4932 acre-

1802 4990 2001 5051 perunt
2043 4979 2136 5034 lilii
2171 4977 2360 5034 Israel.
2391 4977 2556 5031 Dedit
2595 4986 2772 5029 autem
2806 4974 2969 5027 etiam
2999 4972 3153 5026 Jesus
3187 4986 3380 5025 secun-

1806 5076 1932 5130 dum
1997 5083 2324 5142 praeceptum
2387 5069 2480 5124 Dei
2539 5067 2706 5122 Caleb
2769 5066 2876 5121 lilio
2933 5063 3142 5119 JelI‘une
3209 5061 3380 5117 tribus

748 5272 792 5305 ¹³
816 5271 950 5326 ibid.
991 5271 1080 5337 I7,
1112 5274 1200 5325 18.
1280 5269 1324 5298 "
1345 5265 1537 5320 Matth.
1566 5281 1648 5328 tn,
1688 5262 1777 5317 10.
1855 5260 2030 5316 “’Jos.
2053 5275 2175 5322 xvn,
2200 5258 2290 5313 28.
2370 5256 2412 5288 ⁸³
2439 5254 2576 5310 Dan.
2611 5269 2731 5308 xm.
2761 5252 2852 5308 56.
2934 5250 2974 5281 ¹⁷
3005 5247 3144 5304 Gen.
3183 5261 3258 5310 1x,
3284 5244 3376 5298 25.

1868 5441 1981 5514 (95)
2000 5513 2007 5514 7
2028 5438 2122 5494 Vel
2150 5439 2259 5492 alia
2286 5439 2354 5514 nd
2387 5436 2578 5514 tilium.
2610 5434 2736 5514 Ilaec
2763 5433 2966 5514 desunt
2993 5427 3044 5514 in
3084 5423 3240 5480 libris
3262 5423 3380 5477 edi—

1799 5502 1886 5580 tis,
1917 5502 2011 5568 sed
2045 5519 2261 5564 exstant
2288 5509 2339 5560 in
2369 5508 2585 5580 duobus,
2613 5502 3102 5580 Ehroicensibus."
3218 5561 3238 5580 π
3264 5564 3274 5575 ο

1867 5561 2214 5657 (9Ῑιῑοῖὴῆξξε
2245 5594 2373 5657 mss.
2414 5597 2431 5629 σ
2475 5577 2536 5657 si
2557 5579 2708 5657 d_e_re
2738 5583 2884 5627 tanta
2916 5584 2980 5624 ac
3012 5566 3124 5622 tali.
3167 5581 3188 5616 ι
3216 5561 3378 5618 Libb.

1795 5647 1922 5712 editi
1955 5647 1970 5706 ἑ
2008 5670 2025 5703 t
2064 5651 2106 5706 si
2141 5650 2210 5704 de
2237 5651 2400 5704 tantis
2431 5663 2497 5702 ac
2527 5647 2747 5701 talibus.
2791 5663 2810 5696 ι
3215 5700 3276 5714 ,ο

1868 5700 1982 5798 (95)
2013 5700 2207 5798 Cedas
2241 5700 2532 5798 Siiuéerlit.
2587 5735 2606 5769 ι
2649 5716 2732 5772 vel
2782 5711 3097 5784 gentilibus.
3148 5723 3168 5760 ι
3213 5700 3376 5760 Libh.

1797 5791 1926 5854 editi
1963 5791 1974 5850 Ξ
2013 5813 2031 5846 t
2073 5792 2152 5847 vel
2180 5791 2455 5859 gentibus.
2505 5811 2523 5842 ι
