3874 6504
513 311 622 370 933

1969 314 2296 372 ORIGENIS
3669 318 3754 374 935

511 441 668 498 Judw
685 440 800 514 (96)
834 449 1055 497 sortem.
1084 439 1241 495 Dedit
1267 449 1446 494 autem
1473 449 1525 494 et
1553 440 1716 494 tribui
1753 439 2010 508 Ephrem,
2043 451 2096 492 rt
2125 444 2171 500 Α
2202 448 2406 502 mento,
2436 437 2607 493 sicubi
2658 451 2777 492 sors
2813 436 2864 491 in
2906 435 3127 493 Christo
3167 437 3254 492 vel
3304 437 3358 491 in
3416 437 3641 494 Ecclesia
3675 458 3755 496 uo-

515 535 592 592 illi
638 551 760 606 qua:
807 541 1137 602 supererat,
1195 532 1435 586 dimidia:
1493 531 1657 586 tribui
1707 531 1971 587 Manasse.
2033 533 2098 586 Et

515 638 638 698 post
673 629 784 681 haec
835 625 1212 695 congregavit,
1261 623 1482 692 inquit,
1524 623 1836 678 ecclesiam
1863 624 2096 679 liliorum

511 718 705 783 Israel,
736 727 791 773 et
827 719 963 772 dixit
986 719 1027 756 ’θ
1057 735 1071 770 :
1111 735 1128 766 ι
1169 715 1375 768 Mittam
1403 725 1632 781 sortem,
1659 725 1712 770 et
1745 716 2018 784 proferam
2043 717 2095 771 in

510 823 806 884 conspectu
861 813 1074 868 Domini
1124 821 1368 875 sortem,
1425 811 1467 865 si
1521 811 1672 880 prius
1721 813 2098 867 describentes

509 916 749 972 terram,
800 906 1093 961 attuleritis
1143 904 1567 973 descriptionem
1626 905 1766 974 ejus.
1821 923 1840 957 ι
1894 905 1962 960 Ει
2022 906 2094 959 ita

510 1012 635 1072 post
669 1001 786 1055 haec
819 999 1060 1054 sortibus
1097 999 1280 1052 missis
1315 997 1609 1051 brereditas
1634 997 1834 1066 populo
1867 997 2095 1054 Deidis-

513 1093 792 1156 tribuitur,
817 1103 872 1147 et
895 1095 1139 1163 agitatur
1162 1108 1282 1147 sors
1315 1092 1415 1144 ista
1444 1106 1548 1144 non
1588 1091 1843 1152 fortuitu,
1880 1093 1972 1146 sed
2011 1106 2098 1146 se-

509 1187 748 1238 cundum
797 1186 919 1246 hoc,
951 1186 1092 1252 quod
1134 1186 1581 1254 pnedestinatum
1620 1194 1700 1238 est
1729 1201 1756 1236 a
1787 1185 1912 1238 Deo.
1944 1183 2097 1238 Deni—

509 1288 615 1343 que
646 1275 818 1329 tribus
863 1274 1143 1342 Benjamin
1189 1278 1362 1345 prima
1406 1277 1477 1330 ibi
1528 1277 1737 1344 accepit
1767 1287 1968 1331 sortem
2001 1276 2094 1331 ubi

509 1379 628 1424 erat
655 1367 991 1432 Jerusalem,
1029 1381 1152 1439 post
1194 1370 1334 1423 hanc
1375 1369 1547 1423 tribus
1581 1367 1800 1422 Simcou
1833 1369 2091 1436 secunda,

509 1472 634 1531 post
669 1462 1104 1525 hauclssacbar,
1150 1463 1344 1516 deinde
1389 1460 1878 1522 Zabulon,deiude
1932 1461 2091 1525 Aser,

512 1563 635 1623 post
667 1556 833 1610 etiam
870 1553 1241 1624 Nepbthalim,
1270 1555 1394 1608 inde
1433 1556 1566 1607 Dan.
1596 1539 1659 1608 In
1687 1556 1884 1622 quibus
1910 1554 2096 1608 novis-

511 1647 650 1701 sime
687 1648 913 1700 veuiuut
966 1655 1077 1701 tres
1124 1646 1226 1699 illte
1275 1647 1469 1713 tribus,
1503 1663 1623 1716 quae
1669 1663 1734 1700 ex
1771 1647 2093 1702 concubinis

513 1736 908 1790 descenderant
935 1735 1126 1790 Jacob.

2202 530 2462 593 minatur,
2507 533 2586 583 vel
2626 531 2677 583 ιιι
2719 530 2880 584 rebus
2911 529 3180 599 mysticis,
3213 539 3269 583 et
3301 545 3424 598 qua!
3456 531 3521 582 ad
3551 532 3750 586 animata

2199 624 2481 694 pertinere
2513 623 2830 676 videantur.
2872 621 3098 676 Invenio
3131 622 3370 676 Paulum
3400 624 3469 675 ad
3522 622 3749 692 Ephesus

2201 717 2533 773 scribentem
2569 717 2752 771 dicere
2778 715 2846 771 de
2875 714 3096 771 Christo
3136 734 3150 772 ι
3201 733 3225 768 ι
3266 717 3324 770 1η
3355 731 3489 784 qua,
3530 718 3755 787 inquit",

2200 819 2350 865 sorte
2408 812 2584 864 vocati
2623 824 2833 876 sumus,
2899 809 3275 878 prtedestinati
3327 811 3622 865 secundum
3658 829 3757 881 pro.

2200 905 2438 974 positum
2475 904 2613 975 ejus.
2647 903 2742 972 qui
2775 903 2957 958 omnia
3009 913 3271 974 operatur
3327 906 3626 958 secundum
3653 921 3755 960 eoa-

2201 998 2383 1051 silium
2445 996 2741 1052 voluntatis
2799 995 2959 1068 451
3019 1012 3163 1059 sum,
3214 1005 3274 1051 ut
3333 997 3512 1052 simus
3559 997 3610 1051 in
3664 999 3755 1053 lau-

2201 1090 2322 1142 dem
2354 1090 2541 1158 glorize
2585 1088 2701 1158 ejus
2736 1091 2825 1159 qui
2857 1101 2983 1146 ante
3022 1090 3369 1159 speravimus
3405 1091 3461 1143 in
3494 1089 3711 1148 Christo.
3737 1111 3753 1144 ι

2203 1179 2310 1236 Sed
2359 1191 2414 1235 ct
2453 1182 2519 1235 ad
2556 1180 2908 1237 Colossenses
2947 1182 3062 1236 haec
3114 1182 3455 1236 scribentem
3479 1181 3565 1235 ’δε
3601 1201 3618 1233 r
3649 1181 3755 1236 Gra-

2203 1274 2305 1327 tias
2357 1283 2582 1344 agentes
2634 1274 2744 1328 Deo
2799 1273 2946 1329 Patri
2990 1276 3086 1344 qui
3139 1276 3369 1330 idoneos
3415 1290 3517 1330 nos
3566 1274 3679 1328 fecit
3717 1278 3754 1330 in

2200 1377 2353 1433 parte
2395 1365 2558 1420 sortis
2625 1375 2943 1421 sanctorum
2984 1367 3036 1420 in
3083 1368 3311 1422 lumine.
3338 1385 3361 1422 ι
3405 1367 3545 1422 Tam
3605 1369 3755 1425 multis

2203 1457 2364 1526 igitur
2417 1475 2480 1513 ex
2532 1458 2836 1526 Scripturis
2891 1461 3098 1516 sanctis
3163 1461 3229 1515 de
3269 1464 3756 1518 commemoratum

2199 1552 2425 1604 sortium
2503 1551 2832 1605 testimoniis
2890 1557 3274 1624 congregatis,
3341 1570 3457 1622 quo
3525 1569 3592 1609 ex
3646 1556 3754 1608 mul-

2202 1652 2383 1697 torum
2443 1643 2689 1698 locorum
2748 1645 3189 1702 consideratione
3228 1647 3494 1700 virtutem
3546 1648 3618 1701 rei
3660 1662 3753 1716 pos-

2199 1735 2370 1789 simus
2390 1735 2703 1804 diligcntius
2732 1738 3152 1806 apprehendere
3172 1778 3187 1801 ,
3223 1738 3358 1792 mihi
3394 1739 3613 1807 quidem
3636 1741 3754 1792 exiis

583 1828 640 1883 2.
673 1829 804 1894 Qum
841 1843 970 1898 ergo
1013 1831 1083 1884 sit
1109 1831 1249 1886 ratio
1275 1832 1505 1884 sortium
1534 1831 1674 1900 apud
1709 1833 2091 1902 memetipsum
2127 1815 2169 1868 Β
2201 1825 2452 1882 omnibus
2481 1829 2565 1882 vel
2596 1829 2820 1883 evidens
2854 1829 3030 1883 adhuc
3061 1845 3255 1885 sensus
3285 1831 3354 1885 ad
3397 1831 3660 1900 liquidum
3687 1848 3752 1898 pa-

514 1922 881 1990 requirebam,
936 1931 994 1973 ut
1043 1938 1111 1977 ex
1173 1923 1360 1979 multis
1410 1924 1741 1978 testimoniis
1796 1923 2095 1994 Scriptura:

511 2014 654 2083 quod
682 2013 881 2068 latebat
913 2030 1289 2084 agnoscerem.
1321 2017 1670 2072 Inveniebam
1695 2034 1829 2075 sane
1857 2021 1906 2072 in
1946 2021 2097 2076 Scri—

510 2105 686 2173 pturis
717 2105 882 2159 etiam
915 2107 1147 2174 gentiles
1197 2109 1446 2163 homines
1479 2124 1608 2164 usos
1658 2126 1780 2166 esse
1829 2115 2090 2180 sortibus,

512 2206 638 2252 tunc
669 2214 792 2253 eum
837 2201 1127 2268 navigaret
1177 2199 1362 2265 Jonas,
1412 2211 1465 2257 et
1511 2213 1806 2274 tempestas
1853 2217 2092 2275 urgeret.

509 2290 675 2342 Aiunt
716 2306 950 2361 namque
1004 2294 1037 2345 ii
1090 2293 1180 2361 qui
1226 2296 1560 2364 navigabant
1611 2298 1655 2328 ὀ
1689 2311 1704 2349 :
1744 2317 1761 2348 ι
1818 2297 2097 2353 Mittamus

509 2392 736 2445 sortem,
771 2391 829 2437 et
874 2384 1158 2438 videaums
1195 2383 1353 2454 cujus
1399 2402 1560 2441 causa
1595 2389 1709 2442 lucc
1739 2399 1890 2442 tanta
1938 2389 2097 2442 mali-

508 2473 582 2526 tia
609 2481 712 2542 est,
747 2491 765 2525 ι
793 2473 948 2544 quasi
979 2490 1097 2530 sors
1135 2485 1342 2530 tantunt
1368 2479 1594 2544 valeret,
1623 2489 1680 2531 ut
1711 2481 1942 2548 prodere
1966 2495 2091 2534 eum

511 2577 715 2636 posset,
739 2566 896 2636 enjus
920 2583 1089 2622 causa
1137 2569 1444 2637 perieulum
1493 2572 1881 2640 navigantibus
1915 2574 2096 2628 immi-

513 2668 694 2714 neret.
718 2658 785 2712 Et
818 2660 1072 2728 quamvis
1109 2660 1339 2730 gentiles
1358 2671 1566 2726 essent,
1591 2673 1646 2717 et
1668 2663 1832 2719 alieni
1858 2679 1887 2718 a
1910 2667 2096 2737 cogni-

514 2750 661 2805 tione
693 2751 808 2819 Dei,
857 2769 964 2808 nen
1021 2764 1202 2808 tamen
1258 2755 1310 2809 in
1352 2762 1452 2810 hac
1504 2759 1762 2826 opinione
1808 2759 2093 2827 falluntur,

511 2845 607 2900 sed
630 2845 777 2915 quod
810 2861 1000 2901 verum
1029 2857 1168 2914 erat,
1195 2830 1432 2916 prodidit
1464 2849 1576 2920 (97)
1625 2851 1702 2906 eis
1755 2867 1897 2910 sors.
1928 2853 2094 2910 Deni-

510 2951 618 3008 que
663 2955 684 2990 t
734 2939 931 3005 venit,
989 2938 1164 3009 inquit
1196 2981 1212 3008 ,
1273 2957 1393 2996 sors
1432 2958 1599 3010 super
1627 2942 1839 3000 Jonatu.
1881 2965 1899 2997 ι
1936 2945 2095 3013 Quae-

511 3043 642 3084 rens
680 3045 810 3100 ergo
845 3032 911 3084 de
936 3031 1024 3096 iis,
1055 3032 1274 3087 invenio
1303 3040 1356 3086 et
1384 3031 1733 3088 Salomonem
1766 3036 1818 3089 in
1860 3035 2097 3093 Prover-

510 3123 614 3178 biis
638 3123 907 3178 dicentem
932 3125 975 3155 “
1005 3141 1016 3177 :
1048 3144 1066 3176 ‹
1102 3124 1575 3179 Contradictioucs
1610 3127 1828 3183 cohibet
1861 3143 2003 3194 sors,
2037 3138 2096 3185 et

510 3216 656 3271 inter
707 3226 960 3287 potentes
1004 3218 1214 3283 deﬁnit,
1251 3237 1270 3268 ι
1314 3217 1476 3271 veluti
1529 3233 1748 3275 cessare
1798 3223 2095 3278 ostendens

511 3309 993 3376 contradictiones,
1023 3311 1111 3363 ubi
1155 3311 1390 3365 mittitur
1425 3326 1565 3375 sors.
1602 3312 1707 3366 Sed
1739 3329 1861 3368 eum
1890 3315 2004 3370 lucc
2040 3316 2094 3370 in

510 3398 866 3456 Testamento
917 3401 1096 3456 Veteri
1133 3418 1238 3456 non
1294 3419 1461 3471 pauca
1516 3405 1712 3460 referri
1742 3407 1810 3461 de
1858 3409 2096 3464 sortibus

510 3492 832 3558 invenirem,
889 3497 1138 3549 converti
1190 3511 1276 3550 me
1323 3498 1491 3550 etiam
1543 3498 1610 3550 ad
1650 3497 1862 3552 Novum
1901 3499 2096 3555 Testa-

508 3597 838 3663 mentum,ut
866 3591 1103 3644 viderem
1138 3590 1182 3647 si
1230 3590 1372 3646 forte
1433 3591 1513 3646 vel
1565 3593 1638 3647 ibi
1673 3604 2097 3650 contemnuntur

515 3695 714 3739 sortes.
751 3686 819 3738 At
846 3698 913 3740 ne
950 3687 1022 3741 ibi
1062 3687 1280 3754 quidem
1319 3703 1508 3741 earum
1547 3703 1677 3740 usus
1713 3687 1986 3754 abjicitur,
2042 3698 2097 3742 et

510 3777 731 3834 invenio
766 3781 910 3849 qttod
944 3779 1236 3848 aliquando
1273 3797 1393 3833 cum
1440 3781 1651 3833 deesset
1693 3795 1919 3834 numero
1974 3797 2098 3853 apo-

509 3871 776 3927 stolorum
813 3888 952 3926 unus
982 3871 1284 3941 apostolus,
1334 3884 1388 3926 et
1432 3882 1579 3926 esset
1630 3876 1998 3926 necessarium
2039 3874 2090 3928 in

508 3963 631 4020 loco
672 3963 823 4020 .Iudte
853 3965 1016 4020 alium
1048 3968 1352 4036 subrogari,
1395 3967 1783 4023 convenientes
1831 3969 2090 4036 apostoli,

511 4059 606 4128 qui
659 4058 850 4127 utique
901 4059 1070 4113 multo
1097 4059 1461 4126 sapientiores
1516 4071 1675 4115 erant
1711 4076 1872 4131 quam
1928 4062 1962 4115 ii
2000 4064 2092 4133 qtti

512 4164 657 4205 nunc
701 4152 986 4219 episcopos
1031 4151 1116 4205 vel
1156 4154 1511 4220 presbyteros
1549 4153 1632 4206 vel
1659 4155 1918 4210 diaconos
1947 4158 2094 4210 ordi-

510 4250 666 4309 nant,
709 4243 994 4312 elegerunt
1031 4243 1166 4297 duos
1201 4253 1253 4297 et.
1289 4254 1598 4298 statuerunt
1643 4248 1694 4300 in
1731 4249 1907 4301 medio
1946 4267 1958 4301 :
1992 4265 2095 4305 nec

513 4343 690 4388 tamen
741 4335 809 4389 de
863 4335 942 4389 eis
994 4335 1353 4406 sibimetipsis
1395 4336 1657 4404 judicium
1701 4341 2090 4407 permiserunt,

511 4434 570 4482 ut
603 4424 750 4479 illum
805 4426 1056 4482 facerent
1105 4443 1266 4498 quem
1319 4429 1420 4498 ipsi
1477 4429 1778 4484 voluissent
1821 4430 1960 4504 (98),
1995 4433 2090 4486 sed

2207 1928 2320 1972 tere
2345 1932 2451 1971 non
2497 1919 2709 1986 potuit,
2743 1919 2829 1974 vel
2879 1919 3044 1975 etiam
3075 1921 3140 1973 de
3173 1937 3230 1975 re
3273 1930 3432 1974 tanta
3475 1923 3754 1975 enuntiandi

2203 2019 2257 2061 et
2281 2008 2593 2078 proferendi
2636 2012 2821 2064 arcani
2866 2020 3042 2066 metus
3072 2011 3294 2067 insedit.
3328 2010 3472 2067 Illud
3507 2022 3673 2067 tamen
3715 2017 3754 2069 in

2201 2111 2464 2169 quantum
2509 2117 2595 2156 res
2627 2102 2829 2171 patitur
2873 2103 3170 2174 contigisse
3213 2103 3490 2172 sulliciat,
3526 2108 3659 2175 quod
3685 2125 3756 2160 uo-

2203 2195 2286 2246 bis
2315 2196 2381 2247 ab
2424 2185 2683 2263 aposwlis
2721 2209 2843 2249 sors
2877 2194 3039 2250 ducta
3089 2197 3378 2265 designat,
3427 2202 3560 2267 quia
3597 2202 3673 2253 ubi
3705 2217 3754 2255 ex

2201 2285 2308 2340 ﬁde
2338 2287 2540 2357 integra
2573 2296 2628 2342 et
2656 2288 2905 2342 oratione
2931 2290 3212 2358 praemissa
3265 2305 3393 2344 sors
3443 2292 3668 2354 ducitur,
3709 2311 3754 2348 α

2200 2393 2319 2448 quae
2349 2377 2442 2431 Dci
2479 2379 2732 2436 voluntas
2759 2384 3005 2436 continet
3032 2385 3083 2436 in
3112 2385 3368 2451 occulto,
3408 2402 3534 2440 sors
3573 2389 3756 2441 lacinia}-

2199 2474 2300 2529 bus
2329 2473 2568 2529 declarat
2605 2475 2655 2528 in
2684 2473 2992 2530 manifesto.

2233 2615 2236 2619 .
2272 2571 2327 2626 3.
2354 2570 2664 2626 Secundum
2703 2571 3017 2626 interiorem
3066 2584 3195 2624 vero
3229 2571 3578 2626 intellectum
3600 2614 3614 2636 ,
3646 2572 3755 2626 sicut

2199 2666 2408 2722 I‘aulns
2433 2667 2648 2722 videtur
2682 2666 2927 2720 indicare
2954 2679 3076 2718 cum
3109 2665 3283 2718 dicit:
3324 2683 3344 2717 ι
3393 2665 3453 2718 In
3487 2679 3632 2734 parte
3663 2681 3754 2720 sor-

2204 2759 2271 2815 tis
2302 2769 2650 2822 sanctorum;
2687 2773 2702 2808 ι
2742 2766 2822 2812 et:
2847 2757 3038 2812 «Sorte
3070 2757 3249 2811 vocati
3282 2757 3336 2810 in
3367 2755 3621 2820 Christo,
3656 2776 3673 2807 ι
3698 2759 3758 2808 ri-

2203 2853 2438 2906 dendmn
2480 2861 2566 2906 est
2603 2866 2670 2904 ne
2703 2852 2842 2905 l'orte
2875 2865 2982 2903 non
3009 2848 3184 2904 solum
3222 2849 3279 2902 in
3314 2849 3652 2916 hominibus,
3684 2853 3756 2903 sed

2200 2955 2256 3000 et
2292 2946 2344 3000 iu
2381 2945 2635 3014 superuis
2668 2932 2962 2998 virtutibus
2997 2956 3116 2997 sors
3148 2952 3378 3011 agatur,
3411 2958 3466 2996 et
3512 2945 3758 3011 pusillis

2201 3039 2387 3108 aliqua
2422 3038 2602 3092 virtus
2625 3037 2754 3092 huic
2785 3034 2961 3090 oliieio
2989 3075 3004 3101 ,
3029 3049 3183 3102 quae,
3224 3035 3385 3090 verbi
3423 3050 3586 3088 causa
3607 3076 3621 3100 ,
3658 3033 3757 3089 in

2123 3163 2166 3221 ο
2202 3132 2314 3188 ﬁlio
2348 3130 2498 3186 Nave
2524 3146 2669 3184 nunc
2692 3137 2841 3184 sorte
2866 3130 3242 3184 luereditatem
3279 3129 3633 3183 distribuenti
3677 3145 3756 3182 non

2202 3227 2270 3281 ad
2301 3225 2536 3294 aliquam
2570 3223 2838 3293 gratiam,
2863 3223 2958 3276 sed
2993 3222 3297 3277 secundum
3336 3223 3491 3289 quod
3540 3224 3636 3276 scit
3679 3221 3758 3275 Des

2202 3321 2449 3390 placere,
2484 3319 2737 3372 ducatum
2773 3317 3046 3387 praebeat:
3079 3325 3134 3370 et
3166 3316 3240 3370 illi
3270 3317 3349 3384 (l)
3387 3317 3606 3386 quidem
3634 3317 3758 3370 laetu

2199 3413 2418 3469 evenire
2444 3426 2563 3479 qua:
2589 3411 2762 3481 prima
2789 3419 2939 3474 sunt,
2965 3424 3124 3478 quem
3162 3411 3274 3465 scit
3303 3409 3456 3477 apud
3491 3409 3650 3463 Deum
3673 3409 3757 3476 pri-

2201 3522 2350 3560 mum
2394 3506 2574 3559 locum
2609 3516 2827 3558 tenere:
2865 3517 2974 3571 quo
3022 3503 3123 3558 hoc
3156 3504 3305 3570 quod
3347 3504 3406 3556 in
3441 3502 3663 3556 occultis
3692 3505 3760 3555 lia-

2201 3598 2366 3652 hetur
2405 3596 2548 3664 apud
2588 3596 2758 3650 Deum
2787 3596 2953 3650 sortis
2983 3596 3393 3663 gubernatione
3434 3595 3598 3648 etiam
3625 3595 3759 3648 boui-

2201 3689 2361 3743 uibus
2408 3689 2916 3752 demonstraretur;
2950 3687 3116 3741 alium
3155 3702 3289 3740 vero
3335 3686 3531 3741 facere
3577 3687 3754 3740 ερρυηίῇ

2201 3779 2335 3844 loci,
2365 3788 2421 3834 et
2446 3779 2611 3834 alium
2644 3779 2812 3834 tertii.
2845 3779 2998 3846 Quod
3020 3780 3088 3833 ita
3122 3790 3344 3850 gestum
3384 3795 3512 3834 esse
3550 3796 3645 3832 non
3692 3793 3736 3831 se

2201 3873 2312 3926 lum
2339 3872 2392 3926 in
2421 3873 2582 3926 terris
2605 3871 2874 3935 arbitror,
2905 3886 3090 3925 vermu
3125 3870 3296 3925 etiam
3333 3871 3390 3922 iu
3446 3869 3756 3928 ccelestihus,

2199 3973 2255 4018 et
2285 3961 2597 4032 hujusmodi
2645 3971 2854 4017 sortem
2898 3978 3022 4031 quae
3072 3961 3214 4031 apud
3262 3962 3440 4015 Deum.
3481 3965 3756 4015 merum-au

2198 4055 2660 4124 contemplatione
2684 4056 3056 4124 distinguitur,
3089 4055 3256 4107 etiam
3296 4055 3396 4108 illo
3434 4065 3666 4124 tempore
3687 4054 3758 4104 ha-

2197 4149 2368 4204 bitam
2390 4167 2434 4213 ,t
2461 4163 2584 4202 cum
2617 4147 2885 4202 divideret
2914 4157 2968 4200 et
2992 4146 3362 4200 constitueret
3384 4147 3640 4200 Excelsus
3659 4158 3755 4213 ges-

2204 4251 2286 4296 tes
2305 4281 2318 4304 ,
2352 4249 2410 4294 et
2440 4241 2826 4296 disseminaret
2853 4239 2994 4292 ﬁlios
3013 4238 3208 4315 Adam,
3257 4247 3315 4291 et
3338 4239 3686 4292 constitueret
3712 4239 3756 4282 k-

2198 4350 2294 4389 nes
2329 4334 2571 4403 gentium
2608 4331 2908 4388 secundum
2962 4345 3252 4385 numerum
3301 4330 3620 4400 angelorum
3658 4326 3753 4379 Dei;

2197 4436 2252 4482 et
2302 4427 2444 4480 facta
2473 4437 2556 4480 est
2588 4425 2766 4493 portio
2801 4424 2890 4476 Dei
2920 4422 3089 4477 Jacob
3114 4463 3129 4484 ,
3179 4422 3464 4476 funiculus
3511 4419 3756 4474 limare-lit.-

509 4528 749 4582 oranles,
802 4521 996 4590 inquit,
1032 4522 1299 4576 miserunt
1335 4529 1537 4575 sortem
1589 4539 1657 4576 ex
1710 4522 1816 4575 illis
1873 4527 2086 4580 duobus
2121 4531 2166 4587 D
2199 4518 2268 4571 tis
2300 4516 2417 4583 ejus
2461 4515 2626 4570 Israel
2657 4516 2723 4567 ’³.
2758 4533 2776 4564 ι
2811 4514 2968 4568 Vides
3015 4515 3159 4568 enim
3201 4515 3332 4582 quia
3367 4525 3426 4568 et
3464 4515 3552 4567 hic
3583 4522 3752 4580 partes:

511 4626 649 4681 quos
676 4622 980 4666 statuerant
1005 4615 1058 4667 in
1092 4625 1386 4684 conspectu
1422 4613 1538 4678 Ilei,
1566 4614 1616 4668 id
1641 4627 1724 4669 cSt
1749 4615 1969 4683 Joseph,
1998 4618 2088 4686 qui

509 4707 810 4759 vocabatur
843 4707 954 4776 (99)
981 4706 1282 4775 Barnabas,
1317 4709 1407 4777 qui
1433 4711 1848 4779 cognominatus
1871 4720 1954 4764 est
1996 4710 2092 4764 Ju-

512 4805 650 4858 stus,
710 4805 766 4849 el
806 4797 1108 4852 Mattltiam.
1154 4818 1172 4850 ι
1223 4801 1288 4854 Et
1338 4801 1556 4864 cecidit,
1618 4801 1794 4869 inquit
1830 4802 1898 4864 ²²,
1972 4818 2090 4858 sors

513 4901 675 4954 super
722 4886 1024 4955 Matthiam,
1060 4901 1114 4943 et
1166 4904 1558 4944 annumeratus
1602 4903 1684 4945 est
1748 4907 1869 4944 cum
1924 4894 2088 4947 undev

512 4978 618 5033 cim
659 4982 944 5050 apostolis.
989 5003 1007 5035 ι
1033 4985 1384 5040 Ριεοςριὶθιιιθ
1413 5003 1650 5056 munquc
1684 4989 1952 5052 oratione,
1981 5004 2083 5042 non

505 5069 618 5139 jam
661 5087 815 5136 casu,
861 5074 955 5128 sed
994 5076 1356 5144 providentia,
1389 5094 1509 5131 sors
1539 5079 1782 5131 divinum
1821 5076 2086 5144 judicium

508 5161 810 5219 deferebat.
860 5167 971 5222 Sed
1020 5167 1196 5221 adhuc
1242 5170 1548 5236 quaerebam
1589 5171 1642 5223 in
1690 5167 1839 5222 Novo
1895 5167 2088 5224 Testa-

583 5260 627 5294 ”
655 5261 768 5317 Jos.
797 5280 954 5318 xvm.
1029 5264 1077 5295 ¹⁰
1102 5263 1225 5320 .Ιοιι.
1250 5265 1364 5331 ι,9.
1438 5268 1480 5298 ²¹
1508 5266 1670 5320 Prov.
1705 5265 1955 5331 xvnt,l8.

509 5348 684 5399 xxx",
715 5339 768 5397 8,
802 5337 859 5390 9.

583 5427 695 5498 (96)
729 5429 842 5482 Duo
871 5429 1228 5484 Ebroicenses
1265 5448 1277 5483 :
1317 5448 1335 5481 ί
1370 5441 1424 5485 ct
1455 5429 1613 5483 tribui
1649 5427 1819 5484 Jndze.
1855 5449 1874 5480 ι

579 5499 876 5581 (97)(Ζοά.
914 5503 1207 5571 Saugerm.
1257 5521 1273 5552 ι
1320 5503 1580 5572 prodidit.
1628 5521 1646 5552 ι
1698 5501 1858 5555 Libb.
1892 5501 2023 5557 editi
2069 5519 2084 5555 :

513 5585 536 5622 ¢
567 5581 766 5640 prodit.
803 5591 822 5623 ι

591 5643 703 5711 (98)
745 5642 877 5698 Mss.
933 5663 951 5696 ι
1005 5644 1328 5699 voluissent.
1373 5663 1390 5695 ι
1439 5642 1594 5696 Libb.
1634 5641 1764 5697 editi
1803 5666 1814 5699 :

511 5713 924 5850 1Μέἓέυιιιύριῐι
971 5801 1102 5842 mss.
1161 5805 1180 5838 ‹
1237 5788 1557 5842 vocabatur.
1609 5804 1628 5838 ι
1685 5783 1843 5842 Lihh.
1896 5786 2027 5840 editi
2070 5800 2085 5839 :

1859 5662 1879 5694 ‹
1931 5643 2085 5698 vole-

2036 5266 2081 5297 "
2103 5266 2226 5322 Act.
2255 5281 2294 5332 t,
2328 5265 2417 5323 26.

2201 4623 2256 4669 et
2280 4613 2576 4665 funiculum
2611 4611 2777 4665 Israel
2803 4609 3030 4664 Domino
3061 4610 3194 4664 dicit
3228 4626 3356 4665 esse
3379 4611 3627 4665 sortium.
3663 4607 3748 4660 Sea

2199 4721 2332 4772 ergo
2364 4704 2587 4759 fortuitu
2626 4705 3008 4758 arbitrandum
3047 4715 3131 4759 est
3168 4720 3268 4773 per
3316 4716 3528 4760 sortem
3577 4703 3754 4756 venisse

2202 4800 2280 4871 (2)
2313 4800 2386 4852 illi
2425 4800 2641 4867 quidem
2671 4797 2864 4866 angelo
2887 4797 3032 4852 illam
3060 4809 3283 4867 gentem
3311 4803 3610 4868 suscipere,
3636 4795 3750 4846 τεεί-ί

2205 4907 2366 4946 causa
2389 4933 2402 4956 ,
2436 4891 2846 4963 .Egyptiorum,
2877 4893 2966 4945 alii
2997 4903 3179 4945 autem
3202 4892 3591 4952 Idummoruui,
3618 4884 3750 4941 etalt

2203 4983 2591 5047 Moabitarum,
2631 4995 2684 5038 et
2715 4985 2803 5038 alii
2845 4985 3077 5051 Indiam,
3111 4984 3198 5037 vel
3221 4995 3660 5052 t‘ttatnquamqne
3682 4994 3752 5029 ns-

2201 5080 2410 5132 tionum
2443 5095 2631 5133 carum
2662 5095 2784 5148 qua:
2831 5089 2956 5132 sunt
2987 5092 3152 5147 super
3187 5089 3427 5130 terram:
3475 5077 3565 5128 sed
3605 5083 3658 5124 et
3699 5069 3748 5119 sti

2196 5170 2408 5224 etiamsi
2440 5169 2735 5223 secundum
2789 5182 3072 5222 numerum
3122 5167 3436 5234 angelorum
3467 5164 3552 5216 Dei
3594 5161 3753 5214 dicaa-

2494 5266 2541 5297 ³³
2561 5264 2760 5320 Eobes.
2782 5280 2824 5331 ι,
2855 5262 2941 5328 II,
2979 5262 3068 5316 l2.
3123 5262 3168 5292 ³⁸
3186 5260 3304 5316 Col.
3335 5276 3375 5326 ι,
3403 5261 3481 5315 l2.
3537 5259 3585 5289 ”
3618 5257 3748 5310 Dent.

2206 5446 2224 5480 ι
2263 5433 2511 5479 vocatur,
2550 5440 2568 5472 ι
3661 5481 3672 5488 ο

2272 5496 2346 5567 (ι)
2373 5495 2514 5567 tiod.
2543 5494 2856 5567 Saugcrm._,
2888 5507 2908 5539 ι
2946 5487 3480 5567 ἀιιειιιιιιρτωὺςιιε
3511 5492 3570 5536 et
3598 5481 3747 5567 ille].

2211 5547 3295 5629 l.)iio'Ebroiceuse$:‘tductumpraebeat
3346 5556 3538 5611 fortis:
3602 5562 3656 5604 et
3702 5547 3754 5597 il-

2379 5707 2494 5760 Duo
2513 5703 2732 5760 Ebroic.
2759 5720 2780 5756 (
2823 5703 2898 5758 illi
2929 5700 3173 5771 quidem.
3215 5719 3234 5754 »
3273 5697 3418 5754 Lihb.
3453 5693 3592 5749 editi
3625 5707 3640 5744 :
3671 5689 3750 5739 ui

2218 5797 2326 5834 tum
2371 5793 2480 5833 um.
2519 5795 2540 5829 ο
2597 5816 2600 5819 λ

2218 5793 2480 5850 tqutuum.
2519 5795 2540 5829 ο
2597 5816 2600 5819 λ
