3874 6508
176 336 287 394 $57

1138 334 1202 389 IN
1238 333 1497 391 LIBRUM
1523 334 1687 421 JE|SU
1719 334 1907 391 NAVE
1938 337 2222 393 IIOMILIA
2253 337 2443 393 XXIII.

3309 342 3412 401 913

180 463 269 505 tur
307 456 454 505 sorte
475 456 660 517 gentes
683 460 801 503 esse
834 445 1042 511 divisas,
1069 455 1247 503 tamen
1282 448 1369 502 illa
1409 463 1552 514 sors,
1599 450 1744 503 sicut
1774 454 1817 510 Α
1848 450 2113 519 cernitur,
2138 452 2219 505 vel
2245 451 2461 506 chron
2494 448 2577 504 vel
2608 449 2728 505 alite
2756 450 2979 521 singulae
3019 452 3267 508 civitates
3298 462 3416 510 sin-

179 545 234 598 in
271 539 579 597 hominibus
609 538 883 605 diximus,
926 538 1051 607 quia
1083 538 1175 593 Dei
1200 539 1464 607 judicium
1500 541 1641 608 quod
1688 540 1742 592 in

180 630 395 686 occulto
416 638 529 691 est,
555 644 673 684 sors
697 629 886 699 pandit
918 629 971 683 in
1005 630 1217 699 publico
1238 668 1252 692 ,
1292 630 1415 683 talis
1467 630 1635 683 etiam
1670 628 1743 683 ibi

184 721 351 776 fuisse
381 720 644 775 credenda
671 728 752 774 est
777 737 790 772 :
822 721 949 787 quia
978 733 1031 773 et
1060 720 1250 775 merito
1295 730 1350 774 et
1397 721 1597 773 virtute
1648 733 1744 772 sua

186 810 560 878 unusquisque
600 808 820 877 angelus
849 808 990 861 illam
1015 809 1098 863 vel
1127 808 1270 861 illam
1308 820 1522 878 gentem
1572 808 1623 860 in
1667 806 1747 859 di-

183 901 393 956 visione
416 901 734 968 susciperet.
768 899 834 953 Et
872 900 999 968 quid
1050 899 1170 953 dico
1218 899 1283 953 de
1320 898 1533 968 magnis
1580 907 1635 954 et
1682 900 1748 952 de

184 991 533 1061 generalibus
578 991 785 1045 rebus?
835 1006 958 1045 cum
993 1004 1059 1045 ne
1109 1004 1209 1061 per
1252 989 1493 1060 singulos
1528 989 1743 1059 quidem

181 1091 429 1137 nostrum
463 1082 665 1150 absque
696 1080 1003 1151 huiusmodi
1056 1089 1205 1135 sorte
1234 1095 1353 1150 quae
1400 1080 1493 1136 Dei
1538 1079 1746 1147 judicio

185 1174 549 1243 dispensatur,
591 1172 812 1227 evenire
841 1170 1123 1226 dicendum
1153 1180 1276 1236 est,
1307 1171 1453 1225 verbi
1481 1186 1663 1237 causa,
1688 1179 1747 1225 ut

183 1264 323 1317 alius
353 1271 595 1319 nostrum
638 1263 800 1317 talem
837 1262 921 1317 vel
960 1261 1125 1316 talem
1168 1263 1333 1317 vitam
1378 1263 1564 1316 statim
1600 1278 1628 1315 a
1652 1278 1747 1315 ua-

189 1355 401 1409 tivitate
441 1354 736 1409 sortiatur:
769 1352 851 1407 vel
874 1362 1019 1408 certe
1050 1352 1178 1408 illud
1211 1352 1355 1422 quod
1408 1366 1534 1421 erga
1573 1351 1745 1405 homi-

186 1461 284 1502 nes
310 1446 420 1517 geri
446 1460 509 1500 ex
539 1444 833 1512 Scripturis
885 1446 1088 1499 sanctis
1121 1459 1261 1514 saepe
1296 1440 1747 1509 docuimus,quod

184 1547 241 1592 et
262 1538 385 1592 boni
421 1537 599 1609 angeli
628 1536 825 1590 adsunt
850 1536 1158 1590 hominibus
1186 1546 1238 1590 et
1277 1534 1534 1590 contrarii
1561 1547 1576 1586 :
1605 1532 1746 1601 quod

184 1644 295 1685 non
330 1629 519 1697 utique
548 1626 776 1682 fortuitu
827 1636 877 1680 et
916 1627 1120 1694 absque
1151 1624 1355 1694 judicio
1396 1624 1488 1679 ille
1529 1623 1750 1693 angelus

186 1720 334 1775 illius
368 1718 562 1773 anima:
582 1757 596 1782 ,
627 1718 779 1771 verbi
822 1731 984 1771 causa
1013 1755 1029 1781 ,
1061 1717 1209 1770 Petri
1244 1724 1427 1771 custos
1454 1730 1574 1769 esse
1597 1714 1751 1768 sorti-

186 1823 274 1868 tus
292 1813 398 1875 sit,
426 1821 478 1867 et
504 1810 642 1865 alius
666 1809 816 1863 Pauli
847 1850 862 1875 ,
898 1809 981 1863 vel
1022 1809 1161 1863 alius
1207 1808 1366 1861 unius
1412 1806 1636 1863 infantis
1673 1806 1739 1860 de
1782 1796 1821 1849 Β

184 1904 467 1970 Ecclesia,
512 1904 579 1957 de
616 1916 845 1972 quorum
900 1902 1105 1970 angelis
1153 1898 1282 1953 dicit
1330 1898 1587 1952 Dominus
1623 1897 1747 1966 quia

182 2010 402 2065 semper
426 1995 640 2048 videant
671 1992 862 2046 faciem
891 1990 1069 2045 Patris
1092 1991 1173 2044 sui
1201 1989 1292 2058 qui
1320 1988 1373 2041 in
1393 1989 1543 2042 cmlis
1569 1997 1652 2042 est
1683 1987 1751 2041 “.

186 2088 263 2140 De
294 2085 491 2155 quibus
514 2085 700 2154 utique
724 2083 1075 2137 dubitandum
1104 2094 1210 2134 non
1242 2087 1325 2133 est
1346 2119 1360 2146 ,
1387 2080 1528 2148 quod
1547 2078 1754 2145 judicio

186 2176 284 2231 Dei
312 2176 403 2246 qui
453 2176 667 2230 illorum
695 2173 1048 2243 dignitatem,
1076 2170 1160 2224 vel
1209 2178 1409 2223 nostra:
1455 2168 1646 2221 animae
1688 2168 1754 2220 ad

184 2269 451 2338 liquidum
500 2267 759 2337 perspicit
810 2264 1125 2334 qualitatem
1151 2301 1166 2326 ,
1204 2258 1622 2326 uniuscuiusque
1664 2271 1756 2312 no-

190 2370 370 2417 strum
405 2358 708 2413 custodiam
742 2358 1045 2411 sortiantur
1083 2360 1231 2408 sorte
1271 2350 1502 2420 quadam
1534 2347 1754 2418 mystica

182 2450 389 2507 Christi
423 2448 825 2517 dispensatione
872 2447 1096 2499 directa.
1132 2443 1240 2512 Ego
1288 2450 1465 2497 autem
1497 2447 1754 2510 quantum

185 2543 257 2596 ad
289 2540 598 2610 opinionem
629 2553 804 2594 meam
838 2546 1083 2608 spectat,
1117 2545 1251 2606 puto
1281 2534 1545 2588 audenter
1576 2532 1758 2586 dicen-

186 2634 317 2685 dum
349 2632 509 2685 etiam
531 2630 596 2685 de
622 2630 688 2684 iis
708 2629 1004 2684 virtutibus
1030 2642 1149 2698 qua!
1192 2624 1377 2681 mundi
1404 2623 1563 2701 hujus
1604 2623 1760 2678 mini-

189 2724 365 2779 steria
396 2730 778 2790 susceperunt,
812 2719 957 2790 quod
988 2734 1093 2774 non
1130 2717 1353 2773 fortuitu
1378 2716 1461 2771 vel
1493 2730 1621 2771 casu
1669 2713 1759 2770 illa

183 2815 368 2869 virtus
388 2824 543 2867 terra
558 2812 639 2867 vel
659 2812 910 2866 arborum
926 2808 1409 2879 germinationibus
1427 2805 1633 2875 praesit,
1666 2804 1758 2860 illa

192 2906 432 2960 fontium
463 2920 527 2959 ac
551 2903 829 2958 ﬂuminum
872 2900 1103 2956 sulIiciat
1153 2913 1218 2953 ac
1247 2891 1572 2952 sufﬁcienter
1604 2896 1759 2949 exhi-

194 3001 354 3064 beat,
378 2996 483 3063 alia
514 2995 771 3049 imbrium
797 3034 811 3058 ,
844 2992 946 3046 alia
979 2999 1260 3045 ventorum
1283 3029 1299 3055 ,
1348 2987 1451 3040 alia
1501 2984 1756 3047 marinis,

190 3090 303 3144 alia
325 3098 504 3143 autem
543 3085 893 3141 terrestribus
914 3081 1265 3145 animalibus,
1294 3077 1376 3132 vel
1395 3075 1618 3145 singulis
1641 3075 1762 3143 qui-

186 3180 405 3249 busque
446 3186 645 3231 eterra
677 3171 1023 3244 gignentibus
1061 3168 1242 3239 praesit
1273 3185 1286 3220 :
1338 3178 1392 3221 et
1420 3179 1540 3219 esse
1574 3166 1626 3217 in
1673 3163 1756 3215 his

186 3268 420 3338 singulis
448 3272 783 3320 sacramenta
830 3258 1120 3313 ineffabilia
1150 3256 1345 3311 divina:
1392 3250 1756 3321 dispensatio-

190 3362 311 3420 nis,
342 3367 399 3413 ut
428 3357 621 3411 ordine
643 3368 741 3408 suo
767 3360 960 3408 cuncta
1000 3358 1053 3404 et
1091 3344 1415 3413 competenti
1451 3357 1546 3412 per
1573 3354 1756 3394 unam-

188 3461 464 3518 quamque
490 3446 745 3498 virtutem
787 3441 1113 3495 dirintantur
1137 3436 1331 3491 cilicio.
1375 3433 1468 3488 Sic
1514 3431 1657 3486 enim
1702 3440 1758 3483 et

191 3537 475 3607 apostolus
516 3534 717 3589 Paulus
744 3531 873 3585 dicit
895 3531 939 3563 ’⁷
968 3547 981 3583 :
1021 3548 1038 3580 ι
1071 3527 1260 3580 Nonne
1284 3538 1472 3577 omnes
1499 3530 1621 3576 sunt
1654 3519 1756 3572 mi-

188 3627 351 3682 nistri
381 3624 599 3693 spiritus
629 3622 682 3675 iu
738 3619 1097 3673 ministerium
1153 3613 1336 3677 missi,
1402 3619 1622 3680 propter
1666 3621 1759 3661 eos

189 3717 283 3787 qui
318 3714 684 3769 ltaareditatetn
720 3711 937 3779 capiunt
963 3704 1229 3761 salutis?»

264 3808 321 3861 4.
355 3807 433 3860 Ad
459 3806 649 3859 horum
691 3802 862 3869 igitur
900 3796 1259 3861 imitationem
1298 3788 1629 3845 credendum
1676 3796 1761 3841 est

188 3900 357 3956 etiam
382 3898 469 3952 hic
501 3894 836 3963 Scripturam
859 3887 1066 3943 referre
1095 3894 1271 3940 sortes
1288 3881 1409 3937 duci
1441 3876 1757 3948 perJesum,

189 4003 250 4047 et
297 3989 662 4045 haereditatem
714 3998 809 4052 per
854 3988 1291 4047 unamquamque
1335 3971 1534 4025 tribum
1578 3968 1758 4020 divina

190 4081 600 4153 dispensatione
624 4077 701 4147 (5)
728 4073 986 4135 decerni,
1019 4079 1076 4124 et
1101 4082 1198 4138 per
1237 4062 1554 4119 ineﬂ'abilem
1584 4057 1760 4153 provi-

190 4149 434 4231 dentiam
464 4169 594 4233 Dei,
630 4183 694 4222 ac
718 4160 1064 4234 prmsentiam
1092 4160 1144 4212 in
1168 4159 1252 4212 his
1284 4153 1525 4209 sortibus
1567 4149 1758 4202 adum-

188 4266 344 4323 brari
369 4263 561 4318 futura:
609 4260 663 4313 in
695 4256 849 4311 caelis
902 4250 1237 4307 haereditatis
1282 4240 1581 4312 exemplar.
1613 4239 1758 4303 Quo-

191 4364 345 4419 niam
364 4358 580 4428 quidem
603 4373 621 4406 r
646 4355 726 4407 lex
746 4347 992 4401 umbram
1018 4360 1034 4393 ι
1057 4343 1251 4398 dicitur
1279 4338 1481 4392 habere
1500 4350 1518 4384 ι
1548 4331 1761 4428 futuro:

191 4417 316 4509 rum
340 4417 600 4505 bonorum
622 4447 690 4509 “,
716 4464 734 4496 ι
762 4451 816 4497 et
837 4438 993 4496 sicuti
1020 4435 1148 4491 dicit
1171 4425 1462 4498 Apostolus
1487 4424 1553 4477 de
1582 4422 1648 4475 iis
1669 4417 1760 4488 qui

192 4544 265 4599 ad
297 4537 770 4597 DominumJesutn
795 4532 1068 4589 Christum
1101 4529 1394 4577 venerunt:
1420 4517 1511 4586 qui
1535 4534 1553 4567 ι
1577 4529 1759 4568 acces-
1792 4542 1839 4599 υ

192 4636 349 4689 sistis
379 4634 444 4686 ad
469 4630 599 4684 Sion
644 4634 917 4685 montem,
942 4628 996 4673 et
1031 4619 1096 4671 ad
1125 4612 1402 4668 civitatem
1435 4607 1531 4661 Dei
1570 4606 1759 4659 viven-

192 4727 270 4780 tis
303 4721 598 4778 Jerusalem
632 4717 903 4772 ctelestem
937 4713 982 4745 ”
1012 4727 1026 4763 :
1064 4733 1077 4758 ι
1106 4715 1191 4760 est
1227 4702 1402 4769 aliqua
1429 4699 1482 4752 in
1506 4697 1658 4752 ctelis
1683 4695 1760 4748 ci-

194 4819 341 4870 vitas
365 4827 485 4881 quze
508 4810 709 4864 dicitur
741 4801 1037 4860 Jerusalem
1060 4806 1115 4851 et
1140 4808 1296 4847 mons
1323 4789 1454 4845 Sion
1491 4803 1504 4838 :
1545 4801 1651 4840 non
1677 4794 1758 4838 est

198 4873 524 4975 utiquesiue
538 4912 696 4955 causa
715 4894 858 4964 quod
882 4886 1157 4956 Beniamin
1177 4884 1230 4938 in
1263 4889 1407 4975 sorte
1438 4890 1531 4975 sua
1552 4873 1765 4975 accepit

191 4958 499 5050 Jerusalem
526 4998 579 5040 et
618 4958 850 5038 tuentem
883 4978 1054 5033 Sion:
1094 4972 1195 5025 nisi
1236 4967 1363 5036 quia
1414 4962 1653 5018 caelestis
1694 4958 1761 5011 il-

195 5086 307 5138 lius
338 5076 637 5134 Jerusalem
674 5070 814 5125 ratio
863 5067 982 5121 sine
1010 5061 1170 5116 dubio
1220 5058 1324 5110 hoc
1358 5051 1646 5119 exigebat,
1705 5054 1763 5099 ut

195 5175 381 5241 aliqua
409 5163 688 5235 Beniamin
719 5158 836 5214 dari
868 5156 1087 5209 deberet
1118 5145 1417 5241 Jerusalem
1453 5137 1764 5241 terrestris,

196 5223 324 5335 qua:
359 5261 501 5315 illius
518 5223 772 5310 'cmlestis
801 5247 1030 5315 figuram
1076 5246 1259 5294 servat
1306 5249 1369 5335 a'c
1396 5231 1645 5286 formam.
1682 5223 1768 5335 Si:

457 5353 635 5400 autem
684 5340 751 5393 de
798 5312 1111 5389 Betltlehem
1156 5322 1442 5379 dicendum
1477 5326 1589 5377 cst,
1628 5312 1767 5410 quod

201 5404 470 5497 nou—sine
496 5444 644 5489 certa
671 5427 905 5498 quadam
938 5419 1148 5474 ratione
1194 5415 1247 5467 in
1284 5410 1439 5465 Juda:
1479 5413 1626 5460 sorte
1675 5404 1770 5456 de-

272 5551 321 5584 "
354 5547 546 5603 Matth.
574 5556 724 5605 xvttt,
748 5538 834 5592 I0.
928 5535 971 5566 ³⁷
999 5529 1136 5586 Heb.
1158 5543 1197 5594 ι,
1222 5526 1309 5579 14.

196 5623 247 5658 ⁸³
282 5620 413 5676 Luc.
441 5631 566 5675 ,xrx.

273 5729 354 5799 (3)
382 5725 561 5780 Codex
593 5719 914 5799 Sangernm,
942 5729 961 5763 ι
981 5692 1762 5799 sulhAdispeti‘s'a'tio‘n‘e'.‘ngam?

206 5775 536 5873 po‘s't'ide—m':
565 5808 583 5841 ι
622 5775 1009 5857 ρι’ὄνιάειιιὶιιιιι
1040 5779 1131 5831 Dei
1162 5791 1226 5829 ac
1280 5775 1695 5831 praescicuttam.
1737 5779 1754 5812 ι

477 5890 768 5966 ,Ρλτιιοιη
814 5878 931 5941 Gn.
978 5873 1121 5935 ΧΠ.

1411 5521 1458 5553 ’⁸
1482 5517 1616 5573 Heb.
1653 5532 1707 5581 ι,
1735 5516 1785 5568 l.

1848 540 1985 607 gulis
2007 540 2311 608 quibusque
2344 538 2589 591 tribubus
2629 540 3064 601 conscribuntur,
3122 541 3220 594 nisi
3261 544 3409 608 quia,

1853 640 1911 682 ut
1931 629 2167 683 diximus
2193 670 2207 694 ,
2235 630 2321 683 illa
2347 629 2586 683 cmlestia
2620 628 2733 683 loca
2756 672 2769 695 ,
2802 630 2850 682 in
2878 630 3075 698 quibus
3107 640 3161 686 et
3192 630 3384 686 Jerusa

1847 721 1949 775 lem
1976 730 2028 773 et
2052 719 2180 774 Sion
2207 733 2327 773 esse
2359 719 2690 785 nominatur,
2744 719 2863 774 sine
2911 721 3073 775 dubio
3110 732 3166 776 et
3210 735 3407 777 caetera

1846 826 1965 879 quae
2007 811 2074 865 iis
2118 809 2294 864 vicina
2328 809 2404 863 vel
2440 809 2725 877 coniuncta
2766 810 2926 881 452
2957 822 3083 866 sunt
3108 813 3223 868 loca
3250 855 3265 881 ,
3312 817 3412 870 hoc

1848 901 1899 954 in
1933 914 1991 955 se
2024 913 2203 953 causae
2226 908 2279 953 et
2312 900 2535 952 rationis
2563 899 2913 953 continebant
2947 902 3001 956 in
3029 905 3179 958 caelis
3210 945 3225 969 ,
3268 908 3407 974 quod

1848 1000 1994 1045 sorte
2030 990 2317 1045 distributa
2350 990 2792 1058 gubernabantur
2827 992 2878 1044 in
2918 995 3094 1048 terris.
3119 996 3256 1052 IIinc
3282 1013 3412 1069 ergo

1848 1090 1930 1136 est
1955 1081 2098 1150 quod
2135 1079 2469 1150 dispensavit
2513 1081 2692 1135 divina
2730 1084 2990 1151 sapientia
3022 1089 3235 1141 nomina
3266 1105 3413 1158 qua:-

1851 1174 1971 1227 dam
2011 1173 2251 1228 locorum
2283 1173 2445 1227 scribi
2490 1174 2542 1245 in
2578 1173 2900 1244 Scripturis,
2943 1190 3063 1243 quae
3129 1182 3410 1247 mysticam

1850 1263 2139 1329 quamdam
2187 1263 2690 1331 interpretationem
2753 1266 3089 1327 contineant,
3148 1283 3246 1335 per
3295 1286 3416 1338 quae

1851 1354 2119 1408 indicetur
2149 1354 2325 1416 nobis,
2359 1354 2485 1423 quia
2519 1354 2632 1408 hmo
2661 1355 2822 1409 certis
2878 1356 3182 1426 quibusque
3242 1362 3412 1415 ratio-

1852 1444 2012 1498 nibus
2045 1482 2061 1507 ,
2097 1452 2151 1498 et
2187 1459 2292 1498 non
2331 1458 2459 1498 casu
2494 1444 2575 1499 vel
2601 1445 2826 1499 fortuitu
2859 1445 2972 1501 fieri
3006 1448 3405 1517 dispensentur.

1856 1535 2013 1590 Sicut
2046 1536 2188 1591 enim
2220 1553 2324 1591 non
2361 1546 2443 1591 est
2473 1538 2773 1605 putandum
2800 1541 2939 1607 quod
2998 1540 3223 1595 fortuitu
3268 1544 3416 1597 acci-

1850 1627 2012 1693 derit,
2046 1628 2195 1681 verbi
2228 1642 2414 1692 causa,
2448 1637 2504 1680 ut
2539 1627 2625 1682 ille
2659 1628 2885 1697 angelus
2917 1629 3147 1685 Michael
3204 1646 3419 1687 vocare-

1854 1728 1961 1783 tur,
1995 1718 2133 1772 alius
2191 1728 2368 1772 autem
2418 1717 2657 1784 Gabriel,
2704 1721 2843 1774 alius
2874 1736 3005 1775 vero
3030 1723 3272 1790 Raphael
3309 1739 3323 1777 τ
3359 1734 3415 1778 et

1858 1820 1914 1864 ut
1940 1811 2005 1864 ad
2032 1812 2264 1863 humana
2298 1812 2644 1872 descendam,
2676 1812 2819 1865 sicut
2848 1828 2950 1867 nou
2981 1812 3080 1867 fuit
3105 1813 3328 1872 fortuitu
3356 1824 3415 1869 ut

1857 1895 1945 1953 ille
1972 1900 2279 1969 patriarcha
2317 1900 2587 1953 Abraham
2617 1913 2920 1966 vocaretur,
2953 1913 3007 1956 et
3042 1904 3130 1959 ille
3155 1904 3325 1971 Isaac,
3360 1916 3416 1960 et

1856 1990 1992 2043 alius
2021 1988 2186 2043 Israel
2216 2006 2230 2043 :
2256 1988 2349 2043 sed
2382 2003 2449 2044 ne
2481 1989 2534 2043 in
2585 1988 2803 2046 feminis
2834 1992 3049 2061 quidem
3099 2008 3229 2048 casu
3267 1996 3416 2049 acci-

1856 2100 1953 2165 dit,
1995 2097 2089 2153 sed
2116 2106 2261 2153 certa
2290 2107 2344 2153 et
2384 2098 2567 2152 divina
2603 2100 2829 2162 ratione,
2874 2109 2931 2153 ut
2963 2099 3051 2154 illa
3087 2099 3219 2155 Sara
3253 2116 3416 2156 voca-

1859 2199 2008 2244 retur
2040 2204 2108 2243 ex
2163 2189 2342 2253 Sarai,
2382 2188 2465 2242 vel
2509 2188 2598 2243 ille
2628 2188 2791 2245 Israel
2828 2205 2895 2244 ex
2947 2188 3137 2253 Jacob,
3188 2191 3267 2247 vel
3328 2191 3414 2246 ille

1855 2278 2127 2332 Abraham
2154 2294 2217 2333 ex
2258 2278 2459 2333 Abram
2494 2297 2508 2332 :
2538 2288 2592 2333 et
2646 2290 2704 2332 ut
2726 2287 2930 2333 certum
2958 2291 3041 2334 est
3078 2282 3221 2349 quod
3250 2297 3416 2336 unus-

1856 2371 2084 2439 quisque
2114 2371 2197 2425 vel
2250 2371 2600 2440 angelorum,
2640 2371 2723 2425 vel
2765 2371 3045 2425 hominum
3082 2386 3146 2426 ex
3189 2373 3252 2425 iis
3294 2388 3416 2442 qua:

1857 2461 1957 2515 sibi
1990 2462 2341 2531 iniunguntur
2374 2458 2561 2516 ciliciis
2607 2468 2661 2515 et
2712 2461 2921 2515 actibus
2973 2459 3138 2515 etiam
3201 2465 3417 2523 nomina

1858 2554 2174 2617 sortiantur,
2210 2553 2281 2605 ita
2306 2566 2644 2621 consequens
2680 2560 2764 2605 est
2790 2551 2953 2605 etiam
3002 2552 3120 2605 loca
3170 2554 3417 2622 quadam

1857 2656 1979 2696 esse
2007 2640 2250 2696 coelestia
2279 2651 2333 2695 et
2359 2640 2631 2701 civitates,
2664 2640 2807 2693 sicut
2853 2639 3152 2695 Jerusalem
3180 2642 3420 2695 ccelestis

1860 2734 2059 2788 dicitur
2082 2742 2139 2787 et
2167 2733 2297 2787 Sion
2332 2749 2346 2786 :
2381 2744 2498 2786 esse
2528 2730 2690 2783 etiam
2731 2729 2863 2785 alias
2888 2745 3117 2799 quarum
3147 2741 3334 2801 typum
3367 2742 3422 2786 et

1861 2826 2148 2896 imaginem
2174 2827 2289 2879 ista:
2317 2839 2436 2894 quae
2464 2823 2517 2876 in
2559 2824 2718 2879 terris
2767 2806 2919 2875 sunt
2952 2824 3267 2887 continent,
3300 2812 3420 2891 qua:

1860 2931 2004 2970 nunc
2040 2915 2092 2969 in
2135 2916 2238 2970 hac
2278 2914 2555 2984 Scriptura
2597 2912 2821 2984 mystice
2882 2912 3037 2967 nobis
3090 2930 3186 2983 per
3235 2913 3419 2969 Jesum

1860 3007 2032 3061 lilium
2064 3005 2207 3061 Nave
2246 3006 2621 3076 designantur.
2659 3006 2724 3060 Et
2757 3007 2823 3062 de
2850 3007 2979 3075 ipsis
3007 3016 3138 3075 puto
3186 3007 3421 3061 civitati-

1861 3097 1963 3152 bus
1987 3096 2190 3151 dietum
2227 3096 2271 3127 ⁸ο
2299 3112 2314 3148 :
2345 3112 2364 3147 t
2394 3094 2830 3151 Edilicabuntur
2883 3098 3131 3153 civitates
3161 3094 3316 3160 Juda,
3366 3105 3422 3151 et

1863 3186 2246 3241 inltabitabuut
2274 3186 2368 3251 ibi,
2405 3196 2458 3239 et
2498 3187 2893 3241 hzcreditabunt
2922 3202 3060 3241 eam.
3099 3206 3118 3239 ο
3179 3187 3252 3243 De
3292 3188 3421 3257 ipsis

1859 3280 2023 3332 etiam
2057 3277 2319 3331 Dominus
2341 3286 2394 3330 et
2419 3276 2670 3332 Salvator
2708 3278 2859 3341 dicit,
2893 3280 3015 3346 quia
3062 3279 3241 3333 multae
3270 3294 3422 3333 man-

1860 3370 2038 3422 siones
2055 3376 2182 3421 sunt
2215 3366 2354 3436 apud
2381 3366 2601 3421 Patrem
2627 3367 2694 3420 ³¹.
2733 3368 2799 3422 Ει
2829 3368 2895 3421 de
2941 3368 3072 3436 ipsis
3093 3369 3419 3422 credendum

1861 3458 2174 3513 civitatibus
2204 3472 2362 3512 servo
2389 3456 2459 3509 illi
2500 3458 2588 3525 qui
2619 3459 2755 3512 bene
2785 3459 3088 3528 negotiatus
3104 3457 3281 3511 fuerat
3318 3460 3423 3512 Do-

1862 3554 2064 3606 minum
2088 3552 2289 3616 dicere,
2320 3552 2444 3620 quia
2469 3559 2787 3619 potestatem
2810 3550 3031 3604 habebis
3046 3562 3207 3617 super
3234 3556 3419 3604 decem

1860 3643 2129 3706 civitates,
2160 3651 2215 3696 et
2245 3642 2335 3696 alii
2362 3657 2525 3710 super
2547 3642 2783 3709 quinque
2816 3640 3062 3694 civitates
3088 3639 3152 3693 ".
3190 3638 3313 3695 llaec
3358 3641 3423 3694 de

1861 3733 2125 3788 divisione
2154 3734 2378 3788 sortium
2402 3743 2562 3786 teme
2597 3730 2747 3784 Juda:
2798 3729 3039 3800 proferre
3097 3731 3161 3783 ad
3198 3745 3291 3783 vos
3342 3731 3424 3782 in-

1860 3852 2121 3913 quantum
2148 3844 2228 3898 fas
2257 3842 2379 3906 iuit,
2407 3845 2522 3897 ausi
2550 3856 2735 3896 sumus
2780 3839 3060 3907 Scriptura
3096 3847 3424 3906 provocante

1862 3950 1980 4004 qua:
2008 3933 2312 3988 Jerusalem
2350 3932 2483 3987 dicit
2507 3931 2822 3986 caelestem:
2861 3936 2919 3985 et
2977 3938 3212 3983 montem
3266 3926 3424 3995 Sion,

1861 4038 1916 4083 et
1942 4036 2138 4082 caetera
2163 4041 2284 4096 qua:
2330 4022 2580 4078 similiter
2612 4024 2817 4090 scripta
2870 4028 3017 4085 sunt,
3045 4034 3168 4074 esse
3204 4019 3338 4072 dicit
3372 4019 3424 4071 in

1862 4117 2015 4173 cadis
2044 4134 2058 4170 :
2111 4130 2231 4181 quae
2265 4113 2418 4168 nobis
2446 4111 2786 4166 occasionem
2830 4111 3092 4163 dederunt
3121 4109 3327 4163 sentire
3356 4108 3425 4162 de

1864 4210 1947 4263 his
1988 4208 2261 4269 omnibus,
2303 4203 2443 4272 quod
2493 4202 2744 4273 mysteria
2798 4202 2849 4255 in
2902 4188 2976 4254 iis
3035 4199 3273 4253 caelestia
3336 4198 3429 4251 de-

1866 4301 2197 4355 scribantur.
2232 4296 2297 4350 Et
2322 4295 2442 4348 ideo
2476 4292 2736 4356 dicimus,
2777 4306 2845 4346 ne
2896 4306 3018 4345 cum
3070 4289 3286 4343 fastidio
3314 4290 3428 4342 haec

1866 4392 2081 4460 legatis,
2105 4400 2159 4444 et
2184 4391 2381 4460 putetis
2428 4389 2585 4443 vilem
2623 4384 2856 4452 aliquant
2906 4394 3025 4435 esse
3060 4378 3424 4447 Scripturam,

1866 4499 1960 4552 pro
2002 4497 2065 4538 eo
2107 4482 2249 4552 quod
2299 4490 2381 4535 est
2429 4479 2611 4533 multis
2648 4474 2923 4529 nominum
2978 4470 3427 4542 appellationibus

1866 4575 2072 4630 consita
2116 4590 2130 4626 :
2172 4575 2298 4642 quin
2346 4570 2523 4639 potius
2585 4568 2777 4622 scitote
2829 4559 3117 4615 ineffabilia
3170 4574 3264 4626 per
3312 4560 3428 4614 haec

1868 4664 2129 4734 mysteria
2160 4660 2450 4724 contineri,
2481 4667 2532 4712 et
2562 4655 2765 4722 maiora
2795 4666 2955 4720 quam
2985 4659 3155 4718 potest
3188 4649 3269 4702 vel
3320 4650 3426 4702 hu-

1871 4770 2062 4808 manus
2093 4767 2275 4808 sermo
2297 4749 2561 4819 proferre,
2594 4747 2678 4799 vel
2702 4742 2918 4797 auditus
2946 4738 3190 4793 mortalis
3214 4738 3423 4803 audire;

1868 4860 2009 4913 quae,
2060 4853 2116 4897 ut
2162 4856 2264 4911 ego
2308 4839 2569 4901 arbitror,
2603 4837 2763 4904 digne
2803 4839 2857 4887 et
2901 4831 3110 4899 integre
3148 4828 3425 4891 explanari

1862 4954 1970 4994 non
2015 4937 2188 4991 solum
2217 4950 2244 4986 a
2281 4946 2366 4986 me
2394 4933 2621 4985 minimo
2644 4943 2752 4981 non
2782 4932 3028 4995 possunt,
3067 4926 3158 4975 sed
3213 4935 3313 4974 nec
3360 4920 3429 4972 ab

1863 5030 1991 5100 ipsis
2013 5027 2226 5097 quidem
2257 5024 2348 5092 qui
2390 5037 2475 5075 me
2515 5018 2688 5073 multo
2734 5019 2987 5073 meliores
3038 5024 3183 5069 sunt.
3233 5010 3426 5064 Nescio

1864 5130 2044 5173 autem
2074 5118 2120 5170 si
2151 5114 2234 5169 vel
2266 5116 2334 5168 ab
2357 5112 2489 5181 ipsis
2510 5109 2715 5165 sanctis
2743 5107 3002 5177 apostolis
3028 5104 3186 5171 plene
3207 5110 3261 5154 et
3282 5101 3430 5153 inte-
3466 5148 3469 5149 ,

1864 5224 1958 5280 gre
1982 5205 2356 5277 proferuntur.
2388 5201 2508 5256 Non
2534 5200 2645 5254 dixi
2673 5199 2815 5268 quod
2844 5214 2950 5251 non
2982 5195 3140 5258 plene
3164 5190 3429 5251 sciantur,

1865 5301 1957 5355 sed
1989 5313 2094 5352 non
2131 5296 2288 5365 plene
2325 5292 2696 5363 proferantur.
2751 5288 2970 5343 Certum
3020 5291 3104 5338 est
3151 5280 3431 5363 eninr’co-

1866 5395 2017 5461 gnita
2069 5403 2191 5449 esse
2234 5389 2391 5451 hmc,
2447 5395 2501 5439 et
2552 5385 2760 5453 integre
2821 5378 3154 5448 apprehensa
3205 5369 3283 5423 illi
3335 5367 3429 5437 qui

1860 5511 1903 5541 ³³
1945 5507 2079 5561 Heb.
2112 5519 2210 5570 xu,
2234 5502 2324 5555 22.
2386 5502 2430 5532 ³ο
2466 5499 2607 5554 Psal.
2633 5510 2781 5559 utx,
2805 5492 2897 5548 55.
2972 5488 3014 5520 ³¹
3038 5487 3193 5540 Joan.
3225 5495 3337 5547 xtv,
3369 5480 3429 5535 2.

1870 5688 2018 5742 Unus
2043 5680 2417 5737 Ebroicensis:
2456 5693 2474 5727 ‹
2524 5667 2988 5743 Dispensationem
3017 5660 3108 5715 Dei
3170 5673 3235 5712 ac
3293 5669 3430 5726 prm-

1869 5759 2119 5812 seutiam.
2152 5772 2170 5803 ι
