3870 6522
499 357 606 415 939

1951 351 2206 410 ()RIGEN
2212 355 2274 412 IS
3629 361 3714 420 εω

504 491 691 549 raptus
721 486 801 534 est
832 489 998 546 usque
1038 475 1104 530 ad
1150 474 1364 529 tertium
1395 473 1590 529 coelum
1615 514 1630 540 ,
1674 477 1765 546 qui
1798 478 1978 548 utique
2011 477 2065 532 in
2096 485 2142 542 Α
2170 475 2332 548 453
2359 491 2423 531 ex
2460 475 2844 531 amaritudinis
2897 485 3072 531 turma
3103 477 3331 533 veniens
3378 478 3610 534 obsideat
3641 483 3707 534 ali

501 570 642 624 coelo
669 568 874 638 positus
903 566 1035 620 vidit
1069 564 1338 627 caelestia,
1366 567 1493 620 vidit
1547 564 1848 623 Jerusalem
1886 584 2069 622 veram

500 659 773 714 civitatem
798 657 915 722 Dei,
955 658 1088 712 vidit
1119 658 1189 711 ibi
1217 667 1271 711 et
1313 657 1444 711 Sion
1491 669 1726 712 montem
1756 675 2073 729 quocunque

499 751 602 808 loci
633 759 738 816 est,
766 751 900 804 vidit
945 759 998 806 et
1047 750 1288 814 Hebron,
1320 750 1455 804 vidit
1487 759 1540 804 et
1575 750 1754 805 omnia
1801 753 1900 807 ista
1949 767 2073 820 quae

500 843 817 898 scribuntur
843 852 991 898 sorte
1032 841 1203 896 diviSa
1233 859 1248 896 :
1279 850 1333 896 et
1364 856 1467 895 non
1494 841 1666 897 solum
1699 843 1862 909 vidit,
1891 847 1984 898 sed
2016 852 2070 898 et

500 934 742 988 rationes
763 948 956 989 eorum
982 934 1035 987 in
1084 932 1277 1000 spiritu
1315 932 1751 1001 comprehendit,
1798 934 1925 1002 quia
1957 933 2070 1002 ipse

496 1025 784 1080 conﬁtetur
812 1039 870 1080 se
899 1024 1118 1079 audisse
1143 1023 1308 1077 verba
1353 1032 1408 1077 et
1459 1025 1776 1078 traditiones
1800 1024 1898 1094 (4).
1961 1024 2069 1079 Sed

498 1131 616 1184 qua:
647 1115 851 1170 verba?
883 1134 901 1167 ι
938 1113 1256 1179 ineffabilia,
1289 1113 1463 1182 inquit
1488 1113 1554 1182 ³³,
1579 1124 1631 1169 et
1665 1130 1785 1184 qua;
1812 1131 1915 1170 non
1945 1117 2070 1170 licet

498 1209 702 1266 homini
735 1207 935 1277 loqui.»
975 1205 1136 1262 Vides
1165 1221 1293 1275 ergo
1346 1206 1472 1274 quia
1525 1206 1605 1260 sic
1636 1208 1816 1261 omnia
1871 1205 2070 1264 Paulus

495 1300 906 1372 comprehendit
935 1299 1008 1370 (5)
1043 1299 1095 1352 in
1132 1297 1345 1367 spiritu,
1379 1297 1472 1351 sed
1504 1313 1610 1352 non
1656 1298 1856 1354 licebat
1883 1301 1930 1355 ei
1966 1301 2065 1355 ho-

499 1394 736 1448 minibus
762 1393 863 1448 ista
894 1393 1159 1462 proferre.
1189 1389 1395 1456 Quibus
1422 1389 1728 1444 hominibus
1751 1391 1774 1444 ?
1795 1389 1899 1446 illis
1949 1393 2068 1447 sine

495 1489 660 1542 dubio
697 1487 764 1543 de
807 1487 1002 1556 quibus
1056 1483 1399 1553 eulpabiliter
1443 1484 1656 1538 dicebat
1692 1484 1738 1515 “
1772 1507 1782 1538 :
1824 1503 1843 1537 ι
1876 1483 2067 1540 Nonne

499 1585 747 1640 homines
778 1585 928 1649 estis,
968 1593 1023 1638 et
1049 1583 1343 1638 secundum
1377 1583 1645 1638 hominem
1676 1581 2008 1637 ambulatis?
2039 1601 2058 1634 ι

496 1675 608 1732 Sed
633 1676 848 1732 dicebat
880 1675 1128 1730 fortassis
1173 1675 1280 1731 illis
1306 1676 1398 1746 qni
1445 1675 1558 1746 jam
1611 1690 1714 1729 non
1763 1676 2062 1731 secundum

495 1766 772 1821 hominem
807 1765 1174 1819 ambulabant.
1209 1763 1432 1819 Dicebat
1491 1765 1607 1819 haec
1637 1763 1948 1830 Timmheo,
1976 1766 2060 1819 di-

497 1859 654 1913 eebat
677 1856 836 1911 Luca:
869 1865 923 1910 et
956 1857 1167 1910 caeteris
1195 1854 1478 1924 discipulis
1498 1870 1634 1925 quos
1663 1855 1869 1910 sciebat
1895 1870 2058 1924 capa-

497 1963 590 2003 ces
619 1961 736 2002 esse
782 1946 1136 2001 ineﬁ‘abilium
1169 1956 1659 2003 sacramentorum.
1719 1947 1961 2017 Denique
2007 1956 2062 2002 et

499 2039 552 2092 iu
583 2038 837 2107 mysterio
869 2037 974 2091 tale
1003 2036 1079 2108 (6)
1124 2037 1326 2106 aliquid
1373 2035 1720 2092 Timotheum
1752 2053 2062 2092 commoue-

492 2129 588 2184 bat
613 2130 800 2183 dicens
820 2127 870 2159 ”
900 2146 915 2183 :
957 2145 976 2178 ι
1018 2127 1222 2182 Memor
1257 2137 1376 2183 esto
1407 2129 1696 2184 verborum
1732 2143 1854 2197 quae
1901 2144 1930 2182 a
1976 2143 2062 2183 me

465 2220 712 2283 'audisti,
738 2233 858 2288 qua:
885 2219 1202 2273 commenda
1241 2219 1491 2274 ﬁdelibus
1531 2218 1843 2275 hominibus
1891 2227 1957 2288 et.
1995 2220 2061 2275 iis

493 2312 583 2381 qui
618 2311 794 2367 idonei
834 2319 960 2366 sunt
995 2311 1131 2365 alios
1166 2311 1381 2365 docere.
1414 2328 1432 2362 ›
1470 2310 1560 2364 Sic
1584 2325 1712 2380 ergo
1737 2311 1913 2365 divina
1947 2311 2060 2365 hzec

491 2419 614 2459 esse
637 2403 922 2459 credentes
947 2411 1001 2457 et
1025 2403 1248 2471 mystica
1277 2440 1293 2466 ,
1326 2402 1516 2470 dignos
1563 2417 1660 2456 nos
1694 2409 1747 2455 et
1794 2408 1947 2469 aptos
1991 2401 2058 2456 ad

491 2509 680 2550 eorum
717 2493 1074 2563 capacitatem
1103 2495 1226 2548 vita:
1267 2494 1480 2549 actibus
1515 2508 1580 2548 ac
1611 2493 1821 2550 meritis
1846 2508 2058 2564 praepa-

490 2600 692 2650 remus,
719 2595 777 2639 ut
826 2599 950 2639 cum
1008 2585 1168 2654 digne
1215 2599 1245 2639 a
1292 2583 1449 2639 nobis
1505 2583 1714 2639 fuerint
1763 2584 2058 2652 intellecta,

490 2677 656 2731 etiam
689 2675 1004 2730 haereditate
1038 2691 1101 2730 ea
1134 2676 1185 2729 in
1226 2675 1380 2730 caelis
1416 2676 1677 2745 consequi
1731 2689 2054 2743 mereamur,

488 2767 546 2822 in
571 2765 790 2822 Christo
813 2765 938 2822 Jesu
973 2767 1198 2821 Domino
1229 2777 1437 2832 nostro,
1470 2766 1558 2822 cui
1580 2776 1664 2822 est
1685 2766 1855 2838 gloria
1888 2768 2061 2824 etim-

488 2860 698 2930 perium
724 2859 777 2915 in
807 2860 998 2916 saecula
1029 2859 1368 2914 saeculorum.
1397 2860 1591 2914 Amen.

1019 2971 1299 3029 HOMILIA
1341 2973 1532 3030 XXIV.

495 3060 576 3116 De
601 3061 928 3138 Amorrha’ia
956 3063 1216 3138 quomodo
1239 3063 1605 3138 habitaverunt
1637 3083 1754 3122 cum
1803 3068 2054 3138 Ephrem,

2174 565 2329 634 cujus
2357 579 2575 634 corpus,
2613 566 2893 636 perturbet
2928 582 2990 622 ac
3021 568 3261 636 decipiat
3296 578 3550 630 mentem,
3574 573 3709 623 adbi-

2171 656 2408 710 beantur
2480 665 2658 710 autem
2714 657 2898 710 multae
2945 659 3237 721 orationes,
3298 659 3464 711 multa
3517 658 3712 725 jejunia,

2173 745 2353 800 multa:
2379 745 2782 801 exorcistarum
2815 747 3209 809 invocationes,
3238 756 3298 802 et
3329 748 3398 801 ad
3425 749 3539 802 haec
3557 751 3711 801 omnia

2171 838 2366 892 surdus
2386 837 2598 891 daemon
2625 838 2676 891 in
2703 838 2930 891 obsesso
2955 853 3184 908 corpore
3212 850 3530 908 permaneat
3551 851 3602 892 et
3621 857 3718 908 per-

2169 928 2347 992 sistat,
2388 928 2725 983 tolerabilius
2787 928 2971 982 ferens
3015 931 3409 984 exorcistarum
3451 941 3715 1000 patrias,“

2171 1019 2412 1074 adhibita
2433 1019 2534 1074 sibi
2562 1033 2628 1073 ex
2662 1018 2756 1073 Dei
2784 1019 3018 1074 nominis
3057 1021 3405 1075 invocatione
3451 1030 3716 1084 tormenta,

2171 1122 2334 1177 quam
2369 1110 2648 1164 discedere
2672 1110 2740 1163 ab
2770 1110 2993 1165 homine
3020 1126 3179 1178 quem
3212 1113 3563 1179 impudenter
3593 1115 3714 1164 obsi-

2169 1198 2258 1253 det
2288 1209 2342 1253 et
2385 1200 2635 1269 nequiter
2664 1218 2677 1254 :
2711 1200 2782 1254 ita
2814 1201 2976 1254 etiam
3009 1201 3096 1254 hic
3125 1201 3541 1271 intelligendum
3574 1213 3649 1254 est
3672 1203 3713 1254 in

2167 1290 2288 1346 istis
2316 1291 2407 1360 qui
2433 1293 2691 1347 dicuntur
2713 1293 3042 1358 Amorrhmi,
3066 1294 3156 1363 qui
3189 1304 3520 1364 permanent
3543 1302 3594 1346 et
3618 1309 3716 1361 per-

2167 1386 2367 1441 sistunt
2413 1385 2661 1439 habitare
2690 1384 2742 1440 in
2769 1385 2921 1440 Elom
2963 1394 3020 1440 et
3055 1386 3108 1440 in
3141 1385 3412 1440 Salamin.
3444 1385 3511 1438 Et
3539 1396 3715 1438 utvere

2166 1475 2479 1531 ostenderet
2539 1473 2848 1544 Scriptura,
2889 1475 3015 1546 quia
3066 1476 3409 1546 perferentes
3458 1489 3638 1544 poenas
3673 1488 3715 1528 ct

2163 1568 2372 1638 ﬂagella
2399 1569 2720 1638 persistunt,
2763 1569 2897 1622 dicit
2922 1585 2936 1622 :
2973 1586 2992 1620 ι
3019 1569 3082 1622 Et
3111 1570 3293 1638 gravis
3326 1567 3519 1622 eﬂ’ecta
3549 1577 3626 1622 est
3645 1583 3718 1621 sa-

2163 1675 2260 1730 per
2286 1671 2381 1712 eos
2413 1672 2606 1712 manus
2661 1657 2916 1724 Ephrem.
2947 1674 2966 1708 ι
2997 1656 3279 1722 Quomodo
3328 1665 3514 1708 autem
3561 1655 3714 1722 gravis

2165 1749 2392 1806 eﬂicitur
2441 1763 2634 1804 manus
2682 1748 2918 1817 Ephrem
2982 1762 3145 1816 super
3192 1745 3590 1801 Amorrhreos?
3635 1743 3711 1798 Vel

2161 1841 2578 1906 exorcistarum,
2619 1848 2677 1893 ut
2721 1839 2985 1902 diximus,
3020 1853 3212 1892 manus
3258 1837 3610 1906 impositione
3637 1850 3710 1890 ve-

2163 1932 2470 1987 hementius
2504 1932 2752 2000 imposita
2799 1930 3019 2002 gravari
3068 1930 3273 1985 dicitur
3313 1943 3482 1997 super
3510 1931 3711 1982 immane

2161 2025 2258 2079 dos
2305 2024 2527 2092 Spiritus
2573 2038 2763 2078 manus
2807 2023 3070 2093 Ephrem,
3098 2021 3184 2076 vel
3231 2021 3369 2092 quia
3431 2021 3557 2073 boni
3587 2030 3712 2074 aetna

2159 2116 2242 2170 vel
2284 2114 2424 2168 bona
2471 2129 2632 2183 opera
2673 2123 2906 2185 gravant
2946 2127 3000 2169 et
3045 2113 3615 2183 aﬁliguntdatmonum
3639 2128 3712 2180 ge-

2161 2222 2286 2272 nus,
2321 2207 2736 2276 contrariasque
2770 2207 3021 2260 virtutes.
3053 2204 3271 2270 Quanto
3304 2204 3458 2260 enim
3494 2218 3587 2257 nos
3619 2217 3712 2256 meo

2159 2298 2294 2352 liora
2323 2299 2618 2368 egerimus,
2649 2308 2704 2352 ct
2750 2307 2956 2366 quanto
2983 2297 3036 2350 in
3068 2295 3296 2365 optimis
3325 2309 3712 2356 conversamur,

2162 2397 2312 2443 tanto
2364 2388 2471 2444 illis
2521 2389 2746 2444 molesta
2775 2390 2890 2444 haec
2928 2388 3240 2444 efﬁciuntur
3266 2397 3323 2442 et
3355 2387 3570 2457 gravia.
3598 2385 3713 2438 Gra-

2158 2488 2273 2533 tum
2304 2494 2432 2533 vero
2483 2479 2590 2536 illis
2623 2489 2707 2535 est
2753 2489 2808 2534 et
2854 2491 3164 2551 acceptum,
3207 2489 3265 2535 et
3309 2479 3618 2548 voluptates
3647 2478 3715 2531 eis

2157 2570 2561 2640 quodammodo
2583 2573 2828 2637 exhibet,
2860 2573 2950 2640 qui
2997 2573 3049 2625 in
3082 2571 3430 2641 turpitudine
3446 2580 3500 2625 et
3525 2569 3715 2638 ﬂagitiis

2156 2659 2310 2713 vivit.
2342 2659 2445 2726 Qui
2474 2674 2606 2716 vero
2639 2659 2693 2714 in
2730 2660 2886 2715 bonis
2912 2660 3130 2717 actibus
3166 2674 3394 2714 manum
3427 2674 3580 2714 suam
3611 2674 3717 2728 gra-

2156 2752 2367 2806 vaverit
2411 2767 2577 2821 super
2608 2768 2725 2814 eos,
2762 2753 2924 2808 etiam
2980 2754 3023 2808 si
3068 2753 3289 2822 penitus
3319 2767 3422 2806 eos
3467 2751 3714 2820 expellere

2158 2858 2264 2898 non
2281 2846 2535 2913 potuerit,
2552 2855 2702 2900 certe
2725 2846 3044 2900 tributarios
3069 2860 3166 2902 eos
3188 2845 3359 2901 faciet
3376 2853 3432 2898 et
3446 2845 3714 2914 subjectos.

2226 2955 2282 3011 2.
2329 2976 2348 3008 ι
2376 2957 2444 3010 Et
2473 2958 2766 3012 abierunt»
2815 2957 2908 3012 ﬁlii
2953 2958 3189 3027 Ephrem
3237 2976 3260 3010 ε
3287 2973 3586 3028 peragrare
3625 2968 3716 3011 ter-

2160 3063 2275 3103 ram
2308 3047 2607 3103 secundum
2657 3049 2790 3104 ﬁnes
2840 3063 2966 3103 suos
2985 3049 3049 3102 ⁸⁷.
3077 3067 3096 3099 ι
3137 3049 3206 3103 Et
3252 3063 3382 3101 cum
3431 3055 3716 3102 enarrasset

564 3133 743 3220 εἰιψίξςΙ
783 3131 914 3186 Jesu
970 3131 1231 3202 quomodo
1283 3140 1479 3203 accepit
1536 3137 1797 3192 civitatem
1843 3131 1876 3194 ὰ
1929 3131 2054 3209 [iliis
2083 3161 2124 3220 α
2160 3140 2304 3193 illam
2346 3139 2649 3206 historiam,
2685 3140 2734 3193 in
2771 3139 3124 3208 sequentibus
3163 3146 3435 3207 quantam
3479 3153 3712 3192 mansue-

573 3200 768 3260 Israel.

562 3319 616 3373 1.
649 3315 725 3369 De
751 3313 1009 3372 Jebustris
1044 3317 1135 3386 qui
1165 3316 1482 3372 habitabant
1505 3315 1826 3387 Jerusalem,
1855 3320 2054 3376 dudum

491 3407 692 3462 dictum
723 3416 826 3472 est,
856 3411 1127 3477 quomodo
1168 3422 1262 3464 eos
1293 3410 1658 3466 exterminare
1706 3427 1832 3467 non'
1864 3419 2056 3481 potue-

489 3512 620 3557 runt
650 3502 746 3557 ﬁlii
767 3501 930 3567 Juda,
958 3503 1051 3557 sed
1085 3510 1140 3558 et
1167 3505 1233 3558 de
1261 3503 1580 3560 Cbananaeis
1605 3520 1741 3576 quos
1793 3521 1901 3563 non
1959 3521 2057 3577 po-

489 3603 712 3648 tuerunt
737 3594 1104 3648 exterminare
1127 3594 1220 3648 ﬁlii
1248 3595 1503 3664 Ephrem,
1529 3597 1838 3653 habitantes
1865 3599 1917 3654 in
1951 3615 2059 3655 me-

488 3686 578 3740 dio
607 3683 712 3739 sui.
736 3684 940 3750 Quibus
965 3683 1162 3740 similia
1197 3685 1363 3740 etiam
1408 3700 1651 3755 praesens
1679 3687 1842 3744 lectio
1890 3689 2056 3745 refert

488 3777 554 3831 de
584 3775 912 3830 Amorrhaeis
944 3774 1134 3830 dicens
1169 3775 1240 3841 “,
1276 3776 1403 3845 quia
1447 3795 1466 3828 c
1511 3779 1806 3845 permansit
1856 3778 2055 3833 Amor-

492 3867 675 3922 rhaeus
707 3865 956 3942 habitare
986 3865 1039 3919 in
1068 3865 1218 3921 Elom
1249 3877 1303 3922 et
1358 3868 1410 3922 in
1454 3867 1712 3934 Salamis,
1771 3879 1824 3924 et
1877 3871 2057 3940 gravis

488 3958 680 4013 effecta
710 3966 793 4011 est
823 3972 1025 4012 manus
1059 3957 1294 4027 Ephrem
1318 3972 1482 4026 super
1506 3972 1622 4014 eos.
1660 3978 1680 4012 ι
1708 3961 2056 4016 Amorrhaeus

488 4051 877 4118 interpretatur
904 4064 1118 4101 amarus
1153 4047 1237 4102 vel
1281 4049 1580 4103 amaritudo
1609 4049 1706 4121 (7).
1743 4050 2058 4108 Habitantes

490 4158 622 4212 ergo
661 4141 715 4195 in
744 4141 921 4205 Elom,
942 4155 1061 4210 quae
1095 4127 1491 4211 interpretatur
1541 4144 1820 4198 arietantea
1851 4143 1945 4216 (8),
1973 4146 2056 4200 vel

489 4235 544 4288 in
579 4231 833 4296 Salamis,
857 4232 998 4300 quod
1028 4233 1419 4301 interpretatur
1447 4233 1660 4300 paciﬁci
1695 4235 1796 4303 (9),
1841 4251 2057 4304 perma-

489 4331 623 4377 nent
651 4329 704 4375 et
735 4319 986 4375 habitant
1028 4320 1419 4375 amaritudines
1448 4322 1501 4375 in
1533 4322 1890 4378 arietantibus
1918 4335 1970 4379 et
2003 4325 2054 4379 in

490 4410 756 4484 paciﬁcis.
786 4410 1097 4465 Arietantes
1127 4419 1250 4463 sunt
1275 4410 1310 4464 ii
1334 4411 1422 4478 qui
1450 4410 1501 4464 in
1549 4410 1814 4477 agonibus
1866 4415 2049 4482 positi,

2160 3232 2402 3286 tudinem
2434 3241 2489 3285 et
2526 3231 2886 3284 humilitatem
2930 3229 3126 3284 habeat
3150 3228 3332 3294 Jesus,
3367 3229 3461 3297 qui
3491 3244 3612 3283 vere
3649 3229 3717 3282 di-

2156 3337 2292 3393 gnus
2322 3334 2441 3378 erat
2487 3321 2631 3376 ferre
2663 3336 2860 3375 nomen
2902 3319 3120 3374 Domini
3156 3318 3286 3375 Jesu
3329 3332 3392 3375 et
3435 3319 3716 3374 Salvatoris

2158 3415 2356 3481 nostri,
2412 3414 2683 3469 declarat.
2721 3413 2812 3486 Ait
2863 3412 3008 3466 enim
3034 3412 3120 3463 ἐς
3157 3429 3176 3464 ι
3210 3413 3510 3476 Dederunt,
3540 3411 3714 3481 inquit,

2157 3507 2250 3560 ﬁlii
2278 3504 2443 3560 Israel
2473 3515 2674 3559 sortem
2702 3502 2830 3558 Jesu
2857 3503 2966 3558 ﬁlio
2991 3501 3138 3558 Nave
3180 3504 3234 3556 in
3272 3503 3589 3572 semetipsis
3620 3503 3715 3572 μου

2158 3611 2256 3665 per
2305 3576 2630 3664 praeceptum
2685 3593 2925 3658 Domini,
2961 3602 3016 3648 et
3040 3592 3308 3646 dederunt
3354 3593 3407 3646 ei
3461 3593 3713 3645 civitatem

2157 3701 2316 3756 quam
2339 3686 2530 3755 petivit
2549 3684 2869 3739 Thannasac
2896 3694 3017 3748 quae
3030 3693 3111 3742 est
3125 3683 3182 3739 in
3197 3689 3391 3736 monte
3406 3674 3714 3748 Ephrem,et

2158 3778 2441 3832 atdiﬁcavit
2465 3777 2534 3830 ibi
2557 3778 2857 3840 civitatem,
2880 3785 2935 3830 et
2963 3776 3229 3830 habitavit
3264 3775 3315 3827 in
3340 3789 3432 3828 ea.
3468 3792 3487 3825 ι
3519 3772 3714 3843 Ipseest

2157 3869 2248 3938 qui
2273 3870 2420 3924 dedit
2451 3869 2821 3922 liaareditatem
2850 3868 3102 3922 omnibus
3136 3865 3264 3919 ﬁliis
3288 3864 3455 3929 Juda,
3476 3867 3567 3934 qui
3593 3865 3716 3918 dedit

2157 3958 2412 4027 Ephrem,
2429 3966 2482 4010 et
2502 3957 2738 4010 dimidia:
2753 3957 2915 4010 tribui
2930 3955 3179 4010 Manasse
3199 3973 3213 4008 :
3237 3957 3360 4024 ipse
3384 3956 3538 4010 dedit
3560 3968 3610 4009 et
3627 3971 3715 4006 ma-

2156 4047 2352 4118 gnifico
2374 4045 2449 4100 illi
2478 4045 2641 4100 Caleb
2665 4044 2773 4098 ﬁlio
2787 4043 2994 4100 Jctfone
3015 4045 3400 4100 haereditatem
3420 4061 3436 4100 :
3456 4047 3573 4114 ipse
3588 4045 3715 4117 misit

2157 4146 2342 4194 ternos
2366 4152 2461 4206 per
2477 4135 2718 4205 singulas
2733 4136 2924 4199 tribus,
2942 4136 3032 4206 qui
3051 4139 3369 4190 universam
3397 4145 3596 4190 terram
3613 4151 3713 4203 per-

2157 4236 2434 4298 agrareat,
2459 4238 2621 4296 atque
2643 4228 3020 4281 describerent
3047 4227 3099 4280 in
3128 4226 3291 4289 libro,
3319 4237 3376 4280 et
3395 4227 3650 4288 redirent,
3668 4235 3716 4278 et

2156 4319 2545 4382 ostenderent:
2582 4319 2694 4388 ipse
2726 4319 2875 4373 misit
2901 4318 3154 4372 omnibus
3187 4326 3395 4380 sortes,
3413 4319 3605 4370 etsein
3633 4330 3715 4367 ae-

2161 4408 2404 4462 vissimis
2430 4407 2933 4474 reservavit.Quare
2962 4417 3122 4476 putas
3143 4408 3319 4462 voluit
3350 4424 3476 4464 esse
3493 4408 3712 4463 omnia.

489 4517 804 4574 expugnare
825 4501 1122 4556 diabolicas
1152 4501 1293 4556 aedes
1317 4511 1732 4571 structurasque
1765 4513 2051 4578 conantur;
2085 4518 2132 4573 ι)
2163 4498 2529 4553 novissimus?
2563 4500 2684 4554 sine
2701 4500 2864 4553 dubio
2886 4507 2943 4552 ut
2965 4507 3110 4553 esset
3137 4502 3386 4553 omnium
3419 4501 3637 4569 primus.
3657 4495 3712 4549 Et

483 4591 694 4664 paciﬁci
740 4607 872 4648 vero
901 4592 991 4661 qui
1018 4591 1330 4647 carnalibus
1351 4593 1808 4661 concupiscentiis
1834 4610 2056 4664 supera-

493 4688 561 4736 tis
589 4697 771 4751 pacem
803 4683 998 4736 animae
1023 4691 1236 4752 gerunt.
1265 4683 1322 4736 ln
1354 4683 1600 4751 utrisque
1637 4692 1813 4737 tamen
1866 4698 2054 4751 perse-

489 4781 644 4826 verat
671 4781 725 4827 et
748 4773 1028 4826 contendit
1057 4773 1334 4827 contraria
1371 4773 1542 4826 virtus
1581 4773 1884 4826 amaritudo
1928 4788 2053 4841 per-

488 4863 700 4916 sistere.
730 4861 790 4915 ln
844 4877 951 4931 quo
997 4862 1103 4917 tale
1149 4861 1347 4931 aliquid
1405 4862 1702 4932 intelligere
1746 4877 2051 4930 possumus,

490 4954 618 5021 quia
679 4953 862 5018 dicit,
920 4954 1219 5021 permansit
1275 4953 1527 5008 habitare
1593 4954 1944 5007 Amorrhaaus
1996 4953 2050 5006 in

501 5045 654 5115 ipsis.
711 5043 874 5100 Verbi
928 5045 1097 5113 gratia
1135 5085 1152 5111 ,
1207 5045 1252 5099 si
1299 5044 1518 5102 inimica
1567 5045 1738 5100 virtus
1792 5044 2050 5099 daemonis

549 5173 596 5204 ³³
623 5173 665 5227 ll
694 5172 821 5230 Cor.
856 5188 956 5240 xu,
994 5173 1050 5228 4.
1126 5173 1208 5226 ³⁸1
1238 5173 1364 5231 Cor.
1395 5190 1475 5239 ιιι,
1505 5174 1597 5229 54.

583 5329 637 5395 4)
675 5329 822 5384 Unus
860 5328 1228 5395 Ebroicensis,
1268 5346 1288 5380 ι
1323 5337 1374 5383 et
1397 5327 1658 5382 rationes.
1695 5348 1713 5380 ι

584 5397 640 5465 5)
669 5398 783 5453 Duo
808 5399 1189 5465 Ebroicenses,
1226 5417 1244 5451 ι
1277 5399 1399 5452 auia
1438 5397 1539 5452 scit
1567 5399 1748 5453 omnia
1781 5398 1980 5454 Paulus
2001 5408 2056 5454 et

492 5469 919 5526 comprehendit.
948 5487 966 5520 ι
1198 5519 1204 5524 ,
1607 5491 1610 5494 -

567 5484 1300 5609 ἓςιὲἓίῗὲἓιὲὶῖιεθηηῴυω
1318 5551 1439 5609 _u_no
1478 5536 1810 5609 Ebroicensi,
1848 5554 1867 5588 ‹
1899 5537 2054 5609 deni-

495 5604 600 5676 que
625 5604 681 5661 et
711 5607 764 5660 in
804 5604 1058 5676 mysterio
1103 5605 1224 5661 tale.
1266 5623 1284 5657 ι
1318 5604 1474 5660 Libb.
1510 5608 1664 5670 editi,
1699 5625 1717 5657 ι
1751 5609 1818 5662 de
1853 5608 2052 5676 quibus

495 5675 550 5729 et
571 5675 622 5728 in
657 5675 956 5731 ministerio
990 5675 1112 5729 tale.
1148 5694 1168 5727 ›

566 5745 640 5816 (7)
666 5744 999 5801 Amorrhazua
1049 5746 1422 5815 interpretatur
1462 5760 1677 5800 amarus
1724 5745 1802 5799 vel
1846 5747 2047 5800 amari-

1692 5174 1740 5207 ³⁸
1774 5173 1818 5228 ll
1845 5175 1985 5232 Tim.
2013 5190 2080 5243 tt,
2121 5176 2178 5231 2.

2163 4591 2392 4659 nec-ipse
2413 4590 2514 4644 sibi
2532 4591 2896 4646 hereditatem
2916 4600 3063 4646 sorte
3086 4592 3457 4659 praesumpsit.
3474 4592 3562 4645 sed
3582 4608 3608 4643 a
3633 4605 3714 4660 po-

2160 4684 2288 4752 pulo
2316 4684 2552 4752 accepit,
2577 4691 2634 4736 et
2666 4683 2741 4736 illi
2773 4683 2865 4736 dat
2888 4683 3117 4753 populus
3148 4683 3519 4738 haereditatem
3552 4698 3583 4734 a
3621 4695 3711 4749 quo

2161 4773 2278 4839 ipse
2307 4781 2611 4840 acceperat.
2632 4771 2722 4825 Sic
2745 4773 2890 4826 enim
2907 4774 3170 4841 scriptum
3201 4782 3316 4827 est:
3349 4773 3444 4826 «Et
3469 4774 3711 4826 dederant

2160 4861 2255 4916 ﬁlii
2280 4860 2442 4917 Israel
2470 4873 2670 4917 sortem
2696 4860 2822 4918 Jesu
2855 4864 2965 4918 filio
2987 4863 3190 4917 Nave.»
3214 4863 3327 4918 Sed
3367 4875 3419 4918 et
3448 4864 3558 4917 haec
3595 4865 3712 4929 liga-

2159 4954 2348 5008 raliter
2380 4954 2766 5023 contingebant
2799 4955 2927 5019 illis,
2952 4970 3073 5024 quae
3097 4956 3256 5009 nobis
3296 4965 3712 5024 proponerentur

2157 5045 2226 5098 ad
2262 5045 2515 5111 formam,
2550 5055 2608 5098 ut
2642 5054 2698 5100 et
2746 5061 2845 5101 nos
2887 5061 3169 5101 servemus
3219 5058 3549 5116 praeceptum
3595 5043 3710 5097 illud

2275 5178 2320 5210 ³⁸
2352 5176 2465 5233 Jos.
2509 5193 2624 5244 nx,
2655 5178 2746 5233 47.
2843 5177 2886 5209 ³⁷
2916 5178 3047 5233 ibid.
3079 5177 3174 5233 49.
3274 5178 3320 5211 ³⁸
3351 5179 3477 5234 ibid.
3513 5177 3608 5238 ω,
3631 5175 3713 5230 δα.

2162 5332 2310 5383 tudo.
2342 5328 2386 5383 A
2415 5340 2546 5390 '1'“:
2578 5347 2598 5382 ι
2627 5345 2868 5386 amarum
2899 5347 3038 5389 esse.
3085 5352 3105 5386 ι

2225 5398 2304 5480 (8)
2332 5383 2663 5470 Elom-ique
2717 5383 3099 5471 interpretatur
3139 5403 3432 5457 arietantea.
3509 5401 3595 5452 Ab
3629 5383 3718 5456 θἰι

2163 5485 2183 5519 ⁸
2222 5484 2598 5607 z(Eliiﬁigoaiarnis,
2643 5539 2782 5607 quod
2827 5540 3204 5605 interpretatur
3238 5539 3458 5609 paciﬁci.
3498 5539 3547 5590 A
3598 5519 3718 5591 εῆῦ

2163 5624 2182 5658 ι
2217 5606 2503 5658 Dacificum
2532 5622 2671 5658 esse.
2705 5625 2724 5658 ›

2161 5624 2182 5658 ι
2216 5621 2503 5674 pacmcum
2532 5622 2671 5661 esse.
2705 5625 2724 5658 ›

2225 5675 2336 5744 (10)
2373 5675 2573 5732 Omnes
2606 5677 2958 5747 manuscripti
2991 5695 3010 5730 t
3038 5678 3096 5733 in
3141 5677 3458 5746 semetipsis.
3499 5691 3522 5723 ι
3563 5672 3715 5726 Libb.

2151 5745 2302 5800 editi.
2343 5762 2362 5796 ι
2385 5755 2438 5800 et
2470 5745 2806 5800 semetipsos.
2832 5765 2852 5798 ι

2223 5759 2302 5809 in,
2343 5762 2362 5796 ι
2385 5759 2438 5800 et
2470 5759 2806 5814 semetipsos.
2832 5765 2852 5798 ι
