3870 6530
242 355 342 410 9M

1168 346 1241 402 1N
1279 304 1538 401 LIBRUM
1570 341 1731 397 naso
1768 338 1954 395 NAVE
1986 340 2266 397 norum
2310 342 2479 397 xxv.

3382 349 3486 403 349.

242 472 390 544 quod
423 471 526 527 iste
548 484 712 540 opere
739 468 1005 539 implevit,
1039 470 1183 539 quod
1214 469 1414 523 dicitur
1434 468 1480 499 ³⁹
1508 484 1522 520 :
1555 464 1810 543 «Quanto
1839 463 1887 521 Α
1914 476 2019 530 qua
2059 463 2180 531 quis
2234 465 2406 532 prima
2458 474 2604 518 sorte
2662 464 2853 533 dignus
2894 464 3206 529 haberetur,
3243 474 3297 520 et
3346 466 3486 521 alius

242 579 475 634 magnus
516 578 595 629 es,
654 570 804 618 tanto
848 561 1019 631 magis
1055 561 1274 616 humilia
1304 571 1376 627 te,
1399 568 1452 615 et
1479 566 1603 613 ante
1630 556 1813 611 Domi-

246 672 378 710 num
412 656 652 710 invenies
693 654 944 725 gratiam.
973 674 991 706 ι
1028 654 1094 708 Et
1128 653 1321 707 iterum
1370 651 1513 720 quod
1539 648 1812 717 'scriptum

244 755 330 800 est
352 746 439 799 “:
474 765 493 798 ‹
521 744 577 800 Si
609 755 659 799 te
705 747 892 799 ducem
942 743 1335 805 ordinaverint,
1390 755 1457 795 ne
1511 736 1809 803 extollaris,

245 838 345 893 sed
380 848 498 891 esto
526 838 672 889 inter
700 850 794 890 eos
822 833 980 904 quasi
1010 846 1148 887 unus
1191 847 1257 887 ex
1288 832 1439 899 ipsis.
1470 848 1489 881 ι
1523 829 1655 884 Vide
1682 842 1812 896 ergo

243 928 519 999 quomodo
549 928 653 980 dux
689 936 808 979 erat
838 924 1041 993 populi,
1076 924 1191 992 ipse
1224 922 1315 991 qui
1364 936 1461 976 eos
1501 920 1813 974 introduxe-

246 1034 335 1078 rat
362 1022 414 1076 in
452 1034 651 1074 terram
698 1030 966 1081 sanctam,
1004 1017 1057 1069 in
1088 1025 1291 1069 terram
1328 1014 1765 1083 repromissionis
1795 1029 1810 1068 :

244 1115 366 1182 ipse
388 1125 509 1167 erat
531 1125 819 1167 successor
852 1108 1043 1179 Moysi,
1070 1118 1123 1162 et
1149 1123 1255 1161 non
1285 1107 1397 1176 ipse
1426 1106 1526 1160 sibi
1549 1104 1815 1175 permittit

243 1218 461 1258 sumere
513 1211 712 1257 sortem
778 1210 962 1265 terrae,
1012 1200 1104 1254 sed
1163 1206 1445 1263 exspectat
1495 1207 1553 1250 ut
1583 1195 1814 1265 accipiat

243 1297 644 1367 portiunculam
671 1310 701 1349 a
738 1292 953 1362 populo,
978 1292 1156 1361 populi
1187 1292 1323 1355 dux;
1354 1298 1408 1343 et
1438 1298 1660 1357 accepta
1690 1304 1813 1356 por-

244 1386 489 1441 tiuncula
542 1399 637 1439 sua
688 1380 867 1447 Iesus,
920 1381 1114 1449 dignus
1163 1380 1266 1434 huc
1319 1378 1539 1432 nomine
1582 1376 1813 1431 zediﬁcat

243 1477 424 1534 locum
474 1478 648 1547 ipsum
702 1489 863 1543 quem
902 1473 1129 1540 accepit,
1162 1482 1217 1525 et
1256 1470 1559 1533 constituit,
1599 1478 1657 1522 ut
1689 1480 1809 1521 eum

244 1586 379 1626 vere
454 1569 617 1624 faciat
676 1568 896 1639 dignum
961 1580 1187 1621 munere
1251 1564 1342 1619 Dei
1394 1572 1450 1618 et
1498 1562 1812 1617 haereditate

238 1664 446 1720 divina.
888 1712 891 1713 ν

313 1759 369 1813 5.
413 1756 517 1812 Sed
576 1753 828 1825 quoniam
891 1751 958 1805 ad
1012 1750 1301 1805 Dominum
1353 1756 1407 1804 et
1469 1748 1809 1802 Salvatorem

238 1860 492 1904 nostrum
537 1862 599 1902 ea
636 1861 754 1917 qua:
800 1845 868 1899 de
897 1844 1024 1899 Iesu
1057 1844 1389 1905 Scribuntur,
1425 1838 1632 1895 referre
1675 1854 1808 1892 con-

238 1943 543 2006 suevimus,
573 1940 821 1995 fortassis
860 1938 1022 1991 etiam
1054 1946 1241 1990 noster
1268 1935 1446 1989 omnis
1472 1933 1559 1986 hic
1588 1931 1814 2001 populus

241 2036 342 2089 dat
375 2043 581 2104 partem
612 2033 848 2100 aliquam
877 2043 997 2083 meo
1030 2027 1260 2082 Domino
1284 2022 1435 2087 Iesu,
1467 2032 1521 2076 et
1549 2022 1697 2076 velut
1734 2022 1814 2075 ιο-
1852 2062 1861 2075 .

236 2141 366 2182 cum
394 2125 679 2196 quemdam
712 2119 1034 2176 habitationi
1064 2116 1181 2183 ejus
1211 2115 1420 2170 tribuit.
1456 2112 1563 2167 Sed
1614 2128 1682 2166 ne
1730 2112 1813 2165 in-

228 2219 502 2288 juriosum
550 2230 672 2271 esse
717 2214 961 2268 videatur
998 2212 1142 2281 quod
1193 2209 1415 2271 dicitur,
1466 2206 1813 2274 requiramus

234 2313 512 2384 quomodo
558 2311 606 2364 ei
663 2310 852 2364 damus
889 2323 990 2363 nos
1034 2307 1177 2361 servi
1210 2304 1326 2373 ejus
1355 2302 1707 2357 habitationis
1732 2302 1812 2356 lo-

236 2420 388 2459 cum.
422 2403 531 2471 Ego
558 2402 600 2454 si
635 2413 850 2470 possem
885 2400 1057 2454 bonus
1082 2398 1221 2462 ﬁeri,
1259 2397 1445 2451 darem
1470 2395 1647 2451 locum
1671 2395 1811 2452 Filio

237 2496 343 2550 Dei
374 2495 426 2547 in
466 2508 571 2556 me,
604 2502 658 2546 et
693 2499 973 2560 acceptum
1012 2490 1189 2543 locum
1218 2503 1248 2542 a
1282 2502 1368 2542 me
1402 2490 1453 2541 in
1485 2488 1663 2540 anima
1695 2500 1812 2540 mea

236 2588 502 2642 Dominus
566 2585 726 2640 Iesus
785 2584 1085 2638 aediﬁcaret
1133 2596 1278 2644 eum,
1330 2589 1385 2634 et
1418 2582 1732 2644 adornaret,
1761 2586 1814 2631 et

237 2680 450 2734 faceret
506 2679 558 2732 in
587 2693 652 2731 eo
704 2690 889 2729 muros
925 2672 1392 2741 inexpugnabiles,
1417 2680 1470 2725 et
1497 2681 1677 2724 turres
1706 2683 1809 2723 ex-

236 2771 441 2835 celsas,
473 2779 528 2825 et
553 2769 847 2823 aediﬁcaret
875 2766 928 2820 in
960 2780 1046 2819 me
1078 2765 1436 2828 mansionem,
1467 2762 1511 2817 si
1547 2775 1808 2828 mererer,

234 2857 455 2926 dignam
493 2876 550 2914 se
575 2867 629 2914 et
655 2859 828 2923 Patre,
857 2868 913 2914 et
936 2860 1007 2913 ita
1033 2860 1319 2916 adornaret
1344 2860 1578 2915 animam
1608 2874 1809 2928 meam,

230 2963 294 3007 et
336 2969 583 3023 capacem
622 2970 738 3008 eam
779 2970 889 3008 suae
929 2954 1205 3023 sapientiae
1242 2963 1296 3009 et
1333 2953 1600 3017 scientiae,
1643 2952 1811 3007 totius

231 3045 538 3111 sanctitatis
584 3045 856 3111 efﬁceret,
898 3046 952 3099 in
1007 3055 1215 3099 tantum
1265 3054 1325 3099 ut
1370 3054 1426 3100 et
1462 3046 1623 3099 etiam
1662 3043 1810 3099 face-

223 3146 321 3190 rel
361 3137 527 3190 Deum
568 3137 778 3191 Patrem
819 3153 1002 3192 secum
1052 3137 1287 3202 intrare,
1330 3146 1385 3190 et
1435 3136 1491 3189 in
1529 3151 1591 3189 ea
1629 3135 1810 3192 facere

230 3230 602 3295 mansionem,
631 3238 686 3284 et
714 3240 935 3284 caenare
984 3225 1151 3279 etiam
1192 3221 1332 3290 apud
1371 3221 1533 3275 talem
1573 3221 1809 3274 animam

231 3326 392 3382 cibos
422 3340 560 3393 quos
596 3326 714 3393 ipse
756 3323 1002 3377 donaret.
1032 3316 1183 3383 Quod
1213 3324 1271 3369 ut
1301 3313 1561 3384 consequi
1596 3327 1811 3367 merea-

230 3432 384 3482 mur,
418 3428 784 3485 prazparemus
818 3410 869 3463 in
904 3409 1060 3462 nobis
1089 3421 1183 3461 cor
1211 3404 1470 3458 mundum
1496 3419 1603 3472 quo
1637 3404 1811 3457 libeno

233 3520 325 3564 ter
376 3519 430 3562 et
476 3516 630 3577 grate
685 3505 943 3558 Dominus
992 3500 1152 3554 Iesus
1184 3495 1298 3566 (ll)
1334 3495 1594 3549 mundum
1630 3497 1809 3550 cordis

230 3602 412 3657 nostri
486 3597 711 3652 introire
741 3595 992 3664 dignetur
1017 3591 1311 3660 hospitium
1339 3602 1353 3641 :
1386 3588 1478 3642 cui
1510 3595 1596 3643 est
1633 3589 1806 3659 gloria

228 3710 291 3756 et
330 3697 612 3769 imperium
634 3696 685 3750 in
711 3692 911 3749 saecula
932 3691 1278 3746 saeculorum.
1311 3687 1504 3741 Amen.

783 3802 1066 3860 IlOMlLlA
1104 3800 1273 3856 XXV;

228 3909 315 3964 De
356 3904 652 3961 civitatibus
680 3917 796 3972 qua
827 3902 966 3951 data:
1001 3906 1121 3950 sunt
1159 3894 1375 3960 Levitis,
1396 3903 1445 3949 et
1468 3893 1694 3949 sortibus
1719 3908 1806 3945 eo-

962 3986 1102 4021 rum.

309 4069 361 4122 1.
402 4066 606 4123 Omnes
640 4063 734 4118 ﬁlii
783 4060 945 4115 Israel
997 4056 1330 4126 acceperunt
1379 4065 1555 4110 sortes
1597 4068 1805 4107 Suasm

225 4170 404 4220 terra,
451 4156 655 4210 Levitis
711 4162 892 4207 autem
938 4151 992 4203 in
1055 4148 1373 4202 haereditate
1418 4146 1566 4201 solus
1611 4144 1809 4201 sullicit

226 4254 396 4307 Deus.
427 4248 624 4302 Verum
650 4245 906 4313 quoniam
942 4240 1216 4309 accipiunt
1240 4239 1443 4294 Levita;
1473 4238 1713 4292 decimas
1745 4252 1809 4291 ac

225 4342 505 4415 primitias
535 4341 601 4394 de
636 4336 904 4390 fructibus
929 4347 959 4386 a
995 4332 1117 4385 ﬁliis
1145 4332 1309 4386 lsrael
1349 4344 1444 4399 per
1478 4341 1805 4399 prmceptum

226 4435 472 4498 Domini,
501 4431 783 4502 oportebat
808 4443 901 4483 eos
930 4428 1092 4480 etiam
1120 4425 1186 4477 de
1211 4434 1377 4487 terra,
1411 4432 1467 4475 ut
1499 4424 1571 4476 ita
1604 4424 1801 4485 dicam,

1917 554 2178 618 secunda,
2213 556 2278 608 de
2306 569 2436 623 qua,
2467 568 2627 625 prout
2650 558 2943 626 potuinms,
2971 556 3084 627 jam
3114 566 3241 611 ante
3275 566 3479 612 tracta-

1915 645 2090 700 vimus
2126 662 2139 698 :
2171 645 2265 700 sed
2306 655 2361 701 et
2401 647 2468 701 de
2509 647 2575 701 iis
2610 648 2699 716 qui
2745 664 2842 716 per
2872 649 3089 720 Moysen
3120 649 3257 704 ultra
3287 649 3484 707 Iorda-

1916 751 2038 790 nem
2074 746 2128 791 et
2161 737 2229 791 ab
2257 734 2384 791 Iesu
2422 737 2473 791 in
2530 748 2671 791 terra
2705 739 2979 807 accipiunt
3022 740 3485 809 repromissionis,

1916 829 2006 885 ubi
2041 830 2214 899 prima
2242 844 2360 884 sors
2389 829 2589 884 cecidit
2620 831 2683 883 ad
2714 830 3016 901 Benjamin,
3049 843 3102 886 et
3138 835 3483 902 postmodum

1916 920 1982 974 ad
2007 929 2232 975 caeteros
2282 920 2333 973 in
2372 922 2570 989 quibus
2595 920 2698 975 fuit
2726 922 2947 977 ultimus
2978 925 3088 977 Dan
3121 942 3135 979 :
3161 925 3235 978 ita
3264 940 3487 980 necesse

1915 1022 1995 1069 est
2023 1028 2144 1068 esse
2167 1022 2223 1067 et
2253 1013 2491 1082 aliquam
2519 1013 2784 1068 rationem
2812 1016 2977 1069 etiam
3004 1016 3057 1070 in
3089 1018 3279 1072 ordine
3307 1034 3489 1075 sacer-

1914 1105 2113 1159 dotalis
2138 1114 2193 1159 et
2228 1104 2488 1161 Leviticaa
2511 1107 2703 1169 sortis,
2730 1114 2788 1159 ut
2817 1106 2911 1160 alii
2941 1108 3136 1175 prima,
3174 1109 3263 1164 alii
3288 1126 3487 1167 secun-

1917 1196 2006 1259 da,
2040 1196 2131 1250 alii
2180 1197 2337 1251 tertia
2388 1212 2508 1252 sors
2562 1197 2813 1261 ducatur,
2844 1213 2940 1267 per
2974 1214 3111 1268 quas
3140 1202 3250 1267 illa,
3279 1203 3361 1257 vel
3397 1203 3486 1256 illa

1914 1289 2031 1343 loca
2078 1289 2374 1359 unicuique
2416 1290 2802 1345 decernantur.
2842 1288 3113 1347 Dicuntur
3142 1304 3337 1363 autem
3390 1296 3483 1349 ﬁlii

1914 1395 2035 1435 esse
2069 1380 2221 1445 Levi,
2257 1381 2465 1436 Gerson
2500 1394 2553 1437 et
2586 1383 2757 1439 Chaat
2787 1395 2841 1440 et
2872 1385 3103 1439 Merari:
3131 1395 3187 1441 et
3234 1390 3476 1443 ostendi-

1917 1482 2004 1527 tur
2053 1475 2256 1543 primas
2292 1486 2472 1544 partes
2513 1475 2752 1531 tenuisse
2787 1476 2841 1530 in
2882 1479 3087 1532 honore
3131 1477 3325 1545 Cbaat,
3356 1480 3482 1546 quia

1916 1565 2011 1620 ﬁlii
2060 1568 2232 1621 Chaat
2266 1566 2730 1635 fueruntAmran,
2772 1568 3002 1641 Moyses,
3053 1570 3233 1624 Aaron
3283 1580 3338 1625 et
3368 1570 3483 1623 Ma-

1916 1661 2018 1714 ria.
2056 1659 2221 1729 igitur
2253 1659 2318 1715 de
2350 1660 2522 1716 Chaat
2564 1676 2694 1732 pars
2723 1662 2955 1732 quidem,
2990 1662 3162 1732 plebis
3182 1662 3373 1719 effecta
3403 1673 3489 1718 est

1914 1754 2295 1820 sacerdotalis,
2348 1769 2467 1823 quae
2514 1764 2598 1810 est
2634 1756 2816 1811 Aaron
2868 1766 2923 1811 et
2969 1756 3061 1811 ﬁlii
3101 1755 3238 1824 ejus.
3274 1755 3491 1825 Moyses

1918 1855 2101 1900 autem
2151 1854 2247 1900 aut
2288 1846 2342 1901 in
2394 1846 2721 1903 sacerdotali
2768 1848 2981 1913 ordine,
3010 1860 3106 1903 aut
3132 1851 3175 1904 si
3204 1849 3293 1918 qui
3321 1850 3486 1902 etiam

1916 1938 2035 2006 plus
2066 1952 2095 1991 a
2129 1938 2456 1994 sacerdotali
2507 1954 2629 1995 esse
2666 1949 2866 2008 potest,
2899 1941 3182 1996 habendus
3224 1949 3327 1995 est.
3368 1941 3486 1993 Alia

1916 2043 2046 2084 vero
2073 2039 2157 2085 est
2184 2031 2328 2085 ratio
2360 2032 2425 2086 de
2468 2029 2594 2086 ﬁliis
2635 2030 2772 2100 ejus.
2802 2033 2997 2089 Cmteri
3034 2042 3213 2087 autem
3256 2048 3324 2088 ex
3363 2033 3490 2085 ﬁliis

1914 2120 2089 2176 Chaat
2117 2123 2411 2177 secundum
2455 2124 2704 2179 ordinem
2739 2132 3030 2180 tenuerunt
3064 2125 3118 2179 in
3159 2125 3300 2180 tribu
3331 2124 3486 2188 Levi,

1914 2214 2004 2282 qui
2037 2223 2164 2283 sunt
2186 2229 2255 2269 ex
2279 2216 2428 2271 lsaar
2461 2216 2783 2273 etChebron
2814 2226 2868 2271 et
2900 2216 3075 2272 (ldiel.
3104 2216 3260 2271 Tunc
3287 2217 3489 2271 deinde

1917 2316 2037 2376 post
2060 2307 2158 2363 hos
2180 2310 2457 2378 accipiunt
2484 2320 2693 2380 partem
2726 2320 2848 2380 post
2883 2311 3079 2375 Chaat,
3107 2325 3172 2365 ex
3205 2311 3330 2365 ﬁliis
3355 2309 3485 2364 Levi

1914 2398 2122 2454 Gerson
2172 2402 2334 2455 tertio
2371 2402 2506 2466 loco,
2549 2402 2879 2457 novissimus
2931 2417 3061 2457 vero
3094 2402 3336 2457 omnium
3379 2401 3489 2454 Me-

1915 2492 2047 2545 rari.
2090 2490 2215 2547 Haec
2264 2502 2351 2547 est
2390 2504 2568 2548 autem
2600 2494 2905 2549 dill'et'entia
2947 2494 3107 2564 primi
3151 2494 3384 2561 ordinis,
3431 2506 3487 2563 et

1919 2583 2140 2638 secundi
2186 2594 2243 2639 et
2276 2585 2419 2639 tertii
2453 2586 2535 2639 vel
2574 2584 2758 2655 quarti
2803 2600 2966 2653 quam
3022 2586 3201 2656 primo
3237 2587 3480 2640 omnium

1915 2675 2329 2731 observavimus
2354 2677 2406 2730 in
2441 2675 2713 2734 Numeris.
2740 2680 2932 2733 Postea
2971 2679 3115 2733 enim
3141 2694 3304 2747 quam
3338 2679 3489 2733 ordi-

1915 2775 2057 2823 natae
2107 2768 2327 2824 fuerant
2369 2771 2653 2826 duodecim
2704 2772 2879 2828 tribus
2929 2787 3025 2841 per
3063 2781 3295 2840 quatuor
3334 2772 3487 2827 orbis

1917 2868 2078 2913 terrae
2107 2869 2294 2929 partes
2321 2860 2467 2916 circa
2502 2876 2687 2916 arcam
2724 2863 3032 2918 testamenti
3076 2862 3287 2917 Domini
3324 2879 3489 2917 excu-

1912 2949 2030 3004 bias
2068 2965 2252 3018 agere,
2286 2962 2342 3006 et
2372 2961 2586 3008 statutae
2610 2963 2740 3009 sunt
2784 2964 2895 3011 tres
2938 2956 3156 3025 quidem
3199 2956 3371 3011 tribus
3422 2959 3489 3011 ab

1915 3042 2149 3107 oriente,
2186 3052 2299 3099 tres
2324 3053 2501 3101 autem
2529 3047 2596 3101 ab
2618 3046 2806 3102 Africo
2829 3046 2911 3101 vel
2946 3062 2975 3101 a
3008 3048 3336 3111 meridiano,
3377 3058 3488 3103 tres

1836 3165 1884 3227 α
1918 3142 2099 3227 autem
2128 3135 2202 3227 ad
2241 3150 2391 3191 mare
2418 3138 2561 3205 quod
2594 3148 2677 3193 est
2717 3141 2783 3193 ad
2812 3140 3181 3205 occidentem,
3216 3150 3327 3196 tres
3356 3156 3490 3196 vero

1918 3226 1985 3280 ad
2013 3225 2347 3295 aquilonem,
2380 3229 2472 3297 qui
2501 3238 2586 3283 est
2610 3231 2933 3299 septentrio,
2956 3230 3030 3285 ibi
3060 3234 3226 3286 etiam
3264 3233 3351 3287 isti
3392 3248 3488 3301 per

1912 3327 2145 3386 quatuor
2161 3320 2310 3374 orbis
2344 3330 2503 3375 terra:
2533 3332 2715 3391 partes
2762 3324 2950 3379 eodem
2991 3324 3184 3377 ordine
3216 3326 3484 3393 deputan-

1915 3418 2022 3464 tur.
2076 3410 2141 3464 Et
2175 3413 2243 3466 ab
2274 3412 2485 3466 oriente
2516 3414 2737 3483 quidem
2798 3415 2888 3469 ubi
2940 3424 3059 3469 erat
3116 3416 3287 3470 tribus
3319 3416 3485 3481 Iuda,

1912 3515 2034 3570 quae
2072 3510 2191 3555 erat
2239 3503 2383 3557 inter
2424 3514 2651 3558 caeteras
2691 3505 2885 3572 prima,
2926 3505 3109 3561 Aaron
3165 3515 3327 3576 atque
3365 3506 3484 3575 ejus

1918 3593 2015 3646 lilii
2041 3592 2379 3647 collocantur
2405 3619 2418 3645 ε
2447 3594 2622 3648 Chaat
2646 3609 2775 3649 vero
2799 3595 2926 3650 ﬁliis
2951 3597 3042 3665 qui
3072 3606 3228 3650 erant
3264 3597 3483 3668 reliqui,

1914 3699 2097 3739 arcam
2156 3686 2461 3739 testamenti
2517 3685 2732 3740 Domini
2767 3686 2949 3742 levare
3008 3689 3060 3742 in
3115 3688 3377 3753 humeris,
3429 3698 3487 3743 et

1915 3776 2057 3831 tubis
2080 3790 2283 3830 canere
2320 3776 2605 3842 statuitur,
2650 3777 2723 3830 ita
2751 3787 2811 3831 ut
2860 3793 2983 3832 cum
3014 3778 3186 3848 prima
3235 3780 3360 3834 tuba
3394 3794 3485 3834 ce-

1914 3868 2158 3932 cinisset,
2189 3876 2469 3924 moverent
2510 3878 2689 3922 castra
2720 3868 2755 3923 ii
2787 3869 2881 3937 qui
2908 3879 3064 3924 erant
3110 3871 3180 3924 ah
3230 3872 3480 3935 oriente;

1915 3975 2041 4013 cum
2092 3974 2221 4013 vero
2267 3960 2504 4013 secunda
2539 3960 2849 4024 cecinisset,
2878 3961 2914 4015 ii
2949 3962 3038 4032 qui
3069 3970 3228 4017 erant
3261 3978 3289 4015 a
3322 3963 3486 4016 meri-

1913 4052 2076 4106 diano
2098 4061 2523 4123 consurgerent;
2564 4053 2724 4106 tertia
2755 4055 2821 4108 ab
2857 4055 3165 4119 occidente,
3192 4067 3383 4123 quarta
3414 4056 3483 4108 ab

1912 4144 2185 4214 aquilone.
2234 4145 2395 4199 Vides
2442 4154 2678 4213 quantus
2710 4148 2868 4213 ordo,
2901 4158 2951 4202 et
3001 4156 3201 4215 quanta
3246 4148 3298 4200 in
3334 4146 3485 4201 Scri-

1912 4238 2090 4305 pluris
2113 4238 2322 4293 sanctis
2358 4253 2536 4292 rerum
2558 4242 2943 4308 consequentia
2976 4240 3285 4294 custoditur
3310 4255 3482 4309 :quo-

1912 4330 2073 4383 modo
2108 4330 2239 4383 nihil
2270 4330 2371 4384 nisi
2398 4331 2560 4385 modo
2598 4342 2653 4385 et
2686 4328 2898 4385 ratione
2927 4343 2981 4385 et
3012 4332 3203 4385 ordine
3246 4333 3477 4401 geritur.

1910 4421 2127 4474 Intuere
2163 4420 2502 4488 diligentius,
2540 4434 2595 4473 et
2630 4421 2680 4474 in
2721 4422 2866 4473 omni
2916 4420 3196 4490 Scriptura
3247 4423 3360 4475 hinc
3405 4421 3481 4475 ita

227 4528 379 4583 etde
411 4499 735 4579 habitaculis
768 4520 1007 4574 decimas
1033 4517 1302 4584 accipere,
1332 4515 1433 4569 hoc
1460 4525 1540 4566 est
1563 4514 1706 4566 enim
1734 4511 1801 4565 ab
1836 4499 1880 4554 θ
1915 4513 2159 4567 invenies
2202 4512 2481 4567 ordinata.
2517 4510 2621 4566 Sed
2659 4513 2703 4567 si
2742 4511 2838 4567 tibi
2872 4511 3086 4567 diﬁicile
3114 4523 3197 4566 est
3230 4529 3328 4583 per
3361 4529 3482 4567 om-

224 4616 487 4673 omnibus
511 4614 752 4669 decimas
782 4608 1082 4677 accepisse.
1108 4605 1177 4659 Et
1206 4604 1325 4657 ideo
1355 4605 1673 4657 accedentes
1694 4604 1806 4671 pri-

224 4710 392 4765 marii
446 4709 546 4761 viri
599 4707 688 4775 qui
737 4714 893 4759 erant
945 4702 997 4755 in
1048 4701 1174 4755 ﬁliis
1205 4698 1357 4762 Levi,
1382 4698 1449 4751 ad
1482 4696 1802 4751 Eleazarum

225 4800 596 4864 sacerdotem,
625 4806 678 4850 et
702 4797 766 4850 ad
796 4796 978 4849 Iesum
1010 4794 1182 4846 tilium
1215 4791 1383 4853 Nave,
1413 4798 1467 4843 et
1503 4791 1567 4841 ad
1598 4789 1802 4857 princi-

224 4907 330 4960 pes
361 4892 595 4944 tribuum
625 4888 859 4942 ﬁliorum
892 4884 1085 4949 Israel,
1121 4885 1172 4937 in
1204 4882 1365 4937 Selon
1401 4882 1454 4934 in
1487 4891 1627 4934 terra
1661 4880 1806 4933 (Sha-

224 4997 399 5045 naan,
446 4979 797 5035 dixerunt“:
845 4995 864 5028 ι
898 4976 1159 5031 Dominus
1207 4974 1466 5045 praecepit
1522 4973 1575 5026 in
1638 4988 1799 5025 manu

222 5072 400 5142 Moysi
464 5072 579 5126 dari
644 5069 802 5123 nobis
842 5068 1095 5123 civitates
1145 5066 1211 5119 ad
1288 5063 1685 5126 habitandum,
1747 5071 1802 5115 et

1911 4617 2007 4657 nes
2034 4603 2204 4658 libros
2241 4603 2555 4671 vigilantem
2588 4603 2772 4657 cordis
2794 4604 3013 4657 oculum
3043 4604 3263 4670 ducere,
3302 4606 3351 4659 in
3381 4608 3483 4663 hoc

1910 4697 2103 4751 saltem
2139 4700 2263 4751 loco
2287 4696 2603 4763 diligentius
2639 4710 2758 4763 qua:
2785 4693 3101 4748 referuntur
3129 4700 3367 4757 adverte.

1981 4789 2035 4842 2.
2082 4788 2330 4851 «Prima,
2372 4786 2634 4855 inquit",
2663 4800 2783 4840 sors
2826 4786 2964 4839 exiit
3006 4786 3199 4852 Chaat,
3235 4798 3289 4843 et
3335 4789 3476 4844 facta

1908 4887 1986 4933 est
2032 4878 2157 4932 ﬁliis
2206 4876 2386 4930 Aaron
2451 4876 2753 4929 sacerdotis
2803 4877 2894 4945 qui
2944 4886 3062 4931 erat
3102 4877 3155 4931 in
3196 4877 3420 4935 Levitis.
3451 4899 3472 4932 ι

1910 4970 2078 5038 Culus
2103 4971 2331 5040 primam
2372 4978 2573 5022 sortem
2601 4967 2756 5022 exire
2787 4967 3050 5022 decebat?
3073 4970 3156 5023 cui
3189 4973 3480 5039 oportebat

1911 5064 2178 5131 primatus
2212 5060 2351 5126 dari,
2383 5059 2488 5113 nisi
2538 5059 2716 5113 Aaron
2764 5060 2940 5129 primo
2987 5061 3255 5128 pontiﬁci,
3297 5062 3476 5130 primo

222 5165 540 5220 suburbana
594 5177 783 5215 earum
835 5159 1163 5214 animalibus
1205 5156 1426 5211 nostris.
1449 5175 1467 5208 ι
1507 5154 1810 5224 Oportebat
1905 5156 1960 5208 in
1995 5152 2118 5205 vita:
2144 5150 2377 5216 meritis,
2411 5149 2589 5219 primo
2610 5149 2663 5203 in
2689 5149 2985 5204 honoribus
3009 5160 3063 5204 et
3086 5151 3478 5206 virtute?Cer—

224 5258 398 5313 etiam
433 5256 502 5309 de
547 5255 875 5309 suburbanis
901 5263 956 5306 et
983 5253 1052 5306 de
1085 5250 1394 5306 civitatibus
1425 5257 1629 5301 sortem
1660 5245 1800 5308 ﬁeri,

225 5370 298 5409 ne
330 5350 496 5423 454
521 5349 660 5405 forte
691 5348 987 5403 indiscrete
1038 5354 1095 5399 et
1142 5343 1368 5398 fortuitu
1411 5342 1552 5395 inter
1585 5339 1804 5395 Levitas

224 5444 509 5499 celebrata
558 5442 751 5496 divisio
806 5439 1107 5491 videretur.
1143 5434 1298 5489 Sicut
1329 5448 1458 5502 ergo
1486 5431 1801 5487 distributio

224 5539 399 5594 sortis
429 5551 547 5604 quae
579 5536 720 5589 facta
754 5542 840 5587 est
870 5532 922 5585 in
953 5530 1076 5585 ﬁliis
1104 5527 1293 5594 Israel,
1314 5527 1506 5582 habuit
1530 5526 1797 5581 rationem

336 5650 381 5682 ⁸⁸
414 5650 574 5704 Eccli.
604 5665 686 5715 ιιι,
719 5648 813 5702 20.
907 5647 952 5678 ‘°
976 5646 1140 5701 Eccli.
1173 5662 1344 5713 xxx",
1371 5648 1420 5699 l.

1906 5255 2017 5295 tum
2041 5252 2125 5296 est
2146 5240 2287 5309 apud
2316 5247 2370 5295 te
2405 5253 2548 5293 nunc
2578 5240 2771 5294 saltem
2803 5239 2944 5306 quod
2966 5252 3083 5292 non
3129 5240 3200 5294 sit
3224 5254 3342 5295 sors
3369 5239 3473 5294 ista

1906 5334 2146 5395 fortuita,
2193 5334 2287 5387 sed
2326 5332 2468 5387 adsit
2505 5332 2681 5386 virtus
2725 5345 2980 5400 superna,
3010 5330 3317 5401 gubernans
3353 5346 3471 5386 eam

1902 5427 2201 5482 secundum
2234 5426 2434 5479 divinat
2481 5422 3157 5492 providentitejudicium.
3202 5422 3301 5478 Ubi
3342 5437 3474 5492 ergo

1903 5521 2030 5575 ﬁliis
2065 5521 2248 5573 Aaron
2279 5518 2450 5588 prima
2482 5515 2788 5572 habitacula
2814 5530 2942 5589 sors.
2970 5515 3082 5571 ιιωο
3106 5515 3252 5587 justa
3283 5516 3473 5572 decer-

1496 5644 1543 5675 ⁸¹
1574 5641 1689 5700 Ius.
1719 5660 1832 5710 xxx,
1857 5641 1912 5697 2.
1988 5641 2033 5671 δ’
2063 5636 2193 5693 ibid.
2219 5637 2266 5693 4.

301 5782 411 5860 (ll)
448 5789 696 5844 Dominus
719 5788 897 5845 Iesus.
932 5788 1093 5844 Deest
1122 5788 1173 5842 in
1208 5787 1340 5843 libb.
1374 5789 1548 5854 editis,
1576 5789 1669 5844 sed
1708 5788 1901 5859 legitur
1931 5786 1984 5841 in
2020 5770 2306 5855 Sangerm.
2342 5794 2448 5835 ms.
