3870 6512
464 352 569 410 963

1920 354 2024 413 Olil

2132 353 2240 411 NIS
3601 355 3690 410 ΒΜ

466 464 579 522 nit?
618 485 636 518 ι
661 465 714 520 lu
761 466 922 529 tribu,
975 457 1238 535 inquit",
1265 465 1440 533 Iudae,
1488 468 1540 523 in
1579 468 1720 523 trihn
1773 466 2024 532 Simeon,
2056 471 2102 527 Α
2130 467 2402 531 cerdotes,
2437 467 2532 521 sed
2565 465 2706 522 inter
2743 476 2970 523 caeteros
3000 467 3231 537 primam
3277 474 3463 522 tamen
3498 471 3688 536 accepit

464 567 520 610 et
568 557 620 612 in
667 557 805 610 tribu
843 553 1148 624 Benjamin,
1195 571 1293 628 per
1324 550 1510 613 sortes
1551 558 1804 614 civitates
1858 559 2029 614 trede-

461 649 595 704 cim.
620 664 637 698 ι
673 645 837 705 Vides
862 648 1132 720 quomodo
1160 647 1352 704 electis
1391 650 1521 705 viris
1552 650 1610 705 in
1648 650 1837 706 electis
1861 651 2031 705 tribu-

465 734 567 791 bus
597 735 906 792 habitacula
936 738 1338 807 dispensantur.
1387 738 1534 807 Quos
1567 749 1748 794 autem
1791 739 2032 808 oportuit

431 827 753 901 secundam
818 839 1020 884 sortem
1089 829 1402 899 suscipere?
1461 829 1694 895 «Filios,
1771 830 2026 899 inquit“,

461 915 656 981 Chaat,
684 919 775 987 qui
809 919 999 989 reliqui
1024 928 1182 974 erant
1219 929 1337 988 post
1361 920 1500 974 ﬁlios
1523 921 1723 974 Aaron.
1752 940 1770 973 ι
1798 921 1864 974 Ει
1894 935 2028 988 quas

465 1003 637 1059 tribus
663 1006 749 1060 isti
772 1008 1082 1077 accipiunt?
1109 1007 1192 1063 «In
1223 1009 1388 1074 tribu,
1412 1009 1604 1080 inquit,
1626 1009 1883 1079 Ephrem,
1902 1019 1953 1063 et
1973 1010 2024 1063 in

463 1095 607 1149 tribu
642 1096 780 1163 Dan,
814 1107 870 1152 et
919 1100 970 1153 in
1007 1099 1230 1154 dimidia
1274 1102 1414 1157 tribu
1458 1101 1728 1166 Manasse,
1774 1103 2023 1158 civitates

463 1184 646 1239 decem
682 1201 779 1255 per
810 1197 1036 1244 sortem.
1061 1208 1081 1240 ι
1128 1191 1229 1258 Qui
1261 1201 1386 1248 sunt
1419 1202 1598 1248 autem
1636 1193 1823 1246 tertii?
1854 1210 1872 1243 ι
1900 1192 2024 1247 Filii

461 1274 736 1331 Gerson.)
790 1277 859 1332 Et
921 1279 974 1332 in
1023 1280 1221 1348 quibus
1276 1281 1528 1337 tribubus
1583 1283 1926 1338 sortiuntur?
1970 1287 2021 1338 in

467 1364 775 1432 ilssaehar,
810 1368 1069 1437 inquit",
1103 1379 1154 1425 et
1181 1370 1319 1426 Aser
1360 1380 1413 1426 et
1449 1371 1817 1441 Nephthalim,
1869 1385 1925 1429 et
1972 1376 2025 1429 in

464 1458 685 1512 dimidia
723 1460 864 1513 tribu
920 1459 1188 1526 Manasse,
1240 1477 1360 1530 quae
1399 1472 1484 1518 est
1519 1465 1570 1517 in
1605 1464 1801 1529 Basan,
1836 1465 2023 1520 itidem

465 1550 715 1603 civitates
748 1549 1028 1606 duodecim
1056 1551 1189 1622 (l2).
1215 1571 1234 1604 ι
1265 1553 1366 1619 Qui
1397 1564 1522 1608 sunt
1548 1566 1724 1608 autem
1757 1555 1928 1610 ultimi
1971 1557 2022 1612 in

459 1633 705 1692 Levitis?
745 1639 928 1704 «Filii,
971 1641 1165 1710 inquit,
1216 1641 1430 1696 Merari.
1461 1662 1479 1696 ι
1517 1643 1606 1699 lsti
1653 1646 1932 1700 novissimi
1972 1648 2024 1701 in

461 1729 657 1798 quibus
711 1729 980 1800 accipiant
1021 1733 1298 1798 tribubus,
1341 1737 1638 1789 videamus.
1687 1755 1706 1787 ι
1735 1737 1810 1791 Ex
1855 1739 2019 1803 tribu,

2131 567 2332 614 sortem
2383 558 2435 612 in
2472 557 2608 622 Dan,
2658 559 2951 614 secundam
2994 574 3126 614 vero
3171 558 3386 615 Gerson
3438 559 3496 612 in
3548 561 3689 619 Aser.

2131 657 2186 705 et
2215 652 2430 704 tertiam
2459 649 2596 704 idem
2625 648 2830 705 Gerson
2863 651 2916 704 in
2947 649 3317 720 Nephthalim.

2199 739 2255 792 4.
2288 739 2419 806 Quis
2448 749 2625 808 potest
2649 742 2864 810 assequi
2900 743 3014 797 haec
3044 743 3223 796 omnia
3251 751 3309 796 et
3342 741 3694 810 comprehcn-

2129 829 2290 884 dere?
2314 830 2446 897 Quis
2473 831 2782 886 meminisse
2809 831 2999 886 saltem
3033 841 3090 887 et
3116 833 3416 886 observare
3460 830 3691 886 ordinem

2129 920 2304 990 ipsum
2339 920 2762 975 ministeriorum
2794 921 2976 975 valet?
3022 921 3175 987 Quod
3200 921 3246 976 si
3283 922 3589 976 secundum
3619 921 3693 974 lit-

2131 1017 2298 1064 teram
2332 1010 2504 1064 solum
2535 1010 2756 1066 diﬁicilc
2795 1020 2982 1067 textus
3023 1013 3138 1080 ipse
3169 1012 3510 1066 narrationis
3537 1011 3692 1079 expli-

2128 1102 2242 1157 cari
2274 1110 2471 1171 potest,
2501 1111 2555 1156 et
2585 1103 2865 1172 permistio
2896 1103 2978 1156 vel
3015 1104 3282 1164 locorum,
3331 1102 3418 1156 vel
3446 1116 3694 1171 persona-

2129 1208 2272 1259 rum,
2304 1208 2422 1263 quae
2454 1194 2507 1248 in
2543 1194 2765 1248 historia
2801 1194 3168 1257 continentur,
3195 1192 3372 1248 evolvi
3401 1209 3418 1257 ;
3467 1192 3596 1260 quid
3627 1192 3696 1244 di-

2127 1283 2301 1338 cimus
2345 1284 2412 1336 de
2439 1283 2504 1338 iis
2535 1285 2911 1346 sacramentis.
2941 1299 3062 1354 qum
3105 1298 3202 1354 per
3234 1285 3355 1337 haec
3386 1283 3694 1336 describun-

2131 1383 2219 1428 tur
2266 1384 2320 1428 et
2368 1373 2422 1428 in
2458 1375 2656 1443 quibus
2686 1374 3098 1429 distributiones
3139 1373 3341 1427 futura
3368 1372 3696 1427 hereditatis

2129 1465 2539 1528 adnmbrantur,
2571 1475 2624 1519 et
2653 1481 2748 1535 per
2777 1480 2899 1535 quae
2931 1474 3130 1520 saneta!
3162 1476 3324 1520 terrae
3349 1479 3522 1529 quam
3558 1478 3698 1515 man-

2128 1555 2266 1608 sueti
2315 1556 2632 1610 haareditate
2675 1558 2992 1625 suscipient,
3050 1556 3243 1610 divisio
3297 1553 3696 1609 celebrabitur?

2129 1642 2258 1709 Quis
2304 1655 2606 1700 castrorum
2663 1633 2821 1700 sedes
2867 1646 3108 1700 diversas
3136 1644 3406 1714 explicet,
3437 1643 3699 1711 quomodo

2129 1734 2244 1789 hsce
2270 1735 2323 1790 in
2355 1734 2780 1790 ressurreetione
2814 1749 2911 1804 per
2941 1734 3182 1804 singulos
3215 1749 3470 1803 quosque
3498 1745 3697 1788 sancto-

464 1813 724 1882 inquit“,
761 1815 949 1872 Ruben
989 1827 1141 1874 trans
1191 1821 1477 1877 Jordanem
1518 1831 1571 1878 et
1601 1823 1737 1889 Gad,
1775 1828 1864 1894 qui
1910 1837 2025 1882 erat
2056 1809 2096 1863 Β
2131 1839 2247 1877 rum
2277 1825 2596 1880 sacerdotali
2619 1826 2700 1880 vel
2724 1825 2963 1880 Levitico
2992 1826 3184 1880 ordine
3211 1826 3467 1880 habenda
3499 1825 3572 1878 sit
3599 1825 3697 1879 dis-

444 1920 584 1960 .cum
631 1906 748 1975 ipso
773 1915 925 1962 trans
949 1907 1259 1976 Jurdanem,
1291 1923 1344 1967 et
1369 1916 1434 1970 de
1470 1915 1609 1969 tribu
1641 1915 1902 1980 Zabulon,
1937 1919 2026 1986 qui

461 2003 518 2049 et
571 1996 683 2065 ipse
724 1996 942 2052 ultimus
975 2009 1058 2053 est
1106 2001 1245 2055 inter
1285 2003 1426 2059 ﬁlios
1480 2004 1607 2071 Liae,
1651 2006 1924 2075 accipiunt
1974 2008 2028 2061 in

460 2095 608 2140 sorte
637 2087 885 2144 civitates
906 2090 1208 2146 duodecim.
1226 2117 1243 2148 ι

530 2175 583 2229 5.
629 2176 733 2232 Sed
766 2181 1003 2234 nondum
1025 2196 1088 2236 ea
1114 2197 1232 2252 quae
1257 2185 1431 2252 magis
1453 2186 1786 2243 observanda
1813 2199 1940 2243 sunt
1971 2190 2026 2245 in

461 2265 592 2322 locis
625 2269 951 2339 contigimus
976 2271 1089 2343 (l5)
1118 2288 1131 2325 :
1161 2274 1227 2329 de
1258 2277 1456 2345 quibus
1487 2279 1649 2334 etiam
1695 2281 1739 2334 si
1790 2283 2029 2350 pandere

461 2358 809 2427 proiundiora
842 2378 947 2416 non
980 2379 1286 2432 possumus,
1313 2367 1505 2423 saltem
1548 2384 1760 2424 summa
1797 2387 2027 2442 quaaqne

461 2451 832 2520 perstringere
881 2469 988 2509 non
1039 2457 1241 2526 pigebit
1271 2458 1407 2529 (14),
1445 2469 1504 2514 ut
1549 2476 1615 2514 ex
1642 2463 1710 2518 iis
1742 2465 2028 2535 unusquis-

461 2555 567 2606 que
598 2545 902 2600 auditorum
933 2549 1272 2602 occasionem
1325 2551 1506 2620 capiat
1537 2552 1906 2622 intelligentiae
1948 2557 2026 2612 al-

463 2632 617 2687 tioris
638 2643 692 2689 et
714 2638 954 2706 mystica;
983 2642 1377 2710 perquirenda'.
1419 2642 1554 2698 Cum
1588 2656 1820 2714 quatuor
1845 2658 2026 2717 partes

462 2725 570 2778 sint
601 2728 747 2782 orbis
786 2739 967 2794 term.
999 2731 1171 2786 Chaat
1196 2736 1408 2802 accepit
1437 2747 1640 2793 sortem
1692 2739 1899 2808 primus
1939 2741 2026 2794 in-

463 2825 546 2871 ter
597 2817 734 2872 ﬁlios
779 2817 907 2874 Levi
940 2836 968 2874 a
1001 2836 1154 2892 parte
1199 2825 1428 2882 orientis
1475 2843 1595 2882 cum
1626 2829 1747 2895 illis
1783 2831 2026 2887 tribubus

459 2920 580 2974 qua:
613 2915 668 2959 et
708 2907 834 2975 ipsa:
879 2911 1172 2980 primatum
1209 2916 1452 2970 omnium
1494 2927 1698 2975 tenent.
1725 2921 1854 2976 Vide
1895 2937 2026 2993 ergo

461 2997 728 3061 quomodo
775 2999 1025 3054 universa
1077 3005 1424 3062 conveniunt.
1479 3007 1534 3061 ln
1593 3019 1828 3078 quatuor
1877 3014 2027 3068 orbis

461 3087 707 3154 partibus
740 3100 945 3144 certum
977 3102 1060 3147 est
1100 3095 1420 3151 orientalem
1454 3099 1662 3169 plagam
1705 3103 2022 3159 nobiliorem

462 3177 653 3242 videri,
680 3179 730 3234 in
765 3195 868 3248 qua
893 3191 946 3236 et
980 3183 1213 3238 nobilior
1240 3189 1479 3242 omnium
1511 3192 1845 3260 reliquarum
1875 3195 2024 3250 Judte

436 3268 635 3324 tribus
666 3272 966 3326 habebatur
998 3290 1010 3325 :
1038 3285 1092 3329 et
1126 3276 1218 3330 ﬁlii
1251 3278 1423 3332 Chaat
1457 3284 1756 3339 sacerdotis
1793 3287 2021 3352 primam

459 3359 662 3413 ducunt
699 3361 750 3414 in
783 3364 973 3431 primis
1002 3375 1057 3420 et
1089 3367 1335 3425 tribubus
1376 3380 1429 3426 et
1460 3374 1611 3429 orbis
1641 3377 1884 3445 partibus
1910 3381 2021 3452 (15)

460 3459 689 3516 sortem,
717 3467 839 3506 eum
882 3454 1088 3512 Gerson
1119 3467 1172 3513 et
1203 3459 1397 3516 Merari
1434 3464 1525 3533 qui
1557 3475 1712 3520 erant
1750 3469 1907 3536 primi
1939 3471 2023 3525 in-

461 3549 547 3594 ter
579 3541 720 3597 ﬁlios
767 3543 914 3598 Levi.
957 3547 1048 3601 Sic
1083 3563 1210 3618 ergo
1242 3559 1349 3607 tres
1383 3552 1479 3607 ﬁlii
1527 3557 1685 3624 primi
1721 3556 1850 3612 Levi
1881 3562 2026 3616 acci-

460 3634 616 3702 piunt
637 3636 978 3692 orientalem.
1012 3639 1361 3698 Occidentem
1391 3658 1520 3700 vero
1559 3648 1652 3702 ubi
1683 3660 1802 3705 erat
1832 3650 2021 3708 Ruben

428 3735 516 3780 -et
543 3725 762 3782 Simeon
793 3739 846 3783 et
874 3727 1010 3794 Gad,
1051 3733 1281 3786 sortitur
1323 3739 1557 3791 secunda
1585 3749 1734 3796 sorte
1763 3741 1931 3797 Chaat
1959 3760 2024 3800 ex

463 3816 608 3870 tribu
661 3817 950 3873 Simeonis.
986 3820 1180 3876 Merari
1210 3837 1337 3877 vero
1365 3826 1600 3893 primum
1646 3833 1874 3886 sortitur
1919 3833 2026 3887 Ru-

459 3903 588 3973 ben,
615 3915 668 3962 et
696 3909 887 3962 iterum
915 3908 1110 3964 Merari
1148 3914 1339 3970 tertius
1361 3914 1413 3968 in
1451 3916 1703 3975 Numeris
1729 3923 1796 3977 ab
1817 3923 2024 3979 oriente

461 3997 670 4065 accepit
720 3997 982 4063 Zahulon,
1024 4011 1082 4055 ut
1123 4001 1330 4068 iustitia
1385 4019 1653 4074 servetur,
1700 4022 1755 4066 ut
1788 4023 1934 4070 sorte
1959 4030 2023 4070 ea

459 4098 582 4154 quae
639 4087 933 4140 secundmn
975 4088 1258 4146 Dominum
1307 4094 1543 4160 ducitur,
1590 4108 1643 4152 et
1679 4103 2018 4159 credentium

461 4185 673 4230 mentes
719 4175 785 4228 ad
837 4177 1095 4245 mysteria
1127 4176 1290 4238 futuri
1321 4185 1502 4238 saeculi
1539 4187 1739 4258 dirigat
1770 4201 2024 4248 contuen-

460 4264 550 4318 da.
603 4263 732 4319 Post
791 4265 905 4319 haec
954 4279 1143 4319 eorum
1183 4269 1273 4336 qui
1325 4271 1392 4324 ad
1439 4288 1588 4328 mare
1638 4289 1816 4344 erant,
1846 4281 1898 4334 id
1937 4291 2020 4337 est

457 4352 693 4422 Ephrem
748 4362 804 4408 et
880 4353 1158 4421 Benjamin
1211 4366 1267 4412 et
1312 4358 1604 4430 Manasse,
1666 4365 1839 4422 Chaat
1899 4386 2020 4426 cum

458 4441 789 4511 suscepisset
837 4445 1076 4498 secunda
1161 4455 1310 4503 sorte
1358 4447 1660 4520 Benjamin,
1716 4459 1894 4512 caeteri
1951 4476 2016 4515 ex
2053 4478 2096 4533 ι)

458 4532 663 4586 familia
717 4533 835 4602 ejus
892 4535 1073 4588 sortiti
1125 4546 1256 4591 sunt
1307 4539 1564 4600 Ephrem.
1622 4543 1749 4601 Post
1791 4549 1896 4604 hoc
1926 4567 2020 4608 eos

457 4622 550 4688 qui
608 4631 767 4676 erant
825 4638 892 4678 ex
956 4625 1131 4680 media
1180 4627 1321 4681 tribu
1379 4630 1631 4689 Manasse
1660 4651 1780 4705 quae
1825 4637 1926 4695 fuit
1965 4642 2017 4696 in

452 4711 620 4785 455
657 4723 798 4768 terra
831 4726 1016 4770 sancta
1051 4717 1282 4774 sortitur
1314 4720 1546 4790 Gerson,
1581 4735 1636 4781 et
1665 4728 1871 4798 .iterum
1909 4732 2024 4801 ipse

419 4803 670 4884 [Gerson
711 4809 936 4862 sortitur
971 4810 1136 4864 etiam
1169 4811 1329 4866 aliam
1361 4813 1636 4869 dimidiam
1675 4818 1874 4873 tribum
1901 4820 2020 4884 bla-

395 4881 425 4977 ξ
455 4907 636 4948 nasse.
676 4894 781 4948 Sed
806 4895 933 4963 quia
961 4899 1244 4964 oportebat
1278 4913 1372 4954 eos
1391 4903 1482 4972 qui
1510 4915 1664 4959 erant
1693 4907 1744 4960 in
1769 4881 2021 4977 aquilone

456 4985 661 5054 aliquid
712 4988 1065 5041 sacerdotalis
1114 4991 1299 5058 gratia:
1352 4997 1634 5065 consequi,
1688 5014 1757 5053 ne
1808 4971 2019 5070 penitus

415 5135 420 5139 ,
451 5075 649 5131 nudari
679 5075 839 5130 donis
867 5077 1180 5134 coelestibus
1206 5083 1543 5151 viderentur,
1577 5087 1630 5141 in
1676 5090 1744 5144 iis
1784 5107 2017 5160 quorum

452 5167 786 5224 novissimus
810 5169 944 5222 ordo
983 5178 1101 5223 erat
1140 5171 1192 5224 in
1225 5175 1493 5242 aquilone,
1544 5178 1594 5232 id
1626 5189 1708 5234 est
1751 5179 1883 5244 Dan,
1916 5181 2018 5239 Ne-

451 5260 740 5333 phthalim,
761 5260 930 5314 Aser:
965 5274 1178 5314 rursum
1197 5262 1368 5318 Chaat
1393 5281 1497 5320 non
1525 5270 1740 5337 quidem
1764 5273 1904 5327 inter
1926 5287 2016 5327 sa-

521 5381 569 5416 ἠ
586 5376 704 5433 Jos.
746 5391 865 5442 xxI,
903 5375 960 5430 4.
1037 5376 1081 5410 “
1102 5378 1233 5434 ibid.
1263 5380 1318 5434 5.
1390 5382 1435 5414 ⁸⁸
1466 5383 1603 5440 ibid.
1628 5386 1683 5442 6.

417 5499 426 5505 ’
521 5515 637 5593 (12)
664 5514 845 5593 Codex
879 5512 1187 5593 Sange_rm.,
1213 5535 1247 5593 _c
1270 5516 1572 5580 duodecim.
1599 5543 1620 5577 ι
1652 5525 1806 5580 Libb.
1849 5527 2004 5593 editi,

449 5589 749 5706 getleCC-IILJ
809 5584 1163 5655 Septuaginta
1211 5587 1538 5656 interpretes
1598 5595 1761 5650 hodie
1809 5584 2014 5652 habent.

510 5670 746 5706 κατοεις.

510 5670 746 5725 καῖρεις.

526 5723 638 5793 U5)
671 5723 847 5780 Codex
867 5723 1176 5796 Sangerm.,
1207 5747 1227 5782 ι
1249 5728 1590 5799 contigimus.
1615 5751 1634 5787 ι
1665 5732 1826 5790 Libb.
1857 5735 2011 5803 editi,
2082 5809 2099 5818 _

1770 5388 1817 5421 ⁴⁸
1841 5388 1973 5445 ibid.
2004 5389 2058 5444 Ἰ.

2132 1913 2370 1980 tributio,
2403 1923 2479 1977 ut,
2521 1914 2967 1982 quemadmodum
3014 1913 3145 1968 dicit
3171 1913 3490 1981 Apostolus,
3537 1914 3590 1965 in
3620 1930 3697 1966 re-

2129 2004 2462 2059 surrectione
2490 2019 2598 2059 non
2629 2006 2851 2059 confuse
2881 2013 3111 2073 agantur
3141 2005 3347 2065 omnia,
3399 2005 3496 2058 sed
3531 2005 3696 2057 veniat

2133 2093 2543 2163 «unusquisque
2613 2093 2667 2148 in
2739 2107 2838 2147 suo
2899 2093 3112 2157 ordine,
3163 2092 3382 2146 initium
3435 2091 3693 2157 Christus,

2128 2184 2322 2239 deinde
2348 2185 2382 2238 ii
2412 2185 2504 2255 qui
2533 2193 2662 2239 sunt
2693 2183 2919 2250 Christi,
2949 2184 3038 2253 qui
3074 2185 3129 2238 in
3172 2186 3409 2250 adventu
3439 2185 3559 2246 eius
3585 2198 3694 2237 cre-

2126 2275 2398 2340 diderunt,
2427 2290 2549 2331 cum
2582 2276 2864 2330 tradiderit
2899 2290 3124 2345 regnum
3159 2275 3271 2329 Deo
3300 2288 3355 2329 et
3383 2273 3558 2340 Patri,
3585 2290 3692 2327 cum

2127 2364 2417 2433 subjeeerit
2442 2365 2490 2420 ei
2513 2379 2724 2419 omnem
2747 2365 3132 2434 principatum,
3149 2372 3202 2419 et
3222 2374 3552 2434 potestatem
3573 2363 3652 2415 "1’
3671 2382 3689 2414 ι

2127 2455 2206 2510 lbi
2249 2457 2368 2510 sine
2399 2455 2561 2510 dubio
2593 2455 2724 2510 tales
2755 2457 2998 2523 quaedam
3031 2464 3337 2509 castrorum
3379 2453 3694 2507 observatio-

2126 2560 2245 2612 nes,
2295 2555 2350 2600 et
2382 2545 2751 2601 sacerdotales
2781 2545 3214 2610 distributiones,
3263 2556 3319 2600 et
3347 2545 3597 2607 ordines,
3635 2559 3692 2598 ac

2127 2636 2376 2690 tubarum
2410 2635 2832 2705 signiﬁcationes
2866 2645 3025 2690 erunt
3059 2655 3075 2690 :
3115 2636 3365 2690 fortassis
3391 2636 3538 2690 enim
3564 2638 3693 2688 sicut

2127 2727 2398 2783 ordinavit
2450 2727 2592 2782 Deus
2621 2727 2807 2782 stellas
2840 2728 2987 2792 coeli,
3038 2738 3094 2782 et
3125 2729 3433 2782 rationibus
3463 2742 3557 2782 eas
3583 2728 3693 2795 qni-

2125 2817 2355 2873 busdam
2383 2817 2647 2872 mirandis
2674 2828 2728 2872 et
2755 2817 3114 2873 ineﬂ‘abilibus
3155 2818 3464 2881 collocavit,
3495 2826 3549 2870 ct
3571 2818 3695 2870 alias

2125 2909 2345 2978 quidem
2377 2907 2614 2977 ipsarum
2666 2909 2857 2964 Statuit
2902 2910 2956 2964 in
3007 2924 3112 2964 axe
3142 2910 3438 2979 aquilonis,
3481 2909 3615 2963 alias
3643 2911 3690 2960 in

2127 2999 2369 3068 partibus
2398 2999 2644 3064 orientis,
2696 3000 2831 3056 alias
2877 3015 3009 3056 vero
3037 3001 3090 3054 in
3121 3000 3350 3055 australi
3398 3011 3549 3069 parte
3575 3015 3693 3054 eon-

2127 3104 2285 3153 vexa,
2335 3098 2498 3157 atque
2545 3089 2679 3144 alias
2731 3090 2785 3143 in
2839 3105 3036 3145 occasu
3082 3109 3097 3144 :
3143 3090 3216 3144 ita
3254 3090 3426 3144 credo
3474 3092 3609 3159 quod
3641 3099 3691 3142 et

2127 3195 2221 3234 eos
2236 3181 2327 3249 qui
2354 3194 2418 3235 ex
2439 3181 2834 3236 resurrectione
2860 3190 3193 3236 mortuorum
3222 3181 3359 3236 tales
3379 3191 3562 3244 erunt,
3590 3183 3689 3235 sic-

2074 3310 2082 3317 .
2129 3279 2191 3323 ut
2235 3270 2402 3324 stellas
2449 3270 2571 3326 οωιί
2618 3271 2674 3324 ἱιι
2720 3269 3064 3324 multitudine
3097 3281 3153 3325 et
3187 3271 3460 3336 claritate,
3495 3272 3691 3324 venien-

2128 3371 2208 3418 tes
2234 3365 2444 3418 scilicet
2491 3377 2557 3418 ex
2588 3362 2796 3418 semine
2825 3362 3118 3427 Abraham,
3160 3363 3440 3417 ordinabit
3469 3364 3606 3418 Deus
3638 3364 3687 3415 ia

2128 3468 2295 3522 regno
2333 3454 2618 3518 emlorum,
2665 3454 2963 3508 secundum
3011 3455 3261 3508 ordinem
3315 3453 3594 3509 stellarum
3638 3465 3687 3509 et

2126 3545 2360 3613 partium
2397 3545 2518 3600 caeli
2555 3560 2569 3599 :
2607 3555 2660 3599 et
2692 3545 2840 3599 dabit
2887 3544 3008 3598 aliis
3039 3555 3244 3600 sortem
3291 3547 3359 3599 ad
3412 3547 3684 3608 orientem,

2126 3635 2245 3689 aliis
2270 3637 2336 3689 ad
2370 3637 2730 3698 occidentem,
2771 3635 2836 3688 ad
2871 3644 3114 3689 austrum
3149 3636 3301 3701 aliis,
3332 3644 3388 3689 et
3417 3652 3556 3705 quos
3584 3639 3684 3704 ipse

2125 3725 2276 3780 novit
2298 3735 2500 3780 statuet
2526 3726 2592 3779 ad
2619 3725 2927 3794 aquilonem
2953 3740 2969 3778 :
2993 3725 3248 3793 quoniam
3275 3727 3496 3795 quidem
3530 3745 3549 3777 ι
3573 3727 3683 3777 uitii.

2125 3815 2164 3868 ti
2197 3817 2415 3869 venient
2438 3815 2506 3870 ah
2540 3817 2752 3871 oriente
2785 3825 2838 3871 et
2866 3817 3164 3883 occidente,
3189 3835 3209 3868 ι
3249 3833 3317 3872 ex
3354 3832 3586 3887 quatuor
3607 3833 3682 3871 or-

2127 3905 2207 3958 bis
2238 3906 2498 3974 partihus,
2544 3889 2644 3963 cet
2676 3908 2990 3963 recumbent
3017 3922 3136 3960 cum
3166 3908 3446 3962 Abraham
3474 3919 3529 3962 et
3552 3908 3680 3962 Isaac

2123 4005 2177 4051 et
2203 3993 2368 4051 Jacob
2398 3997 2449 4050 in
2478 4013 2645 4069 regno
2674 4000 2934 4055 coriorum
2957 4001 3025 4066 ⁸⁸,
3049 4018 3068 4051 t
3099 4015 3197 4068 per
3224 4002 3463 4072 gratiam
3488 4001 3678 4055 Domini

2125 4086 2291 4140 nostri
2341 4085 2465 4143 .lesu
2510 4089 2737 4157 Christi,
2797 4092 2883 4145 eui
2919 4102 3003 4147 est
3047 4092 3218 4162 gloria
3247 4102 3304 4147 et
3330 4094 3604 4163 imperium
3631 4094 3678 4146 in

2124 4178 2325 4232 saecula
2362 4179 2701 4235 saeculorum.
2741 4183 2932 4236 Amen.

2654 4293 2928 4350 HOMILIA
2957 4295 3147 4352 XXVI.

2124 4383 2202 4438 De
2250 4400 2308 4438 eo
2340 4387 2480 4454 quod
2517 4387 2729 4454 sepulta:
2772 4400 2894 4443 sunt
2937 4392 3156 4454 petrimz
3203 4393 3505 4452 machaerae.
3544 4403 3587 4445 et
3618 4393 3680 4443 de

2196 4470 2290 4506 ara
2333 4472 2487 4523 quam
2517 4467 2892 4529 exstruxerunt
2917 4462 3036 4515 dua:
3067 4471 3115 4514 et
3161 4462 3321 4516 semis
3353 4464 3538 4527 tribus,
3568 4477 3679 4529 qua

2193 4533 2312 4576 sunt
2341 4537 2483 4576 trans
2514 4523 2820 4583 Iordanem.

2193 4631 2246 4685 1.
2278 4630 2332 4684 ln
2385 4633 2756 4700 superioribus
2804 4635 3021 4704 quidem
3053 4639 3257 4693 dictum
3293 4649 3399 4706 est,
3430 4640 3548 4709 quia
3589 4638 3676 4690 ﬁlii

2123 4716 2288 4773 Israel
2313 4721 2576 4775 dederunt
2625 4734 2826 4778 sortem
2857 4723 2986 4781 Jesu
3035 4726 3092 4782 in
3127 4739 3313 4784 monte
3344 4730 3592 4800 Ephrem,
3626 4742 3679 4783 et

2123 4810 2247 4879 quia
2283 4821 2504 4881 accepta
2545 4823 2695 4868 sorte
2722 4813 2880 4870 Jesus
2906 4817 3257 4874 aediﬁcaverit
3284 4822 3356 4875 ibi
3394 4822 3673 4880 civitatem.

2123 4911 2178 4958 et
2211 4904 2594 4960 inhabitaverit
2627 4906 2680 4960 in
2729 4921 2812 4962 ea.
2871 4907 3024 4965 Nunc
3067 4921 3247 4965 autem
3277 4915 3466 4968 eadem
3509 4913 3678 4966 demo

2129 5002 2322 5070 repetit
2349 5001 2650 5072 Scriptura,
2677 5015 2736 5060 ut
2763 5005 2925 5062 addat
2946 5009 3050 5062 hoc
3079 5009 3222 5077 quod
3264 5006 3554 5060 machaeras
3591 5019 3677 5072 pc-

2127 5091 2319 5156 trinas,
2371 5093 2424 5148 id
2474 5104 2555 5150 est
2602 5097 2805 5152 cultros
2849 5113 2880 5152 e
2923 5113 3056 5153 saxo
3100 5099 3300 5168 quibus
3348 5095 3675 5151 circumcidit

2121 5181 2278 5238 Jesus
2306 5183 2446 5239 ﬁlios
2467 5183 2632 5240 Israel
2662 5187 2714 5241 in
2750 5203 2951 5255 eremo,
2985 5188 3354 5245 recondiderit
3385 5190 3434 5242 in
3460 5201 3519 5240 ea
3547 5186 3676 5239 civi-

2125 5280 2234 5327 tate
2265 5287 2423 5340 quam
2469 5276 2851 5344 aediﬁcaverat,
2883 5289 2937 5334 et
2964 5281 3018 5334 in
3058 5294 3163 5348 qua
3193 5279 3486 5334 habitabat.
3527 5275 3677 5330 Unde

2138 5389 2180 5421 ⁸⁷
2217 5389 2238 5444 1
2266 5388 2391 5445 Cor.
2421 5406 2512 5458 xv,
2544 5392 2635 5460 25,
2663 5393 2754 5448 24.
2827 5395 2871 5427 ⁸⁸
2896 5393 3092 5450 Matth.
3123 5409 3241 5460 Vili,
3280 5393 3365 5448 il.

2119 5530 2592 5605 «contingimus.»
2913 5601 2926 5605 _
3001 5601 3050 5605 __
3407 5602 3433 5605 __
3643 5595 3652 5605 .

2193 5593 2302 5668 (Μ)
2335 5593 2806 5670 Cod-Sangam,
2837 5601 3099 5671 rpigehit.
3120 5619 3138 5652 ι
3177 5599 3328 5655 Libb.
3354 5602 3504 5662 editi.
3553 5611 3574 5642 ι
3605 5595 3682 5662 pi-

2120 5675 2311 5808 geﬁh’)
2334 5738 2482 5796 Unus
2502 5738 2865 5804 Ebroicensis,
2895 5755 2913 5790 t
2931 5739 3190 5798 extribus
3210 5737 3350 5795 orbis
3373 5737 3668 5805 partibus.)
