3870 6516
212 372 320 428 985

1209 380 1273 435 IN
1313 380 1571 437 LIBRUM
1599 381 1765 439 JE'SU
1807 382 1993 437 NAVE
2031 385 2313 441 IIOMILIA
2344 389 2530 444 XXVI.

3355 400 3459 455 916

214 489 393 543 denuo
425 498 479 543 et
508 488 668 544 nouis
693 493 979 561 repetenda
1011 496 1275 565 expositio
1307 507 1409 563 est,
1435 506 1487 552 et
1515 499 1653 566 quod
1686 498 1781 550 atl—
1808 503 1850 559 Α
1882 500 2012 566 petit
2035 501 2191 556 Jesus
2222 503 2333 574 (2|)
2383 515 2436 559 et
2488 508 2723 576 accepit;
2768 507 2820 563 in
2873 510 2990 566 loco
3029 527 3190 581 quem
3220 520 3462 586 possidet

212 580 411 649 iectuut
460 588 542 634 est
573 581 995 649 explanandnm,
1048 595 1106 640 ut
1154 589 1260 641 Deo
1307 588 1541 641 donante
1591 602 1784 642 sensus

216 669 511 739 Scriptura:
539 672 745 741 integer
765 676 1068 743 expleatur.
1106 677 1349 733 Diximus
1372 678 1514 734 enim
1544 680 1599 733 in
1626 696 1783 750 supe-

213 760 473 825 rioribus,
528 763 653 830 quia
704 774 761 817 et
794 765 1050 823 Dominus
1100 776 1285 823 noster
1331 768 1489 824 Jesns
1534 769 1781 824 Christus

214 849 332 917 (l6)
365 861 509 918 petat
544 867 572 907 a
605 855 760 910 nobis
809 857 986 911 locum
1019 873 1179 930 quem
1210 860 1463 925 aedificet,
1495 869 1549 916 et
1584 860 1638 915 in
1675 877 1783 931 quo

213 941 419 995 habitet
451 964 464 999 :
514 953 571 997 et
604 946 729 1014 quia
761 946 1024 1003 debemus
1075 949 1207 1003 tales
1252 949 1408 1014 elIici,
1459 962 1564 1005 tam
1596 953 1781 1007 mundi

216 1031 400 1098 corde,
437 1040 543 1086 tam
574 1023 845 1105 simplices
894 1046 1095 1103 mente,
1130 1047 1236 1093 tam
1267 1041 1439 1094 sancti
1474 1056 1700 1110 corpore
1727 1050 1783 1097 et

211 1121 429 1185 spiritu.
458 1132 514 1177 ut
544 1132 600 1178 et
630 1126 680 1179 in
714 1128 889 1181 anima
921 1137 1166 1183 nostrum
1204 1129 1379 1184 locum
1416 1132 1664 1201 dignetur
1692 1147 1781 1187 ac-

212 1209 419 1277 cipere,
451 1222 506 1265 et
530 1213 799 1270 aediﬁcare
830 1232 976 1282 eum,
1006 1228 1061 1273 et
1088 1219 1331 1273 habitare
1358 1221 1408 1273 in
1445 1236 1509 1274 eo
1539 1221 1671 1289 (17).
1714 1222 1783 1277 Et

213 1300 306 1367 qui
335 1310 493 1369 putas
526 1313 656 1358 sunt
685 1310 736 1359 in
765 1309 908 1361 omni
936 1310 1135 1378 populo
1164 1314 1235 1365 ita
1270 1312 1625 1381 acceptabiles
1649 1311 1778 1376 Deo,

217 1389 315 1458 qui
348 1391 412 1444 ad
442 1393 547 1447 hoc
598 1394 721 1463 eligi
770 1397 911 1467 digni
947 1401 1107 1454 sunt?
1145 1402 1251 1454 Aut
1282 1403 1419 1455 forte
1455 1417 1556 1457 nec
1585 1401 1779 1470 singuli

217 1482 285 1534 ad
320 1484 421 1537 hoc
454 1498 684 1552 capaces
718 1500 841 1542 esse
886 1500 1133 1557 possunt,
1166 1491 1258 1546 sed
1295 1490 1580 1546 universus
1614 1506 1780 1561 pOpu-

211 1570 296 1626 lus
326 1582 380 1626 et
405 1583 600 1628 cuncta
646 1576 804 1630 simul
835 1578 1071 1633 Ecclesia
1104 1581 1192 1635 vix
1243 1596 1409 1651 capax
1441 1596 1558 1637 esse
1584 1592 1778 1651 petest,

210 1671 270 1715 ut
306 1665 528 1734 recipiat
559 1667 611 1720 in
643 1683 703 1724 se
731 1668 1016 1725 Dominum
1043 1672 1251 1739 Jesum,
1281 1683 1336 1729 et
1362 1674 1572 1730 habitet
1598 1676 1649 1729 in
1677 1677 1782 1731 ea?

210 1751 502 1807 Videamus
528 1771 657 1825 ergo
702 1759 824 1824 quis
851 1760 923 1813 sit
966 1760 1068 1815 iste
1100 1762 1270 1825 locus,
1316 1764 1369 1816 in
1400 1779 1507 1833 quo
1531 1765 1777 1821 habitare

1892 591 1943 643 in
1968 592 2145 645 anima
2166 592 2321 661 justi,
2357 596 2409 649 in
2440 597 2558 664 ipso
2586 602 2831 657 recondit
2859 612 2914 657 et
2946 607 3268 663 macharas.
3302 609 3458 681 Smpe

1890 682 2227 738 ostendimus
2278 686 2605 744 machaeram
2658 693 2882 748 verbum
2932 695 3028 751 Dei
3078 698 3305 765 dictum,
3355 717 3460 768 quo

1888 772 2055 824 verbo
2081 771 2476 829 abscinduntur
2505 786 2558 831 et
2590 790 2888 848 purgantur
2914 794 3135 851 peccata
3170 784 3237 840 de
3263 789 3461 842 animis

1889 859 2241 915 audientium.
2287 861 2409 919 [hec
2455 880 2589 935 ergo
2622 868 2797 923 virtus
2825 871 2976 926 verbi
3012 874 3177 928 divini
3212 879 3460 937 recondi-

1890 958 1976 1003 tur
2006 951 2060 1005 in
2092 966 2158 1006 eo
2209 951 2328 1009 loco
2353 956 2439 1010 cui
2470 957 2629 1012 datur
2678 974 2856 1017 sermo
2887 963 3129 1020 scientia:
3180 976 3233 1023 et
3278 983 3459 1024 sermo

1887 1042 2187 1111 sapientiae,
2225 1054 2283 1100 ut
2314 1057 2622 1117 opportuno
2677 1058 2918 1122 tempore
2967 1058 3145 1113 anima
3195 1060 3282 1115 illa
3335 1078 3457 1133 qua:

1888 1147 1982 1203 per
2032 1137 2235 1190 donum
2286 1139 2515 1207 spiritus
2566 1141 2768 1211 repleta
2817 1154 2902 1199 est
2937 1150 3106 1204 verbo
3153 1153 3453 1221 sapientiae,

1887 1225 2049 1279 verbo
2099 1227 2363 1293 scientiae,
2411 1232 2654 1299 proferat
2681 1234 2812 1290 istas
2842 1239 3143 1296 machaeras
3186 1243 3239 1297 in
3272 1244 3454 1300 Eccle-

1886 1314 1988 1379 sia,
2023 1327 2078 1370 et
2129 1318 2491 1375 circumcidat
2538 1325 2775 1379 secundo
2802 1324 2915 1399 (22)
2962 1343 3056 1384 eos
3100 1332 3190 1400 qui
3218 1338 3453 1393 secunda

1886 1407 2136 1477 indigent
2171 1411 2608 1468 circumcisione.
2651 1414 2802 1481 Quod
2849 1428 3029 1475 autem
3058 1421 3189 1478 dicit
3216 1427 3463 1493 petrinas.

1887 1500 2206 1567 machaeras,
2242 1502 2344 1557 hoc
2371 1512 2476 1569 est,
2527 1518 2558 1559 e
2584 1520 2713 1560 saxo
2754 1508 2978 1576 cultros,
3016 1521 3069 1566 et
3104 1529 3208 1567 non
3249 1531 3280 1571 e
3313 1516 3454 1572 ferro

1886 1587 2108 1644 artiﬁcis
2133 1605 2303 1659 opera
2363 1592 2656 1651 fabricatos
2690 1611 2705 1650 :
2741 1598 2869 1652 illttd
2895 1603 3133 1658 ostendit
3160 1607 3302 1673 quod
3336 1622 3457 1661 ser-

1888 1693 1975 1733 mo
2005 1679 2094 1733 hie
2123 1679 2215 1733 Dei
2247 1680 2337 1749 qui
2373 1683 2766 1742 circumcidere
2796 1689 2862 1743 de
2899 1690 3096 1746 animis
3142 1695 3451 1750 auditorum

1888 1768 2257 1825 immunditias
2302 1780 2500 1840 potest,
2547 1789 2651 1830 non
2686 1786 2769 1832 est
2810 1793 2879 1834 ex
2925 1790 3046 1836 arte
3095 1788 3452 1853 grammatica

210 1844 369 1899 debet
397 1844 551 1901 .lesns
585 1866 597 1901 :
638 1866 657 1898 ‹
684 1848 738 1901 In
772 1860 979 1914 monte,
1029 1851 1205 1920 inquit
1230 1852 1296 1919 "“,
1330 1852 1590 1922 Ephrem,
1615 1873 1633 1907 ι
1679 1856 1783 1912 hoc
1815 1845 1857 1900 Β
1887 1860 1968 1915 vel
2000 1861 2270 1917 rhetorica
2302 1864 2548 1932 veniens,
2581 1882 2754 1937 neque
2781 1873 3062 1929 doctorum
3087 1844 3296 1935 malleis
3323 1885 3454 1939 edo-

208 1946 293 1991 est
341 1937 394 1991 in
449 1948 629 1991 monte
667 1937 968 1993 fructifera.
1012 1941 1115 2007 Qui
1166 1952 1323 2009 putas
1364 1952 1491 1997 sunt
1534 1946 1597 1998 in
1629 1946 1785 2001 nobis

211 2036 423 2082 montes
456 2026 722 2083 fructiferi
757 2030 809 2084 in
841 2029 1039 2099 quibus
1075 2033 1283 2086 habitet
1311 2032 1508 2089 Iesus?
1544 2034 1623 2089 Illi
1656 2051 1783 2105 pro-

209 2117 352 2171 fecto
378 2118 427 2171 in
462 2118 659 2187 quibus
682 2126 808 2173 sunt
836 2119 1045 2175 fructus
1077 2120 1323 2190 spiritus,
1352 2122 1627 2193 gaudium,
1657 2138 1780 2192 pax,

210 2208 497 2276 patientia;
529 2209 789 2275 charitas,
822 2221 930 2265 etc.
966 2210 1058 2265 Isti
1103 2228 1235 2282 ergo
1266 2222 1391 2267 sunt
1422 2222 1633 2268 montes
1668 2215 1783 2268 fru-

208 2298 412 2365 ctil‘eri,
464 2301 556 2369 qui
591 2299 825 2354 fructum
870 2299 1070 2356 Christi
1122 2302 1371 2369 afferunt,
1424 2316 1477 2359 et
1514 2316 1692 2359 mente
1718 2319 1783 2359 ac

209 2401 307 2453 spe
332 2402 546 2457 semper
570 2388 771 2443 excelsi
802 2398 947 2444 sunt.
989 2390 1056 2444 Et
1095 2391 1219 2445 licet
1247 2394 1399 2460 pauci
1431 2408 1549 2448 esse
1576 2394 1782 2463 possint

209 2478 369 2543 tales,
410 2486 584 2532 tamen
635 2482 679 2534 si
709 2480 792 2535 vel
841 2481 998 2550 pauci
1030 2480 1253 2547 fuerint,
1281 2484 1333 2537 in
1367 2483 1501 2552 ipsis
1530 2485 1780 2539 habitans

214 2568 474 2622 Dominus
500 2571 661 2635 Deus,
699 2572 788 2640 qui
823 2585 903 2625 est
930 2572 1020 2625 lux
1044 2586 1195 2637 vera,
1225 2573 1435 2627 emittet
1465 2573 1577 2645 (I8)
1602 2574 1780 2629 radios

211 2658 350 2713 lucis
382 2672 493 2712 suas
524 2661 685 2713 etiam
720 2676 884 2731 super
932 2660 1169 2729 reliquos
1215 2677 1425 2727 omnes,
1475 2677 1613 2731 quos
1640 2678 1778 2717 non-

208 2748 338 2800 dum
368 2746 558 2816 dignos
590 2748 702 2821 (l9)
737 2766 835 2806 suo
865 2749 1176 2806 habitaculo
1218 2751 1590 2822 principaliter
1633 2752 1779 2821 judi-

210 2837 374 2891 carit.
842 2907 858 2922 .

276 2929 337 2982 2.
370 2927 522 2983 Nunc
556 2937 735 2984 autem
765 2930 1040 2985 videamus
1070 2945 1187 3000 qua:
1222 2939 1348 2984 sunt
1378 2930 1657 2985 machara:
1686 2945 1778 3001 pe-

209 3018 391 3085 trinaa,
451 3018 645 3087 quibus
699 3018 1041 3074 circumcidit
1085 3017 1242 3074 Jesus
1290 3018 1430 3073 ﬁlios
1478 3018 1662 3074 Israel.
1721 3020 1776 3074 Si

208 3110 381 3165 oretis
412 3092 510 3179 pro
538 3111 696 3166 nobis
744 3120 802 3164 ut
829 3125 1010 3165 sermo
1044 3119 1229 3166 noster
1262 3111 1446 3165 vivens
1480 3111 1551 3166 sit
1578 3120 1633 3179 et
1661 3111 1769 3167 eﬂi-

206 3200 419 3265 cacior,
469 3209 522 3255 et
556 3202 768 3257 acutior
797 3216 960 3271 super
1002 3216 1218 3255 omnem
1266 3201 1612 3268 machaeram,
1645 3216 1784 3271 prat-

207 3291 381 3346 stabit
410 3300 465 3347 et
498 3291 655 3347 nobis
685 3292 943 3347 Dominus
967 3290 1148 3356 Jesus,
1182 3300 1242 3344 ut
1264 3292 1486 3346 verbum
1516 3291 1611 3346 Dei
1640 3291 1784 3360 quod

206 3381 487 3449 loquimur
519 3381 631 3451 (20)
664 3381 730 3436 ad
761 3397 879 3449 vos,
912 3382 1267 3436 circumcidat
1305 3396 1517 3436 omnem
1544 3383 1784 3436 immun-

208 3471 424 3536 ditiam,
452 3481 662 3526 resecet
681 3472 1045 3540 impuritates,
1068 3471 1353 3527 abscindat
1380 3473 1508 3526 vitia
1536 3472 1602 3527 de
1629 3474 1784 3527 audi—

211 3562 443 3626 toribus,
498 3570 553 3616 et
580 3570 817 3631 amputet
841 3576 1000 3616 omne
1031 3577 1142 3629 quo
1182 3562 1266 3615 vis
1293 3564 1488 3618 mentis
1520 3571 1574 3617 et
1602 3563 1784 3618 efﬁca-

208 3656 293 3709 cia
326 3643 591 3708 naturalis
619 3653 892 3722 obtegitur
917 3670 931 3707 :
957 3662 1011 3707 et
1038 3654 1116 3709 sic
1139 3667 1235 3722 per
1266 3654 1489 3708 verbum
1518 3653 1615 3709 Dei
1642 3656 1784 3724 quod

209 3761 358 3800 nunc
393 3746 657 3799 machaera
683 3745 891 3813 pett-ina
922 3744 1138 3809 dicitur,
1165 3742 1330 3815 456
1359 3743 1786 3800 circumcidemi-

210 3838 266 3890 ni
305 3847 361 3892 et
389 3852 483 3890 vos
534 3836 603 3890 ab
628 3834 757 3890 Jesu
806 3844 859 3890 et
892 3835 1147 3898 audietis,
1174 3836 1297 3904 quia
1327 3835 1550 3889 abstulit
1582 3850 1783 3906 oppro-

209 3925 392 3979 brium
424 3924 642 3995 Aigypti
670 3939 702 3979 a
733 3925 884 3978 vobis
917 3924 1098 3978 hodie.
1137 3924 1275 3990 Quid
1298 3925 1440 3978 enim
1466 3924 1620 3980 nobis
1656 3940 1781 3995 pro-

211 4017 336 4071 dest
386 4017 565 4071 exisse
636 4015 704 4071 de
753 4015 1006 4086 Egypto,
1069 4022 1123 4071 et
1167 4016 1445 4070 nobiscum
1496 4015 1781 4085 opprobria

214 4106 436 4176 Egypti
472 4107 865 4161 circumferre?
920 4104 1059 4175 Quid
1107 4106 1328 4174 prodest
1376 4107 1659 4161 ambulare
1688 4122 1784 4175 per

209 4211 481 4262 eremum,
528 4197 631 4250 hoc
662 4208 767 4263 est,
798 4196 928 4265 quid
965 4210 1062 4250 nos
1099 4194 1252 4264 juvat
1285 4196 1338 4249 in
1382 4195 1648 4265 baptismo
1685 4212 1784 4252 sae-

208 4290 336 4343 culo
385 4287 740 4352 renuntiasse,
794 4295 850 4342 et.
903 4302 1114 4341 morum
1165 4295 1475 4341 nostrorum
1526 4289 1783 4358 pristinas

209 4378 410 4433 sordes
442 4392 506 4431 ac
534 4378 783 4432 vitiorum
830 4375 1128 4430 carnalium
1170 4376 1543 4432 immunditias
1576 4378 1780 4434 retine-

1886 1950 2071 2014 mitus,
2101 1960 2195 2006 aut
2227 1953 2529 2009 studiorum
2588 1957 2872 2017 incudibus
2912 1964 3164 2023 elimatus
3189 1968 3324 2041 (25),
3357 1974 3454 2027 sed

1883 2056 1949 2096 ex
1978 2042 2066 2095 illa
2100 2048 2249 2112 petra
2283 2042 2642 2114 descendens,
2687 2064 2806 2118 qua:
2837 2052 2901 2107 de
2928 2066 3109 2111 monte
3135 2060 3251 2115 sine
3280 2064 3454 2117 mani-

1883 2133 1986 2189 bus
2012 2134 2251 2189 abscissa
2287 2146 2392 2200 est,
2425 2147 2479 2189 et
2524 2143 2713 2194 orbem
2748 2151 2906 2199 terra:
2936 2149 3247 2217 complevit,
3268 2168 3333 2208 ac
3364 2156 3455 2210 do-

1883 2239 1950 2277 na
1992 2225 2259 2293 spiritalia
2311 2226 2660 2284 credentibus
2703 2232 2910 2289 tribuit.
2968 2236 3101 2294 Post
3149 2240 3264 2297 haec
3295 2241 3455 2300 Jesus

1882 2329 2151 2373 convocat
2198 2319 2337 2376 ﬁlios
2370 2320 2556 2375 Ruben
2610 2332 2666 2376 et
2720 2325 2858 2382 ﬁlios
2885 2326 3021 2396 Gad,
3072 2340 3129 2387 et
3173 2335 3452 2392 dimidiam

1886 2409 2086 2463 tribum
2118 2410 2391 2479 Manasse,
2436 2415 2528 2484 qui
2558 2429 2745 2470 secum
2775 2417 3145 2476 militaverunt
3170 2426 3237 2479 ad
3266 2428 3455 2485 hostes

1880 2498 2211 2557 lsraeliticos
2238 2506 2575 2573 superandos
2607 2519 2623 2558 :
2661 2515 2715 2560 et
2745 2506 2966 2563 dimittit
3003 2525 3098 2567 eos
3124 2514 3191 2567 ad
3219 2515 3453 2573 haeredi-

1882 2597 2044 2643 tatem
2078 2608 2259 2659 suam,
2295 2595 2437 2650 datis
2482 2596 2550 2652 iis
2573 2597 2736 2652 etiam
2766 2600 3079 2656 muneribus
3104 2604 3449 2675 quibusdam,

1879 2681 2018 2736 sicut
2057 2685 2316 2753 scriptum
2362 2694 2462 2742 est.
2527 2687 2584 2744 In
2628 2702 2735 2757 quo
2779 2689 2988 2744 videtur
3036 2692 3165 2747 illud
3211 2695 3454 2752 indicate

1881 2774 2223 2843 mysterium,
2275 2778 2418 2845 quod
2452 2793 2576 2831 cum
2631 2778 2909 2846 plenitudo
2949 2784 3188 2851 gentium
3233 2787 3455 2841 introie-

1883 2864 1969 2927 rit,
2006 2875 2061 2918 et
2090 2879 2210 2933 quae
2238 2869 2565 2937 repromissa
2594 2878 2719 2923 sunt
2746 2872 2825 2927 eis
2852 2887 2882 2925 a
2913 2874 3140 2929 Domino
3168 2874 3296 2932 Jesu
3325 2894 3453 2948 pera

1879 2957 2125 3023 ceperint
2169 2956 2243 3010 illi
2294 2959 2388 3027 qui
2441 2975 2540 3029 per
2575 2961 2793 3034 Moysen
2840 2965 3040 3021 eruditi
3092 2974 3150 3021 et
3197 2968 3450 3025 instructi

1880 3047 2117 3113 fuerant,
2169 3059 2223 3103 et
2254 3050 2348 3118 qui
2397 3050 2553 3106 nobis
2590 3052 2642 3107 in
2683 3056 2978 3111 certamine
3021 3058 3212 3127 positis
3252 3059 3451 3114 auxilia

1811 3165 1858 3226 ρ
1888 3138 2229 3195 orationibus
2260 3150 2317 3195 et
2365 3142 2616 3211 precibus
2657 3143 2987 3215 detulerunt,
3040 3148 3164 3217 quia
3214 3152 3452 3205 nondum

1888 3235 2334 3303 repromissiones
2402 3238 2681 3292 consecuti
2745 3249 2892 3306 sunt,
2959 3250 3333 3311 exspectantes
3395 3251 3453 3297 ut

1887 3325 2051 3379 etiam
2080 3327 2289 3381 vacatio
2328 3339 2509 3385 nostra
2558 3330 2947 3400 compieretur,
2980 3335 3122 3388 sicut
3152 3334 3283 3389 dicit
3306 3334 3452 3403 Apo-

1888 3417 2055 3471 stolus
2076 3419 2143 3482 5°,
2177 3434 2319 3476 nunc
2349 3422 2565 3477 demum
2605 3424 2988 3494 perfectionem
3027 3441 3145 3495 qum
3172 3419 3239 3480 ab
3265 3427 3343 3480 eis
3372 3427 3455 3479 (Ii-

1888 3507 1994 3563 lata
2040 3508 2241 3577 fuerat,
2314 3525 2722 3584 consequantur
2782 3532 2903 3571 cum
2960 3517 3277 3572 muneribus
3331 3533 3453 3586 quae

1885 3602 2159 3670 accipiunt
2186 3604 2255 3659 ab
2281 3603 2431 3671 Jesu,
2461 3616 2518 3661 ut
2564 3610 2942 3679 unusquisque
2972 3608 3183 3664 habitet
3213 3609 3268 3663 in
3297 3623 3450 3677 pace,

1885 3693 2029 3747 omni
2064 3694 2204 3750 bello
2241 3706 2403 3766 atque
2432 3699 2577 3753 omni
2612 3700 3019 3769 impugnatione
3053 3708 3320 3756 cessante.

1956 3820 2010 3873 '5.
2054 3820 2182 3876 Post
2212 3823 2326 3879 haec
2368 3824 2565 3881 lectum
2598 3835 2682 3882 est
2714 3826 2891 3893 nobis,
2933 3826 3057 3897 quia
3103 3825 3196 3881 ﬁlii
3230 3824 3450 3891 Ruben,

1884 3910 2056 3964 etﬁlii
2094 3912 2232 3977 Gad,
2262 3924 2319 3968 et
2371 3916 2594 3971 dimidia
2641 3917 2819 3972 tribus
2867 3917 3116 3972 Manasse
3157 3918 3249 3986 qui
3294 3927 3452 3972 erant

1886 4012 2035 4057 trans
2058 4002 2372 4073 Jordanem,
2408 4007 2769 4063 tediﬁcassent
2805 4023 2959 4062 aram
2999 4009 3268 4077 ingentem
3302 4026 3315 4063 :
3354 4008 3450 4062 ﬁlii

1885 4108 2013 4148 vero
2028 4094 2190 4151 Israel
2224 4096 2411 4166 reliqui
2438 4097 2774 4166 ignorantes,
2802 4113 2971 4167 quare
3003 4099 3117 4153 haec
3137 4113 3228 4151 ara
3260 4097 3453 4152 fuisset

1884 4198 2156 4245 exstructa
2168 4229 2182 4255 ,
2197 4186 2675 4243 mittuntPhineem
2691 4188 2858 4243 ﬁlium
2874 4189 3064 4243 Eleaza
3074 4190 3116 4243 ri
3136 4189 3229 4243 ﬁlii
3247 4191 3322 4243 Aa
3332 4206 3449 4253 ron.

1885 4296 2009 4336 cum
2036 4282 2224 4335 decem
2251 4278 2389 4333 viris
2438 4279 2504 4334 de
2549 4278 2777 4348 singulis
2812 4280 3059 4334 tribubus
3107 4280 3301 4334 electis
3344 4295 3359 4332 :
3402 4280 3449 4334 si

1885 4372 2028 4428 forte
2056 4381 2308 4439 tanquam
2342 4370 2685 4423 discedentes
2718 4383 2747 4422 a
2780 4369 2889 4424 Deo
2918 4369 3020 4423 hoc
3051 4368 3331 4432 fecissent,
3363 4370 3449 4425 vel

211 4484 273 4523 re
295 4469 320 4521 ?
348 4467 576 4537 Oportet
608 4483 738 4537 ergo
786 4477 910 4536 post
951 4466 1340 4537 digressionem
1372 4466 1539 4522 Rubri
1591 4470 1780 4535 maris,
1815 4494 1858 4549 ι)
1888 4461 2169 4533 apostatici
2202 4460 2383 4514 ell‘ecti
2418 4459 2554 4529 (24),
2582 4466 2637 4513 et
2664 4467 2860 4513 contra
2892 4459 3203 4513 mandatum
3238 4459 3331 4514 Dei
3362 4475 3453 4529 ge-

212 4556 267 4609 id
299 4564 401 4616 est,
432 4566 549 4623 post
580 4557 809 4625 gratiam
832 4554 1106 4623 baptismi,
1139 4553 1341 4610 auferri
1373 4571 1400 4608 a
1438 4557 1592 4611 nobis
1619 4558 1781 4612 etiam

192 4642 457 4707 carnalia
481 4650 680 4705 veteris
710 4649 1116 4704 consuetudinis
1137 4648 1264 4701 vitia
1294 4664 1390 4718 per
1419 4646 1601 4702 Jesum
1628 4650 1785 4704 Chri-

206 4757 238 4796 ε
266 4756 358 4795 um
390 4741 675 4794 Dominum
712 4749 973 4804 nostrum,
1004 4746 1062 4791 ut
1106 4738 1177 4791 ita
1205 4738 1417 4791 demum
1449 4737 1787 4809 Egyptiacis

208 4846 407 4886 carere
456 4831 730 4901 possimus
777 4831 1102 4900 opprobriis.
1166 4827 1453 4883 Ponuntur
1500 4845 1630 4900 ergo
1681 4832 1786 4889 illa:

210 4926 350 4992 ipsa:
381 4923 666 4978 machaerae
713 4922 956 4990 petrinae,
1011 4928 1064 4974 et
1108 4919 1267 4974 cultri
1316 4919 1531 4989 lapidei,
1583 4924 1784 4991 quibus

207 5014 457 5069 secundo
483 5012 790 5068 circumcisi
819 5027 1007 5067 sumus
1036 5013 1104 5067 ab
1131 5010 1281 5077 Jesu,
1313 5010 1365 5064 in
1391 5025 1456 5066 eo
1479 5011 1597 5068 loco
1619 5029 1778 5084 quem

271 5102 461 5159 “Jos.
532 5120 650 5167 xtx,
698 5103 786 5159 50.
860 5104 907 5137 '°
952 5103 1116 5160 Hebr.
1162 5121 1221 5160 ιι.

286 5198 403 5269 (16)
436 5197 702 5269 Christi“.
733 5197 893 5252 Deest
916 5197 970 5252 in
1001 5197 1131 5254 libb.
1162 5208 1324 5256 antea
1353 5198 1538 5266 editis,
1574 5200 1669 5255 sed
1699 5200 1777 5257 lc-

207 5266 377 5340 gitur_
388 5272 574 5340 in_ms.
603 5266 888 5337 Sangerm.

288 5338 403 5405 (Π)
432 5337 635 5392 Omnes
664 5335 795 5393 mss.
830 5355 850 5390 ι
896 5335 1165 5391 aedificare
1202 5352 1324 5391 eum
1349 5348 1403 5393 et
1445 5339 1694 5395 habitare
1726 5340 1780 5395 in

207 5423 303 5463 eo.
336 5426 357 5460 ι
386 5406 543 5461 Libb.
576 5407 737 5474 editi,
770 5424 791 5458 ι
822 5406 1092 5462 aediﬁcare
1144 5407 1288 5462 illam
1329 5418 1385 5463 et
1431 5409 1678 5465 habitare
1726 5410 1780 5464 in

207 5492 402 5626 ωἱιξῑ)
436 5544 634 5626 βοίιει
678 5544 965 5617 Sangerm.
1010 5562 1030 5597 ι
1065 5547 1296 5606 emittet.
1341 5564 1358 5598 ι
1412 5545 1573 5602 Libb.
1614 5545 1775 5613 editi,

215 5633 237 5667 ‘
267 5624 1005 5759 ﬁgliglfbmnesmanuseripti
1030 5704 1050 5739 ι
1083 5686 1320 5743 nondum
1348 5685 1557 5756 dignos.
1585 5704 1604 5739 ο
1626 5684 1783 5744 Libb.

209 5754 376 5822 editi,
409 5773 429 5809 ι
463 5770 571 5811 non
608 5756 818 5825 dignos.
849 5773 868 5807 ι

1893 4563 2095 4620 rentes,
2123 4562 2572 4621 expugnarentur
2607 4566 2637 4603 a
2673 4551 2902 4619 reliquis
2953 4550 3081 4605 ﬁliis
3125 4550 3329 4616 Israel;
3368 4552 3452 4605 sin

1890 4645 2072 4709 aliter,
2108 4650 2839 4714 utcognoscerentcausam.
2896 4641 3004 4695 Alii
3048 4657 3178 4697 vero
3232 4642 3455 4697 satisfa-

1888 4736 2038 4791 ciunt
2068 4734 2136 4789 de
2160 4749 2276 4798 ara,
2301 4743 2356 4788 et
2379 4733 2565 4785 dicunt
2598 4750 2614 4785 :
2694 4731 2906 4788 Scimus
2922 4734 3048 4803 quia
3072 4734 3241 4789 altare
3265 4750 3450 4790 verum

1887 4836 1971 4883 est
2002 4829 2143 4897 apud
2173 4840 2293 4889 vos,
2322 4824 2411 4877 ubi
2443 4820 2601 4877 Jesns
2628 4822 2863 4888 habitat;
2900 4839 2998 4878 nos
3020 4835 3200 4879 autem
3225 4826 3453 4880 fecimus

1887 4922 1992 4976 hoc
2032 4919 2202 4973 altare
2219 4918 2285 4971 ad
2308 4915 2719 4970 similitudinem
2744 4912 2889 4967 illius
2908 4914 3121 4981 altaris,
3148 4916 3290 4984 quod
3313 4916 3451 4982 apud

1889 5027 1987 5069 vos
2013 5017 2350 5067 exstructum
2381 5015 2486 5075 est,
2518 5015 2581 5061 ut
2606 5016 2661 5061 et
2693 5006 2834 5076 apud
2864 5019 2964 5061 nos
2998 5006 3169 5076 ﬁgura
3199 5016 3255 5062 et
3275 5009 3451 5075 imago

1968 5196 2082 5267 (20)
2112 5196 2313 5254 Omnes
2358 5208 2487 5249 mss.
2521 5212 2539 5246 ι
2570 5193 2864 5250 louuimur.
2895 5214 2915 5248 ι
2946 5192 3105 5249 Libb.
3132 5193 3283 5259 editi,
3316 5209 3337 5246 ι
3368 5191 3451 5248 lo-

1883 5278 2277 5457 ᾳυξὲἷῑὴευδ.
2320 5334 2478 5414 Deest
2506 5333 2569 5415 in
2624 5332 2756 5390 libb.
2786 5332 2969 5399 editis,
3008 5332 3104 5387 sed
3145 5330 3345 5403 legitur
3388 5333 3446 5387 in

1883 5408 2031 5457 omni
2056 5421 2139 5457 ms
2169 5414 2570 5457 manuscrtntts.

1882 5408 2139 5464 omnibus
2169 5408 2570 5471 manuscriptis.

1955 5474 2067 5533 (22)
2099 5473 2225 5528 Mss.
2259 5492 2277 5523 ‹
2310 5469 2562 5527 secundo.
2591 5491 2609 5525 ι
2637 5472 2792 5526 Libb.
2838 5469 2990 5533 editi,
3021 5487 3040 5520 ι
3072 5470 3390 5525 secundum.
3421 5488 3443 5524 ι

1955 5475 2046 5528 (22
2099 5474 2225 5528 Mss.
2259 5492 2277 5523 ‹
2310 5474 2562 5527 secundo.
2591 5491 2609 5525 ι
2637 5474 2792 5526 Libb.
2838 5474 2990 5533 editi,
3021 5487 3040 5520 ι
3072 5474 3390 5525 secundum.
3421 5488 3443 5524 ι

1954 5474 2067 5615 (ssi
2090 5540 2583 5615 Codex_Satig_e_rm.
2620 5558 2641 5592 α
2674 5551 2767 5615 aut
2790 5540 3165 5615 historicorum
3194 5540 3447 5615 cordibus

1889 5609 2162 5671 elimatus.
2190 5631 2211 5663 ι
2242 5611 2393 5667 Unus
2419 5609 2770 5666 Ebroicensis
2801 5627 2820 5660 ι
2854 5617 2946 5663 aut
2985 5609 3285 5663 studiorum
3312 5610 3442 5662 coti-

1891 5688 2088 5824 ὺυῖὲί)
2109 5749 2258 5808 Unus
2283 5752 2449 5807 codex
2484 5749 2703 5845 Ebroic.
2742 5766 2762 5800 ι
2789 5748 2872 5802 vel
2912 5754 3174 5818 apostatte
3197 5744 3391 5803 eﬂecti.
3424 5764 3445 5797 ι
