  <div class='ocr_page' id='page_1' title='image "/cluster/home/n/w/nwhite01/storage/ocr_20150623/12/hvd.32044019207638/477.png"; bbox 0 0 3870 6512; ppageno 0'>
   <div class='ocr_carea' id='block_1_1' title="bbox 475 407 578 468">
    <p class='ocr_par' dir='ltr' id='par_1_1' title="bbox 475 407 578 468">
     <span class='ocr_line' id='line_1_1' title="bbox 475 407 578 468; baseline -0.029 0"><span class='ocrx_word' id='word_1_1' title='bbox 475 407 578 468; x_wconf 67' lang='grc'>947</span> 
     </span>
    </p>
   </div>
   <div class='ocr_carea' id='block_1_2' title="bbox 1879 396 3685 455">
    <p class='ocr_par' dir='ltr' id='par_1_2' title="bbox 1879 396 3685 455">
     <span class='ocr_line' id='line_1_2' title="bbox 1879 396 3685 455; baseline -0.003 0"><span class='ocrx_word' id='word_1_2' title='bbox 1879 399 1971 455; x_wconf 83' lang='lat' dir='ltr'><strong>EX</strong></span> <span class='ocrx_word' id='word_1_3' title='bbox 2007 396 2308 455; x_wconf 83' lang='lat' dir='ltr'><strong>ORIGENE</strong></span> <span class='ocrx_word' id='word_1_4' title='bbox 3601 396 3685 450; x_wconf 66' lang='lat'><strong>95.8</strong></span> 
     </span>
    </p>
   </div>
   <div class='ocr_carea' id='block_1_3' title="bbox 479 507 3688 587">
    <p class='ocr_par' dir='ltr' id='par_1_3' title="bbox 479 507 3688 587">
     <span class='ocr_line' id='line_1_3' title="bbox 479 507 3688 587; baseline -0.006 -7"><span class='ocrx_word' id='word_1_5' title='bbox 479 527 594 582; x_wconf 84' lang='lat' dir='ltr'><strong>veri</strong></span> <span class='ocrx_word' id='word_1_6' title='bbox 645 523 838 580; x_wconf 86' lang='lat' dir='ltr'><strong>altaris</strong></span> <span class='ocrx_word' id='word_1_7' title='bbox 886 522 1167 587; x_wconf 86' lang='lat' dir='ltr'><strong>habeatur,</strong></span> <span class='ocrx_word' id='word_1_8' title='bbox 1225 534 1294 574; x_wconf 92' lang='lat' dir='ltr'><strong>ne</strong></span> <span class='ocrx_word' id='word_1_9' title='bbox 1335 522 1476 574; x_wconf 87' lang='lat' dir='ltr'><strong>forte</strong></span> <span class='ocrx_word' id='word_1_10' title='bbox 1527 518 1791 584; x_wconf 88' lang='lat' dir='ltr'><strong>crastino,</strong></span> <span class='ocrx_word' id='word_1_11' title='bbox 1853 516 2046 586; x_wconf 92' lang='lat' dir='ltr'><strong>inquit,</strong></span> <span class='ocrx_word' id='word_1_12' title='bbox 2078 517 2124 572; x_wconf 82' lang='grc' dir='ltr'><strong>Α</strong></span> <span class='ocrx_word' id='word_1_13' title='bbox 2152 519 2205 566; x_wconf 89' lang='lat' dir='ltr'><strong>et</strong></span> <span class='ocrx_word' id='word_1_14' title='bbox 2237 510 2544 565; x_wconf 91' lang='lat' dir='ltr'><strong>intercessit</strong></span> <span class='ocrx_word' id='word_1_15' title='bbox 2583 508 2792 564; x_wconf 85' lang='lat' dir='ltr'><strong>medius</strong></span> <span class='ocrx_word' id='word_1_16' title='bbox 2834 509 2975 564; x_wconf 90' lang='lat' dir='ltr'><strong>inter</strong></span> <span class='ocrx_word' id='word_1_17' title='bbox 3016 509 3317 564; x_wconf 87' lang='lat' dir='ltr'><strong>morientes</strong></span> <span class='ocrx_word' id='word_1_18' title='bbox 3357 515 3418 561; x_wconf 88' lang='lat' dir='ltr'><strong>et</strong></span> <span class='ocrx_word' id='word_1_19' title='bbox 3455 507 3614 571; x_wconf 81' lang='lat' dir='ltr'><strong>vivos,</strong></span> <span class='ocrx_word' id='word_1_20' title='bbox 3645 510 3688 562; x_wconf 75' lang='lat' dir='ltr'><strong>i-l</strong></span> 
     </span>
    </p>
   </div>
   <div class='ocr_carea' id='block_1_4' title="bbox 483 611 2048 688">
    <p class='ocr_par' dir='ltr' id='par_1_4' title="bbox 483 611 2048 688">
     <span class='ocr_line' id='line_1_4' title="bbox 483 611 2048 688; baseline -0.006 -15"><span class='ocrx_word' id='word_1_21' title='bbox 483 619 696 688; x_wconf 88' lang='lat' dir='ltr'><strong>placeat</strong></span> <span class='ocrx_word' id='word_1_22' title='bbox 728 615 882 671; x_wconf 89' lang='lat' dir='ltr'><strong>vobis</strong></span> <span class='ocrx_word' id='word_1_23' title='bbox 917 615 1120 678; x_wconf 79' lang='lat' dir='ltr'><strong>dicere,</strong></span> <span class='ocrx_word' id='word_1_24' title='bbox 1169 613 1296 682; x_wconf 91' lang='lat' dir='ltr'><strong>quia</strong></span> <span class='ocrx_word' id='word_1_25' title='bbox 1344 611 1599 667; x_wconf 81' lang='lat' dir='ltr'><strong>Jordanis</strong></span> <span class='ocrx_word' id='word_1_26' title='bbox 1656 611 1918 665; x_wconf 89' lang='lat' dir='ltr'><strong>ﬁnitimus</strong></span> <span class='ocrx_word' id='word_1_27' title='bbox 1963 619 2048 664; x_wconf 89' lang='lat' dir='ltr'><strong>est</strong></span> 
     </span>
    </p>
   </div>
   <div class='ocr_carea' id='block_1_5' title="bbox 485 702 2044 774">
    <p class='ocr_par' dir='ltr' id='par_1_5' title="bbox 485 702 2044 774">
     <span class='ocr_line' id='line_1_5' title="bbox 485 702 2044 774; baseline -0.007 -9"><span class='ocrx_word' id='word_1_28' title='bbox 485 714 630 765; x_wconf 90' lang='lat' dir='ltr'><strong>inter</strong></span> <span class='ocrx_word' id='word_1_29' title='bbox 670 723 769 763; x_wconf 86' lang='lat' dir='ltr'><strong>nos</strong></span> <span class='ocrx_word' id='word_1_30' title='bbox 811 717 866 762; x_wconf 88' lang='lat' dir='ltr'><strong>et</strong></span> <span class='ocrx_word' id='word_1_31' title='bbox 907 721 1025 770; x_wconf 89' lang='lat' dir='ltr'><strong>vos,</strong></span> <span class='ocrx_word' id='word_1_32' title='bbox 1061 715 1114 761; x_wconf 92' lang='lat' dir='ltr'><strong>et</strong></span> <span class='ocrx_word' id='word_1_33' title='bbox 1152 705 1267 774; x_wconf 82' lang='lat' dir='ltr'><strong>ipse</strong></span> <span class='ocrx_word' id='word_1_34' title='bbox 1301 704 1630 758; x_wconf 88' lang='lat' dir='ltr'><strong>determinat</strong></span> <span class='ocrx_word' id='word_1_35' title='bbox 1673 712 1729 758; x_wconf 93' lang='lat' dir='ltr'><strong>et</strong></span> <span class='ocrx_word' id='word_1_36' title='bbox 1781 702 1902 756; x_wconf 88' lang='lat' dir='ltr'><strong>ideo</strong></span> <span class='ocrx_word' id='word_1_37' title='bbox 1940 715 2044 755; x_wconf 92' lang='lat' dir='ltr'><strong>non</strong></span> 
     </span>
    </p>
   </div>
   <div class='ocr_carea' id='block_1_6' title="bbox 482 793 2048 867">
    <p class='ocr_par' dir='ltr' id='par_1_6' title="bbox 482 793 2048 867">
     <span class='ocr_line' id='line_1_6' title="bbox 482 793 2048 867; baseline -0.005 -13"><span class='ocrx_word' id='word_1_38' title='bbox 482 799 697 854; x_wconf 83' lang='lat' dir='ltr'><strong>habetis</strong></span> <span class='ocrx_word' id='word_1_39' title='bbox 731 799 1039 867; x_wconf 81' lang='lat' dir='ltr'><strong>portionem</strong></span> <span class='ocrx_word' id='word_1_40' title='bbox 1090 798 1145 851; x_wconf 93' lang='lat' dir='ltr'><strong>in</strong></span> <span class='ocrx_word' id='word_1_41' title='bbox 1201 796 1359 850; x_wconf 85' lang='lat' dir='ltr'><strong>altari</strong></span> <span class='ocrx_word' id='word_1_42' title='bbox 1402 805 1612 850; x_wconf 89' lang='lat' dir='ltr'><strong>nostro.</strong></span> <span class='ocrx_word' id='word_1_43' title='bbox 1695 793 1819 848; x_wconf 66' lang='lat' dir='ltr'><strong>&quot;me</strong></span> <span class='ocrx_word' id='word_1_44' title='bbox 1851 793 1924 846; x_wconf 85' lang='lat' dir='ltr'><strong>illi</strong></span> <span class='ocrx_word' id='word_1_45' title='bbox 1961 807 2048 846; x_wconf 83' lang='lat' dir='ltr'><strong>re-</strong></span> 
     </span>
    </p>
   </div>
   <div class='ocr_carea' id='block_1_7' title="bbox 481 881 2045 958">
    <p class='ocr_par' dir='ltr' id='par_1_7' title="bbox 481 881 2045 958">
     <span class='ocr_line' id='line_1_7' title="bbox 481 881 2045 958; baseline -0.004 -14"><span class='ocrx_word' id='word_1_46' title='bbox 481 904 675 958; x_wconf 87' lang='lat' dir='ltr'><strong>sponsa</strong></span> <span class='ocrx_word' id='word_1_47' title='bbox 701 890 986 943; x_wconf 86' lang='lat' dir='ltr'><strong>miserunt.</strong></span> <span class='ocrx_word' id='word_1_48' title='bbox 1019 887 1125 942; x_wconf 88' lang='lat' dir='ltr'><strong>Sed</strong></span> <span class='ocrx_word' id='word_1_49' title='bbox 1151 887 1430 942; x_wconf 89' lang='lat' dir='ltr'><strong>videamus</strong></span> <span class='ocrx_word' id='word_1_50' title='bbox 1453 900 1551 941; x_wconf 87' lang='lat' dir='ltr'><strong>nos</strong></span> <span class='ocrx_word' id='word_1_51' title='bbox 1572 884 1700 954; x_wconf 79' lang='lat' dir='ltr'><strong>quid</strong></span> <span class='ocrx_word' id='word_1_52' title='bbox 1736 883 1862 937; x_wconf 86' lang='lat' dir='ltr'><strong>facti</strong></span> <span class='ocrx_word' id='word_1_53' title='bbox 1886 881 2045 948; x_wconf 90' lang='lat' dir='ltr'><strong>hujus</strong></span> 
     </span>
    </p>
   </div>
   <div class='ocr_carea' id='block_1_8' title="bbox 481 972 2047 1044">
    <p class='ocr_par' dir='ltr' id='par_1_8' title="bbox 481 972 2047 1044">
     <span class='ocr_line' id='line_1_8' title="bbox 481 972 2047 1044; baseline -0.006 -11"><span class='ocrx_word' id='word_1_54' title='bbox 481 978 758 1034; x_wconf 86' lang='lat' dir='ltr'><strong>contineat</strong></span> <span class='ocrx_word' id='word_1_55' title='bbox 807 985 1232 1038; x_wconf 78' lang='lat' dir='ltr'><strong>sacramentum.</strong></span> <span class='ocrx_word' id='word_1_56' title='bbox 1297 975 1460 1030; x_wconf 84' lang='lat' dir='ltr'><strong>Prior</strong></span> <span class='ocrx_word' id='word_1_57' title='bbox 1503 973 1728 1044; x_wconf 90' lang='lat' dir='ltr'><strong>populus</strong></span> <span class='ocrx_word' id='word_1_58' title='bbox 1760 972 2047 1026; x_wconf 90' lang='lat' dir='ltr'><strong>circumci-</strong></span> 
     </span>
    </p>
   </div>
   <div class='ocr_carea' id='block_1_9' title="bbox 479 1065 2041 1140">
    <p class='ocr_par' dir='ltr' id='par_1_9' title="bbox 479 1065 2041 1140">
     <span class='ocr_line' id='line_1_9' title="bbox 479 1065 2041 1140; baseline -0.007 -15"><span class='ocrx_word' id='word_1_59' title='bbox 479 1072 717 1126; x_wconf 82' lang='lat' dir='ltr'><strong>siouisin</strong></span> <span class='ocrx_word' id='word_1_60' title='bbox 748 1069 936 1125; x_wconf 82' lang='lat' dir='ltr'><strong>Ruben</strong></span> <span class='ocrx_word' id='word_1_61' title='bbox 961 1069 1054 1140; x_wconf 89' lang='lat' dir='ltr'><strong>qui</strong></span> <span class='ocrx_word' id='word_1_62' title='bbox 1080 1069 1257 1123; x_wconf 90' lang='lat' dir='ltr'><strong>fuerat</strong></span> <span class='ocrx_word' id='word_1_63' title='bbox 1274 1066 1685 1137; x_wconf 90' lang='lat' dir='ltr'><strong>primogenitus,</strong></span> <span class='ocrx_word' id='word_1_64' title='bbox 1706 1065 2041 1133; x_wconf 80' lang='lat' dir='ltr'><strong>designatur;</strong></span> 
     </span>
    </p>
   </div>
   <div class='ocr_carea' id='block_1_10' title="bbox 480 1154 2042 1230">
    <p class='ocr_par' dir='ltr' id='par_1_10' title="bbox 480 1154 2042 1230">
     <span class='ocr_line' id='line_1_10' title="bbox 480 1154 2042 1230; baseline -0.004 -14"><span class='ocrx_word' id='word_1_65' title='bbox 480 1163 574 1216; x_wconf 86' lang='lat' dir='ltr'><strong>sed</strong></span> <span class='ocrx_word' id='word_1_66' title='bbox 597 1171 649 1216; x_wconf 91' lang='lat' dir='ltr'><strong>et</strong></span> <span class='ocrx_word' id='word_1_67' title='bbox 682 1163 735 1215; x_wconf 92' lang='lat' dir='ltr'><strong>in</strong></span> <span class='ocrx_word' id='word_1_68' title='bbox 766 1161 905 1224; x_wconf 84' lang='lat' dir='ltr'><strong>Gad,</strong></span> <span class='ocrx_word' id='word_1_69' title='bbox 929 1161 1020 1230; x_wconf 86' lang='lat' dir='ltr'><strong>qui</strong></span> <span class='ocrx_word' id='word_1_70' title='bbox 1047 1169 1104 1214; x_wconf 86' lang='lat' dir='ltr'><strong>et</strong></span> <span class='ocrx_word' id='word_1_71' title='bbox 1141 1161 1254 1229; x_wconf 88' lang='lat' dir='ltr'><strong>ipse</strong></span> <span class='ocrx_word' id='word_1_72' title='bbox 1280 1159 1672 1230; x_wconf 87' lang='lat' dir='ltr'><strong>primogenitus</strong></span> <span class='ocrx_word' id='word_1_73' title='bbox 1692 1167 1776 1212; x_wconf 91' lang='lat' dir='ltr'><strong>est</strong></span> <span class='ocrx_word' id='word_1_74' title='bbox 1813 1170 1877 1212; x_wconf 84' lang='lat' dir='ltr'><strong>ex</strong></span> <span class='ocrx_word' id='word_1_75' title='bbox 1924 1154 2042 1222; x_wconf 89' lang='lat' dir='ltr'><strong>Lia,</strong></span> 
     </span>
    </p>
   </div>
   <div class='ocr_carea' id='block_1_11' title="bbox 479 1247 2042 1320">
    <p class='ocr_par' dir='ltr' id='par_1_11' title="bbox 479 1247 2042 1320">
     <span class='ocr_line' id='line_1_11' title="bbox 479 1247 2042 1320; baseline -0.003 -15"><span class='ocrx_word' id='word_1_76' title='bbox 479 1263 532 1305; x_wconf 89' lang='lat' dir='ltr'><strong>et</strong></span> <span class='ocrx_word' id='word_1_77' title='bbox 576 1251 824 1306; x_wconf 82' lang='lat' dir='ltr'><strong>Manasse</strong></span> <span class='ocrx_word' id='word_1_78' title='bbox 851 1251 1206 1307; x_wconf 86' lang='lat' dir='ltr'><strong>nihilominus</strong></span> <span class='ocrx_word' id='word_1_79' title='bbox 1233 1249 1648 1320; x_wconf 85' lang='lat' dir='ltr'><strong>primogenitus.</strong></span> <span class='ocrx_word' id='word_1_80' title='bbox 1683 1247 1836 1314; x_wconf 87' lang='lat' dir='ltr'><strong>Quod</strong></span> <span class='ocrx_word' id='word_1_81' title='bbox 1862 1257 2042 1301; x_wconf 88' lang='lat' dir='ltr'><strong>autem</strong></span> 
     </span>
    </p>
   </div>
   <div class='ocr_carea' id='block_1_12' title="bbox 477 1337 2044 1413">
    <p class='ocr_par' dir='ltr' id='par_1_12' title="bbox 477 1337 2044 1413">
     <span class='ocr_line' id='line_1_12' title="bbox 477 1337 2044 1413; baseline -0.003 -16"><span class='ocrx_word' id='word_1_82' title='bbox 477 1343 600 1398; x_wconf 90' lang='lat' dir='ltr'><strong>dico</strong></span> <span class='ocrx_word' id='word_1_83' title='bbox 635 1343 1048 1413; x_wconf 89' lang='lat' dir='ltr'><strong>primogenitos,</strong></span> <span class='ocrx_word' id='word_1_84' title='bbox 1075 1342 1372 1398; x_wconf 84' lang='lat' dir='ltr'><strong>secundum</strong></span> <span class='ocrx_word' id='word_1_85' title='bbox 1418 1350 1631 1412; x_wconf 90' lang='lat' dir='ltr'><strong>tempus</strong></span> <span class='ocrx_word' id='word_1_86' title='bbox 1661 1339 1872 1410; x_wconf 88' lang='lat' dir='ltr'><strong>loquor.</strong></span> <span class='ocrx_word' id='word_1_87' title='bbox 1920 1337 2044 1393; x_wconf 65' lang='lat' dir='ltr'><strong>Hmc</strong></span> 
     </span>
    </p>
   </div>
   <div class='ocr_carea' id='block_1_13' title="bbox 481 1431 2036 1505">
    <p class='ocr_par' dir='ltr' id='par_1_13' title="bbox 481 1431 2036 1505">
     <span class='ocr_line' id='line_1_13' title="bbox 481 1431 2036 1505; baseline 0 -19"><span class='ocrx_word' id='word_1_88' title='bbox 481 1449 610 1505; x_wconf 88' lang='lat' dir='ltr'><strong>ergo</strong></span> <span class='ocrx_word' id='word_1_89' title='bbox 635 1435 912 1499; x_wconf 89' lang='lat' dir='ltr'><strong>dicuntur,</strong></span> <span class='ocrx_word' id='word_1_90' title='bbox 941 1448 1011 1489; x_wconf 83' lang='lat' dir='ltr'><strong>ne</strong></span> <span class='ocrx_word' id='word_1_91' title='bbox 1037 1435 1180 1490; x_wconf 87' lang='lat' dir='ltr'><strong>inter</strong></span> <span class='ocrx_word' id='word_1_92' title='bbox 1219 1450 1318 1490; x_wconf 91' lang='lat' dir='ltr'><strong>nos</strong></span> <span class='ocrx_word' id='word_1_93' title='bbox 1337 1445 1390 1489; x_wconf 90' lang='lat' dir='ltr'><strong>et</strong></span> <span class='ocrx_word' id='word_1_94' title='bbox 1418 1433 1537 1489; x_wconf 91' lang='lat' dir='ltr'><strong>illos</strong></span> <span class='ocrx_word' id='word_1_95' title='bbox 1559 1435 1650 1502; x_wconf 87' lang='lat' dir='ltr'><strong>qui</strong></span> <span class='ocrx_word' id='word_1_96' title='bbox 1677 1441 1801 1487; x_wconf 90' lang='lat' dir='ltr'><strong>ante</strong></span> <span class='ocrx_word' id='word_1_97' title='bbox 1837 1431 2036 1486; x_wconf 86' lang='lat' dir='ltr'><strong>adven-</strong></span> 
     </span>
    </p>
   </div>
   <div class='ocr_carea' id='block_1_14' title="bbox 483 1523 2045 1594">
    <p class='ocr_par' dir='ltr' id='par_1_14' title="bbox 483 1523 2045 1594">
     <span class='ocr_line' id='line_1_14' title="bbox 483 1523 2045 1594; baseline 0.001 -19"><span class='ocrx_word' id='word_1_98' title='bbox 483 1535 594 1576; x_wconf 87' lang='lat' dir='ltr'><strong>tum</strong></span> <span class='ocrx_word' id='word_1_99' title='bbox 626 1524 826 1580; x_wconf 82' lang='lat' dir='ltr'><strong>Christi</strong></span> <span class='ocrx_word' id='word_1_100' title='bbox 857 1524 1078 1580; x_wconf 90' lang='lat' dir='ltr'><strong>fuerunt</strong></span> <span class='ocrx_word' id='word_1_101' title='bbox 1097 1523 1249 1594; x_wconf 84' lang='lat' dir='ltr'><strong>justi,</strong></span> <span class='ocrx_word' id='word_1_102' title='bbox 1269 1523 1464 1580; x_wconf 82' lang='lat' dir='ltr'><strong>divisio</strong></span> <span class='ocrx_word' id='word_1_103' title='bbox 1488 1523 1667 1592; x_wconf 88' lang='lat' dir='ltr'><strong>aliqua</strong></span> <span class='ocrx_word' id='word_1_104' title='bbox 1683 1537 1744 1577; x_wconf 90' lang='lat' dir='ltr'><strong>ac</strong></span> <span class='ocrx_word' id='word_1_105' title='bbox 1771 1523 2045 1592; x_wconf 82' lang='lat' dir='ltr'><strong>separatio</strong></span> 
     </span>
    </p>
   </div>
   <div class='ocr_carea' id='block_1_15' title="bbox 478 1613 2044 1671">
    <p class='ocr_par' dir='ltr' id='par_1_15' title="bbox 478 1613 2044 1671">
     <span class='ocr_line' id='line_1_15' title="bbox 478 1613 2044 1671; baseline 0.001 -7"><span class='ocrx_word' id='word_1_106' title='bbox 478 1615 757 1670; x_wconf 78' lang='lat' dir='ltr'><strong>videretur</strong></span> <span class='ocrx_word' id='word_1_107' title='bbox 785 1615 918 1671; x_wconf 90' lang='lat' dir='ltr'><strong>:sed</strong></span> <span class='ocrx_word' id='word_1_108' title='bbox 961 1626 1022 1671; x_wconf 89' lang='lat' dir='ltr'><strong>ut</strong></span> <span class='ocrx_word' id='word_1_109' title='bbox 1051 1616 1400 1670; x_wconf 84' lang='lat' dir='ltr'><strong>ostenderent</strong></span> <span class='ocrx_word' id='word_1_110' title='bbox 1443 1628 1502 1670; x_wconf 87' lang='lat' dir='ltr'><strong>se</strong></span> <span class='ocrx_word' id='word_1_111' title='bbox 1541 1613 1754 1670; x_wconf 81' lang='lat' dir='ltr'><strong>etiamsi</strong></span> <span class='ocrx_word' id='word_1_112' title='bbox 1790 1624 1913 1668; x_wconf 91' lang='lat' dir='ltr'><strong>ante</strong></span> <span class='ocrx_word' id='word_1_113' title='bbox 1947 1614 2044 1666; x_wconf 86' lang='lat' dir='ltr'><strong>ad-</strong></span> 
     </span>
    </p>
   </div>
   <div class='ocr_carea' id='block_1_16' title="bbox 478 1706 2039 1776">
    <p class='ocr_par' dir='ltr' id='par_1_16' title="bbox 478 1706 2039 1776">
     <span class='ocr_line' id='line_1_16' title="bbox 478 1706 2039 1776; baseline 0.002 -21"><span class='ocrx_word' id='word_1_114' title='bbox 478 1716 702 1760; x_wconf 77' lang='lat' dir='ltr'><strong>ventum</strong></span> <span class='ocrx_word' id='word_1_115' title='bbox 718 1706 922 1762; x_wconf 84' lang='lat' dir='ltr'><strong>Christi</strong></span> <span class='ocrx_word' id='word_1_116' title='bbox 957 1706 1196 1776; x_wconf 79' lang='lat' dir='ltr'><strong>fuerant,</strong></span> <span class='ocrx_word' id='word_1_117' title='bbox 1228 1706 1423 1762; x_wconf 83' lang='lat' dir='ltr'><strong>fratres</strong></span> <span class='ocrx_word' id='word_1_118' title='bbox 1455 1715 1636 1761; x_wconf 87' lang='lat' dir='ltr'><strong>tamen</strong></span> <span class='ocrx_word' id='word_1_119' title='bbox 1662 1714 1878 1760; x_wconf 89' lang='lat' dir='ltr'><strong>nostros</strong></span> <span class='ocrx_word' id='word_1_120' title='bbox 1900 1718 2039 1759; x_wconf 89' lang='lat' dir='ltr'><strong>esse.</strong></span> 
     </span>
    </p>
   </div>
   <div class='ocr_carea' id='block_1_17' title="bbox 483 1793 2038 1852">
    <p class='ocr_par' dir='ltr' id='par_1_17' title="bbox 483 1793 2038 1852">
     <span class='ocr_line' id='line_1_17' title="bbox 483 1793 2038 1852; baseline 0.002 -6"><span class='ocrx_word' id='word_1_121' title='bbox 483 1793 635 1848; x_wconf 91' lang='lat' dir='ltr'><strong>Licet</strong></span> <span class='ocrx_word' id='word_1_122' title='bbox 659 1795 804 1849; x_wconf 86' lang='lat' dir='ltr'><strong>enim</strong></span> <span class='ocrx_word' id='word_1_123' title='bbox 846 1795 1143 1850; x_wconf 86' lang='lat' dir='ltr'><strong>habuerint</strong></span> <span class='ocrx_word' id='word_1_124' title='bbox 1183 1796 1355 1852; x_wconf 91' lang='lat' dir='ltr'><strong>altare</strong></span> <span class='ocrx_word' id='word_1_125' title='bbox 1391 1805 1520 1851; x_wconf 93' lang='lat' dir='ltr'><strong>tunc</strong></span> <span class='ocrx_word' id='word_1_126' title='bbox 1569 1804 1697 1851; x_wconf 87' lang='lat' dir='ltr'><strong>ante</strong></span> <span class='ocrx_word' id='word_1_127' title='bbox 1747 1797 2038 1850; x_wconf 85' lang='lat' dir='ltr'><strong>adventqu</strong></span> 
     </span>
    </p>
   </div>
   <div class='ocr_carea' id='block_1_18' title="bbox 481 1877 2040 1946">
    <p class='ocr_par' dir='ltr' id='par_1_18' title="bbox 481 1877 2040 1946">
     <span class='ocr_line' id='line_1_18' title="bbox 481 1877 2040 1946; baseline 0.004 -17"><span class='ocrx_word' id='word_1_128' title='bbox 481 1877 783 1934; x_wconf 87' lang='lat' dir='ltr'><strong>Salvatoris</strong></span> <span class='ocrx_word' id='word_1_129' title='bbox 829 1879 1023 1946; x_wconf 87' lang='lat' dir='ltr'><strong>nostri,</strong></span> <span class='ocrx_word' id='word_1_130' title='bbox 1071 1880 1318 1936; x_wconf 89' lang='lat' dir='ltr'><strong>sciebant</strong></span> <span class='ocrx_word' id='word_1_131' title='bbox 1365 1889 1543 1936; x_wconf 89' lang='lat' dir='ltr'><strong>tamen</strong></span> <span class='ocrx_word' id='word_1_132' title='bbox 1597 1891 1652 1936; x_wconf 92' lang='lat' dir='ltr'><strong>et</strong></span> <span class='ocrx_word' id='word_1_133' title='bbox 1713 1882 2040 1946; x_wconf 84' lang='lat' dir='ltr'><strong>sentiebant,</strong></span> 
     </span>
    </p>
   </div>
   <div class='ocr_carea' id='block_1_19' title="bbox 482 1969 2044 2044">
    <p class='ocr_par' dir='ltr' id='par_1_19' title="bbox 482 1969 2044 2044">
     <span class='ocr_line' id='line_1_19' title="bbox 482 1969 2044 2044; baseline 0.006 -24"><span class='ocrx_word' id='word_1_134' title='bbox 482 1969 611 2037; x_wconf 89' lang='lat' dir='ltr'><strong>quia</strong></span> <span class='ocrx_word' id='word_1_135' title='bbox 652 1986 757 2025; x_wconf 87' lang='lat' dir='ltr'><strong>non</strong></span> <span class='ocrx_word' id='word_1_136' title='bbox 794 1981 942 2026; x_wconf 88' lang='lat' dir='ltr'><strong>esset</strong></span> <span class='ocrx_word' id='word_1_137' title='bbox 974 1971 1102 2026; x_wconf 89' lang='lat' dir='ltr'><strong>illud</strong></span> <span class='ocrx_word' id='word_1_138' title='bbox 1124 1972 1296 2027; x_wconf 86' lang='lat' dir='ltr'><strong>altare</strong></span> <span class='ocrx_word' id='word_1_139' title='bbox 1334 1987 1544 2038; x_wconf 81' lang='lat' dir='ltr'><strong>verum,</strong></span> <span class='ocrx_word' id='word_1_140' title='bbox 1589 1973 1683 2028; x_wconf 90' lang='lat' dir='ltr'><strong>sed</strong></span> <span class='ocrx_word' id='word_1_141' title='bbox 1712 1974 1836 2044; x_wconf 88' lang='lat' dir='ltr'><strong>quia</strong></span> <span class='ocrx_word' id='word_1_142' title='bbox 1868 1973 2044 2029; x_wconf 90' lang='lat' dir='ltr'><strong>forma</strong></span> 
     </span>
    </p>
   </div>
   <div class='ocr_carea' id='block_1_20' title="bbox 483 2059 2047 2132">
    <p class='ocr_par' dir='ltr' id='par_1_20' title="bbox 483 2059 2047 2132">
     <span class='ocr_line' id='line_1_20' title="bbox 483 2059 2047 2132; baseline 0.006 -21"><span class='ocrx_word' id='word_1_143' title='bbox 483 2069 539 2112; x_wconf 88' lang='lat' dir='ltr'><strong>et</strong></span> <span class='ocrx_word' id='word_1_144' title='bbox 569 2059 736 2130; x_wconf 91' lang='lat' dir='ltr'><strong>ﬁgura</strong></span> <span class='ocrx_word' id='word_1_145' title='bbox 771 2070 888 2116; x_wconf 87' lang='lat' dir='ltr'><strong>erat</strong></span> <span class='ocrx_word' id='word_1_146' title='bbox 910 2061 1078 2117; x_wconf 89' lang='lat' dir='ltr'><strong>futuri</strong></span> <span class='ocrx_word' id='word_1_147' title='bbox 1108 2072 1161 2117; x_wconf 90' lang='lat' dir='ltr'><strong>et</strong></span> <span class='ocrx_word' id='word_1_148' title='bbox 1197 2063 1313 2120; x_wconf 85' lang='lat' dir='ltr'><strong>veri</strong></span> <span class='ocrx_word' id='word_1_149' title='bbox 1345 2062 1507 2132; x_wconf 82' lang='lat' dir='ltr'><strong>hujus</strong></span> <span class='ocrx_word' id='word_1_150' title='bbox 1533 2062 1744 2118; x_wconf 85' lang='lat' dir='ltr'><strong>altaris.</strong></span> <span class='ocrx_word' id='word_1_151' title='bbox 1769 2061 2047 2120; x_wconf 84' lang='lat' dir='ltr'><strong>Noverant</strong></span> 
     </span>
    </p>
   </div>
   <div class='ocr_carea' id='block_1_21' title="bbox 481 2148 2047 2224">
    <p class='ocr_par' dir='ltr' id='par_1_21' title="bbox 481 2148 2047 2224">
     <span class='ocr_line' id='line_1_21' title="bbox 481 2148 2047 2224; baseline 0.005 -22"><span class='ocrx_word' id='word_1_152' title='bbox 481 2148 558 2204; x_wconf 89' lang='lat' dir='ltr'><strong>illi</strong></span> <span class='ocrx_word' id='word_1_153' title='bbox 590 2148 725 2216; x_wconf 69' lang='lat' dir='ltr'><strong>hinc,</strong></span> <span class='ocrx_word' id='word_1_154' title='bbox 768 2153 893 2221; x_wconf 90' lang='lat' dir='ltr'><strong>quia</strong></span> <span class='ocrx_word' id='word_1_155' title='bbox 922 2167 1060 2208; x_wconf 76' lang='lat' dir='ltr'><strong>vera:</strong></span> <span class='ocrx_word' id='word_1_156' title='bbox 1087 2153 1298 2222; x_wconf 56' lang='lat' dir='ltr'><strong>hostia,</strong></span> <span class='ocrx_word' id='word_1_157' title='bbox 1329 2165 1382 2209; x_wconf 92' lang='lat' dir='ltr'><strong>et</strong></span> <span class='ocrx_word' id='word_1_158' title='bbox 1407 2169 1528 2224; x_wconf 63' lang='lat' dir='ltr'><strong>quin</strong></span> <span class='ocrx_word' id='word_1_159' title='bbox 1568 2164 1790 2224; x_wconf 88' lang='lat' dir='ltr'><strong>possent</strong></span> <span class='ocrx_word' id='word_1_160' title='bbox 1829 2155 2047 2211; x_wconf 88' lang='lat' dir='ltr'><strong>auferre</strong></span> 
     </span>
    </p>
   </div>
   <div class='ocr_carea' id='block_1_22' title="bbox 486 2229 2047 2316">
    <p class='ocr_par' dir='ltr' id='par_1_22' title="bbox 486 2229 2047 2316">
     <span class='ocr_line' id='line_1_22' title="bbox 486 2229 2047 2316; baseline 0.005 -20"><span class='ocrx_word' id='word_1_161' title='bbox 486 2251 726 2310; x_wconf 76' lang='lat' dir='ltr'><strong>peccata,</strong></span> <span class='ocrx_word' id='word_1_162' title='bbox 755 2259 862 2298; x_wconf 93' lang='lat' dir='ltr'><strong>non</strong></span> <span class='ocrx_word' id='word_1_163' title='bbox 899 2245 954 2298; x_wconf 94' lang='lat' dir='ltr'><strong>in</strong></span> <span class='ocrx_word' id='word_1_164' title='bbox 982 2244 1074 2300; x_wconf 93' lang='lat' dir='ltr'><strong>illo</strong></span> <span class='ocrx_word' id='word_1_165' title='bbox 1099 2245 1257 2300; x_wconf 88' lang='lat' dir='ltr'><strong>altari</strong></span> <span class='ocrx_word' id='word_1_166' title='bbox 1284 2244 1669 2310; x_wconf 82' lang='lat' dir='ltr'><strong>offerebantur,</strong></span> <span class='ocrx_word' id='word_1_167' title='bbox 1704 2251 1845 2316; x_wconf 89' lang='lat' dir='ltr'><strong>quod</strong></span> <span class='ocrx_word' id='word_1_168' title='bbox 1883 2229 2047 2304; x_wconf 83' lang='lat' dir='ltr'><strong>habe-</strong></span> 
     </span>
    </p>
   </div>
   <div class='ocr_carea' id='block_1_23' title="bbox 482 2335 2046 2406">
    <p class='ocr_par' dir='ltr' id='par_1_23' title="bbox 482 2335 2046 2406">
     <span class='ocr_line' id='line_1_23' title="bbox 482 2335 2046 2406; baseline 0.006 -20"><span class='ocrx_word' id='word_1_169' title='bbox 482 2335 573 2387; x_wconf 89' lang='lat' dir='ltr'><strong>hat</strong></span> <span class='ocrx_word' id='word_1_170' title='bbox 608 2335 1000 2406; x_wconf 86' lang='lat' dir='ltr'><strong>primogenitus</strong></span> <span class='ocrx_word' id='word_1_171' title='bbox 1043 2337 1293 2406; x_wconf 86' lang='lat' dir='ltr'><strong>populus,</strong></span> <span class='ocrx_word' id='word_1_172' title='bbox 1333 2337 1428 2392; x_wconf 91' lang='lat' dir='ltr'><strong>sed</strong></span> <span class='ocrx_word' id='word_1_173' title='bbox 1459 2338 1509 2392; x_wconf 93' lang='lat' dir='ltr'><strong>in</strong></span> <span class='ocrx_word' id='word_1_174' title='bbox 1543 2338 1646 2392; x_wconf 92' lang='lat' dir='ltr'><strong>isto</strong></span> <span class='ocrx_word' id='word_1_175' title='bbox 1680 2340 1767 2393; x_wconf 85' lang='lat' dir='ltr'><strong>ubi</strong></span> <span class='ocrx_word' id='word_1_176' title='bbox 1803 2349 1921 2392; x_wconf 88' lang='lat' dir='ltr'><strong>erat</strong></span> <span class='ocrx_word' id='word_1_177' title='bbox 1951 2340 2046 2396; x_wconf 84' lang='lat' dir='ltr'><strong>Je-</strong></span> 
     </span>
    </p>
   </div>
   <div class='ocr_carea' id='block_1_24' title="bbox 479 2427 2048 2492">
    <p class='ocr_par' dir='ltr' id='par_1_24' title="bbox 479 2427 2048 2492">
     <span class='ocr_line' id='line_1_24' title="bbox 479 2427 2048 2492; baseline 0.004 -12"><span class='ocrx_word' id='word_1_178' title='bbox 479 2440 598 2492; x_wconf 82' lang='lat' dir='ltr'><strong>sus,</strong></span> <span class='ocrx_word' id='word_1_179' title='bbox 624 2428 711 2481; x_wconf 90' lang='lat' dir='ltr'><strong>hic</strong></span> <span class='ocrx_word' id='word_1_180' title='bbox 733 2427 982 2484; x_wconf 72' lang='lat' dir='ltr'><strong>cmlestes</strong></span> <span class='ocrx_word' id='word_1_181' title='bbox 1009 2429 1221 2492; x_wconf 67' lang='lat' dir='ltr'><strong>hostiae,</strong></span> <span class='ocrx_word' id='word_1_182' title='bbox 1249 2429 1336 2484; x_wconf 86' lang='lat' dir='ltr'><strong>hic</strong></span> <span class='ocrx_word' id='word_1_183' title='bbox 1359 2445 1482 2484; x_wconf 89' lang='lat' dir='ltr'><strong>vera</strong></span> <span class='ocrx_word' id='word_1_184' title='bbox 1509 2430 1775 2486; x_wconf 89' lang='lat' dir='ltr'><strong>sacriﬁcia</strong></span> <span class='ocrx_word' id='word_1_185' title='bbox 1797 2446 2048 2487; x_wconf 77' lang='lat' dir='ltr'><strong>consum-</strong></span> 
     </span>
    </p>
   </div>
   <div class='ocr_carea' id='block_1_25' title="bbox 484 2519 2046 2592">
    <p class='ocr_par' dir='ltr' id='par_1_25' title="bbox 484 2519 2046 2592">
     <span class='ocr_line' id='line_1_25' title="bbox 484 2519 2046 2592; baseline 0.005 -22"><span class='ocrx_word' id='word_1_186' title='bbox 484 2528 719 2573; x_wconf 85' lang='lat' dir='ltr'><strong>mantur.</strong></span> <span class='ocrx_word' id='word_1_187' title='bbox 775 2519 862 2573; x_wconf 90' lang='lat' dir='ltr'><strong>Fit</strong></span> <span class='ocrx_word' id='word_1_188' title='bbox 893 2535 1023 2590; x_wconf 89' lang='lat' dir='ltr'><strong>ergo</strong></span> <span class='ocrx_word' id='word_1_189' title='bbox 1068 2536 1208 2576; x_wconf 89' lang='lat' dir='ltr'><strong>unus</strong></span> <span class='ocrx_word' id='word_1_190' title='bbox 1247 2536 1379 2590; x_wconf 79' lang='lat' dir='ltr'><strong>grex</strong></span> <span class='ocrx_word' id='word_1_191' title='bbox 1426 2532 1482 2575; x_wconf 89' lang='lat' dir='ltr'><strong>et</strong></span> <span class='ocrx_word' id='word_1_192' title='bbox 1530 2537 1668 2577; x_wconf 89' lang='lat' dir='ltr'><strong>unus</strong></span> <span class='ocrx_word' id='word_1_193' title='bbox 1723 2534 1926 2592; x_wconf 86' lang='lat' dir='ltr'><strong>pastor,</strong></span> <span class='ocrx_word' id='word_1_194' title='bbox 1969 2525 2046 2579; x_wconf 91' lang='lat' dir='ltr'><strong>illi</strong></span> 
     </span>
    </p>
   </div>
   <div class='ocr_carea' id='block_1_26' title="bbox 482 2609 2046 2680">
    <p class='ocr_par' dir='ltr' id='par_1_26' title="bbox 482 2609 2046 2680">
     <span class='ocr_line' id='line_1_26' title="bbox 482 2609 2046 2680; baseline 0.007 -18"><span class='ocrx_word' id='word_1_195' title='bbox 482 2611 696 2676; x_wconf 84' lang='lat' dir='ltr'><strong>priores</strong></span> <span class='ocrx_word' id='word_1_196' title='bbox 719 2609 872 2680; x_wconf 87' lang='lat' dir='ltr'><strong>justi,</strong></span> <span class='ocrx_word' id='word_1_197' title='bbox 907 2622 962 2668; x_wconf 89' lang='lat' dir='ltr'><strong>et</strong></span> <span class='ocrx_word' id='word_1_198' title='bbox 982 2614 1070 2680; x_wconf 92' lang='lat' dir='ltr'><strong>qui</strong></span> <span class='ocrx_word' id='word_1_199' title='bbox 1103 2631 1246 2670; x_wconf 92' lang='lat' dir='ltr'><strong>nunc</strong></span> <span class='ocrx_word' id='word_1_200' title='bbox 1273 2623 1397 2670; x_wconf 88' lang='lat' dir='ltr'><strong>sunt</strong></span> <span class='ocrx_word' id='word_1_201' title='bbox 1431 2614 1745 2672; x_wconf 83' lang='lat' dir='ltr'><strong>Christiani.</strong></span> <span class='ocrx_word' id='word_1_202' title='bbox 1783 2617 1915 2672; x_wconf 73' lang='lat' dir='ltr'><strong>Voio</strong></span> <span class='ocrx_word' id='word_1_203' title='bbox 1945 2634 2046 2672; x_wconf 87' lang='lat' dir='ltr'><strong>au-</strong></span> 
     </span>
    </p>
   </div>
   <div class='ocr_carea' id='block_1_27' title="bbox 484 2700 2047 2770">
    <p class='ocr_par' dir='ltr' id='par_1_27' title="bbox 484 2700 2047 2770">
     <span class='ocr_line' id='line_1_27' title="bbox 484 2700 2047 2770; baseline 0.008 -20"><span class='ocrx_word' id='word_1_204' title='bbox 484 2709 592 2752; x_wconf 89' lang='lat' dir='ltr'><strong>tem</strong></span> <span class='ocrx_word' id='word_1_205' title='bbox 618 2700 685 2751; x_wconf 88' lang='lat' dir='ltr'><strong>ad</strong></span> <span class='ocrx_word' id='word_1_206' title='bbox 715 2701 905 2754; x_wconf 90' lang='lat' dir='ltr'><strong>horum</strong></span> <span class='ocrx_word' id='word_1_207' title='bbox 937 2704 1307 2770; x_wconf 89' lang='lat' dir='ltr'><strong>probationem</strong></span> <span class='ocrx_word' id='word_1_208' title='bbox 1334 2704 1650 2758; x_wconf 88' lang='lat' dir='ltr'><strong>memoriam</strong></span> <span class='ocrx_word' id='word_1_209' title='bbox 1675 2705 1853 2763; x_wconf 89' lang='lat' dir='ltr'><strong>facere</strong></span> <span class='ocrx_word' id='word_1_210' title='bbox 1884 2707 2047 2763; x_wconf 87' lang='lat' dir='ltr'><strong>etiam</strong></span> 
     </span>
    </p>
   </div>
   <div class='ocr_carea' id='block_1_28' title="bbox 483 2791 2048 2870">
    <p class='ocr_par' dir='ltr' id='par_1_28' title="bbox 483 2791 2048 2870">
     <span class='ocr_line' id='line_1_28' title="bbox 483 2791 2048 2870; baseline 0.007 -25"><span class='ocrx_word' id='word_1_211' title='bbox 483 2791 726 2847; x_wconf 77' lang='lat' dir='ltr'><strong>historiae</strong></span> <span class='ocrx_word' id='word_1_212' title='bbox 749 2792 1047 2862; x_wconf 86' lang='lat' dir='ltr'><strong>cujusdam,</strong></span> <span class='ocrx_word' id='word_1_213' title='bbox 1070 2797 1114 2849; x_wconf 86' lang='lat' dir='ltr'><strong>si</strong></span> <span class='ocrx_word' id='word_1_214' title='bbox 1141 2805 1320 2850; x_wconf 89' lang='lat' dir='ltr'><strong>tamen</strong></span> <span class='ocrx_word' id='word_1_215' title='bbox 1351 2798 1611 2854; x_wconf 88' lang='lat' dir='ltr'><strong>Dominus</strong></span> <span class='ocrx_word' id='word_1_216' title='bbox 1637 2801 1838 2855; x_wconf 89' lang='lat' dir='ltr'><strong>donare</strong></span> <span class='ocrx_word' id='word_1_217' title='bbox 1865 2800 2048 2870; x_wconf 82' lang='lat' dir='ltr'><strong>digne-</strong></span> 
     </span>
    </p>
   </div>
   <div class='ocr_carea' id='block_1_29' title="bbox 488 2879 2049 2957">
    <p class='ocr_par' dir='ltr' id='par_1_29' title="bbox 488 2879 2049 2957">
     <span class='ocr_line' id='line_1_29' title="bbox 488 2879 2049 2957; baseline 0.01 -27"><span class='ocrx_word' id='word_1_218' title='bbox 488 2888 596 2942; x_wconf 91' lang='lat' dir='ltr'><strong>tur,</strong></span> <span class='ocrx_word' id='word_1_219' title='bbox 636 2888 696 2932; x_wconf 93' lang='lat' dir='ltr'><strong>ut</strong></span> <span class='ocrx_word' id='word_1_220' title='bbox 741 2879 1174 2950; x_wconf 83' lang='lat' dir='ltr'><strong>explanationem</strong></span> <span class='ocrx_word' id='word_1_221' title='bbox 1221 2886 1392 2954; x_wconf 84' lang='lat' dir='ltr'><strong>ipsius</strong></span> <span class='ocrx_word' id='word_1_222' title='bbox 1451 2888 1752 2957; x_wconf 88' lang='lat' dir='ltr'><strong>spiritalem</strong></span> <span class='ocrx_word' id='word_1_223' title='bbox 1803 2889 2049 2945; x_wconf 87' lang='lat' dir='ltr'><strong>invenire</strong></span> 
     </span>
    </p>
   </div>
   <div class='ocr_carea' id='block_1_30' title="bbox 482 2970 2049 3048">
    <p class='ocr_par' dir='ltr' id='par_1_30' title="bbox 482 2970 2049 3048">
     <span class='ocr_line' id='line_1_30' title="bbox 482 2970 2049 3048; baseline 0.006 -24"><span class='ocrx_word' id='word_1_224' title='bbox 482 2970 776 3040; x_wconf 89' lang='lat' dir='ltr'><strong>possimus.</strong></span> <span class='ocrx_word' id='word_1_225' title='bbox 810 2970 1052 3027; x_wconf 89' lang='lat' dir='ltr'><strong>Cadebat</strong></span> <span class='ocrx_word' id='word_1_226' title='bbox 1092 2975 1386 3046; x_wconf 89' lang='lat' dir='ltr'><strong>aliquando</strong></span> <span class='ocrx_word' id='word_1_227' title='bbox 1419 2979 1647 3048; x_wconf 90' lang='lat' dir='ltr'><strong>populus</strong></span> <span class='ocrx_word' id='word_1_228' title='bbox 1674 2981 1725 3033; x_wconf 90' lang='lat' dir='ltr'><strong>in</strong></span> <span class='ocrx_word' id='word_1_229' title='bbox 1753 2981 1965 3035; x_wconf 85' lang='lat' dir='ltr'><strong>deserto</strong></span> <span class='ocrx_word' id='word_1_230' title='bbox 1995 2991 2049 3034; x_wconf 93' lang='lat' dir='ltr'><strong>et</strong></span> 
     </span>
    </p>
   </div>
   <div class='ocr_carea' id='block_1_31' title="bbox 484 3063 2050 3138">
    <p class='ocr_par' dir='ltr' id='par_1_31' title="bbox 484 3063 2050 3138">
     <span class='ocr_line' id='line_1_31' title="bbox 484 3063 2050 3138; baseline 0.009 -24"><span class='ocrx_word' id='word_1_231' title='bbox 484 3063 842 3118; x_wconf 88' lang='lat' dir='ltr'><strong>moriebatur.</strong></span> <span class='ocrx_word' id='word_1_232' title='bbox 877 3064 1242 3123; x_wconf 80' lang='lat' dir='ltr'><strong>Venit’Aaron</strong></span> <span class='ocrx_word' id='word_1_233' title='bbox 1277 3070 1544 3138; x_wconf 81' lang='lat' dir='ltr'><strong>pontifex,</strong></span> <span class='ocrx_word' id='word_1_234' title='bbox 1577 3082 1632 3126; x_wconf 91' lang='lat' dir='ltr'><strong>et</strong></span> <span class='ocrx_word' id='word_1_235' title='bbox 1669 3074 1820 3128; x_wconf 90' lang='lat' dir='ltr'><strong>stetit</strong></span> <span class='ocrx_word' id='word_1_236' title='bbox 1848 3075 1901 3128; x_wconf 92' lang='lat' dir='ltr'><strong>in</strong></span> <span class='ocrx_word' id='word_1_237' title='bbox 1937 3089 2050 3128; x_wconf 80' lang='lat' dir='ltr'><strong>me-</strong></span> 
     </span>
    </p>
   </div>
   <div class='ocr_carea' id='block_1_32' title="bbox 2147 596 3686 669">
    <p class='ocr_par' dir='ltr' id='par_1_32' title="bbox 2147 596 3686 669">
     <span class='ocr_line' id='line_1_32' title="bbox 2147 596 3686 669; baseline -0.001 -15"><span class='ocrx_word' id='word_1_238' title='bbox 2147 609 2232 655; x_wconf 88' lang='lat' dir='ltr'><strong>est</strong></span> <span class='ocrx_word' id='word_1_239' title='bbox 2257 601 2400 654; x_wconf 89' lang='lat' dir='ltr'><strong>inter</strong></span> <span class='ocrx_word' id='word_1_240' title='bbox 2428 614 2522 654; x_wconf 89' lang='lat' dir='ltr'><strong>eos</strong></span> <span class='ocrx_word' id='word_1_241' title='bbox 2552 600 2643 669; x_wconf 90' lang='lat' dir='ltr'><strong>qui</strong></span> <span class='ocrx_word' id='word_1_242' title='bbox 2671 614 2735 654; x_wconf 81' lang='lat' dir='ltr'><strong>ex</strong></span> <span class='ocrx_word' id='word_1_243' title='bbox 2771 596 2971 653; x_wconf 65' lang='lat' dir='ltr'><strong>Iudaeis</strong></span> <span class='ocrx_word' id='word_1_244' title='bbox 3020 614 3174 652; x_wconf 87' lang='lat' dir='ltr'><strong>suam</strong></span> <span class='ocrx_word' id='word_1_245' title='bbox 3207 600 3553 667; x_wconf 64' lang='lat' dir='ltr'><strong>prmsentiam</strong></span> <span class='ocrx_word' id='word_1_246' title='bbox 3589 613 3686 652; x_wconf 84' lang='lat' dir='ltr'><strong>sns-</strong></span> 
     </span>
    </p>
   </div>
   <div class='ocr_carea' id='block_1_33' title="bbox 2148 691 3691 761">
    <p class='ocr_par' dir='ltr' id='par_1_33' title="bbox 2148 691 3691 761">
     <span class='ocr_line' id='line_1_33' title="bbox 2148 691 3691 761; baseline -0.003 -11"><span class='ocrx_word' id='word_1_247' title='bbox 2148 702 2428 761; x_wconf 90' lang='lat' dir='ltr'><strong>ceperunt,</strong></span> <span class='ocrx_word' id='word_1_248' title='bbox 2457 703 2512 748; x_wconf 93' lang='lat' dir='ltr'><strong>et</strong></span> <span class='ocrx_word' id='word_1_249' title='bbox 2551 693 2694 748; x_wconf 91' lang='lat' dir='ltr'><strong>inter</strong></span> <span class='ocrx_word' id='word_1_250' title='bbox 2724 705 2818 748; x_wconf 87' lang='lat' dir='ltr'><strong>eos</strong></span> <span class='ocrx_word' id='word_1_251' title='bbox 2846 691 2934 760; x_wconf 90' lang='lat' dir='ltr'><strong>qui</strong></span> <span class='ocrx_word' id='word_1_252' title='bbox 2977 706 3082 744; x_wconf 91' lang='lat' dir='ltr'><strong>non</strong></span> <span class='ocrx_word' id='word_1_253' title='bbox 3112 691 3290 744; x_wconf 82' lang='lat' dir='ltr'><strong>solum</strong></span> <span class='ocrx_word' id='word_1_254' title='bbox 3329 705 3438 744; x_wconf 90' lang='lat' dir='ltr'><strong>non</strong></span> <span class='ocrx_word' id='word_1_255' title='bbox 3468 705 3691 757; x_wconf 78' lang='lat' dir='ltr'><strong>suscepe-</strong></span> 
     </span>
    </p>
   </div>
   <div class='ocr_carea' id='block_1_34' title="bbox 2150 781 3690 853">
    <p class='ocr_par' dir='ltr' id='par_1_34' title="bbox 2150 781 3690 853">
     <span class='ocr_line' id='line_1_34' title="bbox 2150 781 3690 853; baseline -0.006 -12"><span class='ocrx_word' id='word_1_256' title='bbox 2150 799 2296 851; x_wconf 89' lang='lat' dir='ltr'><strong>runt,</strong></span> <span class='ocrx_word' id='word_1_257' title='bbox 2331 788 2424 840; x_wconf 87' lang='lat' dir='ltr'><strong>sed</strong></span> <span class='ocrx_word' id='word_1_258' title='bbox 2449 784 2770 853; x_wconf 88' lang='lat' dir='ltr'><strong>semetipsos</strong></span> <span class='ocrx_word' id='word_1_259' title='bbox 2797 782 2968 850; x_wconf 87' lang='lat' dir='ltr'><strong>magis</strong></span> <span class='ocrx_word' id='word_1_260' title='bbox 2991 796 3150 850; x_wconf 87' lang='lat' dir='ltr'><strong>quam</strong></span> <span class='ocrx_word' id='word_1_261' title='bbox 3181 781 3334 834; x_wconf 89' lang='lat' dir='ltr'><strong>illum</strong></span> <span class='ocrx_word' id='word_1_262' title='bbox 3377 781 3690 840; x_wconf 80' lang='lat' dir='ltr'><strong>occiderunt.</strong></span> 
     </span>
    </p>
   </div>
   <div class='ocr_carea' id='block_1_35' title="bbox 2149 870 3693 943">
    <p class='ocr_par' dir='ltr' id='par_1_35' title="bbox 2149 870 3693 943">
     <span class='ocr_line' id='line_1_35' title="bbox 2149 870 3693 943; baseline -0.004 -12"><span class='ocrx_word' id='word_1_263' title='bbox 2149 878 2392 932; x_wconf 75' lang='lat' dir='ltr'><strong>dicentes</strong></span> <span class='ocrx_word' id='word_1_264' title='bbox 2425 892 2438 928; x_wconf 91' lang='lat'><strong>:</strong></span> <span class='ocrx_word' id='word_1_265' title='bbox 2477 892 2497 927; x_wconf 73' lang='grc' dir='ltr'>ι</span> <span class='ocrx_word' id='word_1_266' title='bbox 2534 874 2768 943; x_wconf 83' lang='lat' dir='ltr'><strong>Sanguis</strong></span> <span class='ocrx_word' id='word_1_267' title='bbox 2803 873 2952 927; x_wconf 89' lang='lat' dir='ltr'><strong>illius</strong></span> <span class='ocrx_word' id='word_1_268' title='bbox 2977 888 3139 940; x_wconf 89' lang='lat' dir='ltr'><strong>super</strong></span> <span class='ocrx_word' id='word_1_269' title='bbox 3167 887 3268 926; x_wconf 86' lang='lat' dir='ltr'><strong>nos</strong></span> <span class='ocrx_word' id='word_1_270' title='bbox 3306 881 3359 925; x_wconf 84' lang='lat' dir='ltr'><strong>et</strong></span> <span class='ocrx_word' id='word_1_271' title='bbox 3392 885 3552 940; x_wconf 83' lang='lat' dir='ltr'><strong>super</strong></span> <span class='ocrx_word' id='word_1_272' title='bbox 3578 870 3693 925; x_wconf 74' lang='lat' dir='ltr'><strong>ﬁlios</strong></span> 
     </span>
    </p>
   </div>
   <div class='ocr_carea' id='block_1_36' title="bbox 2147 961 3692 1033">
    <p class='ocr_par' dir='ltr' id='par_1_36' title="bbox 2147 961 3692 1033">
     <span class='ocr_line' id='line_1_36' title="bbox 2147 961 3692 1033; baseline -0.004 -10"><span class='ocrx_word' id='word_1_273' title='bbox 2147 978 2363 1024; x_wconf 86' lang='lat' dir='ltr'><strong>nostros</strong></span> <span class='ocrx_word' id='word_1_274' title='bbox 2396 967 2463 1020; x_wconf 82' lang='lat'><strong>&quot;.</strong></span> <span class='ocrx_word' id='word_1_275' title='bbox 2499 984 2518 1019; x_wconf 71' lang='grc' dir='ltr'><strong><em>ι</em></strong></span> <span class='ocrx_word' id='word_1_276' title='bbox 2567 965 2721 1022; x_wconf 88' lang='lat' dir='ltr'><strong>Unde</strong></span> <span class='ocrx_word' id='word_1_277' title='bbox 2759 973 2815 1020; x_wconf 90' lang='lat' dir='ltr'><strong>et</strong></span> <span class='ocrx_word' id='word_1_278' title='bbox 2854 981 2872 1016; x_wconf 73' lang='grc' dir='ltr'>ι</span> <span class='ocrx_word' id='word_1_279' title='bbox 2926 965 3104 1018; x_wconf 87' lang='lat' dir='ltr'><strong>omnis</strong></span> <span class='ocrx_word' id='word_1_280' title='bbox 3143 963 3368 1033; x_wconf 76' lang='lat' dir='ltr'><strong>sanguis</strong></span> <span class='ocrx_word' id='word_1_281' title='bbox 3404 961 3584 1028; x_wconf 87' lang='lat' dir='ltr'><strong>justus</strong></span> <span class='ocrx_word' id='word_1_282' title='bbox 3621 964 3692 1033; x_wconf 78' lang='lat' dir='ltr'><strong>qui</strong></span> 
     </span>
    </p>
   </div>
   <div class='ocr_carea' id='block_1_37' title="bbox 2148 1052 3696 1128">
    <p class='ocr_par' dir='ltr' id='par_1_37' title="bbox 2148 1052 3696 1128">
     <span class='ocr_line' id='line_1_37' title="bbox 2148 1052 3696 1128; baseline -0.006 -12"><span class='ocrx_word' id='word_1_283' title='bbox 2148 1059 2357 1116; x_wconf 72' lang='lat' dir='ltr'><strong>effusus</strong></span> <span class='ocrx_word' id='word_1_284' title='bbox 2383 1068 2468 1113; x_wconf 93' lang='lat' dir='ltr'><strong>est</strong></span> <span class='ocrx_word' id='word_1_285' title='bbox 2493 1072 2654 1128; x_wconf 88' lang='lat' dir='ltr'><strong>super</strong></span> <span class='ocrx_word' id='word_1_286' title='bbox 2688 1065 2889 1110; x_wconf 88' lang='lat' dir='ltr'><strong>terram</strong></span> <span class='ocrx_word' id='word_1_287' title='bbox 2916 1071 2946 1107; x_wconf 87' lang='lat' dir='ltr'><strong>a</strong></span> <span class='ocrx_word' id='word_1_288' title='bbox 2973 1055 3234 1124; x_wconf 82' lang='lat' dir='ltr'><strong>sanguine</strong></span> <span class='ocrx_word' id='word_1_289' title='bbox 3275 1052 3414 1108; x_wconf 80' lang='lat' dir='ltr'><strong>Abel</strong></span> <span class='ocrx_word' id='word_1_290' title='bbox 3453 1052 3581 1120; x_wconf 80' lang='lat' dir='ltr'><strong>justi</strong></span> <span class='ocrx_word' id='word_1_291' title='bbox 3628 1070 3696 1107; x_wconf 83' lang='lat' dir='ltr'><strong>us-</strong></span> 
     </span>
    </p>
   </div>
   <div class='ocr_carea' id='block_1_38' title="bbox 2146 1143 3694 1222">
    <p class='ocr_par' dir='ltr' id='par_1_38' title="bbox 2146 1143 3694 1222">
     <span class='ocr_line' id='line_1_38' title="bbox 2146 1143 3694 1222; baseline -0.006 -16"><span class='ocrx_word' id='word_1_292' title='bbox 2146 1166 2254 1222; x_wconf 89' lang='lat' dir='ltr'><strong>que</strong></span> <span class='ocrx_word' id='word_1_293' title='bbox 2281 1151 2346 1206; x_wconf 89' lang='lat' dir='ltr'><strong>ad</strong></span> <span class='ocrx_word' id='word_1_294' title='bbox 2384 1149 2696 1220; x_wconf 86' lang='lat' dir='ltr'><strong>sanguinem</strong></span> <span class='ocrx_word' id='word_1_295' title='bbox 2721 1146 2998 1201; x_wconf 65' lang='lat' dir='ltr'><strong>Zachariae</strong></span> <span class='ocrx_word' id='word_1_296' title='bbox 3025 1146 3115 1198; x_wconf 87' lang='lat' dir='ltr'><strong>ﬁlii</strong></span> <span class='ocrx_word' id='word_1_297' title='bbox 3149 1143 3457 1210; x_wconf 84' lang='lat' dir='ltr'><strong>Baracbiae,</strong></span> <span class='ocrx_word' id='word_1_298' title='bbox 3497 1159 3646 1210; x_wconf 87' lang='lat' dir='ltr'><strong>quem</strong></span> <span class='ocrx_word' id='word_1_299' title='bbox 3679 1163 3694 1196; x_wconf 75' lang='grc' dir='ltr'><strong><em>ι</em></strong></span> 
     </span>
    </p>
   </div>
   <div class='ocr_carea' id='block_1_39' title="bbox 2145 1237 3699 1305">
    <p class='ocr_par' dir='ltr' id='par_1_39' title="bbox 2145 1237 3699 1305">
     <span class='ocr_line' id='line_1_39' title="bbox 2145 1237 3699 1305; baseline -0.006 -7"><span class='ocrx_word' id='word_1_300' title='bbox 2145 1243 2468 1298; x_wconf 91' lang='lat' dir='ltr'><strong>occiderunt</strong></span> <span class='ocrx_word' id='word_1_301' title='bbox 2515 1258 2535 1291; x_wconf 73' lang='grc' dir='ltr'>ι</span> <span class='ocrx_word' id='word_1_302' title='bbox 2570 1241 2714 1305; x_wconf 87' lang='lat' dir='ltr'><strong>inter</strong></span> <span class='ocrx_word' id='word_1_303' title='bbox 2754 1239 2921 1292; x_wconf 59' lang='lat' dir='ltr'><strong>aedem</strong></span> <span class='ocrx_word' id='word_1_304' title='bbox 2969 1246 3022 1291; x_wconf 89' lang='lat' dir='ltr'><strong>et</strong></span> <span class='ocrx_word' id='word_1_305' title='bbox 3071 1237 3243 1291; x_wconf 91' lang='lat' dir='ltr'><strong>altare</strong></span> <span class='ocrx_word' id='word_1_306' title='bbox 3279 1237 3360 1302; x_wconf 69' lang='grc' dir='ltr'><strong>σε’,</strong></span> <span class='ocrx_word' id='word_1_307' title='bbox 3414 1237 3699 1304; x_wconf 70' lang='lat' dir='ltr'><strong>requiratur</strong></span> 
     </span>
    </p>
   </div>
   <div class='ocr_carea' id='block_1_40' title="bbox 2146 1327 3699 1405">
    <p class='ocr_par' dir='ltr' id='par_1_40' title="bbox 2146 1327 3699 1405">
     <span class='ocr_line' id='line_1_40' title="bbox 2146 1327 3699 1405; baseline -0.006 -15"><span class='ocrx_word' id='word_1_308' title='bbox 2146 1351 2176 1390; x_wconf 91' lang='lat' dir='ltr'><strong>a</strong></span> <span class='ocrx_word' id='word_1_309' title='bbox 2255 1334 2608 1405; x_wconf 82' lang='lat' dir='ltr'><strong>generatione</strong></span> <span class='ocrx_word' id='word_1_310' title='bbox 2651 1350 2671 1384; x_wconf 75' lang='grc' dir='ltr'><strong><em>ι</em></strong></span> <span class='ocrx_word' id='word_1_311' title='bbox 2729 1331 2818 1386; x_wconf 89' lang='lat' dir='ltr'><strong>illa</strong></span> <span class='ocrx_word' id='word_1_312' title='bbox 2878 1346 3003 1399; x_wconf 83' lang='lat' dir='ltr'><strong>qua:</strong></span> <span class='ocrx_word' id='word_1_313' title='bbox 3028 1330 3169 1385; x_wconf 79' lang='lat' dir='ltr'><strong>dixit</strong></span> <span class='ocrx_word' id='word_1_314' title='bbox 3208 1343 3222 1377; x_wconf 88' lang='lat'><strong>:</strong></span> <span class='ocrx_word' id='word_1_315' title='bbox 3264 1345 3285 1380; x_wconf 74' lang='grc' dir='ltr'>ι</span> <span class='ocrx_word' id='word_1_316' title='bbox 3323 1328 3565 1389; x_wconf 75' lang='lat' dir='ltr'><strong>Sanguis</strong></span> <span class='ocrx_word' id='word_1_317' title='bbox 3609 1327 3699 1395; x_wconf 82' lang='lat' dir='ltr'><strong>ejus</strong></span> 
     </span>
    </p>
   </div>
   <div class='ocr_carea' id='block_1_41' title="bbox 2142 1417 3698 1500">
    <p class='ocr_par' dir='ltr' id='par_1_41' title="bbox 2142 1417 3698 1500">
     <span class='ocr_line' id='line_1_41' title="bbox 2142 1417 3698 1500; baseline -0.008 -16"><span class='ocrx_word' id='word_1_318' title='bbox 2142 1427 2304 1500; x_wconf 67' lang='grc'><strong>457</strong></span> <span class='ocrx_word' id='word_1_319' title='bbox 2334 1440 2494 1493; x_wconf 91' lang='lat' dir='ltr'><strong>super</strong></span> <span class='ocrx_word' id='word_1_320' title='bbox 2525 1438 2621 1478; x_wconf 91' lang='lat' dir='ltr'><strong>nos</strong></span> <span class='ocrx_word' id='word_1_321' title='bbox 2649 1433 2702 1479; x_wconf 93' lang='lat' dir='ltr'><strong>et</strong></span> <span class='ocrx_word' id='word_1_322' title='bbox 2732 1437 2892 1492; x_wconf 84' lang='lat' dir='ltr'><strong>super</strong></span> <span class='ocrx_word' id='word_1_323' title='bbox 2919 1421 3056 1476; x_wconf 88' lang='lat' dir='ltr'><strong>ﬁlios</strong></span> <span class='ocrx_word' id='word_1_324' title='bbox 3085 1429 3324 1475; x_wconf 88' lang='lat' dir='ltr'><strong>nostros.</strong></span> <span class='ocrx_word' id='word_1_325' title='bbox 3362 1439 3384 1472; x_wconf 72' lang='grc' dir='ltr'><strong><em>ι</em></strong></span> <span class='ocrx_word' id='word_1_326' title='bbox 3423 1417 3566 1472; x_wconf 90' lang='lat' dir='ltr'><strong>Sunt</strong></span> <span class='ocrx_word' id='word_1_327' title='bbox 3591 1434 3698 1488; x_wconf 85' lang='lat' dir='ltr'><strong>ergo</strong></span> 
     </span>
    </p>
   </div>
   <div class='ocr_carea' id='block_1_42' title="bbox 2146 1510 3701 1587">
    <p class='ocr_par' dir='ltr' id='par_1_42' title="bbox 2146 1510 3701 1587">
     <span class='ocr_line' id='line_1_42' title="bbox 2146 1510 3701 1587; baseline -0.009 -15"><span class='ocrx_word' id='word_1_328' title='bbox 2146 1519 2232 1573; x_wconf 90' lang='lat' dir='ltr'><strong>isti</strong></span> <span class='ocrx_word' id='word_1_329' title='bbox 2281 1532 2406 1587; x_wconf 89' lang='lat' dir='ltr'><strong>pars</strong></span> <span class='ocrx_word' id='word_1_330' title='bbox 2463 1514 2642 1584; x_wconf 89' lang='lat' dir='ltr'><strong>populi</strong></span> <span class='ocrx_word' id='word_1_331' title='bbox 2682 1516 2877 1568; x_wconf 89' lang='lat' dir='ltr'><strong>mortui</strong></span> <span class='ocrx_word' id='word_1_332' title='bbox 2923 1510 3072 1581; x_wconf 75' lang='lat'><strong>(25),</strong></span> <span class='ocrx_word' id='word_1_333' title='bbox 3105 1511 3228 1580; x_wconf 91' lang='lat' dir='ltr'><strong>quia</strong></span> <span class='ocrx_word' id='word_1_334' title='bbox 3282 1521 3464 1576; x_wconf 89' lang='lat' dir='ltr'><strong>neque</strong></span> <span class='ocrx_word' id='word_1_335' title='bbox 3510 1522 3701 1576; x_wconf 74' lang='lat' dir='ltr'><strong>azyma,</strong></span> 
     </span>
    </p>
   </div>
   <div class='ocr_carea' id='block_1_43' title="bbox 2145 1597 3704 1678">
    <p class='ocr_par' dir='ltr' id='par_1_43' title="bbox 2145 1597 3704 1678">
     <span class='ocr_line' id='line_1_43' title="bbox 2145 1597 3704 1678; baseline -0.009 -14"><span class='ocrx_word' id='word_1_336' title='bbox 2145 1622 2321 1678; x_wconf 87' lang='lat' dir='ltr'><strong>neque</strong></span> <span class='ocrx_word' id='word_1_337' title='bbox 2371 1607 2484 1661; x_wconf 87' lang='lat' dir='ltr'><strong>dies</strong></span> <span class='ocrx_word' id='word_1_338' title='bbox 2519 1605 2685 1660; x_wconf 86' lang='lat' dir='ltr'><strong>festos</strong></span> <span class='ocrx_word' id='word_1_339' title='bbox 2719 1611 3089 1672; x_wconf 81' lang='lat' dir='ltr'><strong>competenter</strong></span> <span class='ocrx_word' id='word_1_340' title='bbox 3115 1607 3303 1668; x_wconf 88' lang='lat' dir='ltr'><strong>agunt,</strong></span> <span class='ocrx_word' id='word_1_341' title='bbox 3351 1597 3450 1652; x_wconf 84' lang='lat' dir='ltr'><strong>sed</strong></span> <span class='ocrx_word' id='word_1_342' title='bbox 3484 1600 3704 1667; x_wconf 73' lang='lat' dir='ltr'><strong>conversi</strong></span> 
     </span>
    </p>
   </div>
   <div class='ocr_carea' id='block_1_44' title="bbox 2145 1689 3704 1757">
    <p class='ocr_par' dir='ltr' id='par_1_44' title="bbox 2145 1689 3704 1757">
     <span class='ocr_line' id='line_1_44' title="bbox 2145 1689 3704 1757; baseline -0.01 -3"><span class='ocrx_word' id='word_1_343' title='bbox 2145 1709 2270 1755; x_wconf 90' lang='lat' dir='ltr'><strong>sunt</strong></span> <span class='ocrx_word' id='word_1_344' title='bbox 2307 1698 2423 1752; x_wconf 82' lang='lat' dir='ltr'><strong>dies</strong></span> <span class='ocrx_word' id='word_1_345' title='bbox 2453 1696 2576 1753; x_wconf 84' lang='lat' dir='ltr'><strong>festi</strong></span> <span class='ocrx_word' id='word_1_346' title='bbox 2630 1710 2814 1751; x_wconf 82' lang='lat' dir='ltr'><strong>eorum</strong></span> <span class='ocrx_word' id='word_1_347' title='bbox 2847 1695 2900 1748; x_wconf 93' lang='lat' dir='ltr'><strong>in</strong></span> <span class='ocrx_word' id='word_1_348' title='bbox 2930 1693 3156 1757; x_wconf 88' lang='lat' dir='ltr'><strong>luctum,</strong></span> <span class='ocrx_word' id='word_1_349' title='bbox 3189 1701 3246 1744; x_wconf 90' lang='lat' dir='ltr'><strong>et</strong></span> <span class='ocrx_word' id='word_1_350' title='bbox 3284 1689 3505 1745; x_wconf 83' lang='lat' dir='ltr'><strong>cantica</strong></span> <span class='ocrx_word' id='word_1_351' title='bbox 3542 1704 3704 1741; x_wconf 80' lang='lat' dir='ltr'><strong>eorum</strong></span> 
     </span>
    </p>
   </div>
   <div class='ocr_carea' id='block_1_45' title="bbox 2146 1783 3708 1856">
    <p class='ocr_par' dir='ltr' id='par_1_45' title="bbox 2146 1783 3708 1856">
     <span class='ocr_line' id='line_1_45' title="bbox 2146 1783 3708 1856; baseline -0.009 -12"><span class='ocrx_word' id='word_1_352' title='bbox 2146 1790 2198 1844; x_wconf 92' lang='lat' dir='ltr'><strong>in</strong></span> <span class='ocrx_word' id='word_1_353' title='bbox 2230 1788 2666 1846; x_wconf 87' lang='lat' dir='ltr'><strong>lamentationem</strong></span> <span class='ocrx_word' id='word_1_354' title='bbox 2697 1802 2710 1839; x_wconf 92' lang='lat'><strong>:</strong></span> <span class='ocrx_word' id='word_1_355' title='bbox 2754 1784 2843 1856; x_wconf 88' lang='lat' dir='ltr'><strong>qui</strong></span> <span class='ocrx_word' id='word_1_356' title='bbox 2886 1783 3097 1840; x_wconf 89' lang='lat' dir='ltr'><strong>etiamsi</strong></span> <span class='ocrx_word' id='word_1_357' title='bbox 3135 1785 3308 1837; x_wconf 85' lang='lat' dir='ltr'><strong>velint</strong></span> <span class='ocrx_word' id='word_1_358' title='bbox 3341 1796 3454 1836; x_wconf 91' lang='lat' dir='ltr'><strong>non</strong></span> <span class='ocrx_word' id='word_1_359' title='bbox 3484 1788 3708 1848; x_wconf 78' lang='lat' dir='ltr'><strong>poterunt</strong></span> 
     </span>
    </p>
   </div>
   <div class='ocr_carea' id='block_1_46' title="bbox 2146 1871 3708 1946">
    <p class='ocr_par' dir='ltr' id='par_1_46' title="bbox 2146 1871 3708 1946">
     <span class='ocr_line' id='line_1_46' title="bbox 2146 1871 3708 1946; baseline -0.01 -8"><span class='ocrx_word' id='word_1_360' title='bbox 2146 1885 2288 1938; x_wconf 90' lang='lat' dir='ltr'><strong>diem</strong></span> <span class='ocrx_word' id='word_1_361' title='bbox 2320 1882 2514 1936; x_wconf 91' lang='lat' dir='ltr'><strong>festum</strong></span> <span class='ocrx_word' id='word_1_362' title='bbox 2542 1879 2815 1936; x_wconf 90' lang='lat' dir='ltr'><strong>celebrare</strong></span> <span class='ocrx_word' id='word_1_363' title='bbox 2847 1880 2898 1933; x_wconf 90' lang='lat' dir='ltr'><strong>in</strong></span> <span class='ocrx_word' id='word_1_364' title='bbox 2929 1891 2993 1932; x_wconf 91' lang='lat' dir='ltr'><strong>eo</strong></span> <span class='ocrx_word' id='word_1_365' title='bbox 3018 1876 3132 1932; x_wconf 92' lang='lat' dir='ltr'><strong>loco</strong></span> <span class='ocrx_word' id='word_1_366' title='bbox 3159 1891 3322 1946; x_wconf 84' lang='lat' dir='ltr'><strong>quem</strong></span> <span class='ocrx_word' id='word_1_367' title='bbox 3352 1873 3522 1942; x_wconf 84' lang='lat' dir='ltr'><strong>elegit</strong></span> <span class='ocrx_word' id='word_1_368' title='bbox 3550 1871 3708 1925; x_wconf 80' lang='lat' dir='ltr'><strong>Domi-</strong></span> 
     </span>
    </p>
   </div>
   <div class='ocr_carea' id='block_1_47' title="bbox 2147 1964 3706 2040">
    <p class='ocr_par' dir='ltr' id='par_1_47' title="bbox 2147 1964 3706 2040">
     <span class='ocr_line' id='line_1_47' title="bbox 2147 1964 3706 2040; baseline -0.01 -11"><span class='ocrx_word' id='word_1_369' title='bbox 2147 1991 2249 2030; x_wconf 91' lang='lat' dir='ltr'><strong>nus</strong></span> <span class='ocrx_word' id='word_1_370' title='bbox 2280 1972 2438 2028; x_wconf 87' lang='lat' dir='ltr'><strong>Deus.</strong></span> <span class='ocrx_word' id='word_1_371' title='bbox 2465 1973 2528 2028; x_wconf 82' lang='lat' dir='ltr'><strong>Et</strong></span> <span class='ocrx_word' id='word_1_372' title='bbox 2549 1987 2645 2027; x_wconf 92' lang='lat' dir='ltr'><strong>nos</strong></span> <span class='ocrx_word' id='word_1_373' title='bbox 2677 1971 2893 2040; x_wconf 91' lang='lat' dir='ltr'><strong>quidem</strong></span> <span class='ocrx_word' id='word_1_374' title='bbox 2923 1983 3028 2024; x_wconf 89' lang='lat' dir='ltr'><strong>non</strong></span> <span class='ocrx_word' id='word_1_375' title='bbox 3064 1969 3303 2022; x_wconf 82' lang='lat' dir='ltr'><strong>diximus</strong></span> <span class='ocrx_word' id='word_1_376' title='bbox 3333 1965 3406 2018; x_wconf 83' lang='lat' dir='ltr'><strong>ad</strong></span> <span class='ocrx_word' id='word_1_377' title='bbox 3428 1964 3570 2027; x_wconf 88' lang='lat' dir='ltr'><strong>illos,</strong></span> <span class='ocrx_word' id='word_1_378' title='bbox 3606 1964 3706 2031; x_wconf 76' lang='lat' dir='ltr'><strong>quia</strong></span> 
     </span>
    </p>
   </div>
   <div class='ocr_carea' id='block_1_48' title="bbox 2147 2056 3708 2142">
    <p class='ocr_par' dir='ltr' id='par_1_48' title="bbox 2147 2056 3708 2142">
     <span class='ocr_line' id='line_1_48' title="bbox 2147 2056 3708 2142; baseline -0.008 -23"><span class='ocrx_word' id='word_1_379' title='bbox 2147 2081 2253 2119; x_wconf 87' lang='lat' dir='ltr'><strong>non</strong></span> <span class='ocrx_word' id='word_1_380' title='bbox 2289 2065 2392 2120; x_wconf 85' lang='lat' dir='ltr'><strong>erit</strong></span> <span class='ocrx_word' id='word_1_381' title='bbox 2422 2064 2576 2119; x_wconf 88' lang='lat' dir='ltr'><strong>vobis</strong></span> <span class='ocrx_word' id='word_1_382' title='bbox 2605 2078 2732 2132; x_wconf 90' lang='lat' dir='ltr'><strong>pars</strong></span> <span class='ocrx_word' id='word_1_383' title='bbox 2762 2063 2812 2115; x_wconf 88' lang='lat' dir='ltr'><strong>in</strong></span> <span class='ocrx_word' id='word_1_384' title='bbox 2855 2061 2972 2142; x_wconf 72' lang='lat' dir='ltr'><strong>hoe</strong></span> <span class='ocrx_word' id='word_1_385' title='bbox 2991 2059 3170 2125; x_wconf 88' lang='lat' dir='ltr'><strong>altari,</strong></span> <span class='ocrx_word' id='word_1_386' title='bbox 3202 2058 3288 2114; x_wconf 87' lang='lat' dir='ltr'><strong>vel</strong></span> <span class='ocrx_word' id='word_1_387' title='bbox 3329 2059 3387 2110; x_wconf 91' lang='lat' dir='ltr'><strong>in</strong></span> <span class='ocrx_word' id='word_1_388' title='bbox 3423 2056 3708 2110; x_wconf 71' lang='lat' dir='ltr'><strong>haereditate</strong></span> 
     </span>
    </p>
   </div>
   <div class='ocr_carea' id='block_1_49' title="bbox 2147 2146 3706 2225">
    <p class='ocr_par' dir='ltr' id='par_1_49' title="bbox 2147 2146 3706 2225">
     <span class='ocr_line' id='line_1_49' title="bbox 2147 2146 3706 2225; baseline -0.01 -13"><span class='ocrx_word' id='word_1_389' title='bbox 2147 2157 2381 2220; x_wconf 88' lang='lat' dir='ltr'><strong>Domini,</strong></span> <span class='ocrx_word' id='word_1_390' title='bbox 2412 2157 2506 2210; x_wconf 88' lang='lat' dir='ltr'><strong>sed</strong></span> <span class='ocrx_word' id='word_1_391' title='bbox 2537 2155 2638 2225; x_wconf 90' lang='lat' dir='ltr'><strong>ipsi</strong></span> <span class='ocrx_word' id='word_1_392' title='bbox 2686 2160 2878 2223; x_wconf 77' lang='lat' dir='ltr'><strong>sponte</strong></span> <span class='ocrx_word' id='word_1_393' title='bbox 2910 2166 3004 2206; x_wconf 84' lang='lat' dir='ltr'><strong>sua</strong></span> <span class='ocrx_word' id='word_1_394' title='bbox 3038 2149 3216 2213; x_wconf 80' lang='lat' dir='ltr'><strong>altare</strong></span> <span class='ocrx_word' id='word_1_395' title='bbox 3254 2162 3464 2221; x_wconf 61' lang='lat' dir='ltr'><strong>vernn}</strong></span> <span class='ocrx_word' id='word_1_396' title='bbox 3482 2157 3536 2199; x_wconf 89' lang='lat' dir='ltr'><strong>et</strong></span> <span class='ocrx_word' id='word_1_397' title='bbox 3568 2146 3706 2198; x_wconf 56' lang='lat' dir='ltr'><strong>cule</strong></span> 
     </span>
    </p>
   </div>
   <div class='ocr_carea' id='block_1_50' title="bbox 2145 2236 3705 2318">
    <p class='ocr_par' dir='ltr' id='par_1_50' title="bbox 2145 2236 3705 2318">
     <span class='ocr_line' id='line_1_50' title="bbox 2145 2236 3705 2318; baseline -0.01 -13"><span class='ocrx_word' id='word_1_398' title='bbox 2145 2259 2280 2305; x_wconf 90' lang='lat' dir='ltr'><strong>stem</strong></span> <span class='ocrx_word' id='word_1_399' title='bbox 2307 2247 2618 2318; x_wconf 83' lang='lat' dir='ltr'><strong>pontiﬁcem</strong></span> <span class='ocrx_word' id='word_1_400' title='bbox 2663 2244 2988 2310; x_wconf 90' lang='lat' dir='ltr'><strong>refutarunt,</strong></span> <span class='ocrx_word' id='word_1_401' title='bbox 3018 2250 3074 2296; x_wconf 88' lang='lat' dir='ltr'><strong>et</strong></span> <span class='ocrx_word' id='word_1_402' title='bbox 3093 2255 3158 2296; x_wconf 89' lang='lat' dir='ltr'><strong>eo</strong></span> <span class='ocrx_word' id='word_1_403' title='bbox 3182 2255 3357 2310; x_wconf 83' lang='lat' dir='ltr'><strong>usque</strong></span> <span class='ocrx_word' id='word_1_404' title='bbox 3395 2236 3705 2292; x_wconf 80' lang='lat' dir='ltr'><strong>infelicitatis</strong></span> 
     </span>
    </p>
   </div>
   <div class='ocr_carea' id='block_1_51' title="bbox 2148 2335 3703 2406">
    <p class='ocr_par' dir='ltr' id='par_1_51' title="bbox 2148 2335 3703 2406">
     <span class='ocr_line' id='line_1_51' title="bbox 2148 2335 3703 2406; baseline -0.011 -7"><span class='ocrx_word' id='word_1_405' title='bbox 2148 2343 2362 2399; x_wconf 88' lang='lat' dir='ltr'><strong>adducti</strong></span> <span class='ocrx_word' id='word_1_406' title='bbox 2393 2348 2538 2404; x_wconf 90' lang='lat' dir='ltr'><strong>sunt,</strong></span> <span class='ocrx_word' id='word_1_407' title='bbox 2562 2347 2622 2394; x_wconf 89' lang='lat' dir='ltr'><strong>ut</strong></span> <span class='ocrx_word' id='word_1_408' title='bbox 2645 2348 2699 2393; x_wconf 90' lang='lat' dir='ltr'><strong>et</strong></span> <span class='ocrx_word' id='word_1_409' title='bbox 2721 2335 3007 2406; x_wconf 84' lang='lat' dir='ltr'><strong>imaginem</strong></span> <span class='ocrx_word' id='word_1_410' title='bbox 3044 2336 3358 2404; x_wconf 87' lang='lat' dir='ltr'><strong>perderent.</strong></span> <span class='ocrx_word' id='word_1_411' title='bbox 3383 2340 3441 2385; x_wconf 88' lang='lat' dir='ltr'><strong>et</strong></span> <span class='ocrx_word' id='word_1_412' title='bbox 3472 2344 3579 2383; x_wconf 92' lang='lat' dir='ltr'><strong>non</strong></span> <span class='ocrx_word' id='word_1_413' title='bbox 3603 2345 3703 2382; x_wconf 84' lang='lat' dir='ltr'><strong>sus-</strong></span> 
     </span>
    </p>
   </div>
   <div class='ocr_carea' id='block_1_52' title="bbox 2147 2420 3700 2504">
    <p class='ocr_par' dir='ltr' id='par_1_52' title="bbox 2147 2420 3700 2504">
     <span class='ocr_line' id='line_1_52' title="bbox 2147 2420 3700 2504; baseline -0.011 -15"><span class='ocrx_word' id='word_1_414' title='bbox 2147 2435 2388 2504; x_wconf 88' lang='lat' dir='ltr'><strong>ciperent</strong></span> <span class='ocrx_word' id='word_1_415' title='bbox 2441 2431 2757 2491; x_wconf 88' lang='lat' dir='ltr'><strong>veritatent,</strong></span> <span class='ocrx_word' id='word_1_416' title='bbox 2814 2437 2867 2482; x_wconf 91' lang='lat' dir='ltr'><strong>et</strong></span> <span class='ocrx_word' id='word_1_417' title='bbox 2926 2427 3044 2480; x_wconf 90' lang='lat' dir='ltr'><strong>ideo</strong></span> <span class='ocrx_word' id='word_1_418' title='bbox 3109 2424 3312 2478; x_wconf 87' lang='lat' dir='ltr'><strong>dicitur</strong></span> <span class='ocrx_word' id='word_1_419' title='bbox 3363 2422 3435 2475; x_wconf 87' lang='lat' dir='ltr'><strong>ad</strong></span> <span class='ocrx_word' id='word_1_420' title='bbox 3489 2435 3583 2474; x_wconf 83' lang='lat' dir='ltr'><strong>eos</strong></span> <span class='ocrx_word' id='word_1_421' title='bbox 3627 2420 3700 2472; x_wconf 87' lang='grc'><strong>⁸³;</strong></span> 
     </span>
    </p>
   </div>
   <div class='ocr_carea' id='block_1_53' title="bbox 2155 2514 3698 2593">
    <p class='ocr_par' dir='ltr' id='par_1_53' title="bbox 2155 2514 3698 2593">
     <span class='ocr_line' id='line_1_53' title="bbox 2155 2514 3698 2593; baseline -0.012 -13"><span class='ocrx_word' id='word_1_422' title='bbox 2155 2546 2174 2580; x_wconf 74' lang='lat' dir='ltr'><strong>t</strong></span> <span class='ocrx_word' id='word_1_423' title='bbox 2209 2527 2348 2582; x_wconf 89' lang='lat' dir='ltr'><strong>Ecce</strong></span> <span class='ocrx_word' id='word_1_424' title='bbox 2393 2526 2726 2593; x_wconf 89' lang='lat' dir='ltr'><strong>relinquetur</strong></span> <span class='ocrx_word' id='word_1_425' title='bbox 2766 2520 2918 2576; x_wconf 90' lang='lat' dir='ltr'><strong>vobis</strong></span> <span class='ocrx_word' id='word_1_426' title='bbox 2952 2517 3144 2573; x_wconf 85' lang='lat' dir='ltr'><strong>domus</strong></span> <span class='ocrx_word' id='word_1_427' title='bbox 3185 2526 3374 2572; x_wconf 87' lang='lat' dir='ltr'><strong>vestra</strong></span> <span class='ocrx_word' id='word_1_428' title='bbox 3426 2514 3654 2568; x_wconf 82' lang='lat' dir='ltr'><strong>deserta.</strong></span> <span class='ocrx_word' id='word_1_429' title='bbox 3683 2531 3698 2562; x_wconf 80' lang='grc' dir='ltr'>ι</span> 
     </span>
    </p>
   </div>
   <div class='ocr_carea' id='block_1_54' title="bbox 2149 2605 3702 2682">
    <p class='ocr_par' dir='ltr' id='par_1_54' title="bbox 2149 2605 3702 2682">
     <span class='ocr_line' id='line_1_54' title="bbox 2149 2605 3702 2682; baseline -0.012 -8"><span class='ocrx_word' id='word_1_430' title='bbox 2149 2619 2435 2675; x_wconf 86' lang='lat' dir='ltr'><strong>Translata</strong></span> <span class='ocrx_word' id='word_1_431' title='bbox 2461 2626 2542 2671; x_wconf 87' lang='lat' dir='ltr'><strong>est</strong></span> <span class='ocrx_word' id='word_1_432' title='bbox 2567 2615 2710 2670; x_wconf 89' lang='lat' dir='ltr'><strong>enim</strong></span> <span class='ocrx_word' id='word_1_433' title='bbox 2751 2612 2815 2667; x_wconf 91' lang='lat' dir='ltr'><strong>ad</strong></span> <span class='ocrx_word' id='word_1_434' title='bbox 2838 2622 3025 2682; x_wconf 84' lang='lat' dir='ltr'><strong>gentes</strong></span> <span class='ocrx_word' id='word_1_435' title='bbox 3047 2609 3216 2681; x_wconf 83' lang='lat' dir='ltr'><strong>gratia</strong></span> <span class='ocrx_word' id='word_1_436' title='bbox 3257 2608 3503 2676; x_wconf 88' lang='lat' dir='ltr'><strong>Spiritus</strong></span> <span class='ocrx_word' id='word_1_437' title='bbox 3530 2605 3702 2664; x_wconf 76' lang='lat' dir='ltr'><strong>Sancti.</strong></span> 
     </span>
    </p>
   </div>
   <div class='ocr_carea' id='block_1_55' title="bbox 2149 2695 3702 2769">
    <p class='ocr_par' dir='ltr' id='par_1_55' title="bbox 2149 2695 3702 2769">
     <span class='ocr_line' id='line_1_55' title="bbox 2149 2695 3702 2769; baseline -0.01 -5"><span class='ocrx_word' id='word_1_438' title='bbox 2149 2709 2424 2765; x_wconf 73' lang='lat' dir='ltr'><strong>translatae</strong></span> <span class='ocrx_word' id='word_1_439' title='bbox 2457 2716 2582 2760; x_wconf 92' lang='lat' dir='ltr'><strong>sunt</strong></span> <span class='ocrx_word' id='word_1_440' title='bbox 2620 2703 2990 2759; x_wconf 88' lang='lat' dir='ltr'><strong>solemnitates</strong></span> <span class='ocrx_word' id='word_1_441' title='bbox 3017 2701 3083 2756; x_wconf 90' lang='lat' dir='ltr'><strong>ad</strong></span> <span class='ocrx_word' id='word_1_442' title='bbox 3110 2715 3229 2764; x_wconf 92' lang='lat' dir='ltr'><strong>nos,</strong></span> <span class='ocrx_word' id='word_1_443' title='bbox 3259 2701 3390 2769; x_wconf 85' lang='lat' dir='ltr'><strong>quia</strong></span> <span class='ocrx_word' id='word_1_444' title='bbox 3419 2697 3628 2750; x_wconf 85' lang='lat' dir='ltr'><strong>transiit</strong></span> <span class='ocrx_word' id='word_1_445' title='bbox 3649 2695 3702 2748; x_wconf 79' lang='lat' dir='ltr'><strong>ad</strong></span> 
     </span>
    </p>
   </div>
   <div class='ocr_carea' id='block_1_56' title="bbox 2152 2791 3702 2866">
    <p class='ocr_par' dir='ltr' id='par_1_56' title="bbox 2152 2791 3702 2866">
     <span class='ocr_line' id='line_1_56' title="bbox 2152 2791 3702 2866; baseline -0.011 -12"><span class='ocrx_word' id='word_1_446' title='bbox 2152 2814 2247 2854; x_wconf 92' lang='lat' dir='ltr'><strong>nos</strong></span> <span class='ocrx_word' id='word_1_447' title='bbox 2268 2807 2321 2853; x_wconf 87' lang='lat' dir='ltr'><strong>et</strong></span> <span class='ocrx_word' id='word_1_448' title='bbox 2359 2796 2600 2866; x_wconf 80' lang='lat' dir='ltr'><strong>pontifex</strong></span> <span class='ocrx_word' id='word_1_449' title='bbox 2637 2809 2742 2847; x_wconf 90' lang='lat' dir='ltr'><strong>non</strong></span> <span class='ocrx_word' id='word_1_450' title='bbox 2789 2791 3164 2860; x_wconf 84' lang='lat' dir='ltr'><strong>imaginarius,</strong></span> <span class='ocrx_word' id='word_1_451' title='bbox 3187 2791 3284 2844; x_wconf 87' lang='lat' dir='ltr'><strong>sed</strong></span> <span class='ocrx_word' id='word_1_452' title='bbox 3309 2803 3501 2850; x_wconf 90' lang='lat' dir='ltr'><strong>verus,</strong></span> <span class='ocrx_word' id='word_1_453' title='bbox 3533 2801 3702 2840; x_wconf 79' lang='lat' dir='ltr'><strong>secun-</strong></span> 
     </span>
    </p>
   </div>
   <div class='ocr_carea' id='block_1_57' title="bbox 2151 2879 3703 2940">
    <p class='ocr_par' dir='ltr' id='par_1_57' title="bbox 2151 2879 3703 2940">
     <span class='ocr_line' id='line_1_57' title="bbox 2151 2879 3703 2940; baseline -0.008 -1"><span class='ocrx_word' id='word_1_454' title='bbox 2151 2887 2278 2940; x_wconf 91' lang='lat' dir='ltr'><strong>dum</strong></span> <span class='ocrx_word' id='word_1_455' title='bbox 2307 2883 2550 2939; x_wconf 91' lang='lat' dir='ltr'><strong>ordinem</strong></span> <span class='ocrx_word' id='word_1_456' title='bbox 2577 2880 2969 2936; x_wconf 81' lang='lat' dir='ltr'><strong>Melchisedech</strong></span> <span class='ocrx_word' id='word_1_457' title='bbox 2998 2879 3201 2934; x_wconf 86' lang='lat' dir='ltr'><strong>electus</strong></span> <span class='ocrx_word' id='word_1_458' title='bbox 3229 2897 3243 2932; x_wconf 87' lang='lat'><strong>:</strong></span> <span class='ocrx_word' id='word_1_459' title='bbox 3275 2889 3333 2932; x_wconf 90' lang='lat' dir='ltr'><strong>et</strong></span> <span class='ocrx_word' id='word_1_460' title='bbox 3389 2889 3609 2930; x_wconf 83' lang='lat' dir='ltr'><strong>necesse</strong></span> <span class='ocrx_word' id='word_1_461' title='bbox 3639 2885 3703 2926; x_wconf 79' lang='lat' dir='ltr'><strong>est</strong></span> 
     </span>
    </p>
   </div>
   <div class='ocr_carea' id='block_1_58' title="bbox 2150 2954 3703 3039">
    <p class='ocr_par' dir='ltr' id='par_1_58' title="bbox 2150 2954 3703 3039">
     <span class='ocr_line' id='line_1_58' title="bbox 2150 2954 3703 3039; baseline -0.008 -9"><span class='ocrx_word' id='word_1_462' title='bbox 2150 2992 2273 3030; x_wconf 91' lang='lat' dir='ltr'><strong>eum</strong></span> <span class='ocrx_word' id='word_1_463' title='bbox 2329 2989 2488 3028; x_wconf 89' lang='lat' dir='ltr'><strong>veras</strong></span> <span class='ocrx_word' id='word_1_464' title='bbox 2523 2973 2749 3036; x_wconf 86' lang='lat' dir='ltr'><strong>hostias,</strong></span> <span class='ocrx_word' id='word_1_465' title='bbox 2807 2972 2859 3026; x_wconf 92' lang='lat' dir='ltr'><strong>id</strong></span> <span class='ocrx_word' id='word_1_466' title='bbox 2908 2981 2991 3026; x_wconf 87' lang='lat' dir='ltr'><strong>est</strong></span> <span class='ocrx_word' id='word_1_467' title='bbox 3029 2970 3326 3039; x_wconf 85' lang='lat' dir='ltr'><strong>spiritales,</strong></span> <span class='ocrx_word' id='word_1_468' title='bbox 3357 2967 3558 3023; x_wconf 75' lang='lat' dir='ltr'><strong>offerre</strong></span> <span class='ocrx_word' id='word_1_469' title='bbox 3587 2954 3703 3034; x_wconf 67' lang='lat' dir='ltr'><strong>apud</strong></span> 
     </span>
    </p>
   </div>
   <div class='ocr_carea' id='block_1_59' title="bbox 2153 3049 3699 3133">
    <p class='ocr_par' dir='ltr' id='par_1_59' title="bbox 2153 3049 3699 3133">
     <span class='ocr_line' id='line_1_59' title="bbox 2153 3049 3699 3133; baseline -0.01 -12"><span class='ocrx_word' id='word_1_470' title='bbox 2153 3084 2274 3133; x_wconf 91' lang='lat' dir='ltr'><strong>nos,</strong></span> <span class='ocrx_word' id='word_1_471' title='bbox 2303 3066 2389 3121; x_wconf 88' lang='lat' dir='ltr'><strong>ubi</strong></span> <span class='ocrx_word' id='word_1_472' title='bbox 2418 3064 2715 3120; x_wconf 64' lang='lat' dir='ltr'><strong>aediﬁcatur</strong></span> <span class='ocrx_word' id='word_1_473' title='bbox 2740 3049 2993 3132; x_wconf 79' lang='lat' dir='ltr'><strong>templum</strong></span> <span class='ocrx_word' id='word_1_474' title='bbox 3026 3062 3120 3116; x_wconf 88' lang='lat' dir='ltr'><strong>Dei</strong></span> <span class='ocrx_word' id='word_1_475' title='bbox 3172 3075 3239 3116; x_wconf 81' lang='lat' dir='ltr'><strong>ex</strong></span> <span class='ocrx_word' id='word_1_476' title='bbox 3272 3061 3539 3130; x_wconf 82' lang='lat' dir='ltr'><strong>lapidibus</strong></span> <span class='ocrx_word' id='word_1_477' title='bbox 3571 3059 3699 3118; x_wconf 73' lang='lat' dir='ltr'><strong>vivis,</strong></span> 
     </span>
    </p>
   </div>
   <div class='ocr_carea' id='block_1_60' title="bbox 481 3145 2044 3243">
    <p class='ocr_par' dir='ltr' id='par_1_60' title="bbox 481 3153 2043 3237">
     <span class='ocr_line' id='line_1_60' title="bbox 481 3153 2043 3237; baseline 0.011 -32"><span class='ocrx_word' id='word_1_478' title='bbox 481 3153 574 3208; x_wconf 87' lang='lat' dir='ltr'><strong>dio</strong></span> <span class='ocrx_word' id='word_1_479' title='bbox 597 3169 786 3209; x_wconf 90' lang='lat' dir='ltr'><strong>eorum</strong></span> <span class='ocrx_word' id='word_1_480' title='bbox 803 3158 894 3225; x_wconf 91' lang='lat' dir='ltr'><strong>qui</strong></span> <span class='ocrx_word' id='word_1_481' title='bbox 928 3160 1326 3226; x_wconf 78' lang='lat' dir='ltr'><strong>moriebantur,</strong></span> <span class='ocrx_word' id='word_1_482' title='bbox 1357 3171 1412 3217; x_wconf 90' lang='lat' dir='ltr'><strong>et</strong></span> <span class='ocrx_word' id='word_1_483' title='bbox 1442 3178 1628 3219; x_wconf 90' lang='lat' dir='ltr'><strong>eorum</strong></span> <span class='ocrx_word' id='word_1_484' title='bbox 1653 3167 1743 3234; x_wconf 90' lang='lat' dir='ltr'><strong>qui</strong></span> <span class='ocrx_word' id='word_1_485' title='bbox 1773 3168 2043 3237; x_wconf 87' lang='lat' dir='ltr'><strong>vivebant,</strong></span> 
     </span>
    </p>
   </div>
   <div class='ocr_carea' id='block_1_61' title="bbox 2147 3145 3700 3243">
    <p class='ocr_par' dir='ltr' id='par_1_61' title="bbox 2153 3145 3700 3228">
     <span class='ocr_line' id='line_1_61' title="bbox 2153 3145 3700 3228; baseline -0.006 -18"><span class='ocrx_word' id='word_1_486' title='bbox 2153 3173 2271 3228; x_wconf 71' lang='lat' dir='ltr'><strong>qua:</strong></span> <span class='ocrx_word' id='word_1_487' title='bbox 2288 3157 2370 3210; x_wconf 83' lang='lat' dir='ltr'><strong>e&#39;st</strong></span> <span class='ocrx_word' id='word_1_488' title='bbox 2388 3153 2626 3208; x_wconf 85' lang='lat' dir='ltr'><strong>Ecclesia</strong></span> <span class='ocrx_word' id='word_1_489' title='bbox 2653 3152 2745 3207; x_wconf 90' lang='lat' dir='ltr'><strong>Dei</strong></span> <span class='ocrx_word' id='word_1_490' title='bbox 2774 3151 3027 3217; x_wconf 88' lang='lat' dir='ltr'><strong>viventis,</strong></span> <span class='ocrx_word' id='word_1_491' title='bbox 3055 3160 3109 3204; x_wconf 91' lang='lat' dir='ltr'><strong>et</strong></span> <span class='ocrx_word' id='word_1_492' title='bbox 3133 3152 3225 3206; x_wconf 92' lang='lat' dir='ltr'><strong>ubi</strong></span> <span class='ocrx_word' id='word_1_493' title='bbox 3255 3161 3339 3205; x_wconf 90' lang='lat' dir='ltr'><strong>est</strong></span> <span class='ocrx_word' id='word_1_494' title='bbox 3365 3145 3700 3222; x_wconf 71' lang='lat' dir='ltr'><strong>veruslsnel,</strong></span> 
     </span>
    </p>
   </div>
   <div class='ocr_carea' id='block_1_62' title="bbox 485 3243 2044 3323">
    <p class='ocr_par' dir='ltr' id='par_1_62' title="bbox 485 3243 2044 3323">
     <span class='ocr_line' id='line_1_62' title="bbox 485 3243 2044 3323; baseline 0.013 -28"><span class='ocrx_word' id='word_1_495' title='bbox 485 3257 555 3297; x_wconf 91' lang='lat' dir='ltr'><strong>ne</strong></span> <span class='ocrx_word' id='word_1_496' title='bbox 583 3243 812 3301; x_wconf 90' lang='lat' dir='ltr'><strong>ulterius</strong></span> <span class='ocrx_word' id='word_1_497' title='bbox 832 3250 1064 3304; x_wconf 89' lang='lat' dir='ltr'><strong>vastatio</strong></span> <span class='ocrx_word' id='word_1_498' title='bbox 1091 3252 1281 3307; x_wconf 89' lang='lat' dir='ltr'><strong>mortis</strong></span> <span class='ocrx_word' id='word_1_499' title='bbox 1310 3254 1601 3322; x_wconf 88' lang='lat' dir='ltr'><strong>proﬁceret</strong></span> <span class='ocrx_word' id='word_1_500' title='bbox 1636 3254 1748 3323; x_wconf 91' lang='lat' dir='ltr'><strong>jam</strong></span> <span class='ocrx_word' id='word_1_501' title='bbox 1793 3257 1844 3312; x_wconf 93' lang='lat' dir='ltr'><strong>in</strong></span> <span class='ocrx_word' id='word_1_502' title='bbox 1881 3268 2044 3315; x_wconf 56' lang='lat' dir='ltr'><strong>caste-</strong></span> 
     </span>
    </p>
   </div>
   <div class='ocr_carea' id='block_1_63' title="bbox 487 3331 2044 3411">
    <p class='ocr_par' dir='ltr' id='par_1_63' title="bbox 487 3331 2044 3411">
     <span class='ocr_line' id='line_1_63' title="bbox 487 3331 2044 3411; baseline 0.01 -27"><span class='ocrx_word' id='word_1_503' title='bbox 487 3347 598 3389; x_wconf 79' lang='lat' dir='ltr'><strong>ros.</strong></span> <span class='ocrx_word' id='word_1_504' title='bbox 644 3331 796 3388; x_wconf 81' lang='lat' dir='ltr'><strong>Venit</strong></span> <span class='ocrx_word' id='word_1_505' title='bbox 827 3347 882 3392; x_wconf 89' lang='lat' dir='ltr'><strong>et</strong></span> <span class='ocrx_word' id='word_1_506' title='bbox 932 3353 1075 3394; x_wconf 88' lang='lat' dir='ltr'><strong>nunc</strong></span> <span class='ocrx_word' id='word_1_507' title='bbox 1121 3353 1281 3395; x_wconf 86' lang='lat' dir='ltr'><strong>verus</strong></span> <span class='ocrx_word' id='word_1_508' title='bbox 1309 3340 1553 3408; x_wconf 81' lang='lat' dir='ltr'><strong>pontifex</strong></span> <span class='ocrx_word' id='word_1_509' title='bbox 1582 3355 1734 3396; x_wconf 90' lang='lat' dir='ltr'><strong>meus</strong></span> <span class='ocrx_word' id='word_1_510' title='bbox 1763 3342 2044 3411; x_wconf 87' lang='lat' dir='ltr'><strong>Dominus,</strong></span> 
     </span>
    </p>
   </div>
   <div class='ocr_carea' id='block_1_64' title="bbox 2154 3239 3701 3311">
    <p class='ocr_par' dir='ltr' id='par_1_64' title="bbox 2154 3239 3701 3311">
     <span class='ocr_line' id='line_1_64' title="bbox 2154 3239 3701 3311; baseline -0.01 -4"><span class='ocrx_word' id='word_1_511' title='bbox 2154 3255 2206 3307; x_wconf 91' lang='lat' dir='ltr'><strong>in</strong></span> <span class='ocrx_word' id='word_1_512' title='bbox 2265 3251 2483 3304; x_wconf 86' lang='lat' dir='ltr'><strong>Christo</strong></span> <span class='ocrx_word' id='word_1_513' title='bbox 2531 3246 2657 3302; x_wconf 83' lang='lat' dir='ltr'><strong>Jesu</strong></span> <span class='ocrx_word' id='word_1_514' title='bbox 2703 3243 2931 3299; x_wconf 89' lang='lat' dir='ltr'><strong>Domino</strong></span> <span class='ocrx_word' id='word_1_515' title='bbox 2979 3253 3187 3307; x_wconf 90' lang='lat' dir='ltr'><strong>nostro,</strong></span> <span class='ocrx_word' id='word_1_516' title='bbox 3225 3244 3313 3297; x_wconf 92' lang='lat' dir='ltr'><strong>cui</strong></span> <span class='ocrx_word' id='word_1_517' title='bbox 3347 3250 3434 3298; x_wconf 86' lang='lat' dir='ltr'><strong>est</strong></span> <span class='ocrx_word' id='word_1_518' title='bbox 3469 3239 3633 3311; x_wconf 79' lang='lat' dir='ltr'><strong>gloria</strong></span> <span class='ocrx_word' id='word_1_519' title='bbox 3659 3247 3701 3292; x_wconf 86' lang='lat' dir='ltr'><strong>et</strong></span> 
     </span>
    </p>
   </div>
   <div class='ocr_carea' id='block_1_65' title="bbox 2152 3337 3335 3412">
    <p class='ocr_par' dir='ltr' id='par_1_65' title="bbox 2152 3337 3335 3412">
     <span class='ocr_line' id='line_1_65' title="bbox 2152 3337 3335 3412; baseline -0.007 -15"><span class='ocrx_word' id='word_1_520' title='bbox 2152 3344 2434 3412; x_wconf 88' lang='lat' dir='ltr'><strong>imperium</strong></span> <span class='ocrx_word' id='word_1_521' title='bbox 2472 3343 2523 3394; x_wconf 90' lang='lat' dir='ltr'><strong>in</strong></span> <span class='ocrx_word' id='word_1_522' title='bbox 2551 3339 2748 3395; x_wconf 66' lang='lat' dir='ltr'><strong>saecula</strong></span> <span class='ocrx_word' id='word_1_523' title='bbox 2774 3337 3114 3394; x_wconf 65' lang='lat' dir='ltr'><strong>smeulorum.</strong></span> <span class='ocrx_word' id='word_1_524' title='bbox 3140 3337 3335 3390; x_wconf 81' lang='lat' dir='ltr'><strong>Amen.</strong></span> 
     </span>
    </p>
   </div>
   <div class='ocr_carea' id='block_1_66' title="bbox 521 3489 2044 3586">
    <p class='ocr_par' dir='ltr' id='par_1_66' title="bbox 521 3489 2044 3586">
     <span class='ocr_line' id='line_1_66' title="bbox 521 3489 2044 3586; baseline 0.007 -24"><span class='ocrx_word' id='word_1_525' title='bbox 521 3489 526 3492; x_wconf 83' lang='grc'><em>’</em></span> <span class='ocrx_word' id='word_1_526' title='bbox 589 3511 641 3542; x_wconf 70' lang='grc' dir='ltr'><strong>ιι</strong></span> <span class='ocrx_word' id='word_1_527' title='bbox 683 3512 875 3567; x_wconf 83' lang='lat' dir='ltr'><strong>Matth.</strong></span> <span class='ocrx_word' id='word_1_528' title='bbox 927 3529 1096 3582; x_wconf 71' lang='lat' dir='ltr'><strong>nm,</strong></span> <span class='ocrx_word' id='word_1_529' title='bbox 1140 3516 1229 3571; x_wconf 74' lang='lat'><strong>25.</strong></span> <span class='ocrx_word' id='word_1_530' title='bbox 1302 3517 1877 3586; x_wconf 76' lang='lat' dir='ltr'><strong>&quot;Matth.xxm,35.</strong></span> <span class='ocrx_word' id='word_1_531' title='bbox 1952 3519 2044 3574; x_wconf 75' lang='grc' dir='ltr'><strong>ιιι</strong></span> 
     </span>
    </p>
   </div>
   <div class='ocr_carea' id='block_1_67' title="bbox 2147 3489 2418 3586">
    <p class='ocr_par' dir='ltr' id='par_1_67' title="bbox 2147 3518 2418 3583">
     <span class='ocr_line' id='line_1_67' title="bbox 2147 3518 2418 3583; baseline -0.011 -10"><span class='ocrx_word' id='word_1_532' title='bbox 2147 3535 2297 3583; x_wconf 82' lang='lat' dir='ltr'><strong>.xut,</strong></span> <span class='ocrx_word' id='word_1_533' title='bbox 2327 3518 2418 3572; x_wconf 68' lang='lat'><strong>55.</strong></span> 
     </span>
    </p>
   </div>
   <div class='ocr_carea' id='block_1_68' title="bbox 551 3643 3422 3722">
    <p class='ocr_par' dir='ltr' id='par_1_68' title="bbox 551 3643 3422 3722">
     <span class='ocr_line' id='line_1_68' title="bbox 551 3643 3422 3722; baseline -0.001 -23"><span class='ocrx_word' id='word_1_534' title='bbox 551 3645 662 3716; x_wconf 66' lang='lat'><strong>(25)</strong></span> <span class='ocrx_word' id='word_1_535' title='bbox 711 3645 861 3713; x_wconf 79' lang='lat' dir='ltr'><strong>Mss.,</strong></span> <span class='ocrx_word' id='word_1_536' title='bbox 908 3664 927 3699; x_wconf 84' lang='grc'><strong>‹</strong></span> <span class='ocrx_word' id='word_1_537' title='bbox 967 3657 1091 3702; x_wconf 86' lang='lat' dir='ltr'><strong>sunt</strong></span> <span class='ocrx_word' id='word_1_538' title='bbox 1109 3663 1238 3718; x_wconf 87' lang='lat' dir='ltr'><strong>ergo</strong></span> <span class='ocrx_word' id='word_1_539' title='bbox 1274 3650 1359 3705; x_wconf 90' lang='lat' dir='ltr'><strong>isti</strong></span> <span class='ocrx_word' id='word_1_540' title='bbox 1391 3665 1516 3720; x_wconf 87' lang='lat' dir='ltr'><strong>pars</strong></span> <span class='ocrx_word' id='word_1_541' title='bbox 1539 3653 1721 3722; x_wconf 89' lang='lat' dir='ltr'><strong>populi</strong></span> <span class='ocrx_word' id='word_1_542' title='bbox 1749 3655 1966 3709; x_wconf 88' lang='lat' dir='ltr'><strong>mortui.</strong></span> <span class='ocrx_word' id='word_1_543' title='bbox 1998 3673 2017 3707; x_wconf 70' lang='grc' dir='ltr'><strong><em>ι</em></strong></span> <span class='ocrx_word' id='word_1_544' title='bbox 2048 3653 2206 3708; x_wconf 89' lang='lat' dir='ltr'><strong>Libb.</strong></span> <span class='ocrx_word' id='word_1_545' title='bbox 2230 3655 2382 3717; x_wconf 90' lang='lat' dir='ltr'><strong>editi,</strong></span> <span class='ocrx_word' id='word_1_546' title='bbox 2419 3672 2439 3705; x_wconf 83' lang='grc'><strong><em>‹</em></strong></span> <span class='ocrx_word' id='word_1_547' title='bbox 2469 3660 2592 3708; x_wconf 91' lang='lat' dir='ltr'><strong>sunt</strong></span> <span class='ocrx_word' id='word_1_548' title='bbox 2613 3666 2743 3721; x_wconf 89' lang='lat' dir='ltr'><strong>ergo</strong></span> <span class='ocrx_word' id='word_1_549' title='bbox 2778 3648 2955 3721; x_wconf 88' lang='lat' dir='ltr'><strong>populi</strong></span> <span class='ocrx_word' id='word_1_550' title='bbox 2981 3663 3107 3720; x_wconf 85' lang='lat' dir='ltr'><strong>pars</strong></span> <span class='ocrx_word' id='word_1_551' title='bbox 3133 3643 3360 3703; x_wconf 86' lang='lat' dir='ltr'><strong>mortui.</strong></span> <span class='ocrx_word' id='word_1_552' title='bbox 3402 3663 3422 3696; x_wconf 75' lang='grc' dir='ltr'><strong>ι</strong></span> 
     </span>
    </p>
   </div>
   <div class='ocr_carea' id='block_1_69' title="bbox 495 3841 3689 3881">
    <p class='ocr_par' dir='ltr' id='par_1_69' title="bbox 495 3841 3689 3881">
     <span class='ocr_line' id='line_1_69' title="bbox 495 3841 3689 3881; baseline 0.002 -9"><span class='ocrx_word' id='word_1_553' title='bbox 495 3841 3689 3881; x_wconf 57' lang='lat' dir='ltr'><em>W</em></span> 
     </span>
    </p>
   </div>
   <div class='ocr_carea' id='block_1_70' title="bbox 1802 4019 2386 4111">
    <p class='ocr_par' dir='ltr' id='par_1_70' title="bbox 1802 4019 2386 4111">
     <span class='ocr_line' id='line_1_70' title="bbox 1802 4019 2386 4111; baseline 0.002 -4"><span class='ocrx_word' id='word_1_554' title='bbox 1802 4019 2386 4111; x_wconf 89' lang='lat' dir='ltr'><strong>MONITUM</strong></span> 
     </span>
    </p>
   </div>
   <div class='ocr_carea' id='block_1_71' title="bbox 1289 4205 2912 4266">
    <p class='ocr_par' dir='ltr' id='par_1_71' title="bbox 1289 4205 2912 4266">
     <span class='ocr_line' id='line_1_71' title="bbox 1289 4205 2912 4266; baseline 0.004 -6"><span class='ocrx_word' id='word_1_555' title='bbox 1289 4205 1380 4260; x_wconf 75' lang='lat' dir='ltr'><strong>AD</strong></span> <span class='ocrx_word' id='word_1_556' title='bbox 1413 4205 1734 4264; x_wconf 81' lang='lat' dir='ltr'><strong>ORIGENIS</strong></span> <span class='ocrx_word' id='word_1_557' title='bbox 1771 4208 2170 4264; x_wconf 79' lang='grc' dir='ltr'><strong>ΕΞΗΓΗΤΙΚΑ</strong></span> <span class='ocrx_word' id='word_1_558' title='bbox 2209 4209 2278 4266; x_wconf 88' lang='lat' dir='ltr'><strong>IN</strong></span> <span class='ocrx_word' id='word_1_559' title='bbox 2309 4208 2568 4265; x_wconf 79' lang='lat' dir='ltr'><strong>LIBRUM</strong></span> <span class='ocrx_word' id='word_1_560' title='bbox 2591 4208 2912 4266; x_wconf 80' lang='lat' dir='ltr'><strong>JUDICUM.</strong></span> 
     </span>
    </p>
   </div>
   <div class='ocr_carea' id='block_1_72' title="bbox 547 4519 3705 4603">
    <p class='ocr_par' dir='ltr' id='par_1_72' title="bbox 547 4519 3705 4603">
     <span class='ocr_line' id='line_1_72' title="bbox 547 4519 3705 4603; baseline 0 -30"><span class='ocrx_word' id='word_1_561' title='bbox 547 4519 853 4603; x_wconf 46' lang='lat' dir='ltr'><strong>Rufinus-in</strong></span> <span class='ocrx_word' id='word_1_562' title='bbox 899 4520 1227 4603; x_wconf 52' lang='lat' dir='ltr'><strong>peroratio&#39;ne</strong></span> <span class='ocrx_word' id='word_1_563' title='bbox 1258 4521 1534 4603; x_wconf 47' lang='lat' dir='ltr'><strong>sub-iuncta</strong></span> <span class='ocrx_word' id='word_1_564' title='bbox 1564 4521 1966 4603; x_wconf 55' lang='lat' dir='ltr'><strong>Commentariis</strong></span> <span class='ocrx_word' id='word_1_565' title='bbox 2001 4523 2265 4603; x_wconf 77' lang='lat' dir='ltr'><strong>0rigeni_s_</strong></span> <span class='ocrx_word' id='word_1_566' title='bbox 2290 4525 2345 4578; x_wconf 87' lang='lat' dir='ltr'><strong>in</strong></span> <span class='ocrx_word' id='word_1_567' title='bbox 2387 4522 2681 4603; x_wconf 64' lang='lat' dir='ltr'><strong>Epistulam</strong></span> <span class='ocrx_word' id='word_1_568' title='bbox 2720 4523 2790 4577; x_wconf 88' lang='lat' dir='ltr'><strong>ad</strong></span> <span class='ocrx_word' id='word_1_569' title='bbox 2822 4521 3089 4603; x_wconf 60' lang='lat' dir='ltr'><strong>[fontanos</strong></span> <span class='ocrx_word' id='word_1_570' title='bbox 3131 4531 3357 4603; x_wconf 60' lang='lat' dir='ltr'><strong>testqtur</strong></span> <span class='ocrx_word' id='word_1_571' title='bbox 3394 4540 3451 4578; x_wconf 89' lang='lat' dir='ltr'><strong>se</strong></span> <span class='ocrx_word' id='word_1_572' title='bbox 3471 4539 3573 4590; x_wconf 77' lang='lat' dir='ltr'><strong>qua</strong></span> <span class='ocrx_word' id='word_1_573' title='bbox 3617 4522 3705 4588; x_wconf 68' lang='lat' dir='ltr'><strong>ﬁde</strong></span> 
     </span>
    </p>
   </div>
   <div class='ocr_carea' id='block_1_73' title="bbox 480 4588 3704 4670">
    <p class='ocr_par' dir='ltr' id='par_1_73' title="bbox 480 4588 3704 4670">
     <span class='ocr_line' id='line_1_73' title="bbox 480 4588 3704 4670; baseline 0 -29"><span class='ocrx_word' id='word_1_574' title='bbox 480 4589 746 4670; x_wconf 65' lang='lat' dir='ltr'><strong>transtulit</strong></span> <span class='ocrx_word' id='word_1_575' title='bbox 775 4590 1103 4670; x_wconf 44' lang='lat' dir='ltr'><strong>nomilias‘in</strong></span> <span class='ocrx_word' id='word_1_576' title='bbox 1133 4590 1315 4670; x_wconf 77' lang='lat' dir='ltr'><strong>Iesum</strong></span> <span class='ocrx_word' id='word_1_577' title='bbox 1347 4588 1514 4670; x_wconf 64' lang='lat' dir='ltr'><strong>lyciae,</strong></span> <span class='ocrx_word' id='word_1_578' title='bbox 1544 4593 1722 4670; x_wconf 66' lang='lat' dir='ltr'><strong>eadem</strong></span> <span class='ocrx_word' id='word_1_579' title='bbox 1750 4591 1935 4647; x_wconf 80' lang='lat' dir='ltr'><strong>Latine</strong></span> <span class='ocrx_word' id='word_1_580' title='bbox 1955 4588 2179 4670; x_wconf 48' lang='lat' dir='ltr'><strong>vertisse</strong></span> <span class='ocrx_word' id='word_1_581' title='bbox 2209 4588 2510 4670; x_wconf 53' lang='grc' dir='ltr'><strong>ὲξηγηίειῇςὰ</strong></span> <span class='ocrx_word' id='word_1_582' title='bbox 2533 4597 2588 4647; x_wconf 88' lang='lat' dir='ltr'><strong>in</strong></span> <span class='ocrx_word' id='word_1_583' title='bbox 2623 4594 2810 4670; x_wconf 83' lang='lat' dir='ltr'><strong>librum</strong></span> <span class='ocrx_word' id='word_1_584' title='bbox 2834 4591 3086 4670; x_wconf 72' lang='lat' dir='ltr'><strong>Iudicum</strong></span> <span class='ocrx_word' id='word_1_585' title='bbox 3115 4610 3134 4644; x_wconf 86' lang='lat'><strong><em>:</em></strong></span> <span class='ocrx_word' id='word_1_586' title='bbox 3173 4612 3205 4670; x_wconf 74' lang='lat' dir='ltr'><strong>t_</strong></span> <span class='ocrx_word' id='word_1_587' title='bbox 3235 4592 3380 4645; x_wconf 82' lang='lat' dir='ltr'><strong>Nam</strong></span> <span class='ocrx_word' id='word_1_588' title='bbox 3414 4588 3596 4670; x_wconf 42' lang='lat' dir='ltr'><strong>eti/lu,</strong></span> <span class='ocrx_word' id='word_1_589' title='bbox 3631 4597 3704 4670; x_wconf 64' lang='lat' dir='ltr'><strong>is.</strong></span> 
     </span>
    </p>
   </div>
   <div class='ocr_carea' id='block_1_74' title="bbox 478 4657 3706 4741">
    <p class='ocr_par' dir='ltr' id='par_1_74' title="bbox 478 4657 3706 4741">
     <span class='ocr_line' id='line_1_74' title="bbox 478 4657 3706 4741; baseline 0.001 -31"><span class='ocrx_word' id='word_1_590' title='bbox 478 4659 611 4741; x_wconf 70' lang='lat' dir='ltr'><strong>quit,</strong></span> <span class='ocrx_word' id='word_1_591' title='bbox 640 4674 757 4741; x_wconf 64' lang='lat' dir='ltr'><strong>qua:</strong></span> <span class='ocrx_word' id='word_1_592' title='bbox 786 4660 839 4710; x_wconf 87' lang='lat' dir='ltr'><strong>in</strong></span> <span class='ocrx_word' id='word_1_593' title='bbox 859 4657 1240 4741; x_wconf 47' lang='lat' dir='ltr'><strong>.festtHIYave‘et</strong></span> <span class='ocrx_word' id='word_1_594' title='bbox 1263 4659 1315 4712; x_wconf 87' lang='lat' dir='ltr'><strong>in</strong></span> <span class='ocrx_word' id='word_1_595' title='bbox 1347 4659 1600 4741; x_wconf 83' lang='lat' dir='ltr'><strong>udicum</strong></span> <span class='ocrx_word' id='word_1_596' title='bbox 1640 4657 2529 4741; x_wconf 36' lang='lat' dir='ltr'><strong>librumﬂscrips-imusnsimpliciter</strong></span> <span class='ocrx_word' id='word_1_597' title='bbox 2551 4663 2919 4741; x_wconf 43' lang='lat' dir='ltr'><strong>expressimus</strong></span> <span class='ocrx_word' id='word_1_598' title='bbox 2950 4671 3008 4741; x_wconf 76' lang='lat' dir='ltr'><strong>ut</strong></span> <span class='ocrx_word' id='word_1_599' title='bbox 3033 4662 3350 4741; x_wconf 70' lang='lat' dir='ltr'><strong>invenimus.</strong></span> <span class='ocrx_word' id='word_1_600' title='bbox 3384 4680 3405 4714; x_wconf 72' lang='grc' dir='ltr'><strong><em>ι</em></strong></span> <span class='ocrx_word' id='word_1_601' title='bbox 3445 4661 3634 4714; x_wconf 70' lang='lat' dir='ltr'><strong>Nam!</strong></span> <span class='ocrx_word' id='word_1_602' title='bbox 3660 4662 3706 4709; x_wconf 66' lang='lat' dir='ltr'><strong>in</strong></span> 
     </span>
    </p>
   </div>
   <div class='ocr_carea' id='block_1_75' title="bbox 482 4727 3708 4810">
    <p class='ocr_par' dir='ltr' id='par_1_75' title="bbox 482 4727 3708 4810">
     <span class='ocr_line' id='line_1_75' title="bbox 482 4727 3708 4810; baseline 0.002 -33"><span class='ocrx_word' id='word_1_603' title='bbox 482 4733 620 4810; x_wconf 72' lang='lat' dir='ltr'><strong>nunc</strong></span> <span class='ocrx_word' id='word_1_604' title='bbox 646 4728 1125 4810; x_wconf 45' lang='lat' dir='ltr'><strong>librum/comiti“.</strong></span> <span class='ocrx_word' id='word_1_605' title='bbox 1144 4727 1384 4810; x_wconf 70' lang='lat' dir='ltr'><strong>Origenis</strong></span> <span class='ocrx_word' id='word_1_606' title='bbox 1413 4742 1781 4810; x_wconf 79' lang='lat' dir='ltr'><strong>commemoer</strong></span> <span class='ocrx_word' id='word_1_607' title='bbox 1815 4727 2367 4810; x_wconf 40' lang='lat' dir='ltr'><strong>Ca‘ssicdorus_lnsti&#39;t.</strong></span> <span class='ocrx_word' id='word_1_608' title='bbox 2393 4733 2594 4810; x_wconf 42' lang='lat' dir='ltr'><strong>capt-1.</strong></span> <span class='ocrx_word' id='word_1_609' title='bbox 2632 4727 2839 4810; x_wconf 82' lang='lat' dir='ltr'><strong>Novem_</strong></span> <span class='ocrx_word' id='word_1_610' title='bbox 2851 4732 3004 4786; x_wconf 83' lang='lat' dir='ltr'><strong>hodie</strong></span> <span class='ocrx_word' id='word_1_611' title='bbox 3023 4731 3300 4810; x_wconf 62' lang='lat' dir='ltr'><strong>(iubemus,</strong></span> <span class='ocrx_word' id='word_1_612' title='bbox 3329 4748 3558 4800; x_wconf 72' lang='lat' dir='ltr'><strong>quarunt</strong></span> <span class='ocrx_word' id='word_1_613' title='bbox 3579 4739 3708 4782; x_wconf 68' lang='lat' dir='ltr'><strong>sem</strong></span> 
     </span>
    </p>
   </div>
   <div class='ocr_carea' id='block_1_76' title="bbox 479 4795 3703 4881">
    <p class='ocr_par' dir='ltr' id='par_1_76' title="bbox 479 4795 3703 4881">
     <span class='ocr_line' id='line_1_76' title="bbox 479 4795 3703 4881; baseline 0.002 -35"><span class='ocrx_word' id='word_1_614' title='bbox 479 4796 739 4881; x_wconf 59' lang='lat' dir='ltr'><strong>canticum</strong></span> <span class='ocrx_word' id='word_1_615' title='bbox 768 4795 984 4881; x_wconf 52' lang='lat' dir='ltr'><strong>Deborte</strong></span> <span class='ocrx_word' id='word_1_616' title='bbox 1009 4799 1278 4881; x_wconf 71' lang='lat' dir='ltr'><strong>explanqt,</strong></span> <span class='ocrx_word' id='word_1_617' title='bbox 1303 4800 1379 4881; x_wconf 69' lang='lat' dir='ltr'><strong>uti</strong></span> <span class='ocrx_word' id='word_1_618' title='bbox 1399 4801 1712 4881; x_wconf 57' lang='lat' dir='ltr'><strong>promiserat</strong></span> <span class='ocrx_word' id='word_1_619' title='bbox 1743 4802 1850 4881; x_wconf 59' lang='lat' dir='ltr'><strong>ipse</strong></span> <span class='ocrx_word' id='word_1_620' title='bbox 1874 4800 2128 4881; x_wconf 80' lang='lat' dir='ltr'><strong>Origenes</strong></span> <span class='ocrx_word' id='word_1_621' title='bbox 2250 4795 2467 4881; x_wconf 71' lang='lat' dir='ltr'><strong>prologo</strong></span> <span class='ocrx_word' id='word_1_622' title='bbox 2484 4801 2994 4881; x_wconf 58' lang='lat' dir='ltr'><strong>commentariorum</strong></span> <span class='ocrx_word' id='word_1_623' title='bbox 3022 4802 3076 4881; x_wconf 74' lang='lat' dir='ltr'><strong>in</strong></span> <span class='ocrx_word' id='word_1_624' title='bbox 3095 4795 3376 4854; x_wconf 81' lang='lat' dir='ltr'><strong>Canticum</strong></span> <span class='ocrx_word' id='word_1_625' title='bbox 3397 4802 3703 4853; x_wconf 71' lang='lat' dir='ltr'><strong>canticoru</strong></span> 
     </span>
    </p>
   </div>
   <div class='ocr_carea' id='block_1_77' title="bbox 475 4863 3702 4946">
    <p class='ocr_par' dir='ltr' id='par_1_77' title="bbox 475 4863 3702 4946">
     <span class='ocr_line' id='line_1_77' title="bbox 475 4863 3702 4946; baseline 0.001 -30"><span class='ocrx_word' id='word_1_626' title='bbox 475 4863 559 4944; x_wconf 64' lang='lat' dir='ltr'><strong>bis</strong></span> <span class='ocrx_word' id='word_1_627' title='bbox 595 4866 760 4946; x_wconf 51' lang='lat' dir='ltr'><strong>verbis</strong></span> <span class='ocrx_word' id='word_1_628' title='bbox 791 4880 880 4944; x_wconf 37' lang='grc' dir='ltr'><strong>ελ</strong></span> <span class='ocrx_word' id='word_1_629' title='bbox 916 4863 1102 4946; x_wconf 58' lang='grc' dir='ltr'><strong>ιξᾳνωὶι</strong></span> <span class='ocrx_word' id='word_1_630' title='bbox 1126 4877 1172 4920; x_wconf 81' lang='lat' dir='ltr'><strong>et</strong></span> <span class='ocrx_word' id='word_1_631' title='bbox 1201 4867 1266 4946; x_wconf 87' lang='lat' dir='ltr'><strong>de</strong></span> <span class='ocrx_word' id='word_1_632' title='bbox 1295 4869 1378 4946; x_wconf 59' lang='lat' dir='ltr'><strong>Itis</strong></span> <span class='ocrx_word' id='word_1_633' title='bbox 1400 4863 1700 4946; x_wconf 60' lang='lat' dir='ltr'><strong>pleninsjn</strong></span> <span class='ocrx_word' id='word_1_634' title='bbox 1736 4863 1843 4946; x_wconf 60' lang='lat' dir='ltr'><strong>iliis</strong></span> <span class='ocrx_word' id='word_1_635' title='bbox 1872 4863 2478 4946; x_wconf 43' lang='lat' dir='ltr'><strong>oratiunculisqtias&#39;de</strong></span> <span class='ocrx_word' id='word_1_636' title='bbox 2513 4871 2686 4946; x_wconf 80' lang='lat' dir='ltr'><strong>libello</strong></span> <span class='ocrx_word' id='word_1_637' title='bbox 2717 4871 2968 4946; x_wconf 83' lang='lat' dir='ltr'><strong>.I_u_dicum</strong></span> <span class='ocrx_word' id='word_1_638' title='bbox 3009 4870 3294 4934; x_wconf 75' lang='lat' dir='ltr'><strong>edidimus,</strong></span> <span class='ocrx_word' id='word_1_639' title='bbox 3319 4871 3546 4946; x_wconf 60' lang='lat' dir='ltr'><strong>dissertn</strong></span> <span class='ocrx_word' id='word_1_640' title='bbox 3575 4884 3702 4946; x_wconf 58' lang='grc' dir='ltr'><strong>τινες</strong></span> 
     </span>
    </p>
   </div>
   <div class='ocr_carea' id='block_1_78' title="bbox 481 4927 3702 5017">
    <p class='ocr_par' dir='ltr' id='par_1_78' title="bbox 481 4927 3702 5017">
     <span class='ocr_line' id='line_1_78' title="bbox 481 4927 3702 5017; baseline 0.001 -34"><span class='ocrx_word' id='word_1_641' title='bbox 481 4937 603 5013; x_wconf 65' lang='lat' dir='ltr'><strong>ries.</strong></span> <span class='ocrx_word' id='word_1_642' title='bbox 641 4927 1158 5017; x_wconf 44' lang='lat' dir='ltr'><strong>i.._i’eri.s‘intile.ergo</strong></span> <span class='ocrx_word' id='word_1_643' title='bbox 1194 4945 1270 5017; x_wconf 72' lang='lat' dir='ltr'><strong>est</strong></span> <span class='ocrx_word' id='word_1_644' title='bbox 1299 4927 1573 5017; x_wconf 59' lang='lat' dir='ltr'><strong>{tas&#39;ipsas</strong></span> <span class='ocrx_word' id='word_1_645' title='bbox 1615 4939 1856 5017; x_wconf 66' lang='lat' dir='ltr'><strong>homilins</strong></span> <span class='ocrx_word' id='word_1_646' title='bbox 1897 4940 2164 5017; x_wconf 77' lang='lat' dir='ltr'><strong>designari</strong></span> <span class='ocrx_word' id='word_1_647' title='bbox 2193 4927 2538 5017; x_wconf 51' lang='lat' dir='ltr'><strong>aliOrigeng.</strong></span> <span class='ocrx_word' id='word_1_648' title='bbox 2562 4939 2895 5017; x_wconf 38' lang='lat' dir='ltr'><strong>.proinde&#39;que</strong></span> <span class='ocrx_word' id='word_1_649' title='bbox 2919 4949 3041 4992; x_wconf 84' lang='lat' dir='ltr'><strong>ante</strong></span> <span class='ocrx_word' id='word_1_650' title='bbox 3080 4927 3290 5017; x_wconf 31' lang='lat' dir='ltr'><strong>annum.</strong></span> <span class='ocrx_word' id='word_1_651' title='bbox 3315 4939 3426 4992; x_wconf 66' lang='grc' dir='ltr'><strong>*μυ</strong></span> <span class='ocrx_word' id='word_1_652' title='bbox 3450 4927 3702 5017; x_wconf 37' lang='lat' dir='ltr'><strong>fuisse.“</strong></span> 
     </span>
    </p>
   </div>
   <div class='ocr_carea' id='block_1_79' title="bbox 457 5001 3702 5086">
    <p class='ocr_par' dir='ltr' id='par_1_79' title="bbox 457 5001 3702 5086">
     <span class='ocr_line' id='line_1_79' title="bbox 457 5001 3702 5086; baseline 0.004 -34"><span class='ocrx_word' id='word_1_653' title='bbox 457 5001 592 5086; x_wconf 60' lang='lat' dir='ltr'><strong>ipso</strong></span> <span class='ocrx_word' id='word_1_654' title='bbox 616 5002 808 5086; x_wconf 69' lang='lat' dir='ltr'><strong>editas.</strong></span> <span class='ocrx_word' id='word_1_655' title='bbox 842 5001 1035 5086; x_wconf 68' lang='lat' dir='ltr'><strong>lterum</strong></span> <span class='ocrx_word' id='word_1_656' title='bbox 1064 5001 1343 5086; x_wconf 23' lang='lat' dir='ltr'><strong>h‘audkscio</strong></span> <span class='ocrx_word' id='word_1_657' title='bbox 1366 5001 1917 5086; x_wconf 60' lang='lat' dir='ltr'><strong>“(quemadmodum</strong></span> <span class='ocrx_word' id='word_1_658' title='bbox 1940 5001 2189 5076; x_wconf 82' lang='lat' dir='ltr'><strong>apinatur</strong></span> <span class='ocrx_word' id='word_1_659' title='bbox 2230 5001 2457 5062; x_wconf 67' lang='lat' dir='ltr'><strong>[laetius</strong></span> <span class='ocrx_word' id='word_1_660' title='bbox 2483 5001 2815 5086; x_wconf 50' lang='lat' dir='ltr'><strong>Origenianf</strong></span> <span class='ocrx_word' id='word_1_661' title='bbox 2835 5009 2926 5086; x_wconf 73' lang='lat' dir='ltr'><strong>lib.</strong></span> <span class='ocrx_word' id='word_1_662' title='bbox 2963 5020 3200 5086; x_wconf 41' lang='grc' dir='ltr'><strong>ιηηειε(ἶ</strong></span> <span class='ocrx_word' id='word_1_663' title='bbox 3227 5008 3284 5072; x_wconf 76' lang='lat'><strong>2,</strong></span> <span class='ocrx_word' id='word_1_664' title='bbox 3319 5001 3464 5086; x_wconf 68' lang='lat' dir='ltr'><strong>num.</strong></span> <span class='ocrx_word' id='word_1_665' title='bbox 3508 5009 3583 5074; x_wconf 67' lang='grc' dir='ltr'><strong>ἱ).</strong></span> <span class='ocrx_word' id='word_1_666' title='bbox 3613 5021 3702 5086; x_wconf 60' lang='grc' dir='ltr'><strong>ρξ’</strong></span> 
     </span>
    </p>
   </div>
   <div class='ocr_carea' id='block_1_80' title="bbox 479 5071 3696 5152">
    <p class='ocr_par' dir='ltr' id='par_1_80' title="bbox 479 5071 3696 5152">
     <span class='ocr_line' id='line_1_80' title="bbox 479 5071 3696 5152; baseline 0.001 -29"><span class='ocrx_word' id='word_1_667' title='bbox 479 5073 608 5152; x_wconf 61' lang='grc' dir='ltr'><strong>ςὶιεν</strong></span> <span class='ocrx_word' id='word_1_668' title='bbox 633 5071 755 5152; x_wconf 78' lang='lat' dir='ltr'><strong>inde</strong></span> <span class='ocrx_word' id='word_1_669' title='bbox 783 5072 1025 5152; x_wconf 66' lang='lat' dir='ltr'><strong>concludi</strong></span> <span class='ocrx_word' id='word_1_670' title='bbox 1048 5075 1258 5152; x_wconf 52' lang='lat' dir='ltr'><strong>Apossit,</strong></span> <span class='ocrx_word' id='word_1_671' title='bbox 1298 5077 1437 5144; x_wconf 85' lang='lat' dir='ltr'><strong>ipsas</strong></span> <span class='ocrx_word' id='word_1_672' title='bbox 1466 5071 1568 5128; x_wconf 78' lang='lat' dir='ltr'><strong>non</strong></span> <span class='ocrx_word' id='word_1_673' title='bbox 1594 5077 1770 5152; x_wconf 70' lang='lat' dir='ltr'><strong>fuisse</strong></span> <span class='ocrx_word' id='word_1_674' title='bbox 1793 5093 1857 5130; x_wconf 81' lang='lat' dir='ltr'><strong>ea:</strong></span> <span class='ocrx_word' id='word_1_675' title='bbox 1891 5071 2119 5152; x_wconf 77' lang='lat' dir='ltr'><strong>tempore</strong></span> <span class='ocrx_word' id='word_1_676' title='bbox 2156 5088 2429 5152; x_wconf 83' lang='lat' dir='ltr'><strong>conceptas</strong></span> <span class='ocrx_word' id='word_1_677' title='bbox 2464 5089 2510 5132; x_wconf 86' lang='lat' dir='ltr'><strong>et</strong></span> <span class='ocrx_word' id='word_1_678' title='bbox 2550 5071 2816 5152; x_wconf 59' lang='lat' dir='ltr'><strong>ricitatus.</strong></span> <span class='ocrx_word' id='word_1_679' title='bbox 2846 5076 2997 5131; x_wconf 81' lang='lat' dir='ltr'><strong>Certe</strong></span> <span class='ocrx_word' id='word_1_680' title='bbox 3039 5071 3457 5152; x_wconf 16' lang='lat' dir='ltr'><strong>Itontjlia’prima</strong></span> <span class='ocrx_word' id='word_1_681' title='bbox 3484 5071 3621 5127; x_wconf 67' lang='lat' dir='ltr'><strong>num.</strong></span> <span class='ocrx_word' id='word_1_682' title='bbox 3649 5075 3696 5131; x_wconf 73' lang='lat'><strong>2.</strong></span> 
     </span>
    </p>
   </div>
   <div class='ocr_carea' id='block_1_81' title="bbox 477 5140 3694 5222">
    <p class='ocr_par' dir='ltr' id='par_1_81' title="bbox 477 5140 3694 5222">
     <span class='ocr_line' id='line_1_81' title="bbox 477 5140 3694 5222; baseline 0.001 -32"><span class='ocrx_word' id='word_1_683' title='bbox 477 5140 623 5222; x_wconf 63' lang='lat' dir='ltr'><strong>locus</strong></span> <span class='ocrx_word' id='word_1_684' title='bbox 640 5149 716 5222; x_wconf 57' lang='lat' dir='ltr'><strong>est</strong></span> <span class='ocrx_word' id='word_1_685' title='bbox 734 5156 885 5222; x_wconf 70' lang='lat' dir='ltr'><strong>quem</strong></span> <span class='ocrx_word' id='word_1_686' title='bbox 907 5142 1016 5207; x_wconf 83' lang='lat' dir='ltr'><strong>ipse</strong></span> <span class='ocrx_word' id='word_1_687' title='bbox 1038 5140 1292 5222; x_wconf 68' lang='lat' dir='ltr'><strong>Qtigenes</strong></span> <span class='ocrx_word' id='word_1_688' title='bbox 1318 5140 1660 5222; x_wconf 56' lang='lat' dir='ltr'><strong>testatursibi</strong></span> <span class='ocrx_word' id='word_1_689' title='bbox 1690 5144 1936 5222; x_wconf 46' lang='lat' dir='ltr'><strong>solnmin</strong></span> <span class='ocrx_word' id='word_1_690' title='bbox 1963 5140 2184 5200; x_wconf 84' lang='lat' dir='ltr'><strong>mentem</strong></span> <span class='ocrx_word' id='word_1_691' title='bbox 2207 5140 2426 5210; x_wconf 83' lang='lat' dir='ltr'><strong>venisse,</strong></span> <span class='ocrx_word' id='word_1_692' title='bbox 2454 5164 2581 5222; x_wconf 28' lang='lat' dir='ltr'><strong>cumA</strong></span> <span class='ocrx_word' id='word_1_693' title='bbox 2609 5149 3010 5201; x_wconf 84' lang='lat' dir='ltr'><strong>concionaretur</strong></span> <span class='ocrx_word' id='word_1_694' title='bbox 3034 5162 3054 5198; x_wconf 91' lang='lat'><strong><em>:</em></strong></span> <span class='ocrx_word' id='word_1_695' title='bbox 3083 5165 3102 5198; x_wconf 70' lang='grc' dir='ltr'>ι</span> <span class='ocrx_word' id='word_1_696' title='bbox 3140 5147 3245 5201; x_wconf 83' lang='lat' dir='ltr'><strong>Sed</strong></span> <span class='ocrx_word' id='word_1_697' title='bbox 3263 5140 3311 5200; x_wconf 83' lang='lat' dir='ltr'><strong>et</strong></span> <span class='ocrx_word' id='word_1_698' title='bbox 3334 5147 3490 5203; x_wconf 81' lang='lat' dir='ltr'><strong>illud.</strong></span> <span class='ocrx_word' id='word_1_699' title='bbox 3526 5146 3694 5222; x_wconf 47' lang='lat' dir='ltr'><strong>inquit,</strong></span> 
     </span>
    </p>
   </div>
   <div class='ocr_carea' id='block_1_82' title="bbox 472 5208 3691 5290">
    <p class='ocr_par' dir='ltr' id='par_1_82' title="bbox 472 5208 3691 5290">
     <span class='ocr_line' id='line_1_82' title="bbox 472 5208 3691 5290; baseline 0 -30"><span class='ocrx_word' id='word_1_700' title='bbox 472 5208 612 5290; x_wconf 74' lang='lat' dir='ltr'><strong>quod</strong></span> <span class='ocrx_word' id='word_1_701' title='bbox 643 5209 936 5264; x_wconf 75' lang='lat' dir='ltr'><strong>dicentibus</strong></span> <span class='ocrx_word' id='word_1_702' title='bbox 965 5211 1109 5290; x_wconf 69' lang='lat' dir='ltr'><strong>nobis</strong></span> <span class='ocrx_word' id='word_1_703' title='bbox 1133 5208 1383 5274; x_wconf 74' lang='lat' dir='ltr'><strong>bccurrit,</strong></span> <span class='ocrx_word' id='word_1_704' title='bbox 1411 5221 1463 5265; x_wconf 89' lang='lat' dir='ltr'><strong>et</strong></span> <span class='ocrx_word' id='word_1_705' title='bbox 1478 5215 1702 5290; x_wconf 34' lang='lat' dir='ltr'><strong>utinam.</strong></span> <span class='ocrx_word' id='word_1_706' title='bbox 1730 5213 1950 5290; x_wconf 69' lang='lat' dir='ltr'><strong>Domino</strong></span> <span class='ocrx_word' id='word_1_707' title='bbox 1975 5228 2284 5284; x_wconf 84' lang='lat' dir='ltr'><strong>suggerente</strong></span> <span class='ocrx_word' id='word_1_708' title='bbox 2318 5208 2625 5283; x_wconf 81' lang='lat' dir='ltr'><strong>occurrerit,</strong></span> <span class='ocrx_word' id='word_1_709' title='bbox 2649 5218 3074 5286; x_wconf 61' lang='lat' dir='ltr'><strong>praetereundum</strong></span> <span class='ocrx_word' id='word_1_710' title='bbox 3112 5233 3216 5271; x_wconf 85' lang='lat' dir='ltr'><strong>non</strong></span> <span class='ocrx_word' id='word_1_711' title='bbox 3247 5225 3341 5278; x_wconf 88' lang='lat' dir='ltr'><strong>est,</strong></span> <span class='ocrx_word' id='word_1_712' title='bbox 3377 5236 3396 5267; x_wconf 73' lang='grc' dir='ltr'><strong><em>ι</em></strong></span> <span class='ocrx_word' id='word_1_713' title='bbox 3427 5226 3522 5268; x_wconf 74' lang='lat' dir='ltr'><strong>etc.</strong></span> <span class='ocrx_word' id='word_1_714' title='bbox 3556 5208 3691 5271; x_wconf 72' lang='lat' dir='ltr'><strong>Illas,</strong></span> 
     </span>
    </p>
   </div>
   <div class='ocr_carea' id='block_1_83' title="bbox 474 5282 2551 5355">
    <p class='ocr_par' dir='ltr' id='par_1_83' title="bbox 474 5282 2551 5355">
     <span class='ocr_line' id='line_1_83' title="bbox 474 5282 2551 5355; baseline 0.004 -26"><span class='ocrx_word' id='word_1_715' title='bbox 474 5287 750 5355; x_wconf 49' lang='lat' dir='ltr'><strong>postquam</strong></span> <span class='ocrx_word' id='word_1_716' title='bbox 779 5282 1132 5355; x_wconf 58' lang='lat' dir='ltr'><strong>pronuntiata:</strong></span> <span class='ocrx_word' id='word_1_717' title='bbox 1157 5290 1310 5355; x_wconf 81' lang='lat' dir='ltr'><strong>sunt,</strong></span> <span class='ocrx_word' id='word_1_718' title='bbox 1337 5282 1510 5355; x_wconf 75' lang='lat' dir='ltr'><strong>potuit</strong></span> <span class='ocrx_word' id='word_1_719' title='bbox 1539 5282 1729 5355; x_wconf 78' lang='lat' dir='ltr'><strong>litteris</strong></span> <span class='ocrx_word' id='word_1_720' title='bbox 1765 5284 2015 5336; x_wconf 83' lang='lat' dir='ltr'><strong>mandare</strong></span> <span class='ocrx_word' id='word_1_721' title='bbox 2045 5282 2551 5355; x_wconf 10' lang='lat' dir='ltr'><strong>antirecognoscere.</strong></span> 
     </span>
    </p>
   </div>
   <div class='ocr_carea' id='block_1_84' title="bbox 544 5344 3693 5425">
    <p class='ocr_par' dir='ltr' id='par_1_84' title="bbox 544 5344 3693 5425">
     <span class='ocr_line' id='line_1_84' title="bbox 544 5344 3693 5425; baseline 0.001 -28"><span class='ocrx_word' id='word_1_722' title='bbox 544 5344 750 5400; x_wconf 77' lang='lat' dir='ltr'><strong>Prwter</strong></span> <span class='ocrx_word' id='word_1_723' title='bbox 774 5346 1042 5413; x_wconf 78' lang='lat' dir='ltr'><strong>homilias,</strong></span> <span class='ocrx_word' id='word_1_724' title='bbox 1085 5365 1154 5401; x_wconf 88' lang='lat' dir='ltr'><strong>an</strong></span> <span class='ocrx_word' id='word_1_725' title='bbox 1201 5344 1352 5425; x_wconf 75' lang='lat' dir='ltr'><strong>aliud</strong></span> <span class='ocrx_word' id='word_1_726' title='bbox 1379 5351 1648 5425; x_wconf 79' lang='lat' dir='ltr'><strong>quidpiam</strong></span> <span class='ocrx_word' id='word_1_727' title='bbox 1680 5355 1804 5425; x_wconf 72' lang='lat' dir='ltr'><strong>datu</strong></span> <span class='ocrx_word' id='word_1_728' title='bbox 1833 5369 1987 5425; x_wconf 78' lang='lat' dir='ltr'><strong>opera</strong></span> <span class='ocrx_word' id='word_1_729' title='bbox 2010 5355 2062 5406; x_wconf 89' lang='lat' dir='ltr'><strong>in</strong></span> <span class='ocrx_word' id='word_1_730' title='bbox 2095 5344 2571 5425; x_wconf 56' lang='lat' dir='ltr'><strong>librum&#39;Judicum</strong></span> <span class='ocrx_word' id='word_1_731' title='bbox 2606 5355 2871 5425; x_wconf 76' lang='lat' dir='ltr'><strong>scripserit</strong></span> <span class='ocrx_word' id='word_1_732' title='bbox 2900 5353 3172 5425; x_wconf 81' lang='lat' dir='ltr'><strong>Origenes,</strong></span> <span class='ocrx_word' id='word_1_733' title='bbox 3200 5355 3450 5408; x_wconf 83' lang='lat' dir='ltr'><strong>incertum</strong></span> <span class='ocrx_word' id='word_1_734' title='bbox 3479 5362 3571 5425; x_wconf 78' lang='lat' dir='ltr'><strong>est.</strong></span> <span class='ocrx_word' id='word_1_735' title='bbox 3604 5349 3693 5400; x_wconf 70' lang='lat' dir='ltr'><strong>Ye-</strong></span> 
     </span>
    </p>
   </div>
   <div class='ocr_carea' id='block_1_85' title="bbox 474 5421 3686 5555">
    <p class='ocr_par' dir='ltr' id='par_1_85' title="bbox 474 5421 3686 5555">
     <span class='ocr_line' id='line_1_85' title="bbox 474 5421 3686 5555; baseline -0.001 -82"><span class='ocrx_word' id='word_1_736' title='bbox 474 5426 1014 5555; x_wconf 50' lang='lat' dir='ltr'><strong>;::;ll?tzfgﬁcgg&#39;tﬁ:e</strong></span> <span class='ocrx_word' id='word_1_737' title='bbox 1052 5421 1425 5488; x_wconf 77' lang='lat' dir='ltr'><strong>manuscriptw</strong></span> <span class='ocrx_word' id='word_1_738' title='bbox 1471 5421 1668 5489; x_wconf 83' lang='lat' dir='ltr'><strong>aliquot</strong></span> <span class='ocrx_word' id='word_1_739' title='bbox 1711 5422 1804 5475; x_wconf 88' lang='lat' dir='ltr'><strong>sub</strong></span> <span class='ocrx_word' id='word_1_740' title='bbox 1857 5423 1971 5491; x_wconf 84' lang='lat' dir='ltr'><strong>ejus</strong></span> <span class='ocrx_word' id='word_1_741' title='bbox 2003 5425 2208 5477; x_wconf 88' lang='lat' dir='ltr'><strong>nomine</strong></span> <span class='ocrx_word' id='word_1_742' title='bbox 2253 5423 2552 5494; x_wconf 77' lang='lat' dir='ltr'><strong>fragmenta</strong></span> <span class='ocrx_word' id='word_1_743' title='bbox 2588 5421 2774 5481; x_wconf 67' lang='lat' dir='ltr'><strong>Graeca</strong></span> <span class='ocrx_word' id='word_1_744' title='bbox 2814 5421 3076 5490; x_wconf 74' lang='lat' dir='ltr'><strong>exhibent,</strong></span> <span class='ocrx_word' id='word_1_745' title='bbox 3108 5442 3225 5497; x_wconf 71' lang='grc' dir='ltr'><strong>(ιιι-ω</strong></span> <span class='ocrx_word' id='word_1_746' title='bbox 3253 5441 3347 5480; x_wconf 86' lang='lat' dir='ltr'><strong>nos</strong></span> <span class='ocrx_word' id='word_1_747' title='bbox 3378 5422 3686 5478; x_wconf 68' lang='lat' dir='ltr'><strong>humilian-</strong></span> 
     </span>
    </p>
   </div>
  </div>
