3870 6516
159 358 254 419 949

1396 338 1710 397 SELECTA
1743 334 1808 389 lN
1841 331 2141 390 JUDiCES.

3276 317 3380 370 050

165 479 3357 540 ___________________..___________.______——

893 653 1832 792 ΩΡΙΓΕΝΟΥΣ
1904 638 2655 777 ΕΚΔΟΓΑΙ

1290 894 1461 980 ΕΙΣ
1496 888 1785 977 ΤΟΥΣ
1847 878 2264 972 ΚΡΙΤΑΣ.

680 1238 846 1326 EX
916 1233 1452 1329 ORIGENE
1526 1225 2037 1320 SELECTA
2114 1220 2241 1312 IN
2314 1211 2852 1308 JUDICES.

218 1599 325 1656 Kal
356 1594 573 1660 εὔξατο
613 1589 831 1660 Ἰεφθάε
854 1587 1047 1657 εὐχὴν
1078 1587 1158 1654 τῷ
1198 1591 1413 1655 Κυριῳ.
1444 1587 1509 1639 Et
1540 1584 1715 1637 [1νεῦ⁶

1894 1577 1954 1632 Et
1980 1574 2113 1631 vovit
2138 1571 2323 1641 Iephte
2350 1574 2525 1623 votum
2555 1563 2782 1620 Domino
2823 1560 2892 1612 “.
2935 1557 2992 1614 Si
3030 1553 3262 1628 Spiritus
3295 1552 3399 1610 Do-

155 1711 227 1765 μα
257 1690 462 1762 Κυρίου
497 1686 581 1740 ἐπ’
617 1670 801 1747 αὑτδτψ,
835 1681 952 1745 πῶς
984 1679 1201 1751 εὔχεται.
1237 1680 1274 1734 ἃ
1309 1680 1383 1751 μὴ
1419 1680 1717 1751 προσήκεις

164 1784 311 1852 Ἐνῆν
337 1781 445 1852 γὰρ
467 1780 561 1832 καὶ
590 1776 728 1830 κύνα
756 1774 1061 1843 ἀπαντῆσαι
1089 1771 1361 1825 ἐπανιόντι
1388 1770 1464 1841 τῷ
1491 1770 1718 1839 Ἰεφθάε.

151 1874 269 1948 Ἆρ’
304 1872 398 1929 οὖν
423 1872 628 1943 ἐσφάλη
670 1870 728 1922 τὸ
762 1867 1022 1937 Πνεῦμα;
1057 1863 1326 1935 οὐδαμῶς⁸
1362 1862 1495 1917 ἀλλὰ
1525 1863 1585 1915 τὸ
1625 1862 1723 1932 μὲν

151 1952 376 2038 Πνεῦμα
426 1965 635 2036 βοηθεῖν
685 1959 1079 2031 παραγέγονεν,
1115 1958 1213 2025 οὐχ
1256 1954 1576 2007 ὑποϐάλλειν
1628 1952 1724 2024 τὴν

149 2062 344 2115 ἄτοπον
391 2058 575 2127 εὐχήνο
626 2052 788 2115 αὐτὸς
830 2051 887 2103 δὲ
959 2048 1246 2117 σφάλλεται
1307 2043 1724 2117 ἀπερισκέπτως

156 2149 545 2219 ὑποσχόμενος.

214 2324 320 2379 Kal
351 2321 527 2377 εἶπαν
557 2319 717 2386 αὐτῷ
735 2319 950 2373 Ἐἰπὸν
973 2316 1048 2386 δὴ
1079 2316 1329 2386 στάχυς.
1366 2317 1428 2369 Oi
1457 2316 1513 2368 δὲ
1545 2315 1726 2381 ἔλεγον

148 2416 398 2485 στάχυς·
446 2414 699 2485 σημαίνει
732 2412 979 2478 σέϐηλα,
1006 2412 1142 2480 ὅπερ
1163 2410 1309 2462 ἐστὶν
1339 2407 1627 2477 ἄσταχυς.
1665 2406 1727 2459 OE

146 2509 199 2561 δὲ
231 2508 420 2574 ἔλεγον
452 2504 689 2571 σεϐἠλω
739 2504 831 2557 καὶ
871 2503 972 2555 οὐκ
1030 2500 1280 2553 ἐδύναντο
1312 2500 1524 2569 τρανῶς
1557 2500 1727 2552 εἰπεῖν

148 2597 398 2667 σέϐηλα.
435 2598 497 2650 Ei
530 2595 638 2665 γὰρ
670 2596 765 2649 καὶ
798 2594 1037 2665 Ἑϐραῖοι
1067 2591 1376 2660 ἐτύγχανον,
1412 2589 1547 2644 ἀλλὰ
1588 2589 1730 2643 κατὰ

152 2688 492 2760 συμμετρίαν
525 2686 821 2758 βραχύτητι
845 2683 1224 2756 παρήλλασσον
1245 2683 1305 2735 έν
1328 2685 1393 2753 τῇ
1428 2682 1528 2751 τῆς
1552 2681 1729 2734 διαλέ-

153 2780 281 2846 ξεως
310 2780 582 2850 προφορᾷ.
622 2779 694 2831 Τὸ
744 2772 837 2831 οὖν
866 2776 1105 2846 σύνθεμα
1136 2770 1203 2845 ἦν
1233 2772 1484 2841 σέϐηλα,
1514 2774 1652 2842 ὅπερ
1680 2774 1729 2825 οἱ

154 2868 568 2941 ἐπερωτώμενοι
631 2868 877 2936 λέγοντες
935 2864 1205 2931 σεϐἠλω,
1282 2863 1574 2933 ἠλέγχοντο
1631 2862 1730 2914 οὐκ

152 2959 298 3021 ὄντες
348 2958 461 3012 τῶν
518 2957 730 3012 οἰκείων
774 2956 867 3010 τοῦ
932 2954 1157 3024 Ἰεφθάε,
1206 2952 1340 3007 ἀλλὰ
1388 2952 1496 3006 τῶν
1528 2955 1731 3006 ἐπανα-

73 3086 80 3092 -
160 3053 420 3103 στάντων.

224 3140 330 3193 Καὶ
364 3138 525 3208 γυνὴ
542 3138 727 3192 αὑτοῦ
752 3137 959 3204 στεῖρα
988 3135 1083 3188 καὶ
1107 3136 1217 3188 οὐκ
1247 3135 1470 3203 ἔτεκεν.
1493 3134 1605 3187 Οὐκ
1626 3134 1734 3188 ἀπὸ

83 3309 89 3317 ⁴
154 3229 251 3299 τῆς
270 3229 508 3298 φύσεως,
527 3228 642 3281 ἀλλ’
671 3227 780 3280 ἀπὸ
806 3227 905 3295 τῆς
939 3226 1212 3289 διακονίας
1228 3225 1320 3277 ἐπὶ
1352 3224 1444 3277 τοῦ
1470 3224 1734 3295 παρόντος

161 3319 270 3372 στεί
275 3337 374 3389 ραν
402 3318 576 3372 καλεῖ.

176 3433 180 3439 ·
219 3410 480 3479 Σίδηρος
527 3412 637 3463 οὐκ
674 3408 854 3476 ἀνέϐη
889 3406 987 3461 ἐπὶ
1022 3407 1137 3475 τὴν
1182 3405 1453 3475 κεφαλήν
1497 3423 1617 3475 μου
1647 3405 1737 3459 ὅτι

153 3500 459 3569 Ναζῆοαῖος
487 3501 591 3555 τοῦ
623 3497 768 3555 Θεοῦ
790 3500 903 3569 ἐγώ
931 3503 1065 3569 ειμι.
1094 3500 1171 3551 Δι’
1194 3498 1320 3570 ὅλης
1351 3498 1449 3568 τῆς
1487 3498 1614 3569 περὶ
1646 3497 1736 3550 τὸν

157 3591 392 3663 Σαμψὼν
430 3593 670 3663 ἱστορίας
698 3595 753 3645 αἱ
782 3592 964 3663 τρίχες
1003 3590 1278 3660 φαίνονται
1306 3588 1404 3659 τὴν
1435 3589 1615 3643 πᾶσαν
1642 3590 1739 3642 αὐ-

154 3683 229 3753 τῷ
259 3688 566 3754 περιποιεῖν
599 3685 774 3754 ἰσχύνι

230 3774 339 3828 Τοῦ
360 3776 572 3829 αὑτοῦ.
608 3774 903 3846 Ναζιραῖον
924 3776 985 3827 τὸ
1022 3775 1432 3845 πεφυλαγμένον
1469 3775 1609 3832 κατὰ
1642 3774 1737 3844 τὴν

156 3867 338 3939 Σύρων
378 3867 569 3943 φωνὴν
595 3869 869 3939 ὀνομάζει.
892 3868 983 3937 Μὴ
1014 3867 1382 3933 ὲξακολουθεῖν
1409 3868 1463 3920 δὲ
1496 3869 1558 3936 τῇ
1588 3865 1739 3930 τάξει

157 3960 260 4013 τῶν
318 3958 674 4031 Ἰσραηλιτῶν
722 3960 813 4012 τὸν
854 3958 1090 4029 Σαμψὼν
1133 3962 1160 4012 ὁ
1204 3959 1337 4023 Θεὸς
1388 3959 1735 4029 προστάσσει,

158 4048 275 4099 κατ’
314 4048 498 4100 ἐκεῖνο
526 4046 717 4116 καιροῦ
765 4047 863 4118 τὴν
917 4047 1153 4119 κεφαλὴν
1188 4047 1511 4118 ξυρωμένων
1546 4047 1631 4101 διὰ
1680 4048 1739 4100 τὸ

158 4141 439 4211 εὐσήμους
470 4137 609 4208 εἶναι
642 4142 777 4211 πρὸς
800 4140 1029 4204 πάντας.

228 4234 338 4286 Καὶ
405 4233 697 4321 ἐποίησεν
768 4231 955 4301 Ἑφὼδ
1015 4232 1116 4285 καὶ
1174 4230 1479 4300 Θεραφείν.
1565 4228 1739 4299 Ἐφὼδ
1767 4259 1813 4321 c

1824 1668 1954 1725 mini
1981 1675 2101 1722 erat
2151 1678 2312 1733 super
2356 1660 2529 1723 illum,
2560 1670 2658 1712 cur
2688 1663 2850 1711 vovet
2883 1666 3003 1723 quae
3044 1663 3243 1705 vovere
3290 1662 3398 1702 non

1823 1774 2035 1829 aequum
2065 1758 2222 1813 erat?
2250 1753 2396 1810 Fieri
2433 1751 2577 1807 enim
2603 1753 2820 1816 poterat
2853 1752 2912 1798 ut
2940 1742 3102 1798 etiam
3126 1739 3277 1796 canis
3304 1754 3398 1795 oc-

1824 1860 2069 1906 curreret
2104 1842 2392 1903 revertenti
2426 1840 2592 1913 458
2614 1836 2824 1906 Jeplite.
2849 1832 3101 1903 Nunquid
3141 1831 3398 1900 deceptus

1823 1950 1909 1997 est
1936 1938 2216 2011 Spiritus?
2245 1934 2489 1990 minime.
2518 1929 2625 1985 Sed
2651 1928 2885 1998 Spiritus
2921 1927 2974 1980 in
3006 1923 3266 1979 auxilium
3306 1922 3403 1976 ad-

1825 2044 1964 2097 erat,
2020 2044 2130 2085 non
2163 2041 2291 2082 vero
2323 2036 2382 2079 ut
2428 2020 2717 2077 absurdum
2765 2019 2870 2073 hoc
2906 2024 3093 2072 votum
3124 2012 3397 2069 suaderet.

1824 2124 1943 2194 Ipse
1994 2135 2126 2177 vero
2176 2117 2375 2188 Jephte
2425 2113 2651 2181 erravit,
2715 2108 3120 2166 inconsiderate
3174 2103 3401 2175 promit-

1830 2225 1974 2270 tens.

1896 2305 1967 2359 Et
1990 2304 2237 2359 dixerunt
2280 2301 2326 2354 ei
2364 2314 2383 2352 :
2417 2297 2516 2351 Dic
2543 2312 2678 2352 nunc
2702 2296 2847 2364 spica
2878 2292 2945 2346 ’δι
2979 2289 3085 2346 Alii
3124 2287 3408 2349 dicebant,

1826 2400 2007 2469 spica;
2031 2397 2088 2452 Id
2112 2404 2193 2451 est
2215 2392 2408 2457 sebela,
2436 2390 2579 2459 quod
2606 2396 2689 2444 est
2708 2388 2872 2456 spica.
2897 2383 3001 2439 Alii
3033 2380 3285 2437 dicebant
3322 2394 3404 2432 se.

1830 2492 1962 2557 beta,
2016 2503 2117 2544 nec
2165 2486 2312 2543 clare
2360 2492 2611 2552 poterant
2650 2480 2831 2535 dicere
2865 2474 3055 2529 sebela.
3081 2472 3404 2541 Quanquam

1828 2581 1973 2637 enim
2024 2577 2234 2634 Hebraei
2267 2584 2441 2639 erant,
2483 2583 2539 2626 at
2576 2586 2643 2626 ex
2672 2567 2887 2624 dialecti
2922 2579 3035 2620 suae
3064 2563 3198 2617 vitio
3252 2561 3408 2630 hujus

1829 2672 1980 2727 vocis
2011 2661 2316 2724 mensuram
2345 2660 2748 2735 pronuntiando
2767 2654 3150 2726 corripiebant.
3174 2651 3405 2706 Tessera

1829 2777 1959 2833 ergo
1998 2768 2118 2815 erat
2155 2758 2349 2823 sebela,
2396 2771 2493 2826 pro
2525 2769 2632 2824 qua
2663 2766 2785 2807 cum
2814 2746 3132 2817 interrogati
3159 2745 3405 2798 dicerent

1832 2852 2022 2917 sebelo,
2049 2851 2416 2922 arguebantur
2440 2862 2546 2901 non
2571 2857 2691 2902 esse
2709 2857 2775 2898 ex
2806 2839 3047 2911 cognatis
3070 2836 3285 2906 Jepbte.
3312 2833 3408 2889 sed

1765 2934 1808 2989 Β
1834 2960 1902 3000 ex
1927 2958 2155 2999 numero
2182 2940 2488 2998 rebellium.

1846 3172 1851 3175 _
1906 3125 1975 3180 Et
2026 3143 2163 3181 uxor
2214 3128 2328 3197 ejus
2379 3128 2597 3192 sterilis,
2652 3135 2699 3179 et
2761 3141 2861 3178 non
2907 3123 3140 3192 pariebat
3181 3122 3248 3175 ".
3290 3122 3403 3177 Non

1834 3234 1896 3272 ex
1937 3227 2152 3282 natura,
2194 3219 2291 3274 sed
2349 3233 2419 3275 ex
2472 3217 2775 3273 ministerio
2838 3230 2979 3269 nunc
3037 3213 3273 3269 sterilem
3309 3228 3404 3266 vo-

1832 3320 1939 3365 cat.

1867 3385 2134 3460 .Ferrum
2178 3398 2281 3438 non
2337 3381 2575 3436 ascendit
2633 3394 2788 3447 super
2844 3383 2999 3446 caput
3048 3391 3220 3429 meum
3277 3390 3409 3442 quo-

1840 3478 1983 3532 niam
2023 3473 2303 3530 Nazirams
2346 3472 2441 3526 Dei
2484 3487 2574 3540 ego
2620 3485 2735 3524 sum
2761 3468 2827 3521 ⁸⁷.
2882 3466 2985 3522 Per
3041 3475 3206 3522 totam
3251 3463 3408 3519 Sam—

1838 3567 1991 3623 sonis
2050 3565 2331 3621 historiam
2388 3560 2648 3617 fortitudo
2703 3559 2820 3628 ejus
2864 3558 3083 3613 videtur
3120 3556 3176 3611 in
3200 3554 3410 3610 cauillis

1839 3664 1965 3719 sita.

1904 3753 2179 3824 Ejusdem.
2207 3750 2468 3821 Syrorum
2500 3747 2681 3817 lingua
2733 3745 3033 3801 Nazirazum
3082 3742 3414 3799 custoditum

1840 3855 2015 3901 vocat.
2064 3841 2315 3910 Praecipit
2355 3849 2535 3895 autem
2586 3840 2727 3892 Deus
2778 3846 2837 3890 ut
2899 3836 3125 3891 Samson
3172 3849 3279 3888 non
3328 3848 3414 3887 se-

1840 3946 2038 4006 quatur
2104 3948 2308 3989 morem
2376 3928 2745 3986 lsraelitarum
2819 3928 2909 3996 qui
2977 3935 3109 3981 tunc
3158 3924 3415 3995 temporis

1840 4026 2203 4091 radebantur,
2260 4032 2319 4077 ut
2368 4021 2525 4076 facile
2582 4021 2651 4075 ab
2701 4018 2952 4077 omnibus
3002 4015 3223 4086 agnosci
3282 4030 3413 4084 pos-

1840 4125 1985 4173 sent.
2192 4162 2195 4165 .

1915 4206 1984 4260 Et
2040 4206 2161 4275 fecit
2216 4204 2406 4272 Ephod
2455 4213 2505 4259 et
2559 4204 2832 4273 Temp/tim
2882 4203 2948 4257 ⁸⁸.
3001 4201 3187 4270 Ephod
3249 4199 3416 4255 vestis

161 4322 390 4395 ὕφασμα
439 4320 505 4395 ἦν
547 4294 841 4395 ἱερατικὸν,
894 4324 1029 4394 ὅπερ
1064 4294 1430 4394 περικειμένῳ
1476 4320 1552 4391 τῷ
1606 4294 1735 4391 ἱερεῖ

1845 4312 1961 4358 erat
2016 4299 2370 4357 sacerdotalis
2433 4315 2539 4369 qua
2597 4298 2817 4353 indutus
2880 4298 3135 4352 sacerdos
3182 4294 3417 4361 Spiritus

158 4417 347 4485 ἐφοίτα
382 4415 478 4468 τοῦ
506 4415 660 4484 ἁγίου
692 4415 1059 4485 Πνεύματοςὴ
1092 4413 1271 4485 χάρις.
1299 4414 1372 4466 Τὸ
1396 4414 1452 4465 δὲ
1473 4412 1741 4483 Θεραφεὶν

160 4506 367 4560 τοιοῦτο
398 4507 604 4577 μέντοι,
639 4506 699 4558 ού
745 4505 924 4558 θεῖκὸν
970 4505 1046 4569 δὲ,
1082 4503 1195 4557 ἀλλ’
1227 4503 1521 4568 είδωλικὸν,
1557 4503 1632 4566 ὼς
1685 4504 1741 4554 ὲν

159 4600 277 4661 ταῖς
304 4597 609 4667 βασιλείαις
640 4597 936 4650 δείκνυται.

229 4776 341 4830 Kal
371 4773 635 4841 ἐξῆλθον
662 4776 715 4826 οἱ
752 4772 869 4826 υἱοὶ
915 4762 1217 4839 Βενιαμίν.
1252 4768 1406 4831 Τίνος
1437 4767 1621 4820 ἕνεκεν
1652 4767 1744 4835 ἡτ-

159 4866 362 4921 τῶνται
391 4866 615 4927 δικαίως
646 4863 996 4926 έπελθόντες;
1036 4863 1109 4914 Ἢ
1141 4860 1298 4931 δῆλον
1332 4861 1413 4912 ὅτι
1437 4859 1521 4911 διὰ
1546 4857 1746 4927 προλα-

159 4955 363 5026 ϐούσης
398 4955 599 5018 αἰτίας.
650 4953 759 5006 Καὶ
790 4955 818 5006 ὁ
846 4952 1056 5022 ψαλμός
1102 4966 1282 5020 φησιν·
1318 4967 1336 5000 ι
1388 4949 1554 5000 Ὅταν
1597 4945 1772 5007 λάϐω,

1838 4392 2014 4447 sancti
2054 4392 2282 4461 gratiam
2349 4392 2667 4460 recipiebat.
2711 4388 3042 4457 Therapbim
3081 4397 3260 4440 autem
3309 4385 3416 4440 talo

1840 4484 2115 4553 quippiam
2178 4491 2295 4536 erat
2334 4483 2476 4551 quod
2516 4497 2623 4537 non
2690 4482 2878 4543 Deum,
2944 4477 3050 4553 θεάΔ
3077 4476 3277 4532 idolum
3319 4476 3416 4531 ali-

1841 4575 1981 4640 quod
2040 4582 2481 4645 repraasentaret,
2534 4582 2592 4629 ut
2620 4573 2673 4628 in
2712 4573 2867 4628 libris
2898 4571 3207 4640 Regnorum
3233 4579 3415 4626 osten-

1842 4666 2011 4722 ditur.
2098 4724 2103 4729 ,

1913 4756 1983 4810 Et
2015 4756 2254 4810 exierunt
2284 4754 2384 4824 ﬁlii
2422 4752 2702 4822 Benjamin
2738 4752 2804 4807 ‘9.
2840 4753 2948 4808 Cur
2974 4752 3264 4806 vincuntur
3320 4750 3416 4819 qui

1832 4848 1979 4920 juste
2017 4847 2251 4917 aggressi
2280 4847 2473 4902 erant?
2517 4845 2711 4915 Liquet
2752 4847 2806 4901 id
2838 4844 3102 4899 accidisse
3122 4842 3191 4898 ob
3209 4854 3416 4910 praece-

1839 4936 2052 4992 dentem
2071 4951 2317 4991 causam.
2332 4936 2389 4991 In
2413 4936 2618 5006 psalmo
2641 4935 2837 4990 dicitur
2854 4935 2898 4965 ⁸ο
2921 4949 2934 4985 :
2968 4932 3128 4988 «Cum
3150 4944 3413 4999 accepero

162 5024 380 5119 καιρδν,
413 5045 526 5115 ἐγὼ
559 5045 857 5115 εὐθύτητας
912 5042 1100 5115 κρινῶ.
1143 5061 1163 5093 ι
1206 5036 1339 5094 Εἶτα
1373 5042 1465 5094 καὶ
1503 5038 1643 5109 μετὰ
1684 5037 1735 5090 τὶ

1845 5036 2070 5095 tempus,
2115 5040 2214 5095 ego
2252 5027 2491 5096 justitias
2524 5026 2797 5097 iudicabo.
2835 5043 2854 5078 ι
2886 5024 3091 5080 Deinde
3132 5032 3415 5092 postquam

164 5138 490 5209 ἡττηθῆναι,
526 5138 617 5190 καὶ
665 5135 793 5206 μίαν
847 5134 939 5188 καὶ
995 5133 1269 5203 δευτέραν,
1307 5127 1568 5202 μετῆλθεν
1608 5128 1744 5199 ὀργὴ

161 5232 255 5285 ἐπὶ
278 5232 412 5293 τοὺς
437 5228 785 5300 ἠδικηκότας,
814 5226 909 5280 καὶ
928 5225 1118 5280 νικῶσι
1141 5222 1355 5277 δίκαιαν
1388 5220 1562 5290 νίκην.

269 5444 319 5479 ’δ
350 5443 477 5497 Jud.
500 5457 575 5507 XI,
606 5442 698 5498 30.
770 5440 818 5475 ⁸³
851 5441 975 5500 Jud.
1006 5458 1101 5513 xu,
1133 5441 1187 5498 6.

159 5514 211 5551 ⁸⁸
240 5514 386 5571 Psal.
416 5529 598 5582 Lxxtv,
619 5514 674 5569 5.

1295 5438 1341 5472 ⁸⁸
1373 5435 1499 5493 Jud.
1543 5449 1663 5503 xm,
1718 5433 1772 5488 2.

1839 5121 2004 5176 semel
2058 5126 2113 5174 et
2163 5120 2361 5176 iterum
2393 5118 2524 5175 victi
2580 5127 2723 5183 sunt,
2756 5118 2810 5172 in
2848 5124 3100 5171 auctores
3142 5114 3410 5169 malorum

1852 5209 1931 5264 ira
1980 5212 2073 5269 Dei
2124 5212 2457 5283 supervenit,
2497 5218 2553 5267 et
2587 5208 2736 5280 jusla
2773 5207 2841 5265 de
2876 5207 2956 5264 eis
2995 5215 3302 5277 reportatur
3328 5203 3413 5259 vi-

1850 5303 2077 5374 ctoria..

1887 5437 1932 5469 ⁸⁷
1960 5438 2083 5495 Jud.
2119 5456 2231 5507 xvr,
2264 5441 2349 5497 l7.
2456 5441 2502 5475 “
2528 5438 2649 5497 Jud.
2684 5452 2812 5503 xvn,
2840 5436 2895 5492 5.
2969 5435 3018 5469 ⁸⁹
3037 5432 3161 5491 Iud.
3197 5447 3290 5500 xx,
3316 5431 3415 5489 3|.
