3870 6540
448 345 568 398 =93!

1924 341 2243 400 ORIGENIS

1119 655 1692 781 QBIGENIS
1770 656 1894 742 IN
1972 652 2428 743 LIBRUM
2519 652 3045 745 JUDICUM

1565 961 1574 974 .
1643 863 2284 979 HOMILUE
2324 857 2487 972 (²⁶).

973 1243 1258 1302 IIOMILIA
1290 1242 1525 1299 PRIMA.

470 1359 544 1413 De
570 1377 627 1411 eo
659 1360 795 1428 quod
843 1360 1094 1424 scriptum
1123 1368 1196 1412 est
1227 1358 1269 1388 ⁶¹
1306 1375 1320 1411 :
1378 1377 1396 1408 ς
1446 1357 1511 1424 Et
1555 1357 1757 1411 servivit
1808 1356 2029 1428 populus

536 1427 761 1482 Domino
784 1429 1020 1482 omnibus
1041 1431 1223 1481 diebus
1253 1428 1404 1491 Jesu,
1432 1435 1479 1480 et
1502 1429 1760 1480 seniorum
1783 1427 1872 1494 qui
1897 1427 2031 1478 vide-

536 1509 659 1620 ;tml
695 1500 881 1620 [omnia
911 1514 1068 1566 Opera
1108 1497 1318 1550 Domini
1357 1512 1546 1566 magna
1597 1511 1713 1566 qua:
1759 1496 1884 1565 [ecit
1912 1511 2030 1548 cum

573 1585 690 1620 arae
747 1587 766 1620 ι

573 1585 712 1622 ornet
747 1587 766 1620 ι

537 1703 589 1756 1.
613 1699 806 1755 Lector
828 1699 1038 1770 quidem
1079 1699 1359 1768 prtesentis
1388 1697 1635 1754 lectionis
1671 1698 1743 1753 ita
1781 1697 2026 1767 legebat:

474 1807 491 1836 ι
527 1787 592 1840 Ει
616 1787 1030 1856 timuitpopulus
1058 1786 1338 1841 Dominum
1357 1786 1606 1844 omnibus
1633 1788 1821 1843 diebus
1843 1787 2023 1843 Jesu.»

469 1877 573 1931 Nos
608 1885 785 1931 autem
822 1877 1120 1931 habemus:
1159 1895 1177 1928 ι
1222 1877 1289 1931 Ει
1325 1879 1550 1932 servivit
1585 1880 1815 1948 populus
1847 1881 2027 1934 Domi-

467 1983 535 2020 no
563 1967 809 2022 omnibus
842 1966 1028 2022 diebus
1065 1966 1213 2032 Jesu,
1254 1977 1307 2023 et
1334 1969 1589 2024 omnibus
1619 1970 1808 2025 diebus
1855 1971 2032 2025 senio-
2069 1955 2075 1962 ’

469 2072 584 2110 rum
603 2071 785 2111 eorum
823 2057 914 2126 qtti
950 2057 1256 2126 longiorum
1297 2058 1504 2112 dierum
1537 2056 1753 2112 fuerunt
1781 2068 1901 2127 post
1942 2057 2031 2113 Je-

466 2163 604 2201 sutn.
635 2166 655 2200 ι
689 2147 910 2216 Oportet
937 2161 1062 2217 ergo
1081 2147 1221 2202 scire
1249 2148 1372 2214 quia
1396 2148 1762 2215 unusquisque
1787 2159 2028 2202 nostrum

466 2239 579 2307 ipse
613 2238 714 2292 sibi
741 2248 980 2307 praestat,
1013 2247 1071 2292 ut
1099 2238 1152 2290 in
1189 2237 1346 2292 nobis
1374 2238 1565 2292 diebus
1602 2239 1674 2292 sit
1700 2248 1790 2291 aut
1817 2240 1869 2293 in
1918 2257 2031 2292 ma-

465 2331 549 2394 lis,
582 2341 634 2386 et
661 2341 718 2385 ut
752 2332 865 2386 dies
892 2331 1005 2401 (27)
1039 2329 1234 2384 habeat
1265 2329 1418 2394 .Iesu,
1461 2329 1547 2383 vel
1586 2329 1698 2385 dies
1737 2330 2028 2399 justorum.

463 2431 555 2476 aut
609 2423 722 2476 dies
772 2423 967 2476 haheat
1003 2421 1309 2490 impiorum.
1363 2419 1421 2475 Si
1465 2421 1609 2474 enim
1670 2421 2030 2489 intelligamus

467 2532 484 2563 ι
524 2513 701 2566 lumen
752 2527 936 2566 verum
988 2512 1130 2580 quod
1183 2510 1451 2564 illuminat
1500 2525 1714 2565 onmem
1755 2512 2026 2566 hominem

2057 1248 2105 1305 Α
2135 1240 2252 1307 ejus
2291 1238 2460 1294 fuisse
2502 1235 2776 1291 videbitur
2809 1233 2949 1304 apud
2977 1247 3092 1300 eos,
3119 1234 3212 1304 qui
3241 1246 3368 1288 eum
3397 1232 3452 1286 in
3478 1243 3688 1287 mortem

2133 1332 2283 1386 falsis
2314 1327 2789 1384 criminationibus
2817 1325 3212 1382 tradiderunt?
3245 1323 3538 1391 Quomodo
3586 1326 3692 1379 istis

2131 1423 2462 1478 videbuntur
2511 1419 2626 1473 dies
2666 1417 2889 1486 iustitia:
2939 1425 2994 1470 et
3039 1415 3155 1470 dies
3197 1416 3352 1484 pacis
3390 1419 3597 1477 exorti,
3647 1415 3690 1468 in

2129 1530 2356 1584 quorum
2423 1515 2691 1569 mentibus
2743 1511 3050 1581 iniquitatis
3091 1519 3148 1564 et
3197 1508 3404 1564 furoris
3467 1511 3690 1562 tenebrz

2131 1605 2526 1661 versabantur?
2550 1613 2604 1660 et
2634 1618 2849 1658 rursum
2883 1601 2928 1656 si
2982 1601 3048 1655 ad
3083 1601 3209 1657 IIIOS
3254 1603 3377 1655 dies
3409 1613 3552 1668 quos
3583 1599 3692 1651 San

2127 1708 2284 1752 vator
2313 1697 2493 1766 exegit
2519 1697 2571 1750 in
2605 1711 2797 1763 carne,
2828 1696 3096 1752 referatur
3125 1697 3228 1750 hoc
3257 1691 3408 1763 quod
3443 1691 3690 1758 scriptum

2129 1796 2245 1844 est:
2277 1805 2293 1838 ι
2321 1785 2596 1842 Orietur”
2615 1788 2670 1842 in
2685 1786 2878 1843 diebus
2896 1788 3018 1858 ejus
3044 1786 3281 1859 justitia,
3318 1796 3377 1840 et
3412 1783 3688 1838 multitudo

2129 1880 2296 1948 pacis.
2332 1898 2350 1930 ι
2395 1893 2539 1933 nunc
2563 1879 2817 1946 quoniam
2846 1893 2953 1934 non
2992 1889 3123 1935 sunt
3149 1879 3224 1933 illi
3251 1879 3395 1940 dies,
3432 1890 3570 1945 ergo
3596 1890 3688 1928 non

2128 1971 2309 2026 oritur
2415 1970 2631 2040 justitia
2667 1970 2802 2040 ejus.
2841 1985 2943 2026 nec
2972 1971 3268 2025 multitudo
3300 1968 3463 2039 pacis
3503 1966 3688 2022 Christi

2128 2061 2268 2130 apud
2323 2059 2506 2115 ﬁdeles
2552 2070 2606 2117 et
2675 2060 2956 2129 religiosos
3005 2060 3298 2115 invenitur.
3357 2058 3533 2127 Magis
3582 2071 3690 2109 vero

2131 2150 2496 2219 unusquisque
2519 2165 2615 2218 pro
2643 2150 2854 2204 actibus
2880 2149 2992 2203 suis
3024 2158 3073 2202 et
3100 2150 3533 2203 conversatione
3562 2147 3687 2209 vitaz,

2129 2241 2243 2294 dies
2294 2241 2395 2295 sibi
2450 2241 2534 2294 vel
2583 2240 2890 2309 iniquitatis
2942 2249 2998 2294 et
3041 2239 3195 2304 belli,
3249 2240 3338 2293 vel
3383 2237 3609 2306 justiti:
3645 2246 3691 2290 et

2129 2330 2281 2400 pacis
2311 2331 2569 2397 acquirit.
2601 2330 2736 2383 Audi
2776 2330 3006 2398 denique
3042 2331 3368 2399 prophetam
3403 2329 3689 2382 dicentem:

2135 2439 2152 2472 ι
2192 2421 2549 2486 Timentibus,
2579 2420 2756 2488 inquit
2789 2421 2856 2484 ⁸⁵,
2890 2435 3087 2474 nomen
3136 2429 3310 2482 tuum,
3371 2419 3582 2473 orietur
3622 2419 3690 2470 sel

2126 2512 2374 2580 justitize,
2418 2530 2437 2563 ι
2475 2513 2594 2567 sine
2643 2512 2811 2566 dubio
2853 2521 2910 2563 ut
2961 2510 3126 2565 faciat
3174 2511 3258 2565 eis
3296 2510 3423 2564 dies
3458 2508 3690 2578 justitiz,

462 2602 768 2655 venientem
833 2601 888 2654 in
950 2601 1094 2654 hunc
1158 2601 1416 2654 mundum
1473 2599 1548 2664 ",
1591 2619 1610 2652 ι
1668 2608 1723 2654 et
1783 2601 2023 2668 praehea-
2056 2591 2100 2646 Β
2131 2606 2248 2659 dies
2279 2603 2426 2659 Jesu.
2469 2604 2543 2659 De
2573 2602 2754 2672 impiis
2796 2602 2950 2668 dicit,
2980 2603 3103 2670 quia
3148 2603 3364 2655 occidet
3409 2602 3492 2655 eis
3521 2601 3597 2654 sol
3619 2603 3692 2668 jn-

463 2703 582 2742 unus
634 2688 684 2742 ei
736 2689 801 2742 ad
860 2687 1270 2741 illuminandum
1329 2686 1538 2741 animas
1573 2697 1810 2753 nostras,
1853 2699 1944 2742 aut
1981 2691 2026 2745 si

460 2777 627 2850 559
647 2777 854 2833 oriatttr
878 2779 1033 2833 nobis
1062 2776 1411 2846 δοιὶυειίιίω,
1444 2787 1498 2831 et
1534 2783 1793 2834 mundum
1831 2781 2027 2836 anima:

466 2880 666 2923 nostras
711 2869 826 2938 (28)
865 2869 1126 2924 habemus
1173 2869 1485 2937 hospitium,
1535 2869 1795 2926 habemus
1832 2880 1887 2926 et
1934 2886 2029 2926 nos

465 2959 581 3014 dies
605 2959 733 3015 Jesu
765 2961 986 3025 Christi,
1020 2962 1134 3017 dies
1165 2959 1376 3014 salutis.
1403 2958 1457 3015 Si
1483 2963 1606 3032 quis
1635 2978 1766 3017 vero
1788 2964 2028 3017 animam

464 3067 615 3106 suam
664 3053 956 3122 praebuerit
992 3055 1055 3108 ad
1092 3056 1460 3123 recipiendam
1502 3057 1677 3111 lucem
1723 3056 1868 3110 illam
1911 3071 2030 3126 quae

463 3146 861 3214 exstinguetur,
907 3145 1080 3202 lucem
1125 3148 1454 3202 contrariam
1489 3148 1734 3212 veritati,
1785 3150 1934 3202 etab
1964 3163 2026 3201 ea

465 3235 628 3290 fuerit
663 3236 1018 3303 illuminatus,
1052 3238 1270 3293 habebit
1305 3249 1359 3295 et
1401 3239 1518 3308 ipse
1549 3238 1684 3304 dies,
1706 3235 1803 3294 Sed
1837 3239 2025 3306 malos,

463 3337 517 3382 ct
551 3343 658 3382 non
697 3330 802 3384 erit
837 3332 888 3384 in
924 3331 1112 3385 diebus
1140 3329 1288 3396 Jesu,
1315 3332 1409 3386 sed
1444 3334 1548 3387 erit
1591 3332 1644 3386 in
1687 3331 1878 3387 diebus
1911 3332 2026 3386 Ma—

469 3435 649 3485 nasse,
690 3422 773 3476 vel
808 3423 860 3477 in
898 3419 1084 3476 diebus
1121 3421 1443 3489 Pharaonis,
1479 3423 1564 3478 vel
1595 3424 1646 3478 in
1677 3424 1901 3479 alterius
1931 3440 2027 3480 cu-

461 3513 767 3582 juscunque
807 3511 997 3569 diebus
1041 3509 1312 3583 pessimis.
1343 3513 1635 3584 Propterea
1694 3516 1926 3584 denique
1972 3518 2027 3570 in

464 3605 659 3662 diebus
691 3607 879 3662 Achab
921 3609 1063 3678 regis
1113 3607 1286 3676 iniqui
1329 3617 1384 3663 et
1426 3608 1650 3678 pessimi
1702 3623 1809 3663 non
1855 3609 2031 3677 potuit

466 3697 636 3751 Isaias
687 3696 878 3752 videre
913 3697 1111 3765 visum,
1152 3713 1258 3752 non
1314 3699 1486 3766 potuit
1518 3697 1703 3753 videre
1744 3699 2028 3753 Dominum

466 3787 704 3842 Sabaoth
735 3787 1010 3843 sedentem
1044 3802 1204 3856 super
1227 3787 1487 3842 thronum
1515 3788 1790 3843 excelsum
1822 3797 1879 3843 et
1916 3789 2028 3843 ele-

464 3889 671 3932 vatum.
703 3877 810 3933 Sed
835 3891 901 3932 ex
926 3893 1034 3948 quo
1065 3889 1312 3934 mortuus
1348 3887 1433 3933 est
1463 3893 1558 3933 rex
1585 3894 1840 3948 nequam,
1875 3879 2029 3947 cujus

464 3981 623 4024 erant
656 3969 771 4024 dies
798 3969 948 4033 ntali,
984 3979 1092 4024 tum
1125 3970 1303 4040 potuit
1331 3970 1518 4025 videre
1562 3971 1822 4041 prOpheta
1865 3973 2029 4026 visio-

465 4077 589 4116 nem
615 4061 706 4115 Dei
735 4061 800 4113 ⁸³.
829 4061 893 4115 Ει
917 4061 998 4116 vis
1023 4076 1180 4117 nosse
1207 4062 1333 4132 quia
1369 4061 1485 4116 dies
1515 4063 1604 4116 isti
1629 4077 1750 4116 cum
1779 4063 2030 4118 dicuntur

467 4153 523 4205 in
549 4150 851 4220 Scripturls
883 4151 1047 4218 illius,
1081 4151 1170 4206 vel
1205 4151 1369 4217 illius,
1403 4166 1512 4206 non
1544 4151 1850 4221 signiﬁcent
1889 4161 2030 4208 tem-

464 4255 566 4309 pus
591 4239 712 4294 vita:
743 4237 885 4294 illius
927 4239 994 4294 de
1030 4254 1134 4308 quo
1170 4239 1389 4305 dicitur,
1441 4238 1525 4293 vel
1560 4242 1868 4309 praesentia:
1911 4256 2030 4294 cor-

464 4329 714 4401 poralis?
758 4329 898 4384 Audi
949 4330 1078 4399 quid
1105 4330 1172 4385 de
1205 4330 1394 4387 diebus
1447 4332 1658 4387 Domini
1691 4333 1862 4388 nostri
1905 4331 2029 4388 Jesu

463 4421 664 4477 Christi
686 4421 955 4490 Propheta
977 4421 1288 4491 praedixerit
1315 4439 1328 4477 :
1365 4440 1384 4474 ‹
1415 4422 1730 4488 Exorietur,
1752 4423 1931 4494 inquit
1962 4425 2031 4490 ⁸⁸,

464 4513 518 4566 in
539 4513 726 4568 diebus
743 4511 860 4580 ejus
881 4513 1112 4580 justitia,
1136 4521 1190 4566 et
1231 4513 1562 4567 abundantia
1585 4515 1734 4582 pacis
1752 4529 2032 4584 usquequo

463 4604 758 4660 extollatur
787 4605 934 4658 luna.
972 4623 991 4658 ι
1030 4603 1145 4658 Hoc
1174 4604 1218 4658 si
1255 4605 1327 4658 ita
1364 4605 1715 4672 accipiamus,
1747 4607 1888 4673 quod
1915 4605 2024 4658 die-

464 4694 568 4746 bus
603 4693 799 4760 quibus
836 4692 1090 4746 Salvator
1135 4691 1527 4745 demorabatur
1562 4690 1615 4744 in
1664 4690 1847 4755 terris,
1913 4689 2028 4744 dies

464 4783 893 4851 erantjustitite,
932 4794 987 4838 et
1017 4784 1132 4838 dies
1160 4783 1333 4851 pacis,
1370 4782 1640 4852 quomodo
1682 4779 2030 4850 probabimus

465 4877 582 4929 dies
621 4874 847 4942 iustitiae
894 4885 1116 4930 exortos
1165 4891 1284 4930 esse
1325 4876 1390 4930 iis
1424 4874 1517 4943 qui
1568 4889 1692 4928 eum
1732 4871 2022 4927 cruciﬁxev

466 4972 617 5032 runt,
637 4972 692 5018 et
715 4965 806 5032 qui
838 4965 1122 5018 adventum
1152 4973 1207 5018 et
1243 4965 1400 5018 ﬁdem
1440 4963 1560 5031 ejus
1591 4963 1702 5032 (29)
1742 4977 1848 5016 non
1883 4977 2032 5016 rece-

466 5056 703 5123 perunt?
743 5057 850 5109 Aut
901 5057 1172 5124 quomodo
1215 5054 1506 5109 multitudo
1540 5052 1692 5122 pacis
1746 5053 1798 5106 in
1841 5052 2032 5108 diebus

575 5175 618 5206 ⁶¹
657 5173 781 5230 Jud.
821 5191 880 5237 ll,
917 5174 970 5227 7.
1045 5176 1088 5207 θ’
1112 5174 1268 5228 Joan.
1303 5190 1344 5235 I,
1369 5173 1423 5228 9.

467 5245 510 5276 ⁸⁷
543 5245 703 5300 Prov.
731 5259 851 5306 xm.
873 5247 939 5310 9;
963 5242 1083 5299 Job.
1112 5258 1267 5310 xvm,
1304 5243 1356 5296 5.

1530 5173 1573 5204 ⁸³
1598 5172 1719 5226 Isai.
1752 5187 1804 5225 v.

536 5382 647 5455 (‘26)
675 5385 898 5439 Collalze
928 5394 1055 5440 sunt
1104 5395 1392 5454 sequentes
1439 5385 1676 5441 bomilize
1707 5401 1828 5441 eum
1866 5387 2038 5442 tribus

467 5469 622 5516 1113s.,
650 5470 757 5524 uno
787 5456 1242 5524 Sangermanensi
1273 5463 1330 5511 et
1357 5457 1566 5510 duobus
1593 5457 2034 5511 Ebroicensibus.

538 5524 649 5593 (27)
681 5523 833 5589 Mss.,
886 5523 917 5575 ί
948 5536 1002 5578 et
1044 5533 1103 5577 ut
1132 5526 1268 5579 dies.
1313 5544 1331 5576 ο
1377 5524 1434 5578 In
1489 5524 1618 5579 libb.
1667 5533 1828 5579 antea
1879 5526 2038 5579 editis

470 5593 622 5646 (eest
665 5611 682 5643 ι
718 5603 772 5646 et
805 5603 881 5649 ut.
921 5613 939 5647 ι
977 5593 1144 5648 Paulo
1175 5603 1298 5662 post
1323 5593 1455 5649 libb.
1487 5595 1614 5648 editi
1649 5594 1869 5658 habent,
1921 5611 1942 5645 σ
1986 5595 2035 5650 id

469 5671 550 5714 est
572 5662 1022 5732 diesqjustorum.
1064 5684 1082 5714 ι
1113 5663 1264 5727 Mss.,
1293 5683 1312 5714 ι
1345 5662 1425 5716 vel
1451 5664 1565 5716 dies
1587 5664 1871 5732 justorum.
1907 5681 1924 5713 ο

542 5731 653 5802 (28)
697 5731 844 5796 Mss,
883 5751 901 5783 ι
927 5733 1357 5789 animaanostrae.
1385 5752 1404 5786 ι
1436 5731 1764 5798 ιίὺῢέθόίιὶ,
1793 5749 1811 5782 ι
1843 5733 2036 5786 anima:

1911 5173 1957 5206 “
1993 5173 2135 5230 Psal.
2180 5191 2328 5232 Lxxu
2378 5177 2431 5233 7.

2130 2696 2311 2761 stitire,
2341 2697 2462 2752 sine
2487 2695 2648 2751 dubio
2695 2694 2799 2749 illis
2842 2696 2893 2748 in
2932 2695 3131 2763 quibus
3155 2693 3374 2762 iustitia
3412 2693 3611 2746 dormit
3647 2692 3689 2743 in

2130 2790 2228 2854 eis,
2283 2795 2338 2842 et
2388 2787 2628 2842 tenebrat
2667 2785 2748 2840 eis
2795 2784 3100 2854 iniquitatis
3153 2793 3362 2838 exorta:
3405 2792 3554 2838 sunt.
3610 2780 3692 2834 Vis

2133 2889 2314 2934 autem
2346 2878 2594 2933 similiter
2617 2891 2648 2930 a
2679 2876 2949 2945 Propheta
2976 2875 3189 2929 discere
3217 2875 3312 2943 qui
3347 2875 3461 2928 sint
3493 2875 3581 2943 qui
3608 2874 3692 2926 ha-

2133 2970 2296 3024 beant
2327 2969 2725 3025 multitudinem
2761 2966 2956 3038 pacis?
2989 2965 3130 3019 Audi
3170 2966 3455 3035 quomodo
3489 2964 3617 3018 dicit
3647 2965 3687 3015 in

2132 3061 2362 3115 Psalmis
2389 3061 2474 3115 ⁶⁶;
2508 3080 2526 3113 t
2565 3062 2678 3116 Pax
2704 3061 2875 3115 multa
2902 3060 3260 3130 diligentibus
3293 3072 3499 3112 nomen
3535 3067 3687 3119 tuum,

2135 3160 2192 3206 et
2227 3167 2334 3204 non
2366 3161 2451 3205 est
2484 3150 2593 3206 illis
2623 3151 2963 3206 scandalum.
3000 3171 3019 3204 ι
3080 3151 3204 3206 Dies
3238 3163 3376 3219 ergo
3403 3148 3623 3219 justiti:
3645 3156 3690 3200 et

2134 3242 2420 3297 multitudo
2456 3241 2608 3311 pacis
2644 3241 2923 3296 exorietur
2965 3241 3322 3311 diligentibus
3362 3253 3563 3294 nomen
3599 3238 3688 3291 Do—

2133 3332 2287 3385 mini.
2321 3332 2426 3386 Sed
2449 3332 2652 3386 habent
2681 3340 2737 3386 et
2769 3332 2921 3401 impii
2952 3332 3125 3386 lucem
3158 3345 3342 3395 suam,
3367 3345 3437 3386 ex
3466 3344 3568 3398 qua
3591 3329 3687 3383 sine

2131 3422 2298 3477 dubio
2328 3421 2653 3476 exoriuntur
2675 3423 2757 3478 eis
2802 3423 2920 3479 dies
2949 3423 3095 3477 mali.
3143 3423 3238 3476 Vis
3285 3432 3473 3476 autem
3517 3431 3572 3474 et
3603 3421 3684 3473 hoc

2136 3512 2230 3566 tibi
2261 3513 2328 3567 de
2360 3513 2661 3583 Scripturis
2689 3515 2949 3585 probari?
2972 3516 3106 3570 Audi
3139 3515 3271 3584 quid
3297 3515 3568 3583 scriptum
3590 3523 3686 3565 est:

2140 3622 2158 3655 ι
2194 3604 2330 3664 Lux,
2359 3604 2537 3674 inquit
2564 3605 2807 3673 ",justis
2834 3620 3071 3674 semper,
3092 3604 3181 3658 lux
3204 3613 3393 3658 autem
3423 3603 3686 3674 impiorum

2133 3695 2528 3764 exstinguetur.
2563 3715 2583 3748 ι
2619 3695 2778 3752 Vides
2797 3711 2927 3766 ergo
2951 3698 3076 3765 quia
3097 3705 3183 3752 est
3207 3696 3438 3766 propria
3467 3696 3685 3764 quaedam

2135 3783 2220 3838 lux
2260 3786 2571 3855 impiorum,
2599 3802 2718 3856 qua:
2740 3788 3128 3858 exstinguitur,
3169 3797 3226 3843 et
3273 3787 3371 3842 lux
3409 3787 3682 3855 justorum.

2136 3891 2255 3944 quas
2283 3887 2566 3945 permanet
2596 3878 2648 3932 in
2677 3888 2963 3933 aeternum.
2999 3879 3063 3932 Et
3089 3879 3279 3934 nescio
3313 3879 3362 3932 si
3396 3888 3506 3931 tam
3535 3878 3684 3944 inepte

2136 3966 2258 4032 quis
2294 3967 2579 4036 intelligat,
2604 3976 2664 4021 ut
2690 3977 2838 4037 putet
2861 3983 2984 4024 esse
3015 3969 3255 4038 aliquam
3288 3967 3682 4023 substantialetn

2138 4053 2334 4124 lucem,
2365 4057 2523 4110 aliam
2558 4071 2678 4126 qua:
2709 4057 2995 4126 impiorum
3023 4057 3263 4123 dicatur,
3291 4065 3350 4111 et
3377 4056 3540 4109 aliam
3583 4068 3681 4121 qua

2133 4147 2429 4216 justorum.
2474 4148 2627 4215 Quod
2689 4150 2876 4218 utique
2935 4150 3078 4204 nullo
3129 4149 3292 4204 modo
3350 4149 3469 4202 ﬁeri
3510 4157 3677 4216 potest.

2143 4239 2257 4294 Una
2314 4239 2456 4293 enim
2505 4249 2590 4294 est
2643 4239 2730 4294 lux
2783 4241 2966 4294 mundi
3005 4256 3033 4293 a
3073 4240 3180 4295 Deo
3225 4240 3374 4294 facta
3416 4240 3550 4308 (3i),
3584 4254 3682 4307 qua:

2133 4331 2390 4386 omnibus
2428 4332 2789 4386 communiter
2841 4341 2894 4386 et
2946 4330 3227 4400 aequaliter
3262 4330 3438 4384 lucet.
3467 4329 3567 4384 Sed
3599 4329 3680 4381 hoc

2133 4421 2294 4475 modo
2350 4422 2495 4489 quod
2547 4422 2806 4492 superius
2866 4422 3236 4490 exposuimus,
3297 4421 3680 4489 intelligendum

2133 4521 2235 4576 est,
2284 4513 2428 4580 quod
2473 4513 2653 4566 anima
2686 4521 2872 4568 nostra
2925 4522 3022 4567 aut
3067 4527 3198 4567 vero
3249 4511 3460 4566 lumine
3506 4511 3679 4565 illumi—

2139 4612 2322 4666 natur,
2354 4603 2495 4670 quod
2540 4617 2812 4672 nunquam
2857 4604 3261 4672 exstinguetur,
3294 4605 3388 4671 qui
3436 4612 3517 4657 est
3543 4600 3678 4655 Chri-

2136 4702 2296 4757 stus;
2346 4702 2438 4745 aut
2483 4691 2530 4745 si
2571 4707 2675 4747 non
2715 4693 2879 4747 habet
2925 4693 2979 4748 in
3027 4708 3089 4747 se
3135 4692 3280 4748 istud
3318 4690 3502 4745 lumen
3556 4687 3677 4757 quod

2138 4791 2402 4836 aeternum
2433 4795 2538 4851 est,
2589 4785 2868 4852 temporali
2904 4785 3024 4840 sine
3065 4785 3228 4840 dubio
3255 4793 3309 4838 et
3333 4781 3676 4851 exstinguihili

2135 4874 2336 4929 lumine
2382 4877 2720 4930 illuminatur
2759 4877 2826 4930 ab
2873 4877 2965 4930 illo
3008 4861 3100 4946 qui
3149 4877 3497 4946 transﬁgurat
3541 4889 3595 4928 se
3633 4874 3676 4925 in

2138 4966 2388 5034 angelum
2435 4968 2592 5034 lucis,
2633 4977 2690 5021 et
2733 4966 2866 5021 falsa
2906 4967 3027 5023 luce
3078 4968 3352 5023 illuminat
3383 4981 3476 5022 cor
3502 4979 3676 5034 pecca—

2138 5058 2293 5122 toris,
2346 5067 2406 5113 ut
2446 5059 2734 5114 videantur
2785 5061 2834 5114 ei
2889 5059 2978 5113 illa
3016 5074 3138 5115 esse
3169 5059 3312 5114 bona
3338 5068 3390 5113 et
3421 5043 3676 5127 praeclara.

2530 5179 2576 5212 ⁸⁸
2622 5175 2854 5234 Malach.
2889 5193 2963 5245 tv,
3001 5178 3058 5232 2.
3168 5177 3214 5208 “
3237 5177 3382 5232 Psal.
3406 5171 3677 5240 cxtx,l6$.

2144 5394 2411 5440 nostrum.
2445 5404 2465 5438 ι

2215 5455 2326 5525 (‘29)
2369 5455 2521 5521 Mss.,
2556 5472 2576 5505 ‹
2611 5455 2900 5508 adventum
2928 5462 2984 5509 et
3021 5453 3182 5509 {idem
3220 5455 3356 5525 ejus.
3397 5472 3415 5505 ι
3450 5451 3502 5506 In
3531 5452 3680 5506 antra

2142 5525 2301 5580 editis
2327 5527 2479 5578 deest
2515 5542 2534 5574 ι
2582 5535 2636 5578 et
2667 5525 2848 5578 ﬁdem.
2890 5543 2909 5575 ι

2368 5593 2519 5656 Mss.,
2559 5612 2578 5644 ι
2609 5594 2802 5646 oritur.
2841 5612 2860 5645 ι
2916 5593 3070 5648 Libb.
3098 5594 3253 5656 editi,
3294 5593 3548 5646 «orietur.
3587 5608 3607 5644 ι

2238 5593 2304 5646 50
2368 5593 2519 5656 Mss.,
2559 5612 2578 5644 ι
2609 5594 2802 5646 oritur.
2841 5612 2860 5645 ι
2916 5593 3070 5648 Libb.
3098 5594 3253 5656 editi,
3294 5593 3496 5646 «orietu

2214 5594 2326 5734 ξδιξ
2365 5663 2518 5728 Mss.,
2551 5681 2569 5715 ι
2608 5662 2774 5718 facta.
2809 5680 2828 5714 ι
2867 5662 3025 5718 Libb.
3063 5664 3220 5729 editi,
3258 5681 3275 5714 ι
3310 5662 3450 5717 facti.
3482 5679 3504 5713 ο
