3870 6514
166 358 271 413 955

1224 362 1290 418 ΙΝ
1325 363 1586 419 LIBRUM
1621 362 1917 420 JUDICUM
1958 362 2239 419 llOMlLlA
2280 360 2319 414 l.

3307 348 3412 404 958

165 491 289 547 qua:
315 484 441 531 sunt
469 476 756 542 praesentia
789 486 845 532 et
873 480 1097 535 caduca.
1149 480 1257 538 Isto
1304 484 1510 540 lumine
1539 486 1736 541 illumi-
1766 490 1811 547 Λ
1841 494 1896 539 et
1948 484 2235 555 prmceptis
2282 481 2393 537 suis
2431 480 2747 535 illuminant
2785 479 2947 531 corda
2996 480 3203 535 nostra,
3242 480 3295 522 et
3329 469 3411 521 fa-

167 578 369 621 nantur
409 567 482 620 illi
530 567 620 636 qui
673 583 941 624 summum
1005 574 1203 626 bonum
1260 575 1586 645 voluptatem
1636 594 1732 646 pu-

168 668 309 712 tant.
345 657 449 713 [sto
497 659 697 714 lumine
749 662 1130 717 illuminantur
1177 666 1250 719 illi
1305 667 1396 735 qui
1438 670 1653 725 divitias
1684 681 1739 726 et

167 753 403 806 honores
450 752 561 822 (52)
610 754 788 807 saeculi
832 764 886 808 et
940 766 1208 810 terrenam
1267 757 1525 828 gloriam,
1584 765 1735 830 quasi

165 842 489 896 :eternitatia
535 844 848 896 memoriam
882 857 1151 912 quaerunt.
1200 847 1337 901 Sunt
1386 864 1517 919 ergo
1552 851 1639 905 isti
1682 852 1736 907 in

169 934 365 987 diebus
406 934 547 988 lucis
596 933 714 1001 ejus
777 949 897 1004 qu:e
951 937 1345 1007 exstinguetur.
1392 938 1583 995 Omnia
1623 942 1739 997 base

172 1042 293 1093 qua:
324 1037 491 1095 agunt
537 1038 592 1083 et
637 1044 758 1095 qttae
807 1031 1113 1085 desiderant
1158 1042 1210 1087 et
1253 1034 1496 1103 cupiunt,
1538 1036 1742 1090 exstin-

168 1125 431 1184 guuntur.
466 1117 575 1171 Hoc
607 1119 807 1174 lumine
836 1120 1213 1175 illuminantur
1239 1132 1293 1177 et
1331 1124 1591 1191 haeretici,
1620 1125 1738 1180 falsi

171 1206 407 1260 nominis
427 1208 709 1262 scientiam
750 1212 1130 1278 praedicantes.
1166 1213 1303 1269 Hinc
1334 1215 1574 1271 Marcion
1619 1217 1740 1270 illu-

173 1296 434 1359 minatus,
469 1296 634 1350 Deum
668 1298 1050 1368 legisjustum,
1082 1301 1177 1356 sed
1218 1318 1323 1357 non
1359 1304 1555 1358 bonum
1587 1306 1735 1360 dicit.

173 1382 228 1436 Si
263 1399 389 1453 ergo
420 1398 566 1440 recte
609 1388 977 1445 intelleximus
1026 1392 1119 1459 qui
1174 1392 1281 1447 sint
1325 1394 1472 1461 quia
1512 1395 1740 1449 Domino

172 1482 361 1545 nostro
396 1473 521 1530 Jesu
571 1476 787 1531 Christo
830 1495 958 1535 vero
1002 1481 1202 1538 lumine
1246 1481 1644 1549 illuminautur,
1685 1494 1741 1540 et

169 1566 263 1633 qui
301 1565 406 1620 sint
432 1566 546 1622 dies
572 1569 661 1636 qui
699 1570 766 1623 ab
798 1570 894 1624 illo
926 1571 1327 1642 illuminantur,
1357 1575 1447 1644 qui
1478 1590 1537 1630 se
1565 1585 1738 1632 trans-

168 1654 369 1724 ﬁgurat
400 1657 453 1711 in
484 1663 733 1728 angelum
770 1660 906 1717 lucis
938 1702 953 1729 ,
992 1674 1047 1719 et
1102 1666 1256 1735 cujus
1307 1666 1488 1721 lumen
1536 1671 1742 1724 exstin-

169 1746 390 1814 guitur,
446 1761 818 1818 competenter
872 1755 1174 1826 intelligere
1232 1774 1515 1827 possumus
1576 1762 1737 1816 etiam

167 1838 308 1892 istos
329 1837 453 1894 ἔθευ
483 1840 721 1908 Domini,
750 1844 816 1898 de
842 1844 1036 1913 quibus
1061 1848 1256 1901 dicitur
1285 1851 1427 1918 quod
1458 1869 1475 1902 ι
1513 1852 1739 1905 servivit

170 1928 399 1996 populus
445 1930 673 1984 Domino
721 1933 973 1989 omnibus
1019 1936 1211 1992 diebus
1259 1936 1428 2005 Jesu;
1472 1958 1491 1991 ι
1530 1951 1737 1994 certum

168 2035 405 2090 namque
425 2031 507 2076 est
532 2026 671 2091 quod
703 2025 793 2093 qui
832 2026 996 2081 habet
1029 2027 1080 2081 in
1122 2042 1180 2082 se
1209 2028 1326 2083 dies
1356 2028 1509 2095 Jesu,
1534 2032 1741 2085 serviat

169 2111 435 2167 Domino:
471 2130 570 2169 nec
611 2115 729 2169 ﬁeri
781 2127 981 2185 potest,
1036 2128 1093 2173 ut
1139 2120 1345 2175 habens
1376 2121 1428 2174 in
1456 2136 1516 2176 se
1542 2122 1739 2191 aliquis

167 2203 288 2257 dies
310 2202 435 2257 Jesu
468 2214 522 2260 et
553 2205 732 2261 lumen
763 2208 965 2262 Christi
996 2210 1199 2263 serviat
1230 2209 1461 2275 Zabulo,
1498 2220 1591 2265 aut
1626 2228 1741 2267 ser-

165 2294 281 2349 viat
310 2298 587 2352 avaritiae:
630 2314 730 2353 nec
759 2308 939 2367 potest
982 2299 1099 2354 ﬁeri
1149 2310 1208 2354 ut
1243 2302 1579 2357 illuminetur
1618 2304 1740 2373 quis

165 2385 377 2441 lumine
406 2390 651 2444 veritatis
678 2400 733 2444 et
777 2392 983 2445 serviat
1035 2394 1361 2449 mendacio:
1424 2412 1522 2451 nec
1567 2406 1742 2466 potest

169 2477 509 2535 illuminatus
540 2481 740 2536 lumine
785 2482 1260 2547 sanctiﬁcationis,
1309 2486 1519 2541 libidini
1553 2496 1605 2540 et
1635 2489 1739 2542 im-

170 2570 451 2623 munditia:
521 2573 820 2627 deservire.
875 2574 1119 2642 Denique
1186 2575 1267 2630 sic
1339 2584 1391 2630 et
1453 2550 1742 2644 Apostolus

174 2658 311 2711 dicit
339 2658 383 2689 ⁸⁸
410 2676 423 2711 :
456 2678 473 2709 ι
510 2660 641 2726 Qua:
664 2663 809 2716 enim
840 2663 1188 2732 participatio
1235 2674 1318 2719 est
1361 2665 1585 2734 justitia:
1615 2683 1738 2721 cum

169 2748 498 2816 iniquitate?
521 2751 631 2804 Aut
649 2768 771 2821 qua:
800 2752 1042 2808 societas
1068 2755 1173 2809 luci
1204 2756 1269 2809 ad
1295 2757 1586 2812 tenebras?
1610 2758 1742 2825 Quae

167 2848 354 2893 autem
396 2845 748 2897 consonantia
795 2844 1017 2900 Christo
1063 2860 1188 2900 cum
1232 2846 1447 2902 Belial?
1477 2851 1579 2902 Aut
1620 2864 1743 2918 quae

163 2945 301 3000 pars
326 2932 463 2986 ﬁdeli
495 2949 617 2987 cum
654 2934 905 2990 inﬁdeli?
947 2956 966 2989 ›
1016 2934 1247 2992 Oremus
1286 2953 1414 3009 ergo
1446 2948 1504 2993 ut
1528 2954 1742 3009 semper

165 3023 224 3076 in
268 3024 424 3077 nobis
463 3024 714 3081 Christus
759 3029 851 3097 qui
901 3039 984 3083 est
1040 3028 1131 3082 lux
1186 3041 1336 3095 vera,
1397 3030 1559 3084 faciat
1624 3031 1741 3085 dies

163 3111 367 3175 bonos,
399 3129 498 3169 nec
539 3130 775 3186 unquam
802 3118 868 3172 de
893 3118 1101 3173 Zabulo
1134 3134 1231 3173 nos
1263 3118 1602 3174 illuminante
1628 3118 1737 3189 (55)
1768 3146 1808 3202 C

164 3204 465 3259 habeamus
515 3208 567 3260 in
621 3209 783 3262 nobis
839 3209 956 3264 dies
1010 3210 1207 3277 malos,
1258 3212 1326 3266 de
1368 3212 1561 3280 quibus
1607 3212 1739 3266 dicit

162 3294 460 3363 Apostolus
492 3297 535 3327 θ’
567 3316 579 3350 :
630 3315 648 3347 ι
680 3298 1028 3354 Redimentes
1060 3310 1288 3369 tempus,
1327 3302 1585 3369 quoniam
1623 3301 1739 3355 dies

164 3384 299 3437 mali
333 3394 476 3439 sunt.
519 3403 539 3434 ι
598 3386 723 3441 Dies
771 3389 915 3442 enim
966 3390 1139 3443 malos
1187 3392 1474 3455 habemus,
1525 3391 1741 3460 quando

166 3474 412 3528 carnalia
458 3490 555 3545 pro
603 3478 937 3547 spiritalibus
985 3481 1300 3548 quaerimus,
1361 3491 1580 3536 terrena
1640 3498 1740 3550 pro

164 3564 507 3632 coelestibus,
548 3581 648 3635 pro
694 3570 915 3623 aeternis
946 3572 1170 3636 caduca,
1199 3574 1487 3641 pr:esentia
1527 3588 1625 3642 pro
1656 3574 1740 3627 fu-

167 3656 327 3710 turis.
362 3654 417 3710 Si
463 3658 681 3726 quando
706 3673 835 3727 ergo
873 3661 1242 3729 hujuscemodi
1285 3665 1338 3717 in
1384 3674 1435 3718 te
1474 3665 1742 3719 desideria

164 3747 374 3802 videris
403 3750 627 3815 exoriri,
666 3752 807 3805 scito
834 3759 885 3805 te
915 3752 969 3806 in
998 3753 1192 3810 diebus
1223 3754 1378 3809 malis
1401 3763 1455 3809 et
1490 3755 1744 3824 pessimis

162 3837 335 3908 460
364 3842 594 3908 positum
623 3859 638 3894 :
666 3853 719 3897 et
751 3843 871 3898 ideo
906 3842 1094 3899 insiste
1126 3848 1465 3901 orationibus
1508 3857 1566 3898 ut
1610 3847 1744 3900 libe-

167 3931 311 3983 reris
346 3945 376 3983 a
416 3932 505 3986 die
540 3933 655 3999 illo,
706 3945 786 3999 et,
842 3937 982 3992 sicut
1036 3937 1165 3992 dicit
1217 3937 1499 4007 Apostolus
1539 3938 1607 4003 7°,
1638 3938 1746 3991 eri-

168 4022 341 4089 piaris
380 4041 398 4073 σ
433 4025 497 4077 de
545 4029 795 4092 praesenti
848 4029 1048 4083 szeculo
1097 4029 1237 4082 malo
1286 4047 1301 4095 ;
1365 4047 1384 4081 ι
1449 4029 1552 4083 hoc
1601 4029 1743 4084 enim

171 4114 373 4179 modo,
431 4116 572 4182 quod
627 4118 875 4186 superius
933 4120 1196 4186 diximus,
1244 4136 1349 4176 non
1405 4120 1581 4174 solum
1633 4121 1750 4177 dies

169 4205 311 4259 ﬁunt
345 4206 505 4273 mali,
540 4209 633 4264 sed
676 4221 731 4265 et
759 4212 1013 4268 saaculum
1049 4214 1279 4269 edicitur
1309 4214 1532 4267 malum.

243 4294 302 4348 2.
348 4312 366 4346 ι
411 4296 646 4354 Servivit
718 4317 846 4373 ergo
905 4304 1135 4373 populus
1186 4304 1438 4367 Domino,
1498 4295 1749 4357 omnibus

170 4387 366 4441 diebus
409 4388 560 4453 ἔθευ,
597 4400 651 4445 et
675 4392 927 4447 omnibus
969 4394 1240 4448 seniorum
1282 4394 1471 4449 diebus
1504 4396 1592 4462 qui
1625 4395 1746 4448 fue-

1839 576 1995 630 ciunt
2029 574 2193 627 etiam
2222 572 2325 640 ipsi
2355 572 2471 625 dics
2512 571 2770 639 quosdam
2805 567 2858 620 in
2889 564 3045 620 nobis
3077 579 3141 615 ex
3177 560 3261 615 illa
3290 561 3412 615 luce

1840 683 2001 736 quam
2029 666 2129 734 ipsi
2164 681 2229 719 ex
2267 680 2393 717 vera
2425 662 2548 717 luce
2575 659 2885 731 participati
2924 665 3069 723 sunt,
3094 652 3413 709 venientes?

1840 757 1941 823 Qui
1975 771 2106 824 ergo
2137 753 2475 808 illuminatur
2505 760 2559 805 et
2599 750 2888 805 instruitur
2919 762 2984 802 ex
3038 745 3411 816 apostolorum

1840 848 2142 915 praeceptis,
2196 853 2250 899 et
2293 845 2357 898 ad
2398 843 2674 897 servitimn
2714 840 2921 893 Domini
2975 836 3288 906 apostolicis
3324 850 3407 887 re-

1840 938 1978 1007 gulis
2003 934 2310 998 instruitur,
2341 933 2443 988 iste
2470 940 2550 985 est
2583 931 2672 999 qui
2702 930 2913 984 servire
2944 928 3144 982 dicitur
3181 923 3408 979 Domino

1840 1030 1893 1083 in
1924 1027 2112 1081 diebus
2153 1025 2423 1079 seniorum
2480 1022 2572 1090 qui
2618 1020 2837 1073 fuerunt
2890 1026 3008 1088 post
3051 1016 3259 1071 Jesum.
3310 1014 3407 1069 Vis

1842 1127 2025 1171 autem
2078 1115 2264 1167 videre
2294 1114 2419 1181 quia
2460 1112 2601 1165 sicut
2635 1109 2886 1163 Salvator
2920 1126 2938 1157 ι
2971 1114 3087 1160 erat
3124 1107 3211 1159 lux
3255 1119 3407 1168 vera,

1841 1221 1962 1274 qua:
1990 1203 2261 1259 illuminat
2288 1214 2503 1255 omnem
2526 1196 2802 1252 hominem
2840 1193 3145 1248 venientem
3179 1193 3233 1245 in
3264 1192 3410 1244 hunc

1842 1296 2102 1349 mundum
2137 1295 2204 1359 ",
2244 1311 2263 1344 ι
2302 1292 2374 1345 ita
2402 1300 2458 1345 et
2488 1288 2713 1359 apostoli
2755 1286 2841 1340 lux
2884 1291 3040 1337 erant
3081 1281 3316 1336 mundi?
3349 1280 3407 1334 In

2190 1335 2204 1359 ν

1850 1385 2144 1456 Evangelia
2168 1386 2430 1453 scriptum
2456 1390 2562 1445 est,
2592 1380 2804 1435 dicente
2832 1377 3059 1431 Domino
3090 1372 3282 1429 adeus
3315 1373 3360 1404 ⁷³
3390 1389 3406 1426 :

1846 1497 1864 1530 ι
1900 1478 2007 1533 Vos
2051 1477 2183 1532 estis
2234 1475 2323 1529 lux
2374 1472 2583 1528 mundi.
2627 1489 2645 1523 ι
2683 1470 2834 1537 Quod
2871 1468 2915 1521 si
2961 1467 3129 1521 etiam
3178 1463 3406 1533 apostoli

1840 1569 1929 1623 lux
1965 1576 2092 1623 sunt
2120 1566 2327 1633 mundi,
2363 1566 2481 1619 sine
2515 1563 2682 1618 dubio
2713 1576 2810 1630 per
2843 1566 3113 1629 praecepta
3158 1564 3211 1610 et
3258 1569 3411 1607 man-

1840 1661 1965 1715 data
2000 1673 2096 1714 sua
2134 1656 2442 1712 illuminant
2468 1653 2624 1708 nobis
2657 1651 2796 1717 dies,
2840 1649 2894 1704 in
2923 1646 3133 1718 quibus
3177 1645 3406 1701 Domino

1841 1752 2162 1809 serviamus.

1772 1816 1815 1875 Β
1912 1842 1967 1895 5.
2010 1840 2162 1906 Quod
2209 1846 2390 1892 autem
2434 1834 2609 1890 dixit:
2645 1849 2664 1884 ι
2701 1830 2966 1886 Omnibus
2996 1829 3187 1882 diebus
3232 1825 3412 1880 senio-

1842 1948 1984 1997 rum,
2014 1932 2105 2000 qui
2139 1930 2448 1999 longiorum
2487 1925 2694 1981 dierum
2721 1922 2945 1975 fuerunt
2984 1928 3105 1988 post
3137 1917 3346 1980 Jesum,
3386 1935 3406 1967 ι

1841 2040 1940 2078 nec
1981 2024 2084 2077 hoc
2112 2022 2243 2076 mihi
2268 2020 2444 2073 otiose
2472 2017 2675 2071 dictum
2717 2013 2952 2074 videtur,
3005 2009 3144 2078 quod
3186 2008 3408 2077 longaevi

1840 2116 1924 2170 vel
1957 2113 2264 2182 longiorum
2298 2109 2509 2163 dierum
2543 2106 2801 2160 dicuntur
2845 2116 2965 2159 esse
3015 2101 3278 2165 seniores,
3316 2099 3407 2167 qui

1840 2214 1963 2276 post
1985 2202 2168 2258 Jesum
2210 2201 2448 2255 fuerunt.
2482 2196 2546 2249 Et
2566 2195 2781 2265 quidem
2810 2192 2900 2246 Dei
2935 2200 3016 2246 est
3047 2190 3215 2244 solius
3242 2203 3404 2243 nosse

1844 2305 1962 2366 post
1992 2293 2175 2349 Jesnm
2204 2291 2329 2361 quis
2359 2287 2523 2343 fuerit
2557 2288 2696 2341 inter
2720 2286 2965 2340 seniores
2994 2283 3085 2351 qui
3114 2281 3410 2349 longiorem

1842 2389 1983 2444 diem
2028 2385 2234 2446 fecerit,
2286 2383 2339 2437 id
2376 2387 2477 2444 est,
2513 2378 2604 2449 qui
2640 2377 2904 2443 majorem
2951 2389 3019 2429 ex
3063 2387 3121 2427 se
3168 2370 3416 2425 emiserit

1842 2480 2037 2540 lucem,
2078 2485 2258 2529 utrum
2309 2472 2522 2532 Petrus,
2578 2467 2907 2532 an’Paulus,
2948 2463 3406 2526 Bartholomatus,

1843 2586 1908 2623 an
1978 2567 2276 2621 Joannes:
2336 2569 2707 2617 verumtamen
2784 2558 3087 2627 longiorum
3164 2554 3416 2608 dicuntur

1842 2658 2050 2712 dierum
2078 2654 2277 2709 sancti.
2310 2650 2632 2707 Econtrario
2681 2663 2811 2704 vero
2857 2656 3007 2713 tunc,
3056 2644 3273 2716 quando
3311 2643 3417 2697 iste

1843 2747 2076 2801 mundus
2136 2744 2293 2800 malis
2348 2741 2653 2811 replebitur
2692 2738 2829 2810 (54),
2878 2735 3100 2806 quando
3149 2751 3169 2785 ι
3207 2733 3415 2786 incres-

1844 2848 2000 2893 cente
2049 2836 2332 2906 iniquitate
2368 2832 2692 2903 refrigescet
2743 2829 2985 2884 charitas
3023 2826 3315 2879 multorum
3347 2822 3415 2888 ⁷⁵,

1845 2942 1899 2986 et
1924 2930 2140 2999 quando
2178 2926 2407 2981 veniens
2450 2924 2621 2978 Filius
2679 2920 2936 2981 hominis,
2992 2914 3209 2971 diilicile
3256 2915 3415 2968 ﬁdem

1846 3022 2087 3076 inveniet
2114 3033 2279 3087 super
2310 3025 2512 3072 terram
2549 3016 2781 3080 ",itunc
2818 3026 2925 3065 non
2956 3009 3212 3065 dicuntur
3248 3007 3415 3060 futuri

1845 3111 1992 3179 longi
2033 3110 2173 3173 dies,
2216 3107 2310 3163 sed
2363 3105 2537 3175 magis
2583 3102 2892 3158 abbreviari
2952 3101 3226 3162 dicuntur,
3278 3097 3420 3152 sicut

1844 3202 1979 3256 dixit
2006 3200 2266 3255 Dominus
2294 3197 2363 3262 ⁷⁸,
2382 3198 2537 3265 quia:
2556 3196 2655 3250 nisi
2682 3195 2984 3251 abbreviati
3032 3195 3261 3249 fuissent
3302 3189 3419 3243 dies

1844 3292 1940 3357 illi,
1984 3305 2089 3344 non
2131 3288 2283 3343 ﬁeret
2327 3286 2476 3342 salva
2520 3286 2628 3339 ulla
2680 3302 2830 3341 caro.
2878 3305 2897 3339 ι
2961 3285 3083 3339 Mali
3124 3299 3256 3353 ergo
3298 3282 3413 3337 dies

1844 3377 2081 3433 breviari
2129 3372 2684 3443 dicuntur:longacvi
2735 3382 2914 3429 autem
2962 3383 3109 3439 sunt,
3156 3382 3212 3427 et
3262 3371 3418 3426 multi

1846 3467 2105 3536 temporis
2133 3475 2188 3519 et
2226 3466 2445 3533 grandis
2476 3465 2881 3533 quodammodo
2916 3466 3077 3535 spatii
3112 3465 3229 3520 dies
3269 3462 3418 3528 boni,

1845 3560 1898 3614 in
1948 3558 2145 3628 quibus
2193 3557 2421 3611 Domino
2475 3556 2761 3610 servimus.
2819 3555 2959 3609 Vide
2992 3564 3172 3608 tamen
3210 3553 3336 3623 quia
3367 3559 3422 3607 et

1846 3652 1949 3705 hoc
1997 3648 2302 3718 designavit
2356 3646 2410 3700 in
2460 3644 2757 3714 Evangelio
2797 3645 2863 3710 ⁷⁷,
2920 3645 3067 3714 quod
3130 3661 3149 3694 ι
3198 3650 3423 3712 propter

1848 3742 2057 3797 electos
2102 3738 2497 3794 hreviabuntur
2542 3737 2661 3792 dies
2715 3737 2813 3791 illi.
2850 3754 2868 3787 ι
2903 3735 3103 3790 Electis
3136 3748 3265 3805 ergo
3295 3735 3422 3789 bre-

1844 3836 2139 3889 viabuntur
2188 3832 2305 3885 dies
2353 3828 2509 3895 mali,
2556 3829 2672 3884 dies
2706 3828 3013 3897 iniquitatis
3054 3833 3108 3881 et
3135 3823 3420 3881 scandali:

1848 3935 1899 3980 et
1944 3933 2003 3978 ut
2036 3939 2134 3993 ego
2180 3922 2439 3984 arbitror,
2492 3935 2614 3973 cum
2658 3920 2829 3974 semel
2889 3918 3080 3974 electis
3128 3917 3247 3970 dies
3294 3914 3423 3969 mali

1850 4018 2117 4087 coeperint
2147 4013 2400 4077 breviari,
2442 4026 2659 4081 semper
2705 4011 3025 4067 breviantur
3062 4017 3117 4063 et
3166 4008 3425 4063 minuun-

1852 4119 1939 4164 tur
1976 4106 2114 4179 (55),
2142 4120 2316 4175 usque
2363 4105 2488 4158 dum
2526 4105 2594 4158 ad
2625 4103 2852 4157 nihilum
2880 4104 3222 4172 redigantur,
3251 4111 3307 4157 et
3331 4114 3428 4171 pe-

1848 4202 1995 4256 nitus
2040 4198 2361 4253 exolescant
2404 4209 2566 4269 atque
2619 4197 2683 4249 ad
2747 4194 2996 4248 ultimum
3045 4203 3289 4265 pereant.
3346 4194 3427 4248 Ex

1849 4292 2046 4361 quibus
2097 4305 2262 4353 unus,
2318 4299 2467 4357 puto,
2519 4297 2643 4344 erat
2687 4295 2743 4341 et
2790 4284 2880 4339 ille
2926 4285 3017 4355 qui
3070 4286 3287 4341 dicebat
3336 4286 3423 4340 ἐς

1859 4402 1877 4433 ι
1921 4384 2118 4437 Pereat
2166 4383 2256 4435 illa
2289 4384 2407 4435 dies
2458 4382 2510 4436 in
2540 4396 2643 4449 qua
2700 4388 2860 4433 natus
2910 4393 3053 4431 sum.
3094 4396 3114 4429 ι
3163 4377 3254 4431 Sic
3296 4391 3428 4446 ergo

170 4476 291 4532 rint
339 4489 461 4548 post
512 4481 696 4536 Jcsum
735 4484 803 4535 “.
848 4504 868 4537 ι
918 4483 1115 4540 Beatus
1168 4496 1253 4541 est
1300 4486 1391 4556 qui
1444 4487 1499 4540 in
1554 4486 1743 4541 diebus
1779 4485 1823 4538 It
1849 4474 2037 4528 electis
2079 4473 2195 4527 dies
2227 4472 2353 4526 mali
2383 4471 2696 4527 breviantur
2732 4477 2787 4523 et
2817 4475 3051 4537 pereunt
3091 4467 3253 4521 :dics
3297 4482 3428 4522 vero

169 4565 304 4624 Jesu
354 4571 522 4624 servit
563 4571 813 4639 Domino,
866 4576 955 4643 qui
989 4577 1155 4631 verbo
1206 4586 1263 4631 et
1311 4578 1575 4645 sapientia
1628 4578 1747 4647 ejus

170 4662 534 4727 illuminatur,
569 4667 657 4735 qui
702 4668 981 4736 praeceptis
1017 4669 1135 4738 ejus
1184 4668 1507 4733 illustratur,
1558 4670 1648 4737 qui
1682 4685 1749 4724 ex

175 4751 424 4806 doctrina
480 4752 597 4820 ejus
667 4756 865 4825 accipit
916 4758 1099 4812 lumen
1172 4758 1442 4813 scientiae.
1499 4758 1750 4813 Secundo

177 4850 361 4896 autem
402 4845 542 4911 loco,
580 4854 633 4900 et
674 4847 765 4902 ille
802 4856 923 4917 post
964 4848 1108 4903 hunc
1153 4858 1239 4903 est
1286 4850 1514 4913 beatus,
1568 4851 1659 4918 qui
1697 4851 1750 4904 in

170 4933 372 4989 diebus
404 4932 675 4991 seniorum
716 4939 808 5008 qui
854 4938 1069 4994 fuerunt
1098 4949 1218 5009 post
1271 4939 1480 5004 Jesum,
1520 4939 1747 4995 Domino

174 5027 372 5080 servit.
405 5024 661 5082 Seniores
689 5030 777 5098 qui
814 5029 893 5085 vel
929 5045 1050 5085 cum
1080 5030 1232 5098 ἔθευ,
1272 5030 1354 5087 vel
1391 5038 1515 5099 post
1562 5030 1748 5086 Jesum

178 5120 427 5185 fuerunt,
455 5122 549 5190 qui
579 5131 707 5176 sunt
737 5124 837 5179 nisi
867 5124 1125 5194 apostoli,
1157 5128 1252 5195 qui
1281 5134 1336 5180 et
1385 5125 1487 5194 ipsi
1534 5124 1753 5193 scriptis

252 5282 300 5354 εξ
325 5282 388 5336 11.
421 5284 544 5338 Cor.
566 5299 641 5348 vr,
674 5285 758 5347 M,
790 5285 875 5339 15.
953 5288 995 5318 ⁸⁸
1026 5286 1221 5354 Ephes.
1248 5286 1407 5348 v.16.
1484 5284 1673 5354 '_°_Gal.
1713 5299 1751 5348 ι,
1782 5304 1815 5335 4

181 5352 227 5387 ’δ
274 5353 468 5410 Matth.
519 5370 683 5421 xxrv,
727 5355 814 5410 12.
888 5356 937 5389 ⁷⁸
988 5349 1119 5413 Luc.
1184 5372 1351 5421 xvttt,
1400 5354 1455 5408 8.
1494 5350 1541 5381 ⁷⁸
1582 5356 1771 5407 Matth.
1796 5349 2064 5414 xxrv,22.

256 5532 373 5605 (52)
420 5532 570 5588 Unus
624 5538 794 5589 codex
834 5535 1200 5598 Ebroicensis,
1248 5552 1266 5587 ι
1295 5536 1387 5605 qui
1442 5536 1660 5591 divitias
1701 5542 1757 5589 et

181 5604 501 5673 voluptates
530 5606 789 5673 pessimas
814 5616 870 5658 et
896 5606 1145 5659 honores.
1188 5625 1205 5657 ι

180 5673 383 5796 ωἱεῗῇζ
422 5671 577 5791 b.1551,
636 5691 655 5724 ι
700 5674 1062 5729 illuminante.
1114 5694 1133 5727 ι
1182 5675 1340 5731 Libb.
1382 5676 1533 5740 editi,
1586 5692 1604 5726 ι
1636 5675 1757 5730 illu-

258 5812 377 5882 (54)
424 5808 572 5870 Unus
596 5814 790 5883 codex,
841 5833 858 5866 ι
889 5830 1028 5897 nunc
1062 5830 1187 5871 cum
1213 5814 1483 5871 scandulis
1526 5815 1756 5870 mundus

1846 4566 2119 4622 seniorum
2163 4572 2473 4618 sanctorum
2522 4559 2748 4628 longaevi
2779 4566 2991 4612 suntet
3026 4557 3251 4625 prolixi.
3316 4555 3429 4610 Sed

1847 4657 2050 4713 etillud
2089 4654 2230 4725 quod
2279 4652 2589 4708 dicentibus
2626 4651 2783 4705 nobis
2817 4650 3082 4713 occurrit,
3117 4658 3171 4702 et
3214 4650 3429 4702 utinam

1851 4750 2076 4804 Domino
2125 4753 2446 4816 suggerente
2472 4742 2777 4797 occurrerit
2813 4742 2950 4812 (56),
2991 4740 3428 4810 praetereundum

1856 4858 1965 4897 non
1992 4849 2097 4905 est,
2134 4838 2278 4908 quod
2307 4836 2445 4891 dixit
2466 4835 2535 4903 "’,
2568 4835 2694 4905 quia
2749 4853 2767 4886 ι
2797 4836 3022 4891 servivit
3068 4834 3296 4904 populus
3327 4833 3430 4898 Do-

1858 4934 2007 4987 mino
2034 4929 2288 4984 omnibus
2319 4927 2514 4981 diebus
2545 4925 2672 4981 Jesu
2705 4942 2720 4989 ;
2754 4943 2773 4977 ι
2804 4941 2908 4981 non
2940 4926 3075 4980 dixit
3101 4940 3264 4978 unum
3290 4924 3430 4978 diem

1860 5026 2027 5083 fuisse
2078 5026 2229 5094 Jesu,
2265 5026 2359 5081 sed
2412 5024 2565 5079 multi
2598 5031 2725 5078 sunt
2774 5023 2888 5078 dies
2926 5021 3075 5078 Jesu.
3123 5020 3269 5088 Quos
3300 5032 3432 5088 ergo

1861 5119 1975 5190 (57)
2006 5119 2206 5174 multos
2239 5117 2492 5188 ponimus
2521 5116 2641 5171 dies
2668 5115 2971 5172 secundum
3003 5115 3147 5167 hunc
3182 5110 3431 5167 ordinem

2405 5278 2459 5307 7"
2489 5275 2646 5331 Joan.
2695 5291 2734 5339 ι,
2778 5275 2831 5329 9.

2424 5348 2468 5379 ⁷⁸
2514 5346 2615 5403 Job
2668 5361 2750 5411 ιιι,
2793 5345 2848 5400 5.

2940 5274 2985 5306 ⁷³
3020 5273 3211 5327 Matth.
3255 5288 3307 5332 v.
3341 5271 3431 5329 Η.

2935 5345 2980 5377 ’⁷⁸
3022 5344 3143 5399 Jud.
3182 5358 3243 5410 ιι,
3274 5343 3326 5397 7.

1914 5281 1958 5312 τί
1995 5278 2117 5331 Jud.
2153 5294 2214 5343 ll,
2247 5277 2299 5331 7.

1914 5367 1948 5402 ι.
1974 5349 2064 5402 22.
2142 5349 2186 5378 ⁷⁷
2214 5348 2321 5402 ibid

1864 5531 2181 5601 replebitur.
2222 5547 2241 5579 ι

1936 5594 2048 5669 (55)
2091 5599 2242 5653 Unus
2276 5613 2402 5659 ms..
2445 5615 2463 5648 ι
2493 5594 3333 5669 hreviabunturetminuentur.
3366 5607 3389 5642 ι

1934 5664 2045 5742 (56)
2091 5669 2239 5724 Unus
2264 5685 2391 5731 ms.,
2433 5687 2449 5718 ι
2489 5667 2810 5721 oceurrerit.
2850 5685 2867 5716 ι
2904 5666 3058 5720 Libb.
3085 5664 3243 5727 editt,
3283 5678 3304 5713 ι
3341 5674 3429 5717 oc-

1865 5749 2131 5799 curreret.
2167 5756 2185 5790 ι

1935 5813 2048 5883 (57)
2092 5809 2242 5867 Unus
2277 5824 2403 5875 ms.,
2438 5825 2457 5858 ι
2493 5805 2632 5875 quod
2663 5818 2812 5874 ergo.
2850 5821 2868 5855 ι
