3870 6510
447 324 554 382 955

1915 322 2238 380 ORIGENIS

3602 320 3693 378 95$

446 453 610 508 quem
659 437 1055 508 exposuimus?
1117 437 1229 508 Ego
1294 435 1374 492 sic
1429 435 1671 492 arbitror
1718 439 1860 506 quod
1907 439 2022 493 dies
2054 443 2098 498 Α
2128 424 2246 509 qua:
2276 440 2403 494 fecit
2431 440 2480 494 in
2505 438 2706 495 lsrael?
2737 457 2755 491 ι
2784 436 2924 505 Quid
2947 435 3294 492 enim?Sunt
3330 435 3519 506 aliqua
3543 450 3696 506 open

449 546 588 585 unus
642 532 813 601 ipsius
852 539 937 586 est
972 529 1204 601 justitia,
1254 530 1393 585 alius
1441 532 1826 599 sanctiﬁcatio,
1879 531 2021 586 alius

446 623 763 688 prudentia,
796 621 935 676 alius
969 622 1370 686 misericordia,
1422 631 1479 676 et
1527 623 1609 678 sic
1667 638 1762 694 per
1804 624 2019 693 singula

448 713 711 768 virtutum
757 713 894 767 dona
936 714 1055 767 dies
1106 723 1486 783 computantur
1524 713 1687 777 Jesu,
1727 715 1778 768 in
1823 713 2022 782 quibus

453 803 680 858 Domino
717 806 980 864 servitur,
1011 803 1136 872 quia
1167 804 1219 856 in
1256 805 1339 860 bis
1376 805 1668 859 virtutibus
1696 805 1860 858 animi
1909 806 2014 859 Do-

450 892 600 947 mino
633 893 898 963 placetur.
935 893 1039 947 Sed
1067 904 1122 948 et
1149 893 1466 962 patientiam
1500 905 1811 964 computato
1854 896 2018 960 diem,

446 995 504 1039 et
544 985 1030 1046 mansuetudinem,
1088 993 1145 1037 et
1199 984 1479 1052 pietatem,
1511 995 1567 1039 et
1593 985 1912 1050 bonitatem,
1966 998 2020 1042 et

445 1089 606 1130 omne
629 1079 772 1145 quod
799 1078 864 1129 ad
892 1077 1152 1130 virtutem
1177 1077 1437 1144 pertinet,
1468 1078 1636 1146 ipsius
1661 1079 1826 1132 dicito
1853 1080 2016 1134 diem.

449 1165 516 1220 Et
547 1167 626 1220 sic
661 1169 711 1220 in
739 1167 993 1222 omnibus
1025 1167 1218 1221 diebus
1265 1166 1391 1221 Jesu
1428 1168 1656 1222 Domino
1699 1171 1919 1233 servies,
1969 1171 2018 1225 i‘d

446 1265 531 1309 est
571 1256 625 1309 in
668 1257 925 1310 omnibus
953 1256 1037 1310 bis
1067 1255 1380 1311 virtutibus.
1413 1255 1528 1310 Non
1561 1260 1704 1311 enim
1734 1258 1848 1311 vult
1879 1258 2021 1312 Scri-

447 1357 619 1414 ptura:
662 1357 868 1402 sancta:
913 1349 1202 1411 institutio,
1253 1360 1309 1404 ut
1352 1349 1564 1416 aliquas
1610 1364 1678 1404 ex
1724 1349 1806 1404 bis
1849 1351 2017 1403 virtu-

448 1439 592 1493 tibus
624 1438 828 1494 habeas
859 1441 910 1494 in
946 1451 1016 1506 te,
1049 1452 1100 1496 et
1131 1441 1266 1495 alias
1316 1441 1578 1509 negligas,
1627 1441 1718 1494 sed
1761 1451 1814 1493 ut
1841 1441 2020 1495 omni-

449 1528 554 1584 bus
581 1530 666 1585 bis
698 1531 993 1585 virtutibus
1024 1532 1346 1594 adornatus,
1397 1540 1451 1584 et
1496 1532 1546 1586 in
1592 1545 1779 1585 earum
1809 1531 2019 1585 actibus

445 1620 655 1689 positus
692 1623 899 1676 servias
935 1622 1185 1676 Domino.
1241 1621 1441 1676 Eodem
1489 1622 1649 1676 modo
1691 1621 1812 1690 quis
1856 1623 2016 1677 etiam

449 1711 733 1764 seniorum
785 1713 900 1766 dies
951 1713 1110 1767 habet
1158 1713 1211 1766 in
1254 1727 1333 1778 se,
1382 1721 1435 1766 et
1488 1713 1541 1766 in
1591 1713 1783 1767 diebus
1827 1728 2014 1768 eorum

450 1802 616 1856 servit
651 1802 901 1868 Domino,
949 1803 1179 1872 implens
1225 1804 1353 1858 illud
1387 1805 1530 1873 quod
1573 1805 1706 1859 dicit
1739 1807 2017 1875 apostolus
2051 1784 2091 1838 Β

449 1891 652 1947 Pamus
688 1893 775 1950 "z
827 1911 845 1944 ι
877 1895 1184 1950 lmitatores
1236 1894 1340 1949 mei
1387 1904 1579 1961 estote,
1623 1894 1766 1950 sicut
1815 1904 1870 1950 et
1917 1910 2020 1966 ego

447 1983 674 2040 Christi.
708 2003 726 2036 ι

517 2072 574 2128 4.
622 2089 642 2123 ι
680 2070 736 2124 ln
771 2070 985 2139 diebus,
1021 2073 1196 2144 inquit
1225 2075 1297 2139 ἰ,
1328 2075 1603 2130 seniorum
1646 2091 1831 2130 eorum
1857 2115 1872 2140 ,
1924 2076 2015 2144 qui

443 2172 822 2230 cognoverunt
855 2164 1038 2218 omnia
1085 2179 1250 2234 opera
1299 2166 1534 2220 Domini.
1570 2184 1590 2218 ι
1639 2166 1770 2232 Quis
1804 2175 1885 2221 est
1925 2166 2017 2235 qui

442 2252 727 2318 cognoscit
764 2254 948 2308 omnia
983 2269 1148 2323 opera
1187 2256 1420 2318 Domini,
1455 2257 1556 2312 nisi
1601 2259 1694 2326 qui
1740 2257 1873 2314 facit
1915 2261 2018 2314 ea?

445 2339 600 2396 Sicut
629 2343 772 2397 euint
801 2343 1006 2399 dictum
1041 2354 1126 2398 est
1159 2345 1226 2399 de
1257 2345 1383 2400 [iliis
1411 2346 1525 2401 Heli
1569 2348 1638 2412 ⁸³,
1673 2350 1798 2417 quia
1833 2360 2019 2405 essent

445 2450 466 2482 ι
505 2432 597 2486 ﬁlii
628 2433 966 2502 pestilentiae,
1007 2436 1310 2491 nescientes
1339 2437 1646 2501 Dominum,
1681 2457 1699 2490 ι
1732 2455 1836 2493 non
1875 2442 2021 2509 quod

442 2523 764 2592 ignorarent
794 2525 1103 2588 Dominum,
1137 2529 1226 2596 qui
1265 2529 1456 2597 utique
1485 2539 1539 2584 et
1579 2532 1828 2600 doctores
1863 2544 2019 2588 erant

445 2625 790 2681 caeterorum,
825 2617 919 2670 sed
950 2618 1076 2686 quia
1113 2619 1191 2672 sic
1224 2619 1458 2690 agebant
1488 2629 1548 2674 ut
1589 2631 1756 2696 agunt
1791 2623 1890 2687 illi,
1923 2625 2016 2693 qui

444 2705 693 2760 nesciunt
728 2707 1048 2762 Dominum:
1087 2709 1188 2765 hoc
1229 2712 1390 2766 modo
1429 2713 1596 2767 etiam
1641 2713 1730 2770 hic
1777 2716 2018 2770 sentien-

445 2795 572 2847 dum
603 2805 688 2850 est
726 2800 868 2866 quod
897 2801 1050 2865 dicit,
1085 2819 1104 2852 ι
1133 2802 1226 2871 qui
1275 2817 1648 2877 cognoverunt
1676 2821 1840 2861 omne
1871 2815 2016 2877 ‘opus

447 2883 681 2941 Domini.
717 2906 736 2938 ι
775 2879 985 2958 Ειβὸ)
1018 2907 1121 2944 non
1159 2891 1357 2956 solum,
1407 2893 1602 2962 inquit,
1645 2907 2017 2964 cognoverunt

443 2989 579 3042 Opus
609 2974 842 3040 Domini,
875 2979 968 3032 sed
999 2979 1228 3044 addidit,
1270 2998 1288 3031 ι
1325 2983 1414 3050 qui
1446 2997 1606 3036 omne
1635 2998 1770 3053 Opus
1809 3000 2012 3056 cogno-

445 3075 638 3118 verunt
693 3065 952 3132 Domini;
993 3087 1011 3121 ι
1053 3069 1103 3122 id
1145 3080 1247 3136 est,
1290 3073 1382 3141 qui
1430 3084 1800 3141 cognoverunt
1838 3088 1891 3130 et
1925 3077 2012 3148 ju-

2129 531 2344 585 Domini
2371 547 2560 601 parva,
2593 532 2658 585 ad
2691 544 2922 600 quorum
2945 528 3353 583 distinctionem
3378 527 3494 582 haec
3517 543 3695 597 magna

2128 623 2411 678 dicantur?
2458 623 2568 690 Ego
2619 621 2862 676 arbitror
2914 620 3060 688 quod
3107 634 3272 675 omne
3327 619 3558 687 quidem
3611 617 3694 672 Dei

2126 728 2260 780 opus
2287 723 2369 766 est
2399 729 2673 782 magnum,
2705 712 2847 781 qttod
2887 727 2984 780 pro
3016 713 3326 780 capacitate
3369 725 3567 763 eorum
3611 709 3694 778 qui

2126 813 2445 872 operantur,
2472 805 2518 857 si
2545 804 2648 858 sibi
2679 804 2918 858 invicem
2951 812 3369 872 comparentur,
3401 800 3486 853 vel
3517 812 3696 868 magna

2127 911 2289 964 opera
2326 894 2538 950 Domini
2569 895 2822 949 dicutttur
2853 910 2995 959 esse,
3033 895 3117 949 vel
3150 907 3344 964 parva.
3381 891 3550 945 Verbi
3581 907 3697 944 cau-

2127 1003 2211 1053 sa,
2239 986 2424 1040 eduxit
2465 984 2602 1039 ﬁlios
2626 983 2793 1038 Israel
2819 984 2884 1040 de
2911 984 3150 1054 Egypto
3195 985 3249 1044 in
3289 997 3457 1035 manu
3498 979 3697 1034 furtiet

2127 1077 2356 1132 brachio
2384 1076 2624 1142 excelso,
2647 1075 2884 1146 Egypto
2912 1076 3174 1145 prodigiis
3223 1073 3554 1128 caalestibus
3588 1085 3701 1124 ver-

2128 1171 2336 1234 berata,
2362 1169 2504 1222 viam
2535 1169 2661 1222 fecit
2698 1169 2750 1222 in
2789 1168 2962 1233 mari,
3007 1184 3203 1222 tnanna
3248 1168 3299 1221 in
3342 1165 3571 1219 deserto
3615 1177 3697 1230 po-

2125 1261 2250 1330 pulo
2284 1261 2451 1324 dedit,
2486 1262 2552 1315 de
2595 1259 2734 1316 cmlo
2789 1260 3001 1315 locutus
3049 1267 3133 1313 est
3175 1258 3244 1310 ad
3284 1256 3501 1317 Mosen,
3537 1254 3694 1334 leget-

2125 1353 2488 1420 conscriptam
2525 1353 2575 1405 in
2629 1351 2830 1406 tabulis
2869 1349 3091 1418 lapideis
3139 1347 3312 1402 dedit.
3366 1345 3566 1399 Nonne
3595 1345 3697 1397 hac

2125 1458 2321 1512 magna
2358 1450 2485 1496 sunt
2523 1456 2684 1510 opera
2722 1439 2854 1493 Dei?
2903 1438 3009 1492 Sed
3055 1438 3098 1491 si
3156 1436 3288 1490 illud
3341 1435 3430 1488 his
3479 1447 3697 1500 compa-

2125 1551 2211 1590 res
2237 1537 2320 1601 ⁸⁸,
2352 1535 2494 1605 quod
2532 1554 2550 1585 ι
2594 1535 2664 1589 ita
2702 1533 2889 1589 dilexit
2929 1533 3068 1586 Deus
3124 1529 3270 1584 hunc
3313 1528 3615 1589 mundum,
3645 1535 3697 1578 ut

2123 1627 2316 1681 Filium
2345 1642 2502 1681 suum
2536 1626 2872 1694 unigenitum
2905 1625 3060 1678 daret
3087 1642 3106 1674 ι
3142 1637 3241 1692 pro
3273 1620 3456 1675 salute
3493 1619 3694 1682 mundi,

2129 1717 2368 1772 invenies
2392 1716 2574 1771 omnia
2609 1715 2696 1769 illa
2731 1729 2894 1784 parva
2923 1728 3044 1770 esse
3077 1714 3142 1766 ad
3174 1711 3346 1778 hujus
3375 1711 3563 1778 operis
3592 1726 3695 1763 tn:-

2123 1807 2480 1877 gnitudinem.
2519 1805 2672 1871 Quod
2727 1818 2864 1872 opus
2909 1803 3072 1857 etiam
3112 1817 3213 1856 nos
3266 1812 3323 1854 et
3374 1814 3693 1869 cognoscere

2122 1898 2401 1960 debemus,
2441 1904 2495 1951 et
2545 1896 2788 1959 credere,
2852 1904 2907 1948 et
2964 1897 3178 1962 Operari
3233 1906 3406 1956 opera
3471 1891 3692 1943 Domini.

2122 1987 2238 2044 Non
2269 2003 2400 2057 ergo
2432 1986 2792 2057 negligenter,
2841 1984 2932 2040 sed
2972 1983 3201 2037 ﬁdeliter
3257 1993 3311 2035 et
3363 1990 3594 2042 attente,
3643 1992 3694 2033 ut

2121 2079 2470 2133 inveniamur
2521 2088 2576 2133 et
2626 2092 2725 2132 nos
2773 2077 2827 2130 in
2889 2075 3078 2129 diebus
3116 2073 3245 2128 Jesu
3278 2071 3513 2134 Christi,
3552 2081 3604 2125 et
3644 2073 3688 2124 in

2120 2167 2312 2222 diebus
2347 2173 2659 2220 sanctorum
2685 2165 2962 2223 seniorum
2997 2163 3114 2233 ejus
3154 2163 3557 2231 apostolorum,
3579 2176 3685 2214 cum

2117 2259 2313 2329 quibus
2365 2267 2420 2313 et
2465 2258 2782 2312 societatem
2821 2255 3059 2312 cmlestis
3103 2254 3446 2308 hzcreditatis
3496 2268 3686 2306 merea-

2119 2363 2238 2400 mur
2270 2348 2537 2416 accipere,
2577 2363 2672 2416 per
2698 2347 2872 2412 ipsum
2912 2337 3206 2400 Dominum’
3235 2354 3488 2398 nostrum
3519 2342 3684 2397 Jesnm

2118 2437 2415 2502 Christum,
2449 2438 2534 2492 cui
2564 2446 2646 2493 est
2670 2438 2842 2510 gloria
2879 2447 2934 2492 et
2962 2435 3253 2506 imperium
3289 2435 3343 2488 in
3373 2435 3570 2490 sarcula
3598 2452 3685 2489 s2-

2117 2532 2387 2588 culorum.
2413 2530 2607 2587 Amen.

2702 2619 2988 2676 ilOMlLlA
3024 2620 3089 2676 11.

2117 2711 2194 2767 De
2221 2727 2279 2766 eo
2309 2712 2449 2782 quod
2477 2713 2831 2849 scripturglest
2851 2712 2930 2834 “Iv:
2957 2730 2975 2762 ι
3011 2713 3077 2765 Et
3109 2711 3401 2781 defunctus
3441 2721 3519 2765 at
3543 2709 3684 2764 lem

2754 2797 2836 2834 tua
2871 2809 2888 2834 ι
2927 2797 3038 2835 ave.
3068 2799 3087 2833 ι

2754 2797 2836 2834 tua
2871 2797 3038 2835 ﬂave.
3068 2799 3087 2833 ι

2186 2885 2238 2940 1.
2276 2884 2556 2940 Recitatus
2583 2893 2664 2938 est
2693 2883 2850 2937 nobis
2892 2883 3057 2936 etiam
3097 2883 3226 2938 Jesu
3270 2883 3477 2937 obitus.
3512 2883 3575 2938 Et
3603 2884 3682 2936 ille

2115 2977 2330 3045 quidem
2383 2976 2526 3030 ﬁlius
2575 2972 2723 3028 Nave
2753 2973 2894 3044 quod
2932 2973 3222 3028 defunctus
3259 2984 3371 3038 est,
3420 2974 3550 3027 nihil
3589 2976 3683 3027 mi-

2117 3084 2259 3123 rum.
2288 3069 2504 3126 Naturae
2536 3087 2769 3141 namque
2795 3075 2939 3142 quod
2976 3074 3280 3128 debebatur
3303 3073 3557 3128 exsolvit.
3585 3071 3681 3126 Ve-

441 3155 604 3210 stitiaz
635 3171 771 3224 opus
802 3157 1033 3224 Domini,
1067 3170 1122 3214 et
1154 3163 1606 3219 sanctiﬁcationis
1646 3179 1802 3235 Opus,
1829 3176 1882 3222 et
1911 3135 2008 3237 pa-

2118 3175 2234 3214 rum
2273 3164 2528 3230 quoniam
2571 3165 2984 3219 institueramus
3015 3165 3129 3220 hzec
3155 3181 3282 3232 qua:
3307 3166 3377 3220 de
3411 3165 3522 3218 ﬁlio
3547 3164 3682 3218 Nave

443 3247 682 3312 tientize,
737 3259 792 3305 et
840 3253 1293 3316 mansuetudinis,
1342 3265 1397 3309 et
1438 3255 1677 3324 pictatis.
1726 3257 1791 3313 Et
1846 3275 2009 3314 omne

440 3338 701 3408 quidquid
729 3354 794 3393 ex
833 3344 1102 3398 mandatis
1128 3345 1220 3398 Dei
1261 3347 1438 3412 venit,
1491 3361 1624 3418 Opus
1675 3349 1882 3405 Domini
1929 3351 2011 3406 di-

440 3430 603 3484 citur.
653 3429 760 3484 Sed
807 3431 949 3486 sicut
1002 3443 1085 3488 est
1125 3450 1263 3504 Opus
1305 3437 1543 3504 Domini,
1585 3448 1684 3493 'est
1731 3441 1851 3496 sine
1901 3443 2007 3496 du-

439 3521 530 3574 bio
593 3521 718 3575 huic
780 3525 1120 3578 contrarium
1186 3541 1321 3594 opus
1381 3516 1591 3584 Zabuli.
1653 3530 1872 3586 Certum
1928 3542 2012 3588 est

438 3612 616 3674 enim,
666 3613 790 3680 quia
853 3614 992 3668 sicut
1047 3616 1257 3685 justitia
1318 3628 1403 3674 cst
1463 3635 1598 3689 opus
1643 3622 1772 3689 Dei,
1821 3626 1895 3678 ita
1955 3635 2010 3679 et

440 3701 706 3770 injustitia
747 3717 883 3772 opus
931 3704 1122 3760 Zabuli
1151 3724 1165 3761 ε
1197 3718 1254 3760 et
1288 3709 1432 3763 sicut
1473 3714 1832 3767 mansuetudo
1874 3728 2010 3783 opus

442 3789 537 3843 Dei
578 3799 686 3856 est,
733 3792 806 3846 ita
838 3803 892 3848 et
937 3795 1014 3848 ira
1063 3805 1117 3850 et
1161 3798 1311 3852 furor
1355 3815 1490 3868 opus
1533 3801 1606 3854 sit
1645 3801 1856 3860 Zabuli.
1898 3805 2004 3860 Co-

438 3883 688 3948 gnovisse
735 3898 864 3954 ergo
907 3886 1166 3942 dicuntur
1214 3905 1351 3958 opus
1400 3891 1516 3954 Dei,
1565 3893 1640 3948 illi
1676 3896 1766 3963 qui
1799 3897 2010 3950 faciunt

439 3988 576 4041 opus
619 3973 758 4040 ejus.
793 3974 864 4030 Ut
895 3987 1074 4032 autem
1144 3980 1247 4035 hoc
1308 3983 1540 4051 amplius
1587 3999 1650 4040 ex
1700 3985 2008 4056 Scriptura-

443 4079 559 4117 rum
591 4065 913 4120 auctoritate
955 4067 1240 4131 clarescat,
1288 4073 1560 4140 quomodo
1607 4073 1778 4129 soleat
1827 4077 2009 4132 dicere

444 4152 751 4221 Scriptura,
783 4171 1136 4224 cognoscere,
1184 4161 1266 4213 vel
1305 4162 1537 4221 nescire,
1578 4165 1696 4218 vide
1733 4170 2008 4235 quomodo

439 4243 599 4316 ‘61
616 4247 776 4300 etiam
806 4248 933 4301 alibi
961 4250 1218 4318 scriptum
1246 4261 1328 4306 est
1359 4253 1404 4283 ⁸³
1435 4271 1447 4306 :
1488 4254 1619 4321 «Qui
1657 4260 2005 4322 custodit,in-

439 4336 582 4404 quit,
607 4337 945 4401 mandatum,
967 4339 1171 4394 nesciet
1197 4339 1422 4394 verbum
1444 4345 1804 4412 malum.»Qui
1824 4346 2004 4404 autem

2111 3251 2452 3320 legebantur,
2486 3255 2549 3308 ad
2590 3254 2875 3308 Dominunt
2920 3265 3164 3310 nostrum
3194 3253 3388 3310 Jesum
3419 3255 3678 3310 Christus:

2112 3341 2339 3406 referre,
2381 3344 2666 3398 videndum
2699 3354 2781 3399 est
2831 3346 3100 3414 quomodo
3130 3347 3298 3399 etiatn
3327 3346 3400 3398 de
3436 3345 3554 3415 ipso
3584 3345 3677 3397 disi

2113 3435 2402 3489 conveniat
2443 3437 2568 3505 quia
2601 3435 2891 3492 defunctus
2927 3445 3009 3491 est
3062 3433 3244 3490 Jesus.
3293 3436 3413 3504 Ego
3455 3436 3680 3488 arbitror

2110 3528 2408 3583 secundum
2463 3528 2762 3597 Scriptum
2813 3529 3196 3584 auctoritatem
3257 3528 3365 3582 hoc
3420 3526 3675 3594 loquens,

2110 3620 2250 3688 quod
2285 3619 2336 3672 in
2364 3619 2688 3688 quibusdam
2713 3619 2850 3674 vivit
2888 3619 3067 3682 Jesus,
3104 3621 3159 3674 in
3192 3619 3530 3690 quibusdam
3561 3632 3676 3670 vero

2110 3709 2396 3765 defunctus
2427 3721 2531 3765 est.
2565 3712 2618 3765 In
2653 3710 2823 3765 Paulo
2855 3712 2987 3765 vivit
3033 3711 3211 3776 Jesus,
3245 3722 3299 3766 et
3339 3711 3396 3764 in
3428 3709 3606 3772 Petro,
3628 3718 3674 3761 et

2111 3799 2164 3852 in
2199 3797 2306 3852 illis
2335 3801 2587 3854 omnibus
2611 3801 2702 3870 qui
2732 3802 2927 3856 merito
2960 3811 3185 3872 possunt
3229 3801 3421 3855 dicere
3453 3842 3468 3854 .
3509 3819 3530 3851 ι
3560 3799 3674 3852 Vivo

2110 3900 2288 3945 autem
2314 3890 2426 3959 jam
2461 3907 2564 3946 non
2608 3909 2731 3962 ego,
2755 3895 2889 3948 vivit
2925 3909 3054 3949 vero
3082 3895 3135 3948 in
3170 3909 3258 3948 me
3283 3893 3540 3948 Christus
3565 3895 3621 3946 ".
3653 3913 3669 3942 ι

2112 3979 2175 4033 Ει
2205 3979 2396 4034 iterum
2441 3981 2577 4035 dicit
2608 3982 2699 4036 “z
2739 4001 2758 4033 ι
2797 3982 2926 4037 Mihi
2963 3993 3144 4036 autem
3191 3985 3384 4038 vivere
3439 3985 3670 4038 Christus

2109 4081 2305 4136 est,tet
2333 4074 2468 4127 mori
2501 4074 2767 4130 lucrum.)
2799 4073 2854 4128 la
2886 4074 3004 4128 istis
3033 4090 3162 4143 ergo
3192 4075 3396 4128 talibus
3428 4072 3582 4129 Iesus
3602 4076 3669 4127 vi-

2108 4177 2235 4217 vere
2265 4165 2460 4218 merito
2497 4165 2716 4221 dicitur.
2752 4164 2807 4218 ln
2841 4165 3038 4234 quibus
3067 4176 3249 4220 autem
3285 4165 3574 4220 defunctus
3595 4175 3666 4220 est

2106 4253 2298 4310 Jesus?
2334 4255 2389 4308 In
2425 4256 2528 4310 illis
2557 4257 2674 4310 sine
2723 4257 2907 4320 dubio,
2938 4256 3028 4324 qui
3071 4271 3217 4325 saepe
3269 4259 3583 4325 paenitendo
3621 4266 3666 4309 et

2109 4348 2302 4402 iterum
2337 4346 2723 4415 delinquendo,
2767 4347 2916 4400 velut
2947 4347 3208 4402 insultare
3251 4350 3414 4402 morti
3443 4346 3569 4401 Jesu
3597 4347 3664 4399 di-

441 4429 753 4482 mandatum
802 4431 1058 4493 custodit,
1100 4439 1278 4498 potest
1315 4431 1430 4486 ﬁeri
1482 4444 1540 4489 ut
1578 4438 1791 4492 nesciat
1842 4443 2004 4496 verba
2039 4478 2084 4534 υ
2109 4448 2324 4494 cuntur.
2366 4437 2440 4492 De
2483 4439 2680 4506 quibus
2700 4436 2954 4493 scribens
2984 4439 3052 4492 ad
3085 4437 3345 4492 Hebraeos
3379 4438 3512 4490 dicit
3539 4438 3662 4504 Apo-

442 4519 618 4571 mala?
658 4519 771 4572 Scit
827 4519 1077 4588 quidem,
1126 4521 1219 4575 sed
1273 4523 1484 4577 nescire
1519 4540 1618 4592 pro
1666 4541 1732 4581 eo
1783 4529 2002 4596 dicitur,

443 4608 584 4674 quod
629 4623 688 4660 ea
733 4619 888 4662 cavet
917 4618 971 4662 et
997 4611 1152 4662 v‘lat.
1187 4609 1278 4664 Sic
1307 4613 1376 4664 de
1399 4613 1589 4668 eodem
1634 4614 1750 4685 ipso
1776 4618 2004 4674 Domino

439 4706 493 4750 et
537 4695 815 4752 Salvatore
856 4703 998 4768 quod
1030 4700 1232 4754 dictum
1269 4711 1351 4757 est
1377 4703 1453 4770 “,
1502 4723 1520 4755 ι
1545 4721 1652 4760 non
1701 4709 1848 4762 novit
1874 4725 2003 4779 pec-

440 4795 645 4851 catum,
669 4800 902 4845 tcertum
923 4792 1136 4862 estquia
1155 4791 1436 4861 ignorasse
1466 4795 1666 4851 dicitur
1695 4810 1998 4868 peceatum,

440 4894 537 4948 pro
565 4896 630 4934 eo
659 4881 798 4948 quod
826 4897 928 4934 non
953 4883 1062 4950 egit
1091 4897 1226 4951 opus
1265 4888 1498 4954 peccati.
1533 4887 1646 4944 Hoc
1680 4906 1811 4959 ergo
1839 4896 1998 4948 modo

437 4981 488 5024 et
519 4971 609 5026 ille
644 4973 844 5026 dicitur
874 4989 1201 5044 cognoscere
1235 4995 1396 5048 opera
1435 4982 1667 5048 Domini,
1707 4987 1796 5056 qui
1833 5002 1996 5056 opera

439 5058 649 5116 Domini
677 5062 826 5120 facit.
857 5065 1074 5136 Ignorat
1101 5078 1280 5124 autem
1311 5087 1446 5143 opus
1478 5073 1594 5142 Dei,
1627 5079 1720 5147 qui
1756 5093 1860 5133 non
1891 5081 2000 5150 agit

436 5167 573 5218 opus
605 5154 721 5208 Dei.

501 5244 555 5298 5.
593 5243 697 5299 Sed
729 5256 784 5300 et
809 5246 942 5302 illud
974 5251 1244 5319 quomodo
1285 5256 1625 5321 prmterimus
1662 5257 1803 5328 quod
1839 5260 1998 5314 addi-

436 5334 607 5388 dit”:
641 5355 658 5387 ι
692 5337 790 5404 Qui
820 5351 1192 5408 cognoverunt
1214 5357 1376 5413 opera
1399 5347 1608 5400 Domini
1645 5365 1836 5417 magna
1857 5351 1992 5422 (39),

537 5425 583 5456 ⁸⁸
615 5423 782 5482 lCor.
816 5445 892 5492 tv,
920 5431 1004 5486 16.
1108 5433 1151 5465 ⁸¹
1196 5433 1319 5490 Jud.
1374 5453 1436 5497 tt,
1463 5437 1510 5489 7.

514 5612 837 5691 (38)__Mss.,_
865 5634 895 5691 ι
923 5619 1024 5691 qui
1058 5629 1434 5691 prognoverunt
1491 5636 1652 5676 omne
1707 5639 1842 5691 opus
1897 5625 2000 5679 Do-

631 5683 713 5739 Et.
749 5706 766 5740 ι
818 5685 976 5743 Libb.
1003 5682 1158 5757 editi,
1190 5709 1208 5742 ι
1242 5691 1331 5761 qui
1361 5693 1612 5760 cognovit
1639 5682 1798 5749 omne
1836 5710 1992 5766 Opus.

344 5459 347 5462 '
433 5493 480 5524 ..
516 5439 782 5524 ιζἠἑδξῖΐο
811 5439 1016 5524 131"";
1059 5501 1072 5524 .
1108 5439 1151 5524 '.'
1196 5439 1328 5524 ""':.
1374 5439 1540 5524 "2.7:.
1587 5439 1656 5524 ."
1696 5441 2092 5524 'Et:8-'.':1‘%-.

506 5492 664 5550 Joan.
701 5511 781 5562 ιιι,
810 5499 896 5553 16.
972 5503 1016 5535 ⁸⁷
1047 5501 1170 5558 Jud.
1207 5520 1268 5568 tt,
1295 5505 1347 5558 8.
1424 5492 1471 5537 δ’
1502 5507 1620 5561 Gal.
1658 5492 1716 5572 ll,
1754 5492 1873 5566 εοῗί
1913 5492 1971 5546 is;
2003 5512 2011 5568 l

2118 5512 2199 5581 .ip.
2236 5492 2284 5575 ti,
2315 5492 2408 5564 ἐι.

2109 4531 2278 4586 stolus
2313 4531 2398 4585 ’°:
2437 4547 2454 4579 ι
2483 4529 2717 4582 Rursum
2751 4530 3134 4599 cruciﬁgentes
3184 4530 3542 4599 sibimetipsis
3585 4527 3659 4582 Fi-

2107 4624 2238 4678 lium
2278 4621 2393 4685 Dei,
2426 4631 2477 4676 et
2498 4621 2734 4676 ostentui
2765 4621 3047 4676 habentes.
3071 4641 3090 4673 ι
3131 4622 3295 4676 Vides
3317 4637 3448 4690 ergo
3474 4622 3593 4689 quia
3617 4621 3657 4670 in

2110 4714 2459 4784 peccantibus
2504 4728 2608 4767 non
2648 4713 2823 4768 solum
2869 4713 3086 4783 defungi
3128 4714 3328 4768 dicitur
3353 4713 3546 4777 Iesus,
3577 4727 3653 4765 ve-

2109 4821 2226 4858 rum
2269 4814 2323 4859 et
2372 4806 2616 4874 cruciﬁgi
2665 4804 2735 4858 ab
2773 4805 2852 4859 eis
2893 4805 3154 4860 asseritur
3185 4815 3239 4858 et
3280 4805 3448 4858 illudi.
3490 4804 3652 4858 Sedet

2113 4908 2164 4952 tu
2216 4898 2328 4966 ipse
2369 4897 2654 4952 considera
2706 4897 2843 4965 apud
2883 4905 2954 4961 te,
2995 4897 3040 4950 si
3069 4896 3286 4966 quando
3334 4897 3403 4949 de
3448 4894 3650 4948 avaritia

2106 4990 2310 5058 cogitas
2345 4999 2400 5042 et
2433 4989 2588 5056 cupis
2627 4988 2803 5042 aliena
2844 4988 3100 5057 diripere,
3138 4988 3386 5056 nunquid
3418 4998 3566 5055 potes
3586 4987 3649 5036 di-

2107 5098 2268 5146 cere,
2306 5083 2430 5151 quia
2470 5081 2603 5134 vivit
2636 5080 2887 5135 Cbristus
2932 5081 2985 5134 in
3016 5080 3136 5134 me?
3163 5081 3270 5134 Aut
3302 5081 3347 5132 si
3387 5081 3453 5132 de
3487 5089 3645 5146 stupro

2108 5175 2339 5242 cogitas,
2380 5173 2422 5228 si
2451 5171 2632 5226 lurore
2665 5172 2986 5242 exagitaris,
3024 5171 3067 5226 si
3097 5171 3269 5225 livore
3301 5171 3640 5229 succendens,

2103 5261 2147 5314 si
2182 5261 2381 5314 invidia
2414 5260 2728 5325 stimularis,
2770 5262 2814 5314 si
2849 5260 3161 5315 temulentia
3208 5258 3581 5322 debaccharis,
3603 5256 3638 5308 si

2102 5351 2353 5419 superbia
2397 5350 2712 5414 extolleris,
2746 5351 2792 5404 si
2825 5341 3144 5406 crudelitate
3186 5351 3472 5421 grassaris.
3517 5363 3635 5401 nun-

2169 5441 2215 5472 ⁸³
2247 5439 2426 5494 Eccle.
2463 5454 2579 5502 vm,
2613 5441 2666 5496 5.
2741 5442 2787 5474 “
2816 5441 2855 5494 ll
2878 5441 3003 5496 Cor.
3039 5457 3092 5507 v,
3124 5442 3213 5496 21.
3290 5443 3336 5475 ⁸³
3369 5441 3484 5498 Jud.
3514 5437 3629 5503 11,7.

2499 5510 2544 5541 ³ο
2579 5510 2712 5565 lleb.
2743 5525 2819 5576 vi,
2847 5510 2900 5565 6.

2179 5622 2290 5695 (59)
2321 5621 2473 5701 hi_s_s_..
2518 5641 2536 5676 ι
2561 5624 2650 5701 qui
2687 5634 3055 5701 cognoverunt
3093 5639 3255 5701 opera
3300 5623 3494 5701 Domitii
3532 5634 3629 5701 tua:

2109 5692 2232 5764 gna.
2259 5711 2278 5743 ι
2326 5692 2478 5747 Libb.
2521 5694 2691 5763 editi,
2744 5692 2773 5744 ι
2796 5695 2885 5765 qui
2921 5692 3236 5766 cognoverit
3268 5709 3398 5764 opus
3440 5692 3624 5747 Domini

2109 5779 2318 5836 ιιιίιειιει.
2343 5780 2362 5815 ι
