3870 6540
209 383 318 440 957

1245 386 1313 442 1N
1347 388 1606 444 LIBRUM
1640 386 1934 443 JUDICUM
1970 352 2251 441 nonius
2291 386 2357 440 ιι.

3338 385 3441 441 958

210 496 341 565 quid
387 505 538 566 potes
585 495 640 550 in
685 496 773 552 his
820 499 1072 553 omnibus
1106 500 1320 566 dicere,
1358 504 1483 569 quia
1524 504 1775 559 Christus
1804 506 1850 564 Α
1880 511 1984 558 tam
2022 501 2199 572 magni
2240 500 2442 571 operis,
2478 501 2618 569 quod
2652 498 2889 554 surrexit
2935 513 2963 551 a
3000 496 3227 553 mortuis
3255 536 3272 562 ,
3322 498 3439 552 ﬁeri

208 586 349 638 vivit
395 586 448 638 in
493 586 617 640 me?
652 585 743 640 Sic
790 603 921 656 ergo
967 590 1018 642 in
1070 593 1418 658 peccantibus
1463 593 1776 664 defungitur

206 675 482 741 Christus,
515 691 612 744 pro
645 690 708 729 eo
743 678 885 745 quod
924 679 1054 733 nihil
1082 680 1133 733 in
1160 684 1238 737 eis
1264 682 1496 750 iustitia,
1524 686 1656 739 nihil
1684 700 1776 753 pa-

210 766 406 819 tientia
434 806 451 831 ,
494 766 625 819 nihil
664 767 865 821 veritas
905 777 958 822 et
1009 772 1190 823 omnia
1233 773 1319 825 illa
1366 789 1485 840 qua:
1530 776 1777 829 Christus

206 867 322 920 est,
355 866 671 924 operantur.
714 860 757 911 A
793 862 997 916 sanctis
1036 877 1167 917 vero
1215 879 1551 934 quaecunque
1600 866 1774 930 ﬁunt,

204 945 462 1000 Christus
489 963 550 1002 ea
579 948 779 1002 dicitur
807 953 1046 1020 operari,
1077 954 1217 1008 sicut
1260 964 1314 1008 et
1359 955 1647 1026 Apostolus
1690 958 1775 1010 di-

132 1048 135 1049 ⁷
208 1036 284 1088 cit
318 1038 361 1068 ἰ
398 1055 411 1090 :
447 1056 466 1089 ‹
505 1038 701 1093 Omnia
740 1056 959 1109 possum
1012 1045 1065 1098 in
1101 1062 1165 1101 eo
1199 1047 1288 1110 qui
1327 1063 1412 1101 me
1451 1050 1725 1103 confortat
1753 1066 1771 1099 ι

206 1128 480 1183 Christus.
518 1129 624 1184 Sed
651 1140 699 1185 et
741 1133 853 1201 ipse
876 1135 1134 1192 Dominus
1167 1139 1217 1192 in
1254 1138 1558 1207 Evangeliis
1587 1143 1651 1195 de
1678 1142 1777 1196 hoc

207 1220 617 1276 distinctionem
661 1223 1084 1291 pulcherrimam
1134 1230 1317 1297 dedit,
1360 1246 1482 1285 cum
1537 1233 1668 1288 dicit
1694 1234 1772 1287 9':

215 1311 596 1385 “Quicunque
660 1316 944 1372 confessus
1002 1335 1087 1374 me
1131 1322 1293 1376 fuerit
1358 1338 1541 1377 coram
1605 1326 1778 1378 homi-

209 1404 399 1470 nibus,
440 1406 741 1461 confitebor
769 1417 821 1463 et
846 1425 947 1479 ego
976 1426 1098 1466 eum
1128 1427 1311 1468 coram
1348 1414 1509 1469 Patre
1536 1431 1653 1471 meo
1683 1418 1775 1483 qui

203 1504 295 1547 est
331 1494 384 1548 in
426 1497 598 1552 caelis.
635 1499 736 1566 Qui
786 1512 965 1554 autem
1018 1506 1291 1573 negaverit
1327 1521 1410 1560 me
1460 1520 1639 1561 coram
1682 1508 1780 1561 hu-

206 1586 471 1653 minibus,
518 1598 572 1641 et
621 1605 720 1658 ego
758 1592 967 1661 negabo
1001 1609 1122 1647 eum
1162 1611 1348 1650 coram
1383 1597 1545 1652 Patre
1598 1614 1770 1653 meo.»

204 1675 404 1732 Vidisti
435 1680 559 1748 quia
593 1682 914 1738 conﬁtentes
945 1685 997 1738 in
1029 1689 1322 1755 semetipso
1347 1689 1483 1743 dixit
1507 1692 1773 1758 conﬁteri,

204 1780 264 1823 et
306 1772 462 1839 quasi
499 1774 588 1841 qui
624 1774 737 1843 ipse
789 1776 842 1829 in
889 1778 969 1831 eis
1001 1779 1149 1832 vivat
1199 1790 1254 1835 et
1307 1791 1559 1852 operetur
1613 1800 1776 1855 opera

202 1860 359 1917 vitae.
392 1860 447 1915 In
482 1863 548 1916 iis
584 1875 765 1919 autem
799 1867 888 1934 qui
932 1879 1150 1938 negant,
1182 1886 1287 1925 non
1324 1874 1499 1927 tenuit
1530 1876 1773 1931 eamdem

205 1949 364 2002 verbi
397 1950 827 2017 similitudinem,
876 1965 936 2010 ut
974 1958 1184 2014 diceret
1213 1963 1337 2031 quia
1375 1963 1467 2032 qui
1499 1968 1776 2035 negaverit

204 2038 262 2092 in
297 2057 405 2104 me,
440 2052 493 2095 et
521 2059 620 2114 ego
648 2048 858 2116 negabo
903 2049 953 2103 in
986 2066 1108 2105 eum
1139 2071 1152 2107 :
1184 2056 1276 2109 sed
1311 2074 1331 2107 ι
1373 2057 1462 2126 qni
1499 2060 1777 2127 negaverit.

206 2144 301 2184 me
339 2146 523 2185 coram
566 2134 878 2194 hominibus
921 2152 973 2194 et
1025 2156 1124 2211 ego
1178 2146 1386 2214 negabo
1424 2161 1546 2201 eum
1590 2163 1774 2204 coram

200 2217 372 2275 Patre
398 2239 516 2277 meo
541 2265 556 2289 ,
593 2245 612 2278 ι
655 2236 712 2279 ut
736 2232 1046 2305 ostenderet
1075 2236 1201 2303 quia
1237 2236 1327 2303 qui
1364 2249 1520 2305 negat
1558 2242 1773 2310 quidem

203 2327 289 2375 se,
327 2324 478 2368 extra
513 2318 685 2386 ipsum
721 2333 834 2387 est;
866 2325 959 2391 qui
996 2334 1176 2379 autem
1212 2329 1519 2395 conﬁtetur,
1562 2333 1613 2385 in
1658 2335 1774 2402 ipso

204 2413 314 2457 est.
343 2405 635 2475 Pr0pterea
667 2426 796 2482 ergo
838 2425 890 2470 et
929 2416 1017 2470 hic
1052 2416 1330 2486 Scriptura
1369 2422 1497 2475 dicit
1526 2422 1603 2487 ”,
1647 2427 1774 2494 quia

205 2509 337 2547 cum
381 2496 672 2554 defunctus
703 2514 847 2557 esset
879 2504 1064 2571 Iesus,
1104 2524 1122 2557 ι
1155 2510 1463 2562 exsurrexit
1499 2514 1775 2580 generatio

203 2587 316 2640 alia
350 2598 470 2657 post
514 2606 627 2654 eos,
675 2596 766 2662 qui
815 2612 922 2652 non
977 2599 1219 2661 scierunt
1254 2598 1474 2667 Jesum,
1520 2613 1576 2658 et
1607 2619 1772 2673 opera

201 2692 329 2746 qua:
368 2680 492 2735 fecit
527 2683 587 2735 in
616 2683 804 2740 Israel.
824 2704 842 2736 ι
1206 2690 1212 2695 ’

276 2769 331 2823 2.
363 2788 381 2820 ‹
418 2772 483 2825 Et
515 2772 763 2829 fecerunt
805 2776 896 2832 ﬁlii
923 2778 1087 2835 Israel
1118 2779 1321 2836 malum
1336 2793 1463 2839 ante
1481 2784 1651 2841 Deum
1667 2787 1766 2841 θλ.»

203 2858 565 2931 Omnipotens
596 2865 907 2922 dominator
938 2869 1076 2924 Deus
1111 2887 1388 2942 nunquam
1424 2876 1635 2929 accidat
1677 2891 1774 2929 no-

197 2952 330 3017 bis,
387 2964 445 3006 ut
492 2953 646 3011 .Iesus
700 2957 956 3014 Christus
1005 2970 1356 3032 posteaquam
1413 2966 1709 3019 resurrexit
1742 2981 1771 3021 a

201 3045 466 3109 mortuis,
526 3062 744 3101 rursum
804 3052 1065 3105 moriatur
1114 3053 1166 3107 in
1217 3055 1396 3108 nobis.
1453 3054 1591 3121 Quid
1627 3057 1770 3111 enim

1878 600 2057 663 posset
2092 590 2296 646 oblivio
2321 632 2335 654 ,
2380 592 2425 649 si
2479 591 2756 661 generatio
2797 588 3075 660 peccatrix
3112 588 3348 643 oriretur
3384 589 3437 641 in

1877 686 2061 741 corde.
2110 685 2261 740 Fecit
2298 699 2427 753 ergo
2460 686 2749 753 malignum
2788 699 2971 739 coram
3009 685 3116 738 Deo
3160 681 3442 749 generatio

1877 775 2151 838 adultera,
2189 789 2305 841 qua:
2347 774 2577 827 nescivit
2607 773 2790 828 Jesum
2813 812 2827 837 ,
2866 788 3037 842 neque
3069 773 3440 841 presbyteros.

1946 865 2000 918 ὅ.
2038 884 2054 915 ι
2087 865 2152 918 Et
2181 865 2423 929 servivit,
2451 865 2623 935 inquit
2648 865 2722 932 ’⁸,
2762 864 2963 918 Baalim
2991 906 3005 930 ,
3039 874 3093 917 et
3132 862 3439 930 derelique-

1878 964 2005 1011 runt
2032 956 2314 1010 Dominum
2341 956 2503 1009 Deum
2534 965 2747 1025 patrum
2772 970 3045 1012 suorum.»
3076 955 3198 1009 Ilaec
3223 953 3440 1023 quidem

1879 1049 2121 1102 fecerunt
2159 1048 2371 1116 antiqui
2407 1065 2419 1101 :
2453 1047 2545 1102 sed
2576 1048 2834 1116 quoniam
2876 1063 2997 1117 quae
3036 1048 3236 1115 scripta
3274 1052 3438 1106 sunt,

1877 1154 1983 1192 non
2026 1148 2243 1208 propter
2280 1138 2420 1203 illos,
2468 1139 2561 1192 sed
2605 1148 2828 1207 propter
2866 1152 2965 1193 nos
3008 1138 3208 1207 scripta
3247 1136 3440 1191 dicun-

1854 1239 1963 1298 ‘tnr
1985 1229 2053 1293 θ’,
2082 1246 2099 1280 ι
2128 1228 2180 1281 in
2206 1243 2342 1297 quos
2390 1228 2523 1282 ﬁnes
2562 1228 2880 1283 saeculorum
2922 1229 3277 1291 devenerunt,
3308 1244 3325 1276 ι
3360 1226 3443 1278 vi-

1878 1319 2103 1373 deamus
2145 1334 2211 1372 ne
2249 1320 2454 1389 majore
2489 1333 2556 1373 ex
2599 1328 2750 1387 parte
2788 1319 2855 1373 de
2896 1318 3052 1372 nobis
3082 1318 3234 1380 hate,
3276 1331 3439 1385 quam

1878 1410 1944 1463 de
1983 1410 2090 1464 illis
2129 1411 2271 1463 dicta
2303 1411 2614 1464 videantur.
2649 1411 2746 1464 Vis
2782 1408 2969 1463 videre
2999 1408 3124 1476 quia
3172 1406 3282 1478 (5.1)
3331 1421 3437 1458 non

1878 1517 1975 1571 per
2003 1516 2112 1565 me,
2133 1502 2224 1555 sed
2257 1516 2354 1570 per
2380 1502 2695 1570 Apostolum
2728 1503 2793 1555 de
2819 1500 2970 1554 nobis
2999 1514 3122 1554 esse
3151 1498 3251 1554 ista
3276 1512 3443 1566 expo-

1879 1594 2120 1647 nuntur?
2148 1595 2283 1647 Audi
2305 1595 2419 1663 ipse
2448 1594 2576 1664 quid
2608 1595 2803 1649 dicati:
2824 1615 2840 1644 ι
2865 1592 2920 1647 1η
2939 1592 3092 1647 Helia
3109 1601 3288 1645 autem
3311 1589 3441 1657 quid

1879 1683 2007 1737 dicit
2041 1683 2357 1752 Scriptura?
2392 1684 2674 1751 Quomodo
2710 1683 3018 1754 interpellat
3053 1684 3219 1737 Deum
3250 1681 3442 1734 adver-

1879 1790 1996 1829 sum
2021 1774 2224 1830 Israel?
2255 1777 2504 1841 Domine,
2534 1778 2829 1846 prophetas
2857 1788 2975 1831 tuos
3000 1776 3332 1837 occiderunt,
3361 1772 3440 1824 al-

1881 1866 2015 1920 taria
2048 1876 2137 1920 tua
2173 1868 2417 1923 demoliti
2459 1877 2605 1932 sunt,
2653 1880 2708 1922 et
2736 1884 2837 1938 ego
2882 1869 3103 1923 relictus
3131 1882 3248 1920 sum
3286 1864 3439 1917 solus

1874 1966 1927 2010 et
1959 1968 2207 2024 qumrunt
2242 1959 2478 2013 animam
2513 1974 2709 2012 meam.
2758 1959 2863 2013 Sed
2896 1959 3026 2027 quid
3058 1958 3187 2012 dicit
3225 1956 3297 2009 illi
3355 1970 3443 2009 re-

1875 2066 2132 2120 sponsum
2162 2052 2440 2107 divinum?
2470 2052 2682 2121 Reliqui
2709 2054 2837 2106 mihi
2864 2061 3069 2121 septem
3099 2050 3262 2104 millia
3289 2050 3440 2103 viro-

1875 2158 2017 2207 rum,
2040 2143 2131 2213 qui
2156 2158 2263 2198 non
2289 2153 2655 2199 curvaverunt
2677 2158 2850 2213 genua
2881 2142 3104 2207 Baalim,
3142 2160 3160 2192 ι
3182 2138 3437 2195 etaddit:

1879 2251 1900 2285 ‹
1926 2234 2019 2289 Sic
2034 2249 2190 2305 ergo,
2209 2235 2407 2304 inquit,
2429 2243 2484 2289 et
2512 2235 2564 2289 in
2591 2236 2691 2289 hoc
2716 2244 2956 2303 tempore
2982 2230 3221 2300 reliquis:
3249 2245 3442 2285 secun—

1875 2327 2002 2381 dum
2052 2326 2369 2382 electionem
2400 2327 2593 2396 gratiae
2626 2326 2791 2381 salvae
2834 2326 2991 2380 facta:
3032 2332 3174 2379 sunt.
3207 2342 3227 2374 ι
3278 2320 3439 2376 Vides

1874 2432 2003 2486 ergo
2040 2420 2167 2488 quia
2205 2418 2327 2473 illos
2373 2421 2466 2487 qui
2497 2427 2859 2473 curvaverunt
2907 2431 3081 2487 genua
3110 2414 3341 2477 Baalim,
3383 2421 3439 2466 et

1874 2512 1963 2580 qui
1990 2525 2095 2564 non
2130 2518 2512 2574 curvaverunt,
2546 2510 2597 2563 in
2630 2509 2872 2579 reliquiis
2903 2507 3235 2563 credentium
3288 2514 3342 2558 et
3382 2505 3437 2558 in

1874 2598 2224 2654 multitudine
2292 2612 2398 2653 non
2472 2599 2815 2653 credentium
2894 2598 3304 2665 interpretatur.
3370 2592 3439 2647 Et

1873 2690 1976 2744 hoc
2004 2686 2119 2758 (42)
2151 2687 2410 2751 ostendit,
2439 2686 2564 2756 quia
2594 2688 2669 2741 illi
2708 2688 2797 2756 qui
2835 2686 2887 2739 in
2918 2694 3156 2755 tempore
3189 2682 3439 2737 Salvato-

1871 2779 1948 2833 ris
1976 2779 2237 2833 increduli
2270 2778 2859 2847 exstiteruntetimpii,
2878 2788 3045 2845 genua
3074 2780 3441 2829 curvaverunt

1872 2868 2101 2935 Baalim,
2127 2877 2181 2923 et
2202 2869 2568 2924 adoraverunt
2598 2868 2909 2923 simulacra.
2943 2867 3007 2920 Hi
3037 2882 3165 2921 vero
3197 2865 3287 2934 qui
3315 2878 3439 2918 cre-

1873 2962 2026 3025 dunt,
2075 2971 2130 3017 et
2178 2961 2402 3032 implent
2430 2974 2593 3031 opera
2622 2961 2765 3026 ﬁdei,
2795 2975 2900 3015 non
2934 2966 3302 3013 curvaverant
3344 2970 3439 3025 ge-

1874 3066 1980 3104 nua
2016 3050 2245 3103 Baalim.
2278 3049 2463 3118 Neque
2495 3050 2639 3104 enim
2668 3064 2895 3119 usquam
2926 3047 3163 3103 refertur
3186 3047 3238 3100 in
3260 3046 3437 3099 bisto-
3484 3102 3485 3105 η

189 3133 346 3206 mihi
376 3137 593 3203 prodest
628 3138 673 3191 si
723 3139 775 3191 in
821 3139 946 3195 aliis
974 3141 1119 3197 vivat
1152 3158 1217 3196 ex
1252 3144 1481 3208 virtute,
1522 3154 1578 3200 et
1608 3147 1659 3200 in
1686 3162 1772 3202 me
1799 3160 1841 3216 ο
1876 3141 1993 3201 riis.
2022 3140 2106 3194 vel
2135 3140 2188 3194 in
2213 3140 2561 3209 evangelicis,
2587 3139 2673 3194 vel
2700 3140 2754 3193 in
2786 3139 2904 3194 aliis
2935 3136 3263 3207 quibuslibet
3287 3133 3442 3188 Scri-

199 3223 475 3277 moriatur
502 3238 566 3278 ex
598 3225 913 3284 infirmitate
943 3233 1186 3299 peccati?
1216 3232 1353 3300 Quid
1390 3236 1519 3290 mihi
1551 3239 1770 3306 prodest

197 3313 248 3367 si
288 3313 342 3367 in
376 3329 458 3368 me
496 3325 549 3369 et
595 3317 649 3371 in
708 3334 829 3374 meo
872 3323 1037 3376 corde
1091 3340 1196 3378 non
1230 3326 1398 3390 vivit,
1429 3338 1480 3382 et
1507 3329 1552 3383 si
1599 3330 1651 3384 in
1686 3347 1773 3387 me

195 3416 366 3468 opera
400 3405 522 3459 vitae
555 3422 659 3460 non
690 3409 941 3476 perﬁcit?
967 3412 1106 3479 Quid
1139 3414 1270 3469 mihi
1304 3417 1525 3483 prodest
1556 3420 1599 3473 si
1630 3421 1770 3489 apud

197 3492 371 3546 alium
403 3510 468 3548 ex
504 3496 660 3552 bouis
689 3501 903 3568 studiis,
929 3518 993 3556 ex
1032 3504 1172 3558 bona
1202 3505 1326 3570 ﬁde,
1358 3523 1423 3562 ex
1451 3510 1606 3565 bonis
1635 3526 1768 3582 ope-

199 3584 359 3639 ribus
390 3588 638 3642 nascitur
662 3598 717 3644 et
749 3592 993 3647 reﬁcitur
1021 3595 1132 3665 (40)
1159 3614 1172 3650 :
1204 3599 1344 3667 apud
1384 3614 1468 3654 me
1503 3611 1680 3657 autem
1710 3612 1766 3660 et

198 3674 257 3727 in
310 3690 429 3729 meo
474 3679 637 3733 corde
682 3696 778 3750 per
816 3682 984 3738 malas
1011 3686 1368 3752 cogitationes
1405 3700 1459 3746 et
1497 3692 1764 3751 desideria

196 3762 461 3830 nefanda,
510 3783 607 3837 per
655 3773 833 3826 studia
889 3777 1125 3845 pessima
1174 3779 1473 3835 suffocatur
1506 3790 1767 3853 quodam-

197 3856 368 3947 modo
393 3864 447 3910 et
474 3863 736 3915 necatur?
770 3864 902 3919 Vide
927 3867 1069 3921 enim
1106 3870 1233 3937 quid
1272 3872 1423 3927 addit
1466 3874 1767 3947 Scriptura,

194 3943 366 4016 462
400 3949 523 4016 quia
570 3968 589 4001 ι
622 3958 883 4020 surrexit,
913 3956 1088 4026 inquit
1117 3960 1185 4027 9',
1218 3965 1498 4033 generatio
1527 3943 1628 4020 alia
1651 3943 1770 4037 quae

198 4051 312 4090 non
364 4044 617 4109 cognovit
652 4042 872 4110 Jesum,
915 4056 972 4102 et
1021 4064 1187 4119 opera
1226 4051 1492 4125 quaefecit
1508 4071 1722 4126 magna.
1749 4073 1767 4108 ι

198 4126 498 4186 Generatio
528 4132 614 4187 illa
641 4150 764 4204 quae
792 4152 899 4192 non
947 4143 1202 4211 cognovit
1240 4144 1527 4201 Dominum
1558 4145 1765 4214 Jesum,

198 4218 306 4271 ista
334 4228 421 4307 est
455 4221 711 4278 malarum
741 4227 1148 4295 cogitationum,
1186 4242 1241 4286 et
1288 4234 1643 4302 pessimarum
1676 4251 1769 4290 cu-

196 4310 514 4377 piditatum,
542 4329 662 4383 quae
687 4319 984 4385 procedunt
1034 4336 1100 4376 ex
1143 4323 1327 4379 corde.
1365 4324 1469 4380 Ista
1501 4335 1582 4381 est
1605 4342 1769 4397 gene-

196 4401 346 4454 ratio
371 4416 491 4470 qua:
524 4419 628 4459 non
667 4411 1005 4477 recognoscit
1037 4412 1323 4470 Dominum
1351 4414 1556 4481 Jesum,
1594 4433 1766 4487 neque

1874 3233 2048 3301 pluris
2076 3232 2219 3298 quod
2251 3231 2446 3299 aliquis
2476 3239 2717 3298 tempore
2744 3229 3045 3284 Salvatoris
3070 3241 3242 3297 genua
3270 3224 3437 3278 ﬂexe-

1846 3322 1945 3376 ‘rit
1971 3322 2299 3386 simulacris,
2330 3323 2425 3377 sed
2460 3325 2527 3378 de
2571 3322 2677 3377 illis
2724 3323 2908 3389 utique
2939 3321 3040 3374 hoc
3078 3318 3301 3380 dicitur,
3341 3313 3439 3384 qui

1872 3413 2110 3484 peccatis
2140 3413 2254 3468 suis
2293 3414 2523 3478 astricti,
2554 3413 2698 3467 velut
2747 3411 3035 3479 compediti
3087 3410 3435 3465 tenebantur.

1874 3503 2029 3561 Unde
2058 3515 2278 3559 constat
2300 3505 2426 3574 quia
2460 3515 2517 3559 et
2545 3519 2645 3559 nos
2676 3502 3104 3572 quotiescunque
3129 3514 3436 3569 peccamus,

1871 3612 1992 3652 cum
2022 3597 2219 3665 captivi
2252 3596 2505 3650 ducimur
2532 3595 2586 3649 in
2613 3594 2730 3663 lege
2765 3593 2996 3663 peccati,
3032 3606 3202 3660 genua
3249 3601 3439 3645 nostra

1872 3702 2162 3743 curvamus
2192 3686 2421 3742 Baalim.
2477 3686 2581 3741 Sed
2626 3701 2733 3741 non
2768 3686 2820 3739 in
2854 3685 2956 3739 hoc
2985 3684 3160 3738 vocati
3206 3696 3392 3736 sumus
3415 3720 3435 3745 ,

1872 3794 1972 3836 nec
2004 3779 2068 3834 ad
2102 3780 2203 3835 hoc
2238 3779 2573 3833 credidimus
2594 3818 2611 3843 ,
2640 3786 2699 3831 ut
2740 3776 2931 3831 iterum
2972 3774 3274 3830 serviamus
3304 3786 3432 3841 pec-

1872 3882 1993 3929 cato
2019 3910 2035 3938 ,
2085 3882 2140 3926 et
2179 3872 2373 3926 iterum
2418 3883 2590 3939 genua
2620 3869 2899 3924 ﬂectamus
2932 3864 3148 3920 diabolo
3172 3904 3186 3925 ,
3242 3862 3336 3918 sed
3379 3870 3438 3915 ut

1870 3962 2152 4017 ﬂectamus
2183 3976 2357 4031 genua
2389 3962 2442 4014 in
2474 3960 2692 4013 nomine
2720 3957 2928 4011 Domini
2956 3956 3082 4010 Jesu
3116 3973 3130 4009 :
3165 3952 3287 4021 quia
3326 3970 3345 4003 ‹
3381 3952 3434 4005 in

1870 4054 2092 4109 nomine
2119 4050 2246 4107 Jesu
2278 4065 2439 4107 omne
2466 4065 2603 4120 genu
2628 4049 2864 4104 ﬂectitur
2898 4047 3222 4107 caelestium,
3247 4052 3299 4099 et
3327 4053 3436 4097 ter-

1870 4146 2145 4206 restrium,
2185 4153 2240 4197 et
2283 4142 2616 4197 infernarum
2650 4144 2711 4208 ²;
2745 4159 2765 4195 ι
2797 4149 2852 4194 et
2878 4148 2937 4193 ut
2968 4138 3254 4193 ﬂectamus
3288 4154 3306 4187 ‹
3341 4150 3435 4205 ge-

1870 4253 1974 4293 nua
2006 4238 2072 4291 ad
2107 4238 2321 4291 Patrem
2352 4235 2563 4289 Domini
2602 4233 2772 4288 nostri
2812 4230 2938 4286 Jesu
2969 4230 3193 4295 Christi,
3220 4244 3286 4283 ex
3327 4241 3434 4296 quo

1868 4329 2048 4383 omnis
2108 4327 2408 4397 paternitas
2453 4326 2506 4379 in
2550 4324 2744 4380 cmlum
2800 4332 2856 4377 et
2902 4323 2953 4376 in
2998 4334 3143 4377 terra
3180 4321 3432 4375 nomina-

1870 4430 1958 4476 tur
1986 4422 2028 4472 ³.
2064 4437 2084 4473 ι
2131 4420 2237 4475 Sed
2269 4419 2400 4489 quid
2442 4419 2575 4473 mihi
2616 4419 2840 4487 prodest
2883 4416 2925 4471 si
2965 4429 3135 4483 genua
3183 4412 3433 4481 corporis

192 4506 337 4560 opus
369 4508 619 4564 magnum
653 4499 794 4566 quod
829 4500 958 4557 fecit
985 4502 1040 4557 in
1069 4503 1254 4560 Israel.
1294 4506 1455 4563 Vides
1483 4509 1607 4578 quia
1638 4524 1766 4578 pec-
1798 4505 1844 4562 D
1871 4515 1972 4568 mei
2014 4515 2081 4569 ad
2128 4513 2424 4568 orationem
2466 4510 2690 4565 veniens
2729 4508 2938 4563 [lectam
2985 4507 3123 4569 Deo,
3169 4514 3224 4560 et
3255 4518 3432 4573 genua

195 4591 421 4638 calores
451 4599 517 4639 eo
547 4603 717 4657 usque
749 4595 1095 4660 perveniunt,
1136 4605 1194 4651 ut
1230 4606 1285 4652 et
1324 4614 1460 4666 Opus
1490 4600 1617 4655 illud
1649 4600 1766 4655 ina-

196 4692 365 4746 gnum
389 4688 443 4733 et
464 4682 781 4749 praclarum
809 4689 954 4755 quod
979 4687 1109 4743 fecit
1132 4690 1413 4757 Dominus,
1439 4694 1767 4750 obliviscan-

195 4774 327 4832 tur,
368 4773 508 4838 quod
554 4775 847 4829 cruciﬁxus
883 4787 967 4831 est
1014 4796 1033 4829 ‹
1060 4794 1157 4848 pro
1196 4784 1434 4850 peccatis
1460 4787 1679 4851 nostris,
1714 4797 1768 4843 et

194 4864 501 4915 resurrexit
530 4856 749 4935 propter
766 4867 1211 4935 justiﬁeationem
1236 4878 1590 4930 nostram9°n
1613 4878 1766 4934 Unde

194 4953 367 5005 credo
399 4956 539 5022 quod
572 4969 794 5026 propter
821 4962 961 5016 hanc
982 4964 1310 5020 oblivionem
1346 4978 1595 5024 metuens
1622 4971 1768 5039 Apo-

192 5044 375 5098 stolus
411 5046 918 5121 dicebatdiscipulo
946 5071 1046 5110 suo
1084 5056 1399 5125 Timotheo,
1431 5076 1590 5130 quem
1624 5079 1764 5131 pra:-

193 5135 419 5203 cipuum
470 5139 808 5198 habebat":
841 5164 861 5197 ι
898 5147 1102 5203 Memor
1139 5160 1256 5205 esto
1284 5151 1552 5207 Christum
1582 5154 1762 5210 Jesnm

194 5230 570 5286 resurrexisse
612 5249 640 5285 a
673 5238 919 5291 mortuis.
953 5258 972 5289 ι
1012 5239 1232 5296 Sciebat
1260 5243 1402 5297 enim
1445 5246 1568 5313 quia
1606 5246 1766 5316 hujus

270 5320 502 5397 f‘ml’hil.
540 5339 613 5397 tv_,
641 5326 725 5380 15.
800 5329 1041 5397 f’Matth.
1076 5349 1133 5397 ι,
1159 5333 1251 5395 39-.
1284 5335 1369 5390 '55-

1480 5338 1525 5370 ⁸³
1552 5338 1675 5393 Jud.
1704 5354 1763 5402 ll,
1800 5337 1887 5393 10.

1868 4607 2049 4662 cordis
2075 4607 2177 4662 mei
2205 4605 2412 4660 ﬂectam
2443 4602 2692 4657 diabolo?
2715 4602 2770 4655 Si
2804 4600 2947 4654 enim
2974 4613 3079 4651 non
3105 4606 3309 4652 stetero
3339 4597 3433 4649 tir-
3505 4679 3514 4688 .

1868 4714 1991 4754 mus
2022 4699 2305 4752 adversum
2342 4695 2571 4749 astutias
2624 4692 2863 4754 diaboli,
2920 4688 3041 4743 ﬂexi
3085 4703 3255 4758 genua
3312 4700 3432 4741 mea

1870 4789 2105 4843 diabolo.
2157 4776 2316 4843 Etsi
2365 4801 2471 4840 non
2522 4791 2835 4837 constanter
2889 4790 3097 4835 stetero
3144 4780 3430 4833 adversum

1868 4883 2026 4945 iram,
2062 4880 2182 4936 ﬂexi
2213 4894 2383 4949 genua
2424 4891 2540 4930 mea
2570 4876 2682 4928 irae.
2713 4872 2972 4928 Similiter
2997 4881 3052 4925 et
3085 4871 3129 4925 si
3156 4887 3261 4925 non
3294 4884 3432 4925 con-

1865 4980 2075 5027 stanter
2121 4969 2327 5024 libidini
2372 4967 2640 5031 restitero,
2692 4963 2813 5019 ﬂexi
2863 4963 3069 5017 libidini
3121 4978 3291 5032 genua
3323 4960 3430 5014 mei

1864 5064 2066 5119 cordis.
2112 5063 2177 5117 Et
2232 5061 2285 5114 in
2341 5058 2570 5126 singulis
2613 5056 2918 5125 quibusque
2972 5069 3093 5123 quze
3146 5052 3428 5109 contraria

1863 5164 1989 5208 sunt
2020 5153 2149 5218 Deo,
2192 5153 2295 5206 hoc
2324 5150 2504 5205 facere
2540 5148 2800 5211 videbor,
2860 5146 2962 5199 nisi
3002 5153 3320 5199 constanter
3372 5151 3428 5197 et

1864 5245 2079 5300 fortiter
2136 5252 2344 5299 stetero
2366 5281 2382 5307 ,
2420 5242 2560 5295 sicut
2590 5246 2645 5293 et
2690 5238 2766 5292 illi
2806 5237 3051 5291 fecerunt
3083 5236 3210 5304 quia
3243 5235 3426 5290 colue—

1998 5340 2044 5372 ⁸⁵
2080 5338 2209 5391 ibid.
2238 5339 2324 5390 Il.
2435 5335 2480 5365 ⁸⁸
2517 5331 2637 5386 .lud.
2672 5346 2729 5392 II,
2764 5331 2849 5383 l0.
2951 5328 2998 5359 ’°
3034 5327 3190 5381 Rom.
3226 5341 3302 5388 tv,
3330 5326 3423 5380 25.

190 5389 240 5474 ττ
273 5388 288 5440 I
316 5388 548 5474 :r'im_._n,
577 5395 631 5449 8.
706 5397 751 5428 ο·
790 5396 915 5454 Jud.
956 5388 1142 5470 ψη,
1180 5388 1268 5459 12'.
1293 5388 1299 5389 ί
1327 5388 1392 5439 ῖς
1426 5408 1445 5461 ι
1480 5388 1764 5474 (λοὶζῖξὶ

1875 5388 1887 5393 ”
1910 5411 1924 5440 ¹
1963 5388 2319 5473 Βοηίἷέίξέ.
2359 5407 2414 5471 5,
2448 5402 2501 5468 4,
2531 5404 2586 5458 5.
2663 5403 2681 5431 ⁸
2704 5388 2939 5469 Philipp.
2967 5413 3028 5464 ιι,
3060 5396 3147 5453 10.
3224 5395 3246 5428 ⁸
3283 5396 3423 5466 Eph.

191 5458 399 5527 "1,14,
430 5462 515 5516 15.

273 5553 388 5623 (40)
430 5557 584 5633 lges,
619 5577 636 5609 ‹
663 5570 713 5613 et
746 5559 1007 5613 reﬁcitur.
1036 5580 1054 5613 ›
1085 5561 1247 5633 Libb.
1270 5564 1422 5627 editi,
1460 5581 1477 5613 ε
1507 5571 1559 5617 et
1595 5562 1757 5633 perﬁ-

192 5623 363 5704 ςί,¹,ιξι·ο
390 5644 408 5677 ι
438 5626 612 5704 ⁵ξ’ίξυιο
634 5638 753 5696 post
782 5645 933 5704 n-_ss.,
975 5648 993 5679 ι
1030 5646 1124 5699 per
1146 5632 1316 5687 malas
1343 5623 1749 5704 cogitatioiies.i

187 5692 356 5767 Lilil).
384 5698 535 5767 editi,
568 5714 587 5747 ι
614 5692 709 5767 per
742 5692 956 5755 multas.
982 5718 1001 5750 ι

266 5763 383 5836 (at)
418 5765 575 5833 Mss.,
597 5763 731 5824 (Vis
751 5769 954 5835 videre,
978 5770 1157 5839 quia.)
1175 5770 1331 5827 Libb.
1356 5773 1505 5839 editi,
1530 5790 1748 5845 «quam-

1862 5569 2155 5642 vis‘vernm
2191 5575 2273 5622 est
2302 5566 2449 5642 quia.
2475 5584 2511 5642 )_
2629 5641 2633 5642 ί
3011 5630 3023 5642 ο

1936 5636 2046 5707 (42)
2072 5638 2163 5692 Sic
2197 5631 2333 5693 mss.
2367 5637 2513 5692 Libri
2550 5641 2729 5690 autem
2760 5631 2912 5699 editi,
2959 5649 2975 5683 ι
3011 5631 3423 5698 interpretatur.

1861 5706 2012 5774 Quod
2046 5710 2167 5771 hoc.
2196 5726 2215 5760 ›
