  <div class='ocr_page' id='page_1' title='image "/cluster/home/n/w/nwhite01/storage/ocr_20150623/12/hvd.32044019207638/483.png"; bbox 0 0 3870 6516; ppageno 0'>
   <div class='ocr_carea' id='block_1_1' title="bbox 452 318 610 420">
    <p class='ocr_par' dir='ltr' id='par_1_1' title="bbox 452 318 610 420">
     <span class='ocr_line' id='line_1_1' title="bbox 452 318 610 420; baseline 0 -29"><span class='ocrx_word' id='word_1_1' title='bbox 452 318 472 420; x_wconf 57' lang='grc' dir='ltr'><em>ξ</em></span> <span class='ocrx_word' id='word_1_2' title='bbox 506 337 610 392; x_wconf 73' lang='lat'><strong>959</strong></span> 
     </span>
    </p>
   </div>
   <div class='ocr_carea' id='block_1_2' title="bbox 1965 332 2286 393">
    <p class='ocr_par' dir='ltr' id='par_1_2' title="bbox 1965 332 2286 393">
     <span class='ocr_line' id='line_1_2' title="bbox 1965 332 2286 393; baseline -0.009 0"><span class='ocrx_word' id='word_1_3' title='bbox 1965 332 2286 393; x_wconf 75' lang='lat' dir='ltr'><strong>ORIGENIS</strong></span> 
     </span>
    </p>
   </div>
   <div class='ocr_carea' id='block_1_3' title="bbox 3641 339 3730 388">
    <p class='ocr_par' dir='ltr' id='par_1_3' title="bbox 3641 339 3730 388">
     <span class='ocr_line' id='line_1_3' title="bbox 3641 339 3730 388; baseline 0 0"><span class='ocrx_word' id='word_1_4' title='bbox 3641 339 3730 388; x_wconf 75' lang='lat' dir='ltr'><strong>eeo</strong></span> 
     </span>
    </p>
   </div>
   <div class='ocr_carea' id='block_1_4' title="bbox 460 446 3734 520">
    <p class='ocr_par' dir='ltr' id='par_1_4' title="bbox 460 446 3734 520">
     <span class='ocr_line' id='line_1_4' title="bbox 460 446 3734 520; baseline -0.003 -14"><span class='ocrx_word' id='word_1_5' title='bbox 460 509 465 516; x_wconf 61' lang='grc'><strong>,</strong></span> <span class='ocrx_word' id='word_1_6' title='bbox 504 461 633 508; x_wconf 83' lang='lat' dir='ltr'><strong>runt</strong></span> <span class='ocrx_word' id='word_1_7' title='bbox 671 452 896 516; x_wconf 89' lang='lat' dir='ltr'><strong>Baalim,</strong></span> <span class='ocrx_word' id='word_1_8' title='bbox 927 460 983 505; x_wconf 90' lang='lat' dir='ltr'><strong>et</strong></span> <span class='ocrx_word' id='word_1_9' title='bbox 1025 449 1636 520; x_wconf 85' lang='lat' dir='ltr'><strong>dereliqueruntDeum</strong></span> <span class='ocrx_word' id='word_1_10' title='bbox 1687 459 1899 518; x_wconf 87' lang='lat' dir='ltr'><strong>patrum</strong></span> <span class='ocrx_word' id='word_1_11' title='bbox 1946 465 2074 504; x_wconf 88' lang='lat' dir='ltr'><strong>suo-</strong></span> <span class='ocrx_word' id='word_1_12' title='bbox 2108 452 2153 508; x_wconf 84' lang='lat' dir='ltr'><strong>A</strong></span> <span class='ocrx_word' id='word_1_13' title='bbox 2185 446 2325 500; x_wconf 80' lang='lat' dir='ltr'><strong>ullus</strong></span> <span class='ocrx_word' id='word_1_14' title='bbox 2351 446 2575 500; x_wconf 68' lang='lat' dir='ltr'><strong>omnino</strong></span> <span class='ocrx_word' id='word_1_15' title='bbox 2619 446 2974 515; x_wconf 75' lang='lat' dir='ltr'><strong>praescicntiat</strong></span> <span class='ocrx_word' id='word_1_16' title='bbox 3020 459 3174 499; x_wconf 90' lang='lat' dir='ltr'><strong>amor</strong></span> <span class='ocrx_word' id='word_1_17' title='bbox 3215 459 3316 514; x_wconf 90' lang='lat' dir='ltr'><strong>per</strong></span> <span class='ocrx_word' id='word_1_18' title='bbox 3362 458 3428 498; x_wconf 87' lang='lat' dir='ltr'><strong>ea</strong></span> <span class='ocrx_word' id='word_1_19' title='bbox 3474 460 3598 515; x_wconf 78' lang='lat' dir='ltr'><strong>quae</strong></span> <span class='ocrx_word' id='word_1_20' title='bbox 3643 463 3734 500; x_wconf 67' lang='lat' dir='ltr'><strong>non</strong></span> 
     </span>
    </p>
   </div>
   <div class='ocr_carea' id='block_1_5' title="bbox 503 539 2076 613">
    <p class='ocr_par' dir='ltr' id='par_1_5' title="bbox 503 539 2076 613">
     <span class='ocr_line' id='line_1_5' title="bbox 503 539 2076 613; baseline -0.001 -15"><span class='ocrx_word' id='word_1_21' title='bbox 503 559 624 599; x_wconf 89' lang='lat' dir='ltr'><strong>rum</strong></span> <span class='ocrx_word' id='word_1_22' title='bbox 661 545 750 613; x_wconf 92' lang='lat' dir='ltr'><strong>qui</strong></span> <span class='ocrx_word' id='word_1_23' title='bbox 785 541 968 596; x_wconf 82' lang='lat' dir='ltr'><strong>eduxit</strong></span> <span class='ocrx_word' id='word_1_24' title='bbox 1002 541 1126 597; x_wconf 92' lang='lat' dir='ltr'><strong>illos</strong></span> <span class='ocrx_word' id='word_1_25' title='bbox 1166 542 1232 596; x_wconf 88' lang='lat' dir='ltr'><strong>de</strong></span> <span class='ocrx_word' id='word_1_26' title='bbox 1271 550 1413 595; x_wconf 89' lang='lat' dir='ltr'><strong>terra</strong></span> <span class='ocrx_word' id='word_1_27' title='bbox 1450 539 1693 613; x_wconf 66' lang='lat' dir='ltr'><strong>Egypti.</strong></span> <span class='ocrx_word' id='word_1_28' title='bbox 1745 542 1861 597; x_wconf 86' lang='lat' dir='ltr'><strong>Non</strong></span> <span class='ocrx_word' id='word_1_29' title='bbox 1914 543 2076 612; x_wconf 88' lang='lat' dir='ltr'><strong>igitur</strong></span> 
     </span>
    </p>
   </div>
   <div class='ocr_carea' id='block_1_6' title="bbox 504 633 2076 705">
    <p class='ocr_par' dir='ltr' id='par_1_6' title="bbox 504 633 2076 705">
     <span class='ocr_line' id='line_1_6' title="bbox 504 633 2076 705; baseline 0.001 -17"><span class='ocrx_word' id='word_1_30' title='bbox 504 647 779 702; x_wconf 88' lang='lat' dir='ltr'><strong>putemus,</strong></span> <span class='ocrx_word' id='word_1_31' title='bbox 823 634 946 703; x_wconf 95' lang='lat' dir='ltr'><strong>quia</strong></span> <span class='ocrx_word' id='word_1_32' title='bbox 983 634 1235 688; x_wconf 84' lang='lat' dir='ltr'><strong>videmur</strong></span> <span class='ocrx_word' id='word_1_33' title='bbox 1263 633 1550 688; x_wconf 89' lang='lat' dir='ltr'><strong>simulacra</strong></span> <span class='ocrx_word' id='word_1_34' title='bbox 1582 650 1686 688; x_wconf 92' lang='lat' dir='ltr'><strong>non</strong></span> <span class='ocrx_word' id='word_1_35' title='bbox 1726 634 1926 701; x_wconf 90' lang='lat' dir='ltr'><strong>colere,</strong></span> <span class='ocrx_word' id='word_1_36' title='bbox 1950 650 2076 705; x_wconf 86' lang='lat' dir='ltr'><strong>pro-</strong></span> 
     </span>
    </p>
   </div>
   <div class='ocr_carea' id='block_1_7' title="bbox 508 723 2070 793">
    <p class='ocr_par' dir='ltr' id='par_1_7' title="bbox 508 723 2070 793">
     <span class='ocr_line' id='line_1_7' title="bbox 508 723 2070 793; baseline 0.004 -18"><span class='ocrx_word' id='word_1_37' title='bbox 508 733 691 790; x_wconf 88' lang='lat' dir='ltr'><strong>pterea</strong></span> <span class='ocrx_word' id='word_1_38' title='bbox 733 724 847 776; x_wconf 74' lang='lat' dir='ltr'><strong>haec</strong></span> <span class='ocrx_word' id='word_1_39' title='bbox 889 736 993 776; x_wconf 91' lang='lat' dir='ltr'><strong>non</strong></span> <span class='ocrx_word' id='word_1_40' title='bbox 1028 730 1084 775; x_wconf 92' lang='lat' dir='ltr'><strong>et</strong></span> <span class='ocrx_word' id='word_1_41' title='bbox 1128 723 1196 775; x_wconf 90' lang='lat' dir='ltr'><strong>ad</strong></span> <span class='ocrx_word' id='word_1_42' title='bbox 1239 731 1480 776; x_wconf 89' lang='lat' dir='ltr'><strong>nostrum</strong></span> <span class='ocrx_word' id='word_1_43' title='bbox 1515 724 1724 793; x_wconf 92' lang='lat' dir='ltr'><strong>aliquos</strong></span> <span class='ocrx_word' id='word_1_44' title='bbox 1776 727 2070 793; x_wconf 89' lang='lat' dir='ltr'><strong>pertinere.</strong></span> 
     </span>
    </p>
   </div>
   <div class='ocr_carea' id='block_1_8' title="bbox 508 811 2072 886">
    <p class='ocr_par' dir='ltr' id='par_1_8' title="bbox 508 811 2072 886">
     <span class='ocr_line' id='line_1_8' title="bbox 508 811 2072 886; baseline 0.003 -18"><span class='ocrx_word' id='word_1_45' title='bbox 508 811 891 880; x_wconf 84' lang='lat' dir='ltr'><strong>Unusquisque</strong></span> <span class='ocrx_word' id='word_1_46' title='bbox 930 813 1074 880; x_wconf 91' lang='lat' dir='ltr'><strong>quod</strong></span> <span class='ocrx_word' id='word_1_47' title='bbox 1113 827 1221 881; x_wconf 68' lang='lat' dir='ltr'><strong>prae</strong></span> <span class='ocrx_word' id='word_1_48' title='bbox 1260 813 1472 866; x_wconf 65' lang='lat' dir='ltr'><strong>caeteris</strong></span> <span class='ocrx_word' id='word_1_49' title='bbox 1528 815 1679 879; x_wconf 88' lang='lat' dir='ltr'><strong>colit,</strong></span> <span class='ocrx_word' id='word_1_50' title='bbox 1723 817 1866 885; x_wconf 91' lang='lat' dir='ltr'><strong>quod</strong></span> <span class='ocrx_word' id='word_1_51' title='bbox 1906 833 2072 886; x_wconf 87' lang='lat' dir='ltr'><strong>super</strong></span> 
     </span>
    </p>
   </div>
   <div class='ocr_carea' id='block_1_9' title="bbox 502 902 2068 978">
    <p class='ocr_par' dir='ltr' id='par_1_9' title="bbox 502 902 2068 978">
     <span class='ocr_line' id='line_1_9' title="bbox 502 902 2068 978; baseline 0.004 -20"><span class='ocrx_word' id='word_1_52' title='bbox 502 905 686 958; x_wconf 84' lang='lat' dir='ltr'><strong>omnia</strong></span> <span class='ocrx_word' id='word_1_53' title='bbox 726 905 954 958; x_wconf 80' lang='lat' dir='ltr'><strong>miratur</strong></span> <span class='ocrx_word' id='word_1_54' title='bbox 982 912 1037 958; x_wconf 89' lang='lat' dir='ltr'><strong>et</strong></span> <span class='ocrx_word' id='word_1_55' title='bbox 1064 903 1262 973; x_wconf 80' lang='lat' dir='ltr'><strong>diligit,</strong></span> <span class='ocrx_word' id='word_1_56' title='bbox 1301 903 1402 959; x_wconf 93' lang='lat' dir='ltr'><strong>hoc</strong></span> <span class='ocrx_word' id='word_1_57' title='bbox 1432 906 1482 959; x_wconf 91' lang='lat' dir='ltr'><strong>ei</strong></span> <span class='ocrx_word' id='word_1_58' title='bbox 1529 902 1664 960; x_wconf 83' lang='lat' dir='ltr'><strong>deus</strong></span> <span class='ocrx_word' id='word_1_59' title='bbox 1696 916 1800 962; x_wconf 90' lang='lat' dir='ltr'><strong>est.</strong></span> <span class='ocrx_word' id='word_1_60' title='bbox 1829 907 2068 978; x_wconf 83' lang='lat' dir='ltr'><strong>Denique</strong></span> 
     </span>
    </p>
   </div>
   <div class='ocr_carea' id='block_1_10' title="bbox 502 991 2068 1064">
    <p class='ocr_par' dir='ltr' id='par_1_10' title="bbox 502 991 2068 1064">
     <span class='ocr_line' id='line_1_10' title="bbox 502 991 2068 1064; baseline 0.004 -19"><span class='ocrx_word' id='word_1_61' title='bbox 502 991 604 1046; x_wconf 89' lang='lat' dir='ltr'><strong>hoc</strong></span> <span class='ocrx_word' id='word_1_62' title='bbox 628 1003 710 1047; x_wconf 88' lang='lat' dir='ltr'><strong>est</strong></span> <span class='ocrx_word' id='word_1_63' title='bbox 741 993 884 1061; x_wconf 91' lang='lat' dir='ltr'><strong>quod</strong></span> <span class='ocrx_word' id='word_1_64' title='bbox 916 1000 1045 1046; x_wconf 86' lang='lat' dir='ltr'><strong>ante</strong></span> <span class='ocrx_word' id='word_1_65' title='bbox 1069 991 1272 1054; x_wconf 89' lang='lat' dir='ltr'><strong>omnia,</strong></span> <span class='ocrx_word' id='word_1_66' title='bbox 1303 1001 1355 1046; x_wconf 93' lang='lat' dir='ltr'><strong>et</strong></span> <span class='ocrx_word' id='word_1_67' title='bbox 1386 1007 1552 1061; x_wconf 87' lang='lat' dir='ltr'><strong>super</strong></span> <span class='ocrx_word' id='word_1_68' title='bbox 1578 995 1758 1048; x_wconf 88' lang='lat' dir='ltr'><strong>omnia</strong></span> <span class='ocrx_word' id='word_1_69' title='bbox 1791 1010 1886 1064; x_wconf 90' lang='lat' dir='ltr'><strong>per</strong></span> <span class='ocrx_word' id='word_1_70' title='bbox 1917 1011 2068 1051; x_wconf 83' lang='lat' dir='ltr'><strong>man-</strong></span> 
     </span>
    </p>
   </div>
   <div class='ocr_carea' id='block_1_11' title="bbox 498 1083 2062 1156">
    <p class='ocr_par' dir='ltr' id='par_1_11' title="bbox 498 1083 2062 1156">
     <span class='ocr_line' id='line_1_11' title="bbox 498 1083 2062 1156; baseline 0.007 -24"><span class='ocrx_word' id='word_1_71' title='bbox 498 1084 681 1136; x_wconf 68' lang='lat' dir='ltr'><strong>«latum</strong></span> <span class='ocrx_word' id='word_1_72' title='bbox 713 1098 870 1137; x_wconf 87' lang='lat' dir='ltr'><strong>suum</strong></span> <span class='ocrx_word' id='word_1_73' title='bbox 909 1085 1051 1137; x_wconf 87' lang='lat' dir='ltr'><strong>Deus</strong></span> <span class='ocrx_word' id='word_1_74' title='bbox 1081 1083 1325 1150; x_wconf 89' lang='lat' dir='ltr'><strong>deposcit</strong></span> <span class='ocrx_word' id='word_1_75' title='bbox 1359 1085 1426 1137; x_wconf 91' lang='lat' dir='ltr'><strong>ab</strong></span> <span class='ocrx_word' id='word_1_76' title='bbox 1476 1085 1696 1138; x_wconf 90' lang='lat' dir='ltr'><strong>homine</strong></span> <span class='ocrx_word' id='word_1_77' title='bbox 1730 1100 1746 1139; x_wconf 92' lang='lat'><strong>:</strong></span> <span class='ocrx_word' id='word_1_78' title='bbox 1777 1105 1796 1137; x_wconf 70' lang='grc' dir='ltr'><strong>ι</strong></span> <span class='ocrx_word' id='word_1_79' title='bbox 1829 1086 2026 1156; x_wconf 78' lang='lat' dir='ltr'><strong>Diliges</strong></span> <span class='ocrx_word' id='word_1_80' title='bbox 2047 1126 2062 1152; x_wconf 91' lang='lat'><strong>,</strong></span> 
     </span>
    </p>
   </div>
   <div class='ocr_carea' id='block_1_12' title="bbox 497 1173 2060 1243">
    <p class='ocr_par' dir='ltr' id='par_1_12' title="bbox 497 1173 2060 1243">
     <span class='ocr_line' id='line_1_12' title="bbox 497 1173 2060 1243; baseline 0.005 -18"><span class='ocrx_word' id='word_1_81' title='bbox 497 1173 670 1242; x_wconf 88' lang='lat' dir='ltr'><strong>inquit</strong></span> <span class='ocrx_word' id='word_1_82' title='bbox 705 1173 762 1238; x_wconf 74' lang='grc'>⁸,</span> <span class='ocrx_word' id='word_1_83' title='bbox 792 1174 1079 1228; x_wconf 91' lang='lat' dir='ltr'><strong>Dominum</strong></span> <span class='ocrx_word' id='word_1_84' title='bbox 1116 1173 1282 1228; x_wconf 90' lang='lat' dir='ltr'><strong>Deum</strong></span> <span class='ocrx_word' id='word_1_85' title='bbox 1318 1184 1466 1227; x_wconf 92' lang='lat' dir='ltr'><strong>tuum</strong></span> <span class='ocrx_word' id='word_1_86' title='bbox 1505 1190 1570 1229; x_wconf 87' lang='lat' dir='ltr'><strong>ex</strong></span> <span class='ocrx_word' id='word_1_87' title='bbox 1613 1184 1724 1229; x_wconf 92' lang='lat' dir='ltr'><strong>toto</strong></span> <span class='ocrx_word' id='word_1_88' title='bbox 1755 1179 1920 1232; x_wconf 87' lang='lat' dir='ltr'><strong>corde</strong></span> <span class='ocrx_word' id='word_1_89' title='bbox 1947 1187 2060 1243; x_wconf 90' lang='lat' dir='ltr'><strong>tuo,</strong></span> 
     </span>
    </p>
   </div>
   <div class='ocr_carea' id='block_1_13' title="bbox 495 1265 2060 1339">
    <p class='ocr_par' dir='ltr' id='par_1_13' title="bbox 495 1265 2060 1339">
     <span class='ocr_line' id='line_1_13' title="bbox 495 1265 2060 1339; baseline 0.004 -22"><span class='ocrx_word' id='word_1_90' title='bbox 495 1273 552 1318; x_wconf 87' lang='lat' dir='ltr'><strong>et</strong></span> <span class='ocrx_word' id='word_1_91' title='bbox 569 1279 633 1318; x_wconf 83' lang='lat' dir='ltr'><strong>ex</strong></span> <span class='ocrx_word' id='word_1_92' title='bbox 659 1272 766 1318; x_wconf 87' lang='lat' dir='ltr'><strong>tota</strong></span> <span class='ocrx_word' id='word_1_93' title='bbox 790 1265 968 1320; x_wconf 87' lang='lat' dir='ltr'><strong>anima</strong></span> <span class='ocrx_word' id='word_1_94' title='bbox 997 1274 1107 1330; x_wconf 89' lang='lat' dir='ltr'><strong>tua,</strong></span> <span class='ocrx_word' id='word_1_95' title='bbox 1134 1273 1189 1319; x_wconf 91' lang='lat' dir='ltr'><strong>et</strong></span> <span class='ocrx_word' id='word_1_96' title='bbox 1215 1279 1282 1319; x_wconf 78' lang='lat' dir='ltr'><strong>ex</strong></span> <span class='ocrx_word' id='word_1_97' title='bbox 1311 1266 1438 1320; x_wconf 90' lang='lat' dir='ltr'><strong>totis</strong></span> <span class='ocrx_word' id='word_1_98' title='bbox 1458 1266 1664 1323; x_wconf 89' lang='lat' dir='ltr'><strong>viribus</strong></span> <span class='ocrx_word' id='word_1_99' title='bbox 1691 1269 1830 1334; x_wconf 87' lang='lat' dir='ltr'><strong>tuis;</strong></span> <span class='ocrx_word' id='word_1_100' title='bbox 1869 1289 1887 1321; x_wconf 73' lang='grc' dir='ltr'><strong>ι</strong></span> <span class='ocrx_word' id='word_1_101' title='bbox 1920 1285 2060 1339; x_wconf 87' lang='lat' dir='ltr'><strong>prae-</strong></span> 
     </span>
    </p>
   </div>
   <div class='ocr_carea' id='block_1_14' title="bbox 494 1355 2091 1426">
    <p class='ocr_par' dir='ltr' id='par_1_14' title="bbox 494 1355 2091 1426">
     <span class='ocr_line' id='line_1_14' title="bbox 494 1355 2091 1426; baseline 0.006 -19"><span class='ocrx_word' id='word_1_102' title='bbox 494 1368 760 1423; x_wconf 86' lang='lat' dir='ltr'><strong>occupare</strong></span> <span class='ocrx_word' id='word_1_103' title='bbox 786 1355 1183 1423; x_wconf 87' lang='lat' dir='ltr'><strong>quodammodo</strong></span> <span class='ocrx_word' id='word_1_104' title='bbox 1208 1371 1333 1426; x_wconf 86' lang='lat' dir='ltr'><strong>erga</strong></span> <span class='ocrx_word' id='word_1_105' title='bbox 1365 1372 1426 1411; x_wconf 88' lang='lat' dir='ltr'><strong>se</strong></span> <span class='ocrx_word' id='word_1_106' title='bbox 1453 1358 1676 1425; x_wconf 88' lang='lat' dir='ltr'><strong>cupiens</strong></span> <span class='ocrx_word' id='word_1_107' title='bbox 1699 1360 1794 1415; x_wconf 90' lang='lat' dir='ltr'><strong>hos</strong></span> <span class='ocrx_word' id='word_1_108' title='bbox 1812 1355 2058 1416; x_wconf 80' lang='lat' dir='ltr'><strong>humanae</strong></span> <span class='ocrx_word' id='word_1_109' title='bbox 2087 1399 2091 1406; x_wconf 90' lang='grc'><strong><em>-</em></strong></span> 
     </span>
    </p>
   </div>
   <div class='ocr_carea' id='block_1_15' title="bbox 494 1445 2058 1518">
    <p class='ocr_par' dir='ltr' id='par_1_15' title="bbox 494 1445 2058 1518">
     <span class='ocr_line' id='line_1_15' title="bbox 494 1445 2058 1518; baseline 0.005 -20"><span class='ocrx_word' id='word_1_110' title='bbox 494 1447 690 1500; x_wconf 90' lang='lat' dir='ltr'><strong>mentis</strong></span> <span class='ocrx_word' id='word_1_111' title='bbox 714 1445 939 1501; x_wconf 62' lang='lat' dir='ltr'><strong>allectus</strong></span> <span class='ocrx_word' id='word_1_112' title='bbox 963 1485 978 1511; x_wconf 93' lang='lat'><strong>,</strong></span> <span class='ocrx_word' id='word_1_113' title='bbox 1008 1455 1061 1500; x_wconf 89' lang='lat' dir='ltr'><strong>et</strong></span> <span class='ocrx_word' id='word_1_114' title='bbox 1091 1447 1270 1502; x_wconf 91' lang='lat' dir='ltr'><strong>sciens</strong></span> <span class='ocrx_word' id='word_1_115' title='bbox 1309 1447 1433 1516; x_wconf 83' lang='lat' dir='ltr'><strong>quia</strong></span> <span class='ocrx_word' id='word_1_116' title='bbox 1478 1450 1620 1518; x_wconf 91' lang='lat' dir='ltr'><strong>quod</strong></span> <span class='ocrx_word' id='word_1_117' title='bbox 1660 1464 1727 1504; x_wconf 82' lang='lat' dir='ltr'><strong>ex</strong></span> <span class='ocrx_word' id='word_1_118' title='bbox 1760 1458 1870 1505; x_wconf 91' lang='lat' dir='ltr'><strong>toto</strong></span> <span class='ocrx_word' id='word_1_119' title='bbox 1897 1453 2058 1507; x_wconf 80' lang='lat' dir='ltr'><strong>corde</strong></span> 
     </span>
    </p>
   </div>
   <div class='ocr_carea' id='block_1_16' title="bbox 493 1537 2053 1610">
    <p class='ocr_par' dir='ltr' id='par_1_16' title="bbox 493 1537 2053 1610">
     <span class='ocr_line' id='line_1_16' title="bbox 493 1537 2053 1610; baseline 0.006 -20"><span class='ocrx_word' id='word_1_120' title='bbox 493 1537 740 1592; x_wconf 73' lang='lat' dir='ltr'><strong>dilexerit</strong></span> <span class='ocrx_word' id='word_1_121' title='bbox 761 1540 906 1608; x_wconf 89' lang='lat' dir='ltr'><strong>quis,</strong></span> <span class='ocrx_word' id='word_1_122' title='bbox 936 1549 992 1594; x_wconf 90' lang='lat' dir='ltr'><strong>et</strong></span> <span class='ocrx_word' id='word_1_123' title='bbox 1017 1555 1082 1594; x_wconf 80' lang='lat' dir='ltr'><strong>ex</strong></span> <span class='ocrx_word' id='word_1_124' title='bbox 1111 1549 1222 1602; x_wconf 86' lang='lat' dir='ltr'><strong>tota</strong></span> <span class='ocrx_word' id='word_1_125' title='bbox 1255 1540 1456 1605; x_wconf 89' lang='lat' dir='ltr'><strong>anima,</strong></span> <span class='ocrx_word' id='word_1_126' title='bbox 1485 1550 1646 1610; x_wconf 91' lang='lat' dir='ltr'><strong>atque</strong></span> <span class='ocrx_word' id='word_1_127' title='bbox 1671 1541 1878 1598; x_wconf 89' lang='lat' dir='ltr'><strong>viribus</strong></span> <span class='ocrx_word' id='word_1_128' title='bbox 1903 1544 2053 1610; x_wconf 89' lang='lat' dir='ltr'><strong>totis,</strong></span> 
     </span>
    </p>
   </div>
   <div class='ocr_carea' id='block_1_17' title="bbox 492 1627 2053 1704">
    <p class='ocr_par' dir='ltr' id='par_1_17' title="bbox 492 1627 2053 1704">
     <span class='ocr_line' id='line_1_17' title="bbox 492 1627 2053 1704; baseline 0.007 -23"><span class='ocrx_word' id='word_1_129' title='bbox 492 1628 596 1682; x_wconf 88' lang='lat' dir='ltr'><strong>hoc</strong></span> <span class='ocrx_word' id='word_1_130' title='bbox 626 1629 673 1683; x_wconf 92' lang='lat' dir='ltr'><strong>ei</strong></span> <span class='ocrx_word' id='word_1_131' title='bbox 710 1627 842 1684; x_wconf 89' lang='lat' dir='ltr'><strong>deus</strong></span> <span class='ocrx_word' id='word_1_132' title='bbox 875 1638 979 1685; x_wconf 87' lang='lat' dir='ltr'><strong>est.</strong></span> <span class='ocrx_word' id='word_1_133' title='bbox 1011 1631 1272 1686; x_wconf 89' lang='lat' dir='ltr'><strong>Discutiat</strong></span> <span class='ocrx_word' id='word_1_134' title='bbox 1300 1647 1443 1687; x_wconf 89' lang='lat' dir='ltr'><strong>nunc</strong></span> <span class='ocrx_word' id='word_1_135' title='bbox 1468 1633 1833 1704; x_wconf 88' lang='lat' dir='ltr'><strong>unusquisque</strong></span> <span class='ocrx_word' id='word_1_136' title='bbox 1857 1645 2053 1692; x_wconf 88' lang='lat' dir='ltr'><strong>semet-</strong></span> 
     </span>
    </p>
   </div>
   <div class='ocr_carea' id='block_1_18' title="bbox 489 1718 2047 1797">
    <p class='ocr_par' dir='ltr' id='par_1_18' title="bbox 489 1718 2047 1797">
     <span class='ocr_line' id='line_1_18' title="bbox 489 1718 2047 1797; baseline 0.007 -26"><span class='ocrx_word' id='word_1_137' title='bbox 489 1718 690 1787; x_wconf 87' lang='lat' dir='ltr'><strong>ipsum,</strong></span> <span class='ocrx_word' id='word_1_138' title='bbox 730 1730 782 1774; x_wconf 90' lang='lat' dir='ltr'><strong>et</strong></span> <span class='ocrx_word' id='word_1_139' title='bbox 819 1722 1013 1776; x_wconf 88' lang='lat' dir='ltr'><strong>tacitus</strong></span> <span class='ocrx_word' id='word_1_140' title='bbox 1047 1737 1114 1776; x_wconf 84' lang='lat' dir='ltr'><strong>ex</strong></span> <span class='ocrx_word' id='word_1_141' title='bbox 1150 1737 1247 1778; x_wconf 94' lang='lat' dir='ltr'><strong>suo</strong></span> <span class='ocrx_word' id='word_1_142' title='bbox 1283 1723 1446 1780; x_wconf 89' lang='lat' dir='ltr'><strong>corde</strong></span> <span class='ocrx_word' id='word_1_143' title='bbox 1502 1735 1801 1792; x_wconf 88' lang='lat' dir='ltr'><strong>recenseat,</strong></span> <span class='ocrx_word' id='word_1_144' title='bbox 1843 1743 1964 1797; x_wconf 89' lang='lat' dir='ltr'><strong>quae</strong></span> <span class='ocrx_word' id='word_1_145' title='bbox 1993 1729 2047 1782; x_wconf 91' lang='lat' dir='ltr'><strong>in</strong></span> 
     </span>
    </p>
   </div>
   <div class='ocr_carea' id='block_1_19' title="bbox 487 1813 2050 1884">
    <p class='ocr_par' dir='ltr' id='par_1_19' title="bbox 487 1813 2050 1884">
     <span class='ocr_line' id='line_1_19' title="bbox 487 1813 2050 1884; baseline 0.006 -20"><span class='ocrx_word' id='word_1_146' title='bbox 487 1825 553 1865; x_wconf 89' lang='lat' dir='ltr'><strong>eo</strong></span> <span class='ocrx_word' id='word_1_147' title='bbox 611 1813 952 1880; x_wconf 88' lang='lat' dir='ltr'><strong>potissimum</strong></span> <span class='ocrx_word' id='word_1_148' title='bbox 1007 1821 1061 1867; x_wconf 91' lang='lat' dir='ltr'><strong>et</strong></span> <span class='ocrx_word' id='word_1_149' title='bbox 1107 1829 1270 1884; x_wconf 86' lang='lat' dir='ltr'><strong>super</strong></span> <span class='ocrx_word' id='word_1_150' title='bbox 1330 1823 1525 1870; x_wconf 62' lang='lat' dir='ltr'><strong>caetera</strong></span> <span class='ocrx_word' id='word_1_151' title='bbox 1586 1817 1766 1871; x_wconf 88' lang='lat' dir='ltr'><strong>omnia</strong></span> <span class='ocrx_word' id='word_1_152' title='bbox 1834 1818 2050 1875; x_wconf 85' lang='lat' dir='ltr'><strong>ﬂamma</strong></span> 
     </span>
    </p>
   </div>
   <div class='ocr_carea' id='block_1_20' title="bbox 485 1903 2052 1973">
    <p class='ocr_par' dir='ltr' id='par_1_20' title="bbox 485 1903 2052 1973">
     <span class='ocr_line' id='line_1_20' title="bbox 485 1903 2052 1973; baseline 0.008 -21"><span class='ocrx_word' id='word_1_153' title='bbox 485 1903 688 1955; x_wconf 88' lang='lat' dir='ltr'><strong>amoris</strong></span> <span class='ocrx_word' id='word_1_154' title='bbox 716 1913 994 1968; x_wconf 74' lang='lat' dir='ltr'><strong>exaestuet,</strong></span> <span class='ocrx_word' id='word_1_155' title='bbox 1026 1904 1147 1973; x_wconf 89' lang='lat' dir='ltr'><strong>quis</strong></span> <span class='ocrx_word' id='word_1_156' title='bbox 1181 1905 1290 1960; x_wconf 85' lang='lat' dir='ltr'><strong>sibi</strong></span> <span class='ocrx_word' id='word_1_157' title='bbox 1320 1906 1602 1960; x_wconf 89' lang='lat' dir='ltr'><strong>ardentior</strong></span> <span class='ocrx_word' id='word_1_158' title='bbox 1636 1907 1847 1962; x_wconf 70' lang='lat' dir='ltr'><strong>eaeteris</strong></span> <span class='ocrx_word' id='word_1_159' title='bbox 1869 1908 2052 1964; x_wconf 82' lang='lat' dir='ltr'><strong>fovea-</strong></span> 
     </span>
    </p>
   </div>
   <div class='ocr_carea' id='block_1_21' title="bbox 486 1989 2050 2069">
    <p class='ocr_par' dir='ltr' id='par_1_21' title="bbox 486 1989 2050 2069">
     <span class='ocr_line' id='line_1_21' title="bbox 486 1989 2050 2069; baseline 0.008 -25"><span class='ocrx_word' id='word_1_160' title='bbox 486 2002 572 2045; x_wconf 93' lang='lat' dir='ltr'><strong>tur</strong></span> <span class='ocrx_word' id='word_1_161' title='bbox 609 1989 848 2046; x_wconf 81' lang='lat' dir='ltr'><strong>aﬂ‘ectus.</strong></span> <span class='ocrx_word' id='word_1_162' title='bbox 873 1994 981 2050; x_wconf 89' lang='lat' dir='ltr'><strong>Vos</strong></span> <span class='ocrx_word' id='word_1_163' title='bbox 1022 1996 1125 2064; x_wconf 88' lang='lat' dir='ltr'><strong>ipsi</strong></span> <span class='ocrx_word' id='word_1_164' title='bbox 1169 1997 1235 2052; x_wconf 92' lang='lat' dir='ltr'><strong>de</strong></span> <span class='ocrx_word' id='word_1_165' title='bbox 1280 1999 1365 2053; x_wconf 90' lang='lat' dir='ltr'><strong>his</strong></span> <span class='ocrx_word' id='word_1_166' title='bbox 1399 1998 1653 2054; x_wconf 89' lang='lat' dir='ltr'><strong>habetote</strong></span> <span class='ocrx_word' id='word_1_167' title='bbox 1675 1997 1964 2069; x_wconf 86' lang='lat' dir='ltr'><strong>judicium,</strong></span> <span class='ocrx_word' id='word_1_168' title='bbox 1995 2013 2050 2058; x_wconf 89' lang='lat' dir='ltr'><strong>et.</strong></span> 
     </span>
    </p>
   </div>
   <div class='ocr_carea' id='block_1_22' title="bbox 483 2076 2046 2162">
    <p class='ocr_par' dir='ltr' id='par_1_22' title="bbox 483 2076 2046 2162">
     <span class='ocr_line' id='line_1_22' title="bbox 483 2076 2046 2162; baseline 0.008 -28"><span class='ocrx_word' id='word_1_169' title='bbox 483 2082 536 2134; x_wconf 92' lang='lat' dir='ltr'><strong>in</strong></span> <span class='ocrx_word' id='word_1_170' title='bbox 562 2076 760 2137; x_wconf 72' lang='lat' dir='ltr'><strong>statera</strong></span> <span class='ocrx_word' id='word_1_171' title='bbox 791 2084 904 2140; x_wconf 69' lang='lat' dir='ltr'><strong>haec</strong></span> <span class='ocrx_word' id='word_1_172' title='bbox 926 2087 1096 2141; x_wconf 84' lang='lat' dir='ltr'><strong>vestri</strong></span> <span class='ocrx_word' id='word_1_173' title='bbox 1129 2089 1401 2144; x_wconf 82' lang='lat' dir='ltr'><strong>examinis</strong></span> <span class='ocrx_word' id='word_1_174' title='bbox 1429 2093 1736 2160; x_wconf 86' lang='lat' dir='ltr'><strong>appendite,</strong></span> <span class='ocrx_word' id='word_1_175' title='bbox 1764 2103 1819 2147; x_wconf 89' lang='lat' dir='ltr'><strong>et</strong></span> <span class='ocrx_word' id='word_1_176' title='bbox 1844 2093 1889 2148; x_wconf 91' lang='lat' dir='ltr'><strong>si</strong></span> <span class='ocrx_word' id='word_1_177' title='bbox 1919 2095 2046 2162; x_wconf 90' lang='lat' dir='ltr'><strong>quid</strong></span> 
     </span>
    </p>
   </div>
   <div class='ocr_carea' id='block_1_23' title="bbox 479 2174 2044 2250">
    <p class='ocr_par' dir='ltr' id='par_1_23' title="bbox 479 2174 2044 2250">
     <span class='ocr_line' id='line_1_23' title="bbox 479 2174 2044 2250; baseline 0.01 -26"><span class='ocrx_word' id='word_1_178' title='bbox 479 2180 563 2225; x_wconf 89' lang='lat' dir='ltr'><strong>est</strong></span> <span class='ocrx_word' id='word_1_179' title='bbox 597 2174 740 2242; x_wconf 91' lang='lat' dir='ltr'><strong>quod</strong></span> <span class='ocrx_word' id='word_1_180' title='bbox 771 2175 822 2228; x_wconf 92' lang='lat' dir='ltr'><strong>in</strong></span> <span class='ocrx_word' id='word_1_181' title='bbox 849 2175 1160 2232; x_wconf 88' lang='lat' dir='ltr'><strong>dilectionis</strong></span> <span class='ocrx_word' id='word_1_182' title='bbox 1190 2179 1345 2233; x_wconf 86' lang='lat' dir='ltr'><strong>lance</strong></span> <span class='ocrx_word' id='word_1_183' title='bbox 1377 2182 1771 2250; x_wconf 74' lang='lat' dir='ltr'><strong>praeponderat,</strong></span> <span class='ocrx_word' id='word_1_184' title='bbox 1812 2185 1917 2240; x_wconf 90' lang='lat' dir='ltr'><strong>hoc</strong></span> <span class='ocrx_word' id='word_1_185' title='bbox 1952 2185 2044 2240; x_wconf 90' lang='lat' dir='ltr'><strong>tibi</strong></span> 
     </span>
    </p>
   </div>
   <div class='ocr_carea' id='block_1_24' title="bbox 475 2262 2047 2347">
    <p class='ocr_par' dir='ltr' id='par_1_24' title="bbox 475 2262 2047 2347">
     <span class='ocr_line' id='line_1_24' title="bbox 475 2262 2047 2347; baseline 0.01 -31"><span class='ocrx_word' id='word_1_186' title='bbox 475 2262 612 2317; x_wconf 90' lang='lat' dir='ltr'><strong>deus</strong></span> <span class='ocrx_word' id='word_1_187' title='bbox 647 2273 747 2318; x_wconf 90' lang='lat' dir='ltr'><strong>est.</strong></span> <span class='ocrx_word' id='word_1_188' title='bbox 799 2263 906 2321; x_wconf 88' lang='lat' dir='ltr'><strong>Sed</strong></span> <span class='ocrx_word' id='word_1_189' title='bbox 947 2283 1140 2324; x_wconf 90' lang='lat' dir='ltr'><strong>vereor</strong></span> <span class='ocrx_word' id='word_1_190' title='bbox 1182 2283 1250 2324; x_wconf 89' lang='lat' dir='ltr'><strong>ne</strong></span> <span class='ocrx_word' id='word_1_191' title='bbox 1282 2272 1419 2338; x_wconf 88' lang='lat' dir='ltr'><strong>apud</strong></span> <span class='ocrx_word' id='word_1_192' title='bbox 1449 2274 1877 2343; x_wconf 82' lang='lat' dir='ltr'><strong>quamplurimas</strong></span> <span class='ocrx_word' id='word_1_193' title='bbox 1911 2293 2047 2347; x_wconf 68' lang='lat' dir='ltr'><strong>prae-</strong></span> 
     </span>
    </p>
   </div>
   <div class='ocr_carea' id='block_1_25' title="bbox 477 2355 2045 2434">
    <p class='ocr_par' dir='ltr' id='par_1_25' title="bbox 477 2355 2045 2434">
     <span class='ocr_line' id='line_1_25' title="bbox 477 2355 2045 2434; baseline 0.011 -28"><span class='ocrx_word' id='word_1_194' title='bbox 477 2355 745 2419; x_wconf 88' lang='lat' dir='ltr'><strong>ponderet</strong></span> <span class='ocrx_word' id='word_1_195' title='bbox 771 2371 924 2412; x_wconf 91' lang='lat' dir='ltr'><strong>amor</strong></span> <span class='ocrx_word' id='word_1_196' title='bbox 953 2361 1092 2427; x_wconf 88' lang='lat' dir='ltr'><strong>auri,</strong></span> <span class='ocrx_word' id='word_1_197' title='bbox 1120 2369 1171 2414; x_wconf 92' lang='lat' dir='ltr'><strong>et</strong></span> <span class='ocrx_word' id='word_1_198' title='bbox 1195 2361 1436 2416; x_wconf 71' lang='lat' dir='ltr'><strong>avaritiae</strong></span> <span class='ocrx_word' id='word_1_199' title='bbox 1463 2365 1675 2431; x_wconf 89' lang='lat' dir='ltr'><strong>pondus</strong></span> <span class='ocrx_word' id='word_1_200' title='bbox 1698 2379 1883 2434; x_wconf 88' lang='lat' dir='ltr'><strong>pressa</strong></span> <span class='ocrx_word' id='word_1_201' title='bbox 1908 2369 2045 2423; x_wconf 88' lang='lat' dir='ltr'><strong>satis</strong></span> 
     </span>
    </p>
   </div>
   <div class='ocr_carea' id='block_1_26' title="bbox 477 2442 2040 2520">
    <p class='ocr_par' dir='ltr' id='par_1_26' title="bbox 477 2442 2040 2520">
     <span class='ocr_line' id='line_1_26' title="bbox 477 2442 2040 2520; baseline 0.012 -25"><span class='ocrx_word' id='word_1_202' title='bbox 477 2442 632 2499; x_wconf 81' lang='lat' dir='ltr'><strong>lance</strong></span> <span class='ocrx_word' id='word_1_203' title='bbox 657 2447 931 2519; x_wconf 85' lang='lat' dir='ltr'><strong>devergat.</strong></span> <span class='ocrx_word' id='word_1_204' title='bbox 961 2450 1026 2504; x_wconf 88' lang='lat' dir='ltr'><strong>Et</strong></span> <span class='ocrx_word' id='word_1_205' title='bbox 1067 2451 1254 2520; x_wconf 91' lang='lat' dir='ltr'><strong>utique</strong></span> <span class='ocrx_word' id='word_1_206' title='bbox 1284 2452 1483 2507; x_wconf 91' lang='lat' dir='ltr'><strong>dicitur</strong></span> <span class='ocrx_word' id='word_1_207' title='bbox 1512 2456 1578 2508; x_wconf 90' lang='lat' dir='ltr'><strong>ad</strong></span> <span class='ocrx_word' id='word_1_208' title='bbox 1608 2455 1752 2509; x_wconf 83' lang='lat' dir='ltr'><strong>hunc</strong></span> <span class='ocrx_word' id='word_1_209' title='bbox 1775 2458 1797 2488; x_wconf 83' lang='lat'>&quot;</span> <span class='ocrx_word' id='word_1_210' title='bbox 1825 2475 1839 2512; x_wconf 86' lang='lat'><strong>:</strong></span> <span class='ocrx_word' id='word_1_211' title='bbox 1875 2476 1892 2508; x_wconf 89' lang='grc'>‹</span> <span class='ocrx_word' id='word_1_212' title='bbox 1923 2458 2040 2513; x_wconf 84' lang='lat' dir='ltr'><strong>Non</strong></span> 
     </span>
    </p>
   </div>
   <div class='ocr_carea' id='block_1_27' title="bbox 475 2537 2036 2618">
    <p class='ocr_par' dir='ltr' id='par_1_27' title="bbox 475 2537 2036 2618">
     <span class='ocr_line' id='line_1_27' title="bbox 475 2537 2036 2618; baseline 0.01 -30"><span class='ocrx_word' id='word_1_213' title='bbox 475 2543 629 2599; x_wconf 87' lang='lat' dir='ltr'><strong>potes</strong></span> <span class='ocrx_word' id='word_1_214' title='bbox 659 2537 770 2592; x_wconf 92' lang='lat' dir='ltr'><strong>Deo</strong></span> <span class='ocrx_word' id='word_1_215' title='bbox 793 2549 847 2594; x_wconf 93' lang='lat' dir='ltr'><strong>et</strong></span> <span class='ocrx_word' id='word_1_216' title='bbox 885 2541 1204 2596; x_wconf 76' lang='lat' dir='ltr'><strong>Mammonte</strong></span> <span class='ocrx_word' id='word_1_217' title='bbox 1233 2543 1309 2612; x_wconf 92' lang='lat' dir='ltr'><strong>(id</strong></span> <span class='ocrx_word' id='word_1_218' title='bbox 1340 2554 1425 2597; x_wconf 90' lang='lat' dir='ltr'><strong>est</strong></span> <span class='ocrx_word' id='word_1_219' title='bbox 1449 2547 1718 2618; x_wconf 74' lang='lat' dir='ltr'><strong>avaritiae)</strong></span> <span class='ocrx_word' id='word_1_220' title='bbox 1755 2551 1981 2604; x_wconf 87' lang='lat' dir='ltr'><strong>servire.</strong></span> <span class='ocrx_word' id='word_1_221' title='bbox 2017 2570 2036 2603; x_wconf 69' lang='grc' dir='ltr'><strong>ι</strong></span> 
     </span>
    </p>
   </div>
   <div class='ocr_carea' id='block_1_28' title="bbox 475 2620 2042 2704">
    <p class='ocr_par' dir='ltr' id='par_1_28' title="bbox 475 2620 2042 2704">
     <span class='ocr_line' id='line_1_28' title="bbox 475 2620 2042 2704; baseline 0.013 -31"><span class='ocrx_word' id='word_1_222' title='bbox 475 2620 681 2676; x_wconf 83' lang='lat' dir='ltr'><strong>Vereor</strong></span> <span class='ocrx_word' id='word_1_223' title='bbox 723 2634 779 2678; x_wconf 91' lang='lat' dir='ltr'><strong>et</strong></span> <span class='ocrx_word' id='word_1_224' title='bbox 824 2626 878 2679; x_wconf 91' lang='lat' dir='ltr'><strong>in</strong></span> <span class='ocrx_word' id='word_1_225' title='bbox 922 2626 1042 2681; x_wconf 91' lang='lat' dir='ltr'><strong>aliis</strong></span> <span class='ocrx_word' id='word_1_226' title='bbox 1084 2645 1153 2684; x_wconf 93' lang='lat' dir='ltr'><strong>ne</strong></span> <span class='ocrx_word' id='word_1_227' title='bbox 1191 2629 1432 2684; x_wconf 89' lang='lat' dir='ltr'><strong>libidinis</strong></span> <span class='ocrx_word' id='word_1_228' title='bbox 1468 2643 1522 2687; x_wconf 92' lang='lat' dir='ltr'><strong>et</strong></span> <span class='ocrx_word' id='word_1_229' title='bbox 1565 2635 1856 2704; x_wconf 88' lang='lat' dir='ltr'><strong>voluptatis</strong></span> <span class='ocrx_word' id='word_1_230' title='bbox 1889 2654 2042 2693; x_wconf 90' lang='lat' dir='ltr'><strong>amor</strong></span> 
     </span>
    </p>
   </div>
   <div class='ocr_carea' id='block_1_29' title="bbox 472 2712 2040 2792">
    <p class='ocr_par' dir='ltr' id='par_1_29' title="bbox 472 2712 2040 2792">
     <span class='ocr_line' id='line_1_29' title="bbox 472 2712 2040 2792; baseline 0.013 -27"><span class='ocrx_word' id='word_1_231' title='bbox 472 2712 741 2769; x_wconf 89' lang='lat' dir='ltr'><strong>intantum</strong></span> <span class='ocrx_word' id='word_1_232' title='bbox 773 2721 1169 2786; x_wconf 61' lang='lat' dir='ltr'><strong>praeponderet,</strong></span> <span class='ocrx_word' id='word_1_233' title='bbox 1205 2732 1263 2775; x_wconf 91' lang='lat' dir='ltr'><strong>ut</strong></span> <span class='ocrx_word' id='word_1_234' title='bbox 1294 2738 1465 2792; x_wconf 91' lang='lat' dir='ltr'><strong>usque</strong></span> <span class='ocrx_word' id='word_1_235' title='bbox 1490 2725 1556 2778; x_wconf 90' lang='lat' dir='ltr'><strong>ad</strong></span> <span class='ocrx_word' id='word_1_236' title='bbox 1597 2714 1797 2781; x_wconf 84' lang='lat' dir='ltr'><strong>terram</strong></span> <span class='ocrx_word' id='word_1_237' title='bbox 1848 2730 2040 2784; x_wconf 85' lang='lat' dir='ltr'><strong>dever-</strong></span> 
     </span>
    </p>
   </div>
   <div class='ocr_carea' id='block_1_30' title="bbox 471 2803 2040 2879">
    <p class='ocr_par' dir='ltr' id='par_1_30' title="bbox 471 2803 2040 2879">
     <span class='ocr_line' id='line_1_30' title="bbox 471 2803 2040 2879; baseline 0.014 -26"><span class='ocrx_word' id='word_1_238' title='bbox 471 2810 583 2870; x_wconf 80' lang='lat' dir='ltr'><strong>gat,</strong></span> <span class='ocrx_word' id='word_1_239' title='bbox 617 2803 670 2857; x_wconf 92' lang='lat' dir='ltr'><strong>in</strong></span> <span class='ocrx_word' id='word_1_240' title='bbox 711 2803 834 2860; x_wconf 88' lang='lat' dir='ltr'><strong>aliis</strong></span> <span class='ocrx_word' id='word_1_241' title='bbox 858 2822 1012 2861; x_wconf 90' lang='lat' dir='ltr'><strong>amor</strong></span> <span class='ocrx_word' id='word_1_242' title='bbox 1049 2809 1236 2879; x_wconf 63' lang='lat' dir='ltr'><strong>gloriae</strong></span> <span class='ocrx_word' id='word_1_243' title='bbox 1261 2811 1554 2879; x_wconf 71' lang='lat' dir='ltr'><strong>saecularis,</strong></span> <span class='ocrx_word' id='word_1_244' title='bbox 1593 2823 1649 2870; x_wconf 90' lang='lat' dir='ltr'><strong>et</strong></span> <span class='ocrx_word' id='word_1_245' title='bbox 1681 2817 1930 2873; x_wconf 76' lang='lat' dir='ltr'><strong>humana:</strong></span> <span class='ocrx_word' id='word_1_246' title='bbox 1957 2821 2040 2874; x_wconf 77' lang='lat' dir='ltr'><strong>di-</strong></span> 
     </span>
    </p>
   </div>
   <div class='ocr_carea' id='block_1_31' title="bbox 471 2894 2040 2976">
    <p class='ocr_par' dir='ltr' id='par_1_31' title="bbox 471 2894 2040 2976">
     <span class='ocr_line' id='line_1_31' title="bbox 471 2894 2040 2976; baseline 0.013 -31"><span class='ocrx_word' id='word_1_247' title='bbox 471 2894 696 2962; x_wconf 86' lang='lat' dir='ltr'><strong>gnitatis</strong></span> <span class='ocrx_word' id='word_1_248' title='bbox 747 2898 1020 2968; x_wconf 91' lang='lat' dir='ltr'><strong>cupiditas</strong></span> <span class='ocrx_word' id='word_1_249' title='bbox 1088 2916 1250 2970; x_wconf 88' lang='lat' dir='ltr'><strong>super</strong></span> <span class='ocrx_word' id='word_1_250' title='bbox 1311 2905 1492 2957; x_wconf 89' lang='lat' dir='ltr'><strong>omnia</strong></span> <span class='ocrx_word' id='word_1_251' title='bbox 1560 2917 1913 2976; x_wconf 75' lang='lat' dir='ltr'><strong>praegravet,</strong></span> <span class='ocrx_word' id='word_1_252' title='bbox 1983 2919 2040 2965; x_wconf 90' lang='lat' dir='ltr'><strong>et</strong></span> 
     </span>
    </p>
   </div>
   <div class='ocr_carea' id='block_1_32' title="bbox 466 2985 2036 3070">
    <p class='ocr_par' dir='ltr' id='par_1_32' title="bbox 466 2985 2036 3070">
     <span class='ocr_line' id='line_1_32' title="bbox 466 2985 2036 3070; baseline 0.012 -33"><span class='ocrx_word' id='word_1_253' title='bbox 466 2985 624 3039; x_wconf 80' lang='lat' dir='ltr'><strong>valde</strong></span> <span class='ocrx_word' id='word_1_254' title='bbox 665 3003 864 3057; x_wconf 91' lang='lat' dir='ltr'><strong>paucos</strong></span> <span class='ocrx_word' id='word_1_255' title='bbox 909 3006 1032 3047; x_wconf 88' lang='lat' dir='ltr'><strong>esse</strong></span> <span class='ocrx_word' id='word_1_256' title='bbox 1077 2993 1347 3059; x_wconf 89' lang='lat' dir='ltr'><strong>arbitror,</strong></span> <span class='ocrx_word' id='word_1_257' title='bbox 1393 2995 1485 3064; x_wconf 91' lang='lat' dir='ltr'><strong>qui</strong></span> <span class='ocrx_word' id='word_1_258' title='bbox 1527 2995 1668 3051; x_wconf 91' lang='lat' dir='ltr'><strong>intra</strong></span> <span class='ocrx_word' id='word_1_259' title='bbox 1713 3000 2036 3070; x_wconf 84' lang='lat' dir='ltr'><strong>semetipsos</strong></span> 
     </span>
    </p>
   </div>
   <div class='ocr_carea' id='block_1_33' title="bbox 467 3077 2032 3154">
    <p class='ocr_par' dir='ltr' id='par_1_33' title="bbox 467 3077 2032 3154">
     <span class='ocr_line' id='line_1_33' title="bbox 467 3077 2032 3154; baseline 0.012 -24"><span class='ocrx_word' id='word_1_260' title='bbox 467 3077 752 3135; x_wconf 83' lang='lat' dir='ltr'><strong>metientes</strong></span> <span class='ocrx_word' id='word_1_261' title='bbox 798 3081 911 3154; x_wconf 77' lang='grc'><strong>(45)</strong></span> <span class='ocrx_word' id='word_1_262' title='bbox 962 3082 1190 3140; x_wconf 66' lang='lat' dir='ltr'><strong>allectus</strong></span> <span class='ocrx_word' id='word_1_263' title='bbox 1245 3100 1415 3152; x_wconf 91' lang='lat' dir='ltr'><strong>suos,</strong></span> <span class='ocrx_word' id='word_1_264' title='bbox 1464 3098 1520 3142; x_wconf 93' lang='lat' dir='ltr'><strong>et</strong></span> <span class='ocrx_word' id='word_1_265' title='bbox 1562 3092 1617 3143; x_wconf 88' lang='lat' dir='ltr'><strong>in</strong></span> <span class='ocrx_word' id='word_1_266' title='bbox 1669 3097 1889 3147; x_wconf 78' lang='lat' dir='ltr'><strong>staterae</strong></span> <span class='ocrx_word' id='word_1_267' title='bbox 1937 3108 2032 3149; x_wconf 91' lang='lat' dir='ltr'><strong>eos</strong></span> 
     </span>
    </p>
   </div>
   <div class='ocr_carea' id='block_1_34' title="bbox 469 3169 2032 3250">
    <p class='ocr_par' dir='ltr' id='par_1_34' title="bbox 469 3169 2032 3250">
     <span class='ocr_line' id='line_1_34' title="bbox 469 3169 2032 3250; baseline 0.013 -31"><span class='ocrx_word' id='word_1_268' title='bbox 469 3169 781 3235; x_wconf 71' lang='lat' dir='ltr'><strong>mqualitate</strong></span> <span class='ocrx_word' id='word_1_269' title='bbox 841 3184 1131 3241; x_wconf 85' lang='lat' dir='ltr'><strong>pensantes</strong></span> <span class='ocrx_word' id='word_1_270' title='bbox 1199 3177 1479 3233; x_wconf 88' lang='lat' dir='ltr'><strong>invenient</strong></span> <span class='ocrx_word' id='word_1_271' title='bbox 1529 3180 1671 3250; x_wconf 91' lang='lat' dir='ltr'><strong>quod</strong></span> <span class='ocrx_word' id='word_1_272' title='bbox 1726 3181 2032 3242; x_wconf 90' lang='lat' dir='ltr'><strong>dilectionis</strong></span> 
     </span>
    </p>
   </div>
   <div class='ocr_carea' id='block_1_35' title="bbox 465 3256 2031 3340">
    <p class='ocr_par' dir='ltr' id='par_1_35' title="bbox 465 3256 2031 3340">
     <span class='ocr_line' id='line_1_35' title="bbox 465 3256 2031 3340; baseline 0.012 -29"><span class='ocrx_word' id='word_1_273' title='bbox 465 3256 559 3312; x_wconf 88' lang='lat' dir='ltr'><strong>Dei</strong></span> <span class='ocrx_word' id='word_1_274' title='bbox 607 3263 818 3329; x_wconf 87' lang='lat' dir='ltr'><strong>pondus</strong></span> <span class='ocrx_word' id='word_1_275' title='bbox 867 3280 1028 3336; x_wconf 89' lang='lat' dir='ltr'><strong>super</strong></span> <span class='ocrx_word' id='word_1_276' title='bbox 1069 3271 1250 3325; x_wconf 87' lang='lat' dir='ltr'><strong>omnia</strong></span> <span class='ocrx_word' id='word_1_277' title='bbox 1289 3279 1478 3325; x_wconf 70' lang='lat' dir='ltr'><strong>caetera</strong></span> <span class='ocrx_word' id='word_1_278' title='bbox 1516 3286 1638 3340; x_wconf 77' lang='lat' dir='ltr'><strong>quae</strong></span> <span class='ocrx_word' id='word_1_279' title='bbox 1666 3281 1794 3327; x_wconf 89' lang='lat' dir='ltr'><strong>sunt</strong></span> <span class='ocrx_word' id='word_1_280' title='bbox 1841 3275 2031 3329; x_wconf 85' lang='lat' dir='ltr'><strong>buma-</strong></span> 
     </span>
    </p>
   </div>
   <div class='ocr_carea' id='block_1_36' title="bbox 463 3354 2026 3435">
    <p class='ocr_par' dir='ltr' id='par_1_36' title="bbox 463 3354 2026 3435">
     <span class='ocr_line' id='line_1_36' title="bbox 463 3354 2026 3435; baseline 0.012 -35"><span class='ocrx_word' id='word_1_281' title='bbox 463 3362 530 3401; x_wconf 92' lang='lat' dir='ltr'><strong>na</strong></span> <span class='ocrx_word' id='word_1_282' title='bbox 580 3354 974 3421; x_wconf 66' lang='lat' dir='ltr'><strong>praeponderet.</strong></span> <span class='ocrx_word' id='word_1_283' title='bbox 1048 3356 1180 3412; x_wconf 89' lang='lat' dir='ltr'><strong>Scio</strong></span> <span class='ocrx_word' id='word_1_284' title='bbox 1239 3373 1339 3429; x_wconf 89' lang='lat' dir='ltr'><strong>ego</strong></span> <span class='ocrx_word' id='word_1_285' title='bbox 1405 3375 1573 3426; x_wconf 92' lang='lat' dir='ltr'><strong>eum,</strong></span> <span class='ocrx_word' id='word_1_286' title='bbox 1619 3363 1710 3431; x_wconf 92' lang='lat' dir='ltr'><strong>qui</strong></span> <span class='ocrx_word' id='word_1_287' title='bbox 1771 3372 1829 3418; x_wconf 89' lang='lat' dir='ltr'><strong>et</strong></span> <span class='ocrx_word' id='word_1_288' title='bbox 1887 3365 2026 3435; x_wconf 91' lang='lat' dir='ltr'><strong>apud</strong></span> 
     </span>
    </p>
   </div>
   <div class='ocr_carea' id='block_1_37' title="bbox 461 3442 2029 3525">
    <p class='ocr_par' dir='ltr' id='par_1_37' title="bbox 461 3442 2029 3525">
     <span class='ocr_line' id='line_1_37' title="bbox 461 3442 2029 3525; baseline 0.014 -33"><span class='ocrx_word' id='word_1_289' title='bbox 461 3442 812 3512; x_wconf 86' lang='lat' dir='ltr'><strong>semetipsum</strong></span> <span class='ocrx_word' id='word_1_290' title='bbox 853 3461 1061 3502; x_wconf 88' lang='lat' dir='ltr'><strong>summa</strong></span> <span class='ocrx_word' id='word_1_291' title='bbox 1093 3453 1495 3508; x_wconf 83' lang='lat' dir='ltr'><strong>examinatione</strong></span> <span class='ocrx_word' id='word_1_292' title='bbox 1547 3465 1922 3525; x_wconf 87' lang='lat' dir='ltr'><strong>pensaverat,</strong></span> <span class='ocrx_word' id='word_1_293' title='bbox 1973 3467 2029 3514; x_wconf 90' lang='lat' dir='ltr'><strong>et</strong></span> 
     </span>
    </p>
   </div>
   <div class='ocr_carea' id='block_1_38' title="bbox 457 3534 2027 3613">
    <p class='ocr_par' dir='ltr' id='par_1_38' title="bbox 457 3534 2027 3613">
     <span class='ocr_line' id='line_1_38' title="bbox 457 3534 2027 3613; baseline 0.015 -31"><span class='ocrx_word' id='word_1_294' title='bbox 457 3545 578 3584; x_wconf 71' lang='lat' dir='ltr'><strong>enim</strong></span> <span class='ocrx_word' id='word_1_295' title='bbox 630 3534 924 3592; x_wconf 81' lang='lat' dir='ltr'><strong>invenisset</strong></span> <span class='ocrx_word' id='word_1_296' title='bbox 975 3540 1101 3608; x_wconf 87' lang='lat' dir='ltr'><strong>quia</strong></span> <span class='ocrx_word' id='word_1_297' title='bbox 1153 3556 1345 3599; x_wconf 87' lang='lat' dir='ltr'><strong>omnes</strong></span> <span class='ocrx_word' id='word_1_298' title='bbox 1404 3545 1496 3613; x_wconf 92' lang='lat' dir='ltr'><strong>qui</strong></span> <span class='ocrx_word' id='word_1_299' title='bbox 1557 3546 1700 3600; x_wconf 88' lang='lat' dir='ltr'><strong>intra</strong></span> <span class='ocrx_word' id='word_1_300' title='bbox 1752 3561 1813 3604; x_wconf 82' lang='lat' dir='ltr'><strong>se</strong></span> <span class='ocrx_word' id='word_1_301' title='bbox 1871 3558 2027 3606; x_wconf 90' lang='lat' dir='ltr'><strong>erant</strong></span> 
     </span>
    </p>
   </div>
   <div class='ocr_carea' id='block_1_39' title="bbox 456 3619 2026 3700">
    <p class='ocr_par' dir='ltr' id='par_1_39' title="bbox 456 3619 2026 3700">
     <span class='ocr_line' id='line_1_39' title="bbox 456 3619 2026 3700; baseline 0.016 -28"><span class='ocrx_word' id='word_1_302' title='bbox 456 3619 682 3677; x_wconf 78' lang='lat' dir='ltr'><strong>allectus</strong></span> <span class='ocrx_word' id='word_1_303' title='bbox 738 3625 792 3679; x_wconf 90' lang='lat' dir='ltr'><strong>iu</strong></span> <span class='ocrx_word' id='word_1_304' title='bbox 849 3627 994 3682; x_wconf 87' lang='lat' dir='ltr'><strong>illam</strong></span> <span class='ocrx_word' id='word_1_305' title='bbox 1056 3639 1264 3700; x_wconf 89' lang='lat' dir='ltr'><strong>partem</strong></span> <span class='ocrx_word' id='word_1_306' title='bbox 1310 3632 1402 3688; x_wconf 88' lang='lat' dir='ltr'><strong>ubi</strong></span> <span class='ocrx_word' id='word_1_307' title='bbox 1457 3634 1552 3690; x_wconf 88' lang='lat' dir='ltr'><strong>Dei</strong></span> <span class='ocrx_word' id='word_1_308' title='bbox 1607 3647 1730 3692; x_wconf 89' lang='lat' dir='ltr'><strong>erat</strong></span> <span class='ocrx_word' id='word_1_309' title='bbox 1784 3640 2026 3697; x_wconf 87' lang='lat' dir='ltr'><strong>charitas</strong></span> 
     </span>
    </p>
   </div>
   <div class='ocr_carea' id='block_1_40' title="bbox 453 3725 2020 3788">
    <p class='ocr_par' dir='ltr' id='par_1_40' title="bbox 453 3725 2020 3788">
     <span class='ocr_line' id='line_1_40' title="bbox 453 3725 2020 3788; baseline 0.017 -26"><span class='ocrx_word' id='word_1_310' title='bbox 453 3725 783 3783; x_wconf 84' lang='lat' dir='ltr'><strong>vergerent,</strong></span> <span class='ocrx_word' id='word_1_311' title='bbox 844 3733 966 3775; x_wconf 89' lang='lat' dir='ltr'><strong>cum</strong></span> <span class='ocrx_word' id='word_1_312' title='bbox 1039 3725 1187 3778; x_wconf 93' lang='lat' dir='ltr'><strong>omni</strong></span> <span class='ocrx_word' id='word_1_313' title='bbox 1267 3726 1598 3782; x_wconf 84' lang='lat' dir='ltr'><strong>conﬁdentia</strong></span> <span class='ocrx_word' id='word_1_314' title='bbox 1679 3731 1892 3786; x_wconf 90' lang='lat' dir='ltr'><strong>dicebat</strong></span> <span class='ocrx_word' id='word_1_315' title='bbox 1953 3733 2020 3788; x_wconf 72' lang='grc' dir='ltr'><strong>σε</strong></span> 
     </span>
    </p>
   </div>
   <div class='ocr_carea' id='block_1_41' title="bbox 457 3804 2019 3892">
    <p class='ocr_par' dir='ltr' id='par_1_41' title="bbox 457 3804 2019 3892">
     <span class='ocr_line' id='line_1_41' title="bbox 457 3804 2019 3892; baseline 0.017 -39"><span class='ocrx_word' id='word_1_316' title='bbox 457 3819 477 3852; x_wconf 74' lang='grc' dir='ltr'><strong>ι</strong></span> <span class='ocrx_word' id='word_1_317' title='bbox 519 3804 652 3869; x_wconf 86' lang='lat' dir='ltr'><strong>Quia</strong></span> <span class='ocrx_word' id='word_1_318' title='bbox 699 3822 878 3877; x_wconf 90' lang='lat' dir='ltr'><strong>neque</strong></span> <span class='ocrx_word' id='word_1_319' title='bbox 925 3827 1112 3876; x_wconf 88' lang='lat' dir='ltr'><strong>mors,</strong></span> <span class='ocrx_word' id='word_1_320' title='bbox 1153 3830 1328 3885; x_wconf 87' lang='lat' dir='ltr'><strong>neque</strong></span> <span class='ocrx_word' id='word_1_321' title='bbox 1377 3819 1522 3884; x_wconf 88' lang='lat' dir='ltr'><strong>vita,</strong></span> <span class='ocrx_word' id='word_1_322' title='bbox 1561 3835 1737 3891; x_wconf 89' lang='lat' dir='ltr'><strong>neque</strong></span> <span class='ocrx_word' id='word_1_323' title='bbox 1798 3824 2019 3892; x_wconf 85' lang='lat' dir='ltr'><strong>angeli,</strong></span> 
     </span>
    </p>
   </div>
   <div class='ocr_carea' id='block_1_42' title="bbox 451 3896 2019 3980">
    <p class='ocr_par' dir='ltr' id='par_1_42' title="bbox 451 3896 2019 3980">
     <span class='ocr_line' id='line_1_42' title="bbox 451 3896 2019 3980; baseline 0.015 -35"><span class='ocrx_word' id='word_1_324' title='bbox 451 3907 627 3962; x_wconf 88' lang='lat' dir='ltr'><strong>neque</strong></span> <span class='ocrx_word' id='word_1_325' title='bbox 664 3896 893 3956; x_wconf 79' lang='lat' dir='ltr'><strong>virtutes</strong></span> <span class='ocrx_word' id='word_1_326' title='bbox 921 3941 937 3967; x_wconf 92' lang='lat'><strong>,</strong></span> <span class='ocrx_word' id='word_1_327' title='bbox 991 3917 1168 3973; x_wconf 88' lang='lat' dir='ltr'><strong>neque</strong></span> <span class='ocrx_word' id='word_1_328' title='bbox 1201 3910 1494 3976; x_wconf 68' lang='lat' dir='ltr'><strong>praesentia</strong></span> <span class='ocrx_word' id='word_1_329' title='bbox 1521 3949 1536 3974; x_wconf 92' lang='lat'><strong>,</strong></span> <span class='ocrx_word' id='word_1_330' title='bbox 1587 3925 1761 3980; x_wconf 89' lang='lat' dir='ltr'><strong>neque</strong></span> <span class='ocrx_word' id='word_1_331' title='bbox 1792 3913 1972 3967; x_wconf 79' lang='lat' dir='ltr'><strong>futura</strong></span> <span class='ocrx_word' id='word_1_332' title='bbox 2002 3953 2019 3980; x_wconf 94' lang='lat'><strong>,</strong></span> 
     </span>
    </p>
   </div>
   <div class='ocr_carea' id='block_1_43' title="bbox 451 3987 2022 4072">
    <p class='ocr_par' dir='ltr' id='par_1_43' title="bbox 451 3987 2022 4072">
     <span class='ocr_line' id='line_1_43' title="bbox 451 3987 2022 4072; baseline 0.017 -37"><span class='ocrx_word' id='word_1_333' title='bbox 451 3998 631 4053; x_wconf 87' lang='lat' dir='ltr'><strong>neque</strong></span> <span class='ocrx_word' id='word_1_334' title='bbox 679 3987 950 4059; x_wconf 90' lang='lat' dir='ltr'><strong>altitudo,</strong></span> <span class='ocrx_word' id='word_1_335' title='bbox 1008 4010 1183 4064; x_wconf 88' lang='lat' dir='ltr'><strong>neque</strong></span> <span class='ocrx_word' id='word_1_336' title='bbox 1228 3999 1558 4067; x_wconf 81' lang='lat' dir='ltr'><strong>profundum</strong></span> <span class='ocrx_word' id='word_1_337' title='bbox 1585 4041 1602 4068; x_wconf 92' lang='lat'><strong>,</strong></span> <span class='ocrx_word' id='word_1_338' title='bbox 1644 4017 1823 4072; x_wconf 91' lang='lat' dir='ltr'><strong>neque</strong></span> <span class='ocrx_word' id='word_1_339' title='bbox 1865 4019 2022 4060; x_wconf 88' lang='lat' dir='ltr'><strong>crea-</strong></span> 
     </span>
    </p>
   </div>
   <div class='ocr_carea' id='block_1_44' title="bbox 451 4076 2016 4164">
    <p class='ocr_par' dir='ltr' id='par_1_44' title="bbox 451 4076 2016 4164">
     <span class='ocr_line' id='line_1_44' title="bbox 451 4076 2016 4164; baseline 0.018 -40"><span class='ocrx_word' id='word_1_340' title='bbox 451 4083 572 4126; x_wconf 89' lang='lat' dir='ltr'><strong>tura</strong></span> <span class='ocrx_word' id='word_1_341' title='bbox 624 4076 728 4131; x_wconf 89' lang='lat' dir='ltr'><strong>alia</strong></span> <span class='ocrx_word' id='word_1_342' title='bbox 778 4084 980 4147; x_wconf 87' lang='lat' dir='ltr'><strong>poterit</strong></span> <span class='ocrx_word' id='word_1_343' title='bbox 1033 4101 1132 4141; x_wconf 90' lang='lat' dir='ltr'><strong>nos</strong></span> <span class='ocrx_word' id='word_1_344' title='bbox 1180 4103 1435 4158; x_wconf 88' lang='lat' dir='ltr'><strong>separare</strong></span> <span class='ocrx_word' id='word_1_345' title='bbox 1488 4107 1519 4146; x_wconf 90' lang='lat' dir='ltr'><strong>a</strong></span> <span class='ocrx_word' id='word_1_346' title='bbox 1565 4094 1834 4150; x_wconf 80' lang='lat' dir='ltr'><strong>cliaritate</strong></span> <span class='ocrx_word' id='word_1_347' title='bbox 1878 4095 2016 4164; x_wconf 90' lang='lat' dir='ltr'><strong>Dei,</strong></span> 
     </span>
    </p>
   </div>
   <div class='ocr_carea' id='block_1_45' title="bbox 445 4167 2008 4253">
    <p class='ocr_par' dir='ltr' id='par_1_45' title="bbox 445 4167 2008 4253">
     <span class='ocr_line' id='line_1_45' title="bbox 445 4167 2008 4253; baseline 0.019 -31"><span class='ocrx_word' id='word_1_348' title='bbox 445 4167 607 4241; x_wconf 58' lang='lat'><strong>563</strong></span> <span class='ocrx_word' id='word_1_349' title='bbox 636 4186 758 4241; x_wconf 69' lang='lat' dir='ltr'><strong>quae</strong></span> <span class='ocrx_word' id='word_1_350' title='bbox 803 4187 888 4232; x_wconf 85' lang='lat' dir='ltr'><strong>est</strong></span> <span class='ocrx_word' id='word_1_351' title='bbox 943 4179 997 4233; x_wconf 90' lang='lat' dir='ltr'><strong>in</strong></span> <span class='ocrx_word' id='word_1_352' title='bbox 1032 4180 1247 4240; x_wconf 89' lang='lat' dir='ltr'><strong>Christo</strong></span> <span class='ocrx_word' id='word_1_353' title='bbox 1294 4185 1423 4243; x_wconf 86' lang='lat' dir='ltr'><strong>Jesu</strong></span> <span class='ocrx_word' id='word_1_354' title='bbox 1471 4190 1698 4248; x_wconf 91' lang='lat' dir='ltr'><strong>Domino</strong></span> <span class='ocrx_word' id='word_1_355' title='bbox 1732 4204 1941 4253; x_wconf 89' lang='lat' dir='ltr'><strong>nostro.</strong></span> <span class='ocrx_word' id='word_1_356' title='bbox 1987 4216 2008 4252; x_wconf 79' lang='grc' dir='ltr'><strong>ι</strong></span> 
     </span>
    </p>
   </div>
   <div class='ocr_carea' id='block_1_46' title="bbox 445 4259 2014 4359">
    <p class='ocr_par' dir='ltr' id='par_1_46' title="bbox 445 4259 2014 4359">
     <span class='ocr_line' id='line_1_46' title="bbox 445 4259 2014 4359; baseline 0.022 -46"><span class='ocrx_word' id='word_1_357' title='bbox 445 4259 553 4315; x_wconf 87' lang='lat' dir='ltr'><strong>Sed</strong></span> <span class='ocrx_word' id='word_1_358' title='bbox 603 4263 806 4324; x_wconf 90' lang='lat' dir='ltr'><strong>Paulus</strong></span> <span class='ocrx_word' id='word_1_359' title='bbox 842 4269 932 4326; x_wconf 88' lang='lat' dir='ltr'><strong>hic</strong></span> <span class='ocrx_word' id='word_1_360' title='bbox 969 4281 1051 4328; x_wconf 91' lang='lat' dir='ltr'><strong>est</strong></span> <span class='ocrx_word' id='word_1_361' title='bbox 1079 4277 1169 4344; x_wconf 91' lang='lat' dir='ltr'><strong>qui</strong></span> <span class='ocrx_word' id='word_1_362' title='bbox 1203 4278 1318 4334; x_wconf 82' lang='lat' dir='ltr'><strong>haec</strong></span> <span class='ocrx_word' id='word_1_363' title='bbox 1341 4280 1414 4334; x_wconf 92' lang='lat' dir='ltr'><strong>ita</strong></span> <span class='ocrx_word' id='word_1_364' title='bbox 1445 4286 1620 4351; x_wconf 90' lang='lat' dir='ltr'><strong>potuit</strong></span> <span class='ocrx_word' id='word_1_365' title='bbox 1653 4287 1853 4356; x_wconf 87' lang='lat' dir='ltr'><strong>dicere,</strong></span> <span class='ocrx_word' id='word_1_366' title='bbox 1886 4292 2014 4359; x_wconf 91' lang='lat' dir='ltr'><strong>quia</strong></span> 
     </span>
    </p>
   </div>
   <div class='ocr_carea' id='block_1_47' title="bbox 443 4363 2006 4444">
    <p class='ocr_par' dir='ltr' id='par_1_47' title="bbox 443 4363 2006 4444">
     <span class='ocr_line' id='line_1_47' title="bbox 443 4363 2006 4444; baseline 0.022 -41"><span class='ocrx_word' id='word_1_367' title='bbox 443 4364 616 4422; x_wconf 86' lang='lat' dir='ltr'><strong>neque</strong></span> <span class='ocrx_word' id='word_1_368' title='bbox 649 4363 962 4428; x_wconf 63' lang='lat' dir='ltr'><strong>praesentia,</strong></span> <span class='ocrx_word' id='word_1_369' title='bbox 987 4381 1163 4436; x_wconf 89' lang='lat' dir='ltr'><strong>neque</strong></span> <span class='ocrx_word' id='word_1_370' title='bbox 1192 4370 1398 4438; x_wconf 84' lang='lat' dir='ltr'><strong>futura,</strong></span> <span class='ocrx_word' id='word_1_371' title='bbox 1427 4389 1603 4444; x_wconf 89' lang='lat' dir='ltr'><strong>neque</strong></span> <span class='ocrx_word' id='word_1_372' title='bbox 1628 4389 1878 4435; x_wconf 89' lang='lat' dir='ltr'><strong>creatura</strong></span> <span class='ocrx_word' id='word_1_373' title='bbox 1901 4383 2006 4438; x_wconf 90' lang='lat' dir='ltr'><strong>alia</strong></span> 
     </span>
    </p>
   </div>
   <div class='ocr_carea' id='block_1_48' title="bbox 442 4455 2006 4530">
    <p class='ocr_par' dir='ltr' id='par_1_48' title="bbox 442 4455 2006 4530">
     <span class='ocr_line' id='line_1_48' title="bbox 442 4455 2006 4530; baseline 0.022 -35"><span class='ocrx_word' id='word_1_374' title='bbox 442 4455 565 4498; x_wconf 92' lang='lat' dir='ltr'><strong>eum</strong></span> <span class='ocrx_word' id='word_1_375' title='bbox 615 4462 872 4518; x_wconf 89' lang='lat' dir='ltr'><strong>separare</strong></span> <span class='ocrx_word' id='word_1_376' title='bbox 925 4466 1102 4523; x_wconf 87' lang='lat' dir='ltr'><strong>p0test</strong></span> <span class='ocrx_word' id='word_1_377' title='bbox 1139 4475 1167 4514; x_wconf 92' lang='lat' dir='ltr'><strong>a</strong></span> <span class='ocrx_word' id='word_1_378' title='bbox 1208 4465 1474 4521; x_wconf 89' lang='lat' dir='ltr'><strong>charitate</strong></span> <span class='ocrx_word' id='word_1_379' title='bbox 1526 4468 1642 4522; x_wconf 91' lang='lat' dir='ltr'><strong>Dei.</strong></span> <span class='ocrx_word' id='word_1_380' title='bbox 1675 4469 1784 4526; x_wconf 85' lang='lat' dir='ltr'><strong>Nos</strong></span> <span class='ocrx_word' id='word_1_381' title='bbox 1827 4483 2006 4530; x_wconf 89' lang='lat' dir='ltr'><strong>autem</strong></span> 
     </span>
    </p>
   </div>
   <div class='ocr_carea' id='block_1_49' title="bbox 363 4544 2003 4633">
    <p class='ocr_par' dir='ltr' id='par_1_49' title="bbox 363 4544 2003 4633">
     <span class='ocr_line' id='line_1_49' title="bbox 363 4544 2003 4633; baseline 0.022 -47"><span class='ocrx_word' id='word_1_382' title='bbox 363 4611 370 4618; x_wconf 70' lang='lat'><strong><em>_</em></strong></span> <span class='ocrx_word' id='word_1_383' title='bbox 447 4545 606 4606; x_wconf 88' lang='lat' dir='ltr'><strong>atque</strong></span> <span class='ocrx_word' id='word_1_384' title='bbox 639 4544 842 4600; x_wconf 89' lang='lat' dir='ltr'><strong>utinam</strong></span> <span class='ocrx_word' id='word_1_385' title='bbox 880 4549 962 4604; x_wconf 90' lang='lat' dir='ltr'><strong>vel</strong></span> <span class='ocrx_word' id='word_1_386' title='bbox 992 4552 1093 4607; x_wconf 92' lang='lat' dir='ltr'><strong>hoc</strong></span> <span class='ocrx_word' id='word_1_387' title='bbox 1131 4555 1397 4624; x_wconf 88' lang='lat' dir='ltr'><strong>dicamus,</strong></span> <span class='ocrx_word' id='word_1_388' title='bbox 1423 4560 1552 4630; x_wconf 89' lang='lat' dir='ltr'><strong>quia</strong></span> <span class='ocrx_word' id='word_1_389' title='bbox 1578 4578 1754 4633; x_wconf 88' lang='lat' dir='ltr'><strong>neque</strong></span> <span class='ocrx_word' id='word_1_390' title='bbox 1785 4578 2003 4632; x_wconf 88' lang='lat' dir='ltr'><strong>aurum,</strong></span> 
     </span>
    </p>
   </div>
   <div class='ocr_carea' id='block_1_50' title="bbox 441 4641 2004 4728">
    <p class='ocr_par' dir='ltr' id='par_1_50' title="bbox 441 4641 2004 4728">
     <span class='ocr_line' id='line_1_50' title="bbox 441 4641 2004 4728; baseline 0.022 -50"><span class='ocrx_word' id='word_1_391' title='bbox 441 4641 612 4728; x_wconf 79' lang='lat' dir='ltr'><strong>neque</strong></span> <span class='ocrx_word' id='word_1_392' title='bbox 642 4646 945 4705; x_wconf 80' lang='lat' dir='ltr'><strong>argentum,</strong></span> <span class='ocrx_word' id='word_1_393' title='bbox 979 4657 1152 4712; x_wconf 82' lang='lat' dir='ltr'><strong>neque</strong></span> <span class='ocrx_word' id='word_1_394' title='bbox 1181 4646 1429 4717; x_wconf 89' lang='lat' dir='ltr'><strong>voluptas</strong></span> <span class='ocrx_word' id='word_1_395' title='bbox 1456 4654 1660 4720; x_wconf 88' lang='lat' dir='ltr'><strong>carnis,</strong></span> <span class='ocrx_word' id='word_1_396' title='bbox 1687 4671 1859 4726; x_wconf 90' lang='lat' dir='ltr'><strong>neque</strong></span> <span class='ocrx_word' id='word_1_397' title='bbox 1887 4659 2004 4728; x_wconf 87' lang='lat' dir='ltr'><strong>glo-</strong></span> 
     </span>
    </p>
   </div>
   <div class='ocr_carea' id='block_1_51' title="bbox 442 4719 2002 4816">
    <p class='ocr_par' dir='ltr' id='par_1_51' title="bbox 442 4719 2002 4816">
     <span class='ocr_line' id='line_1_51' title="bbox 442 4719 2002 4816; baseline 0.022 -45"><span class='ocrx_word' id='word_1_398' title='bbox 442 4719 526 4816; x_wconf 80' lang='lat' dir='ltr'><strong>ria</strong></span> <span class='ocrx_word' id='word_1_399' title='bbox 573 4727 779 4791; x_wconf 81' lang='lat' dir='ltr'><strong>saeculi,</strong></span> <span class='ocrx_word' id='word_1_400' title='bbox 829 4739 882 4782; x_wconf 91' lang='lat' dir='ltr'><strong>et</strong></span> <span class='ocrx_word' id='word_1_401' title='bbox 919 4735 1120 4790; x_wconf 89' lang='lat' dir='ltr'><strong>caduca</strong></span> <span class='ocrx_word' id='word_1_402' title='bbox 1165 4749 1221 4792; x_wconf 90' lang='lat' dir='ltr'><strong>ct</strong></span> <span class='ocrx_word' id='word_1_403' title='bbox 1269 4719 2002 4816; x_wconf 30' lang='lat' dir='ltr'><strong>temporalis-digniiasfvel</strong></span> 
     </span>
    </p>
   </div>
   <div class='ocr_carea' id='block_1_52' title="bbox 442 4811 2002 4915">
    <p class='ocr_par' dir='ltr' id='par_1_52' title="bbox 442 4811 2002 4915">
     <span class='ocr_line' id='line_1_52' title="bbox 442 4811 2002 4915; baseline 0.023 -50"><span class='ocrx_word' id='word_1_404' title='bbox 442 4811 652 4903; x_wconf 77' lang='lat' dir='ltr'><strong>delicia:</strong></span> <span class='ocrx_word' id='word_1_405' title='bbox 695 4825 1027 4890; x_wconf 86' lang='lat' dir='ltr'><strong>corporales,</strong></span> <span class='ocrx_word' id='word_1_406' title='bbox 1080 4843 1255 4900; x_wconf 92' lang='lat' dir='ltr'><strong>neque</strong></span> <span class='ocrx_word' id='word_1_407' title='bbox 1306 4833 1603 4892; x_wconf 91' lang='lat' dir='ltr'><strong>liberorum</strong></span> <span class='ocrx_word' id='word_1_408' title='bbox 1642 4841 1724 4894; x_wconf 89' lang='lat' dir='ltr'><strong>vel</strong></span> <span class='ocrx_word' id='word_1_409' title='bbox 1757 4841 2002 4915; x_wconf 79' lang='lat' dir='ltr'><strong>conjugis</strong></span> 
     </span>
    </p>
   </div>
   <div class='ocr_carea' id='block_1_53' title="bbox 435 4907 2002 4993">
    <p class='ocr_par' dir='ltr' id='par_1_53' title="bbox 435 4907 2002 4993">
     <span class='ocr_line' id='line_1_53' title="bbox 435 4907 2002 4993; baseline 0.023 -37"><span class='ocrx_word' id='word_1_410' title='bbox 435 4907 606 4973; x_wconf 85' lang='lat' dir='ltr'><strong>gratia</strong></span> <span class='ocrx_word' id='word_1_411' title='bbox 649 4913 851 4979; x_wconf 90' lang='lat' dir='ltr'><strong>poterit</strong></span> <span class='ocrx_word' id='word_1_412' title='bbox 896 4932 997 4972; x_wconf 91' lang='lat' dir='ltr'><strong>nos</strong></span> <span class='ocrx_word' id='word_1_413' title='bbox 1037 4935 1286 4990; x_wconf 87' lang='lat' dir='ltr'><strong>separare</strong></span> <span class='ocrx_word' id='word_1_414' title='bbox 1322 4942 1352 4980; x_wconf 89' lang='lat' dir='ltr'><strong>a</strong></span> <span class='ocrx_word' id='word_1_415' title='bbox 1395 4929 1660 4986; x_wconf 90' lang='lat' dir='ltr'><strong>charitate</strong></span> <span class='ocrx_word' id='word_1_416' title='bbox 1691 4933 1806 4988; x_wconf 89' lang='lat' dir='ltr'><strong>Dei.</strong></span> <span class='ocrx_word' id='word_1_417' title='bbox 1837 4907 2002 4993; x_wconf 62' lang='lat' dir='ltr'><strong>Certe</strong></span> 
     </span>
    </p>
   </div>
   <div class='ocr_carea' id='block_1_54' title="bbox 436 4995 2002 5098">
    <p class='ocr_par' dir='ltr' id='par_1_54' title="bbox 436 4995 2002 5098">
     <span class='ocr_line' id='line_1_54' title="bbox 436 4995 2002 5098; baseline 0.024 -51"><span class='ocrx_word' id='word_1_418' title='bbox 436 4995 523 5049; x_wconf 88' lang='lat' dir='ltr'><strong>vel</strong></span> <span class='ocrx_word' id='word_1_419' title='bbox 564 4997 693 5098; x_wconf 78' lang='lat' dir='ltr'><strong>illud</strong></span> <span class='ocrx_word' id='word_1_420' title='bbox 728 5001 888 5098; x_wconf 69' lang='lat' dir='ltr'><strong>liceat</strong></span> <span class='ocrx_word' id='word_1_421' title='bbox 914 5021 944 5062; x_wconf 91' lang='lat' dir='ltr'><strong>a</strong></span> <span class='ocrx_word' id='word_1_422' title='bbox 983 5012 1140 5066; x_wconf 91' lang='lat' dir='ltr'><strong>nobis</strong></span> <span class='ocrx_word' id='word_1_423' title='bbox 1163 5015 1496 5074; x_wconf 82' lang='lat' dir='ltr'><strong>conﬁdenter</strong></span> <span class='ocrx_word' id='word_1_424' title='bbox 1524 5022 1648 5088; x_wconf 92' lang='lat' dir='ltr'><strong>dici,</strong></span> <span class='ocrx_word' id='word_1_425' title='bbox 1679 5025 1803 5094; x_wconf 91' lang='lat' dir='ltr'><strong>quia</strong></span> <span class='ocrx_word' id='word_1_426' title='bbox 1826 5041 2002 5098; x_wconf 91' lang='lat' dir='ltr'><strong>neque</strong></span> 
     </span>
    </p>
   </div>
   <div class='ocr_carea' id='block_1_55' title="bbox 431 5088 1995 5185">
    <p class='ocr_par' dir='ltr' id='par_1_55' title="bbox 431 5088 1995 5185">
     <span class='ocr_line' id='line_1_55' title="bbox 431 5088 1995 5185; baseline 0.024 -47"><span class='ocrx_word' id='word_1_427' title='bbox 431 5088 706 5185; x_wconf 39' lang='lat' dir='ltr'><strong>szec‘ularis</strong></span> <span class='ocrx_word' id='word_1_428' title='bbox 739 5093 1062 5155; x_wconf 65' lang='lat' dir='ltr'><strong>litteraturae</strong></span> <span class='ocrx_word' id='word_1_429' title='bbox 1096 5116 1278 5170; x_wconf 88' lang='lat' dir='ltr'><strong>amor,</strong></span> <span class='ocrx_word' id='word_1_430' title='bbox 1329 5124 1506 5180; x_wconf 91' lang='lat' dir='ltr'><strong>neque</strong></span> <span class='ocrx_word' id='word_1_431' title='bbox 1548 5088 1995 5185; x_wconf 73' lang='lat' dir='ltr'><strong>philosophorum</strong></span> 
     </span>
    </p>
   </div>
   <div class='ocr_carea' id='block_1_56' title="bbox 432 5176 1998 5273">
    <p class='ocr_par' dir='ltr' id='par_1_56' title="bbox 432 5176 1998 5273">
     <span class='ocr_line' id='line_1_56' title="bbox 432 5176 1998 5273; baseline 0.024 -46"><span class='ocrx_word' id='word_1_432' title='bbox 432 5176 788 5247; x_wconf 86' lang='lat' dir='ltr'><strong>sophismata,</strong></span> <span class='ocrx_word' id='word_1_433' title='bbox 824 5199 1002 5254; x_wconf 88' lang='lat' dir='ltr'><strong>neque</strong></span> <span class='ocrx_word' id='word_1_434' title='bbox 1039 5176 1914 5273; x_wconf 62' lang='lat' dir='ltr'><strong>matbematicorumdeceptiones</strong></span> <span class='ocrx_word' id='word_1_435' title='bbox 1941 5217 1998 5263; x_wconf 88' lang='lat' dir='ltr'><strong>et</strong></span> 
     </span>
    </p>
   </div>
   <div class='ocr_carea' id='block_1_57' title="bbox 429 5275 1996 5355">
    <p class='ocr_par' dir='ltr' id='par_1_57' title="bbox 429 5275 1996 5355">
     <span class='ocr_line' id='line_1_57' title="bbox 429 5275 1996 5355; baseline 0.022 -35"><span class='ocrx_word' id='word_1_436' title='bbox 429 5276 698 5326; x_wconf 88' lang='lat' dir='ltr'><strong>astrorum</strong></span> <span class='ocrx_word' id='word_1_437' title='bbox 723 5275 958 5332; x_wconf 91' lang='lat' dir='ltr'><strong>simulati</strong></span> <span class='ocrx_word' id='word_1_438' title='bbox 985 5294 1201 5348; x_wconf 89' lang='lat' dir='ltr'><strong>cursus,</strong></span> <span class='ocrx_word' id='word_1_439' title='bbox 1228 5299 1403 5355; x_wconf 91' lang='lat' dir='ltr'><strong>neque</strong></span> <span class='ocrx_word' id='word_1_440' title='bbox 1431 5291 1790 5350; x_wconf 87' lang='lat' dir='ltr'><strong>divinationes</strong></span> <span class='ocrx_word' id='word_1_441' title='bbox 1806 5297 1996 5353; x_wconf 88' lang='lat' dir='ltr'><strong>subre-</strong></span> 
     </span>
    </p>
   </div>
   <div class='ocr_carea' id='block_1_58' title="bbox 432 5359 1992 5457">
    <p class='ocr_par' dir='ltr' id='par_1_58' title="bbox 432 5359 1992 5457">
     <span class='ocr_line' id='line_1_58' title="bbox 432 5359 1992 5457; baseline 0.021 -46"><span class='ocrx_word' id='word_1_442' title='bbox 432 5359 919 5457; x_wconf 61' lang='lat' dir='ltr'><strong>ptitia_d:emonum</strong></span> <span class='ocrx_word' id='word_1_443' title='bbox 952 5369 1166 5427; x_wconf 83' lang='lat' dir='ltr'><strong>fallacia</strong></span> <span class='ocrx_word' id='word_1_444' title='bbox 1215 5381 1603 5436; x_wconf 65' lang='lat' dir='ltr'><strong>commendatae</strong></span> <span class='ocrx_word' id='word_1_445' title='bbox 1647 5384 1784 5456; x_wconf 74' lang='grc'><strong>(44),</strong></span> <span class='ocrx_word' id='word_1_446' title='bbox 1816 5403 1992 5457; x_wconf 91' lang='lat' dir='ltr'><strong>neque</strong></span> 
     </span>
    </p>
   </div>
   <div class='ocr_carea' id='block_1_59' title="bbox 538 5451 856 5526">
    <p class='ocr_par' dir='ltr' id='par_1_59' title="bbox 538 5451 856 5526">
     <span class='ocr_line' id='line_1_59' title="bbox 538 5451 856 5526; baseline 0.013 -16"><span class='ocrx_word' id='word_1_447' title='bbox 538 5451 563 5486; x_wconf 70' lang='grc'>⁸</span> <span class='ocrx_word' id='word_1_448' title='bbox 588 5454 747 5526; x_wconf 84' lang='lat' dir='ltr'><strong>Deut.</strong></span> <span class='ocrx_word' id='word_1_449' title='bbox 781 5475 856 5526; x_wconf 89' lang='lat' dir='ltr'><strong>vt,</strong></span> 
     </span>
    </p>
   </div>
   <div class='ocr_carea' id='block_1_60' title="bbox 431 5517 1746 5608">
    <p class='ocr_par' dir='ltr' id='par_1_60' title="bbox 431 5517 1746 5608">
     <span class='ocr_line' id='line_1_60' title="bbox 431 5517 1746 5608; baseline 0.021 -36"><span class='ocrx_word' id='word_1_450' title='bbox 431 5517 476 5552; x_wconf 86' lang='grc'><strong>¹⁶</strong></span> <span class='ocrx_word' id='word_1_451' title='bbox 497 5518 619 5581; x_wconf 77' lang='lat' dir='ltr'><strong>Jud.</strong></span> <span class='ocrx_word' id='word_1_452' title='bbox 652 5543 712 5593; x_wconf 86' lang='grc' dir='ltr'><strong>ιι,</strong></span> <span class='ocrx_word' id='word_1_453' title='bbox 749 5517 945 5598; x_wconf 74' lang='grc'><strong>12,’15,</strong></span> <span class='ocrx_word' id='word_1_454' title='bbox 973 5517 1131 5589; x_wconf 20' lang='lat' dir='ltr'><strong>Ma.“</strong></span> <span class='ocrx_word' id='word_1_455' title='bbox 1159 5517 1556 5608; x_wconf 63' lang='lat' dir='ltr'><strong>“&quot;nsiﬁ.&#39;{,&#39;2b</strong></span> <span class='ocrx_word' id='word_1_456' title='bbox 1577 5517 1746 5601; x_wconf 47' lang='lat' dir='ltr'><strong>e-t‘é&#39;g.</strong></span> 
     </span>
    </p>
   </div>
   <div class='ocr_carea' id='block_1_61' title="bbox 504 5641 1846 5724">
    <p class='ocr_par' dir='ltr' id='par_1_61' title="bbox 504 5641 1846 5724">
     <span class='ocr_line' id='line_1_61' title="bbox 504 5641 1846 5724; baseline 0.019 -31"><span class='ocrx_word' id='word_1_457' title='bbox 649 5643 799 5724; x_wconf 46' lang='grc' dir='ltr'><strong>ἔζεε..</strong></span> <span class='ocrx_word' id='word_1_458' title='bbox 833 5667 853 5700; x_wconf 84' lang='grc'><em>‹</em></span> <span class='ocrx_word' id='word_1_459' title='bbox 874 5653 1181 5724; x_wconf 85' lang='lat' dir='ltr'><strong>metientes.</strong></span> <span class='ocrx_word' id='word_1_460' title='bbox 1213 5675 1232 5709; x_wconf 72' lang='grc' dir='ltr'><strong>ο</strong></span> <span class='ocrx_word' id='word_1_461' title='bbox 1274 5657 1463 5724; x_wconf 88' lang='lat' dir='ltr'><strong>Editt.,</strong></span> <span class='ocrx_word' id='word_1_462' title='bbox 1501 5679 1518 5711; x_wconf 79' lang='grc' dir='ltr'><strong>ι</strong></span> <span class='ocrx_word' id='word_1_463' title='bbox 1547 5662 1802 5722; x_wconf 87' lang='lat' dir='ltr'><strong>scientes.</strong></span> <span class='ocrx_word' id='word_1_464' title='bbox 1826 5685 1846 5718; x_wconf 77' lang='grc' dir='ltr'><strong>ι</strong></span> 
     </span>
    </p>
   </div>
   <div class='ocr_carea' id='block_1_62' title="bbox 503 5711 1690 5793">
    <p class='ocr_par' dir='ltr' id='par_1_62' title="bbox 503 5711 1690 5793">
     <span class='ocr_line' id='line_1_62' title="bbox 503 5711 1690 5793; baseline 0.019 -28"><span class='ocrx_word' id='word_1_465' title='bbox 503 5711 614 5783; x_wconf 73' lang='grc' dir='ltr'>(ιιι)</span> <span class='ocrx_word' id='word_1_466' title='bbox 653 5711 803 5773; x_wconf 90' lang='lat' dir='ltr'><strong>Unus</strong></span> <span class='ocrx_word' id='word_1_467' title='bbox 832 5722 998 5776; x_wconf 76' lang='lat' dir='ltr'><strong>codex</strong></span> <span class='ocrx_word' id='word_1_468' title='bbox 1024 5739 1150 5793; x_wconf 86' lang='lat' dir='ltr'><strong>ms.,</strong></span> <span class='ocrx_word' id='word_1_469' title='bbox 1180 5745 1197 5779; x_wconf 80' lang='grc' dir='ltr'><strong>ι</strong></span> <span class='ocrx_word' id='word_1_470' title='bbox 1232 5711 1690 5788; x_wconf 34' lang='lat' dir='ltr'><strong>commentatcefi</strong></span> 
     </span>
    </p>
   </div>
   <div class='ocr_carea' id='block_1_63' title="bbox 2181 534 3733 605">
    <p class='ocr_par' dir='ltr' id='par_1_63' title="bbox 2181 534 3733 605">
     <span class='ocr_line' id='line_1_63' title="bbox 2181 534 3733 605; baseline 0.003 -18"><span class='ocrx_word' id='word_1_471' title='bbox 2181 534 2306 588; x_wconf 90' lang='lat' dir='ltr'><strong>licet</strong></span> <span class='ocrx_word' id='word_1_472' title='bbox 2330 535 2606 604; x_wconf 67' lang='lat' dir='ltr'><strong>inquisita!</strong></span> <span class='ocrx_word' id='word_1_473' title='bbox 2639 537 2837 602; x_wconf 90' lang='lat' dir='ltr'><strong>poterit</strong></span> <span class='ocrx_word' id='word_1_474' title='bbox 2875 551 2975 590; x_wconf 92' lang='lat' dir='ltr'><strong>nos</strong></span> <span class='ocrx_word' id='word_1_475' title='bbox 2998 549 3258 605; x_wconf 86' lang='lat' dir='ltr'><strong>separare</strong></span> <span class='ocrx_word' id='word_1_476' title='bbox 3282 550 3310 585; x_wconf 92' lang='lat' dir='ltr'><strong>a</strong></span> <span class='ocrx_word' id='word_1_477' title='bbox 3336 536 3610 590; x_wconf 82' lang='lat' dir='ltr'><strong>cbaritate</strong></span> <span class='ocrx_word' id='word_1_478' title='bbox 3637 538 3733 600; x_wconf 79' lang='lat' dir='ltr'><strong>Dei,</strong></span> 
     </span>
    </p>
   </div>
   <div class='ocr_carea' id='block_1_64' title="bbox 2173 625 3736 694">
    <p class='ocr_par' dir='ltr' id='par_1_64' title="bbox 2173 625 3736 694">
     <span class='ocr_line' id='line_1_64' title="bbox 2173 625 3736 694; baseline 0.004 -18"><span class='ocrx_word' id='word_1_479' title='bbox 2173 640 2294 694; x_wconf 70' lang='lat' dir='ltr'><strong>qua:</strong></span> <span class='ocrx_word' id='word_1_480' title='bbox 2319 637 2402 680; x_wconf 74' lang='grc' dir='ltr'><strong>εει</strong></span> <span class='ocrx_word' id='word_1_481' title='bbox 2445 626 2496 678; x_wconf 94' lang='lat' dir='ltr'><strong>in</strong></span> <span class='ocrx_word' id='word_1_482' title='bbox 2529 625 2745 680; x_wconf 90' lang='lat' dir='ltr'><strong>Christo</strong></span> <span class='ocrx_word' id='word_1_483' title='bbox 2782 625 2909 681; x_wconf 78' lang='lat' dir='ltr'><strong>Jesu</strong></span> <span class='ocrx_word' id='word_1_484' title='bbox 2945 627 3168 680; x_wconf 92' lang='lat' dir='ltr'><strong>Domino</strong></span> <span class='ocrx_word' id='word_1_485' title='bbox 3197 634 3409 679; x_wconf 89' lang='lat' dir='ltr'><strong>nostro.</strong></span> <span class='ocrx_word' id='word_1_486' title='bbox 3443 626 3638 680; x_wconf 79' lang='lat' dir='ltr'><strong>Annon</strong></span> <span class='ocrx_word' id='word_1_487' title='bbox 3663 638 3736 682; x_wconf 85' lang='lat' dir='ltr'><strong>to-</strong></span> 
     </span>
    </p>
   </div>
   <div class='ocr_carea' id='block_1_65' title="bbox 2175 716 3734 783">
    <p class='ocr_par' dir='ltr' id='par_1_65' title="bbox 2175 716 3734 783">
     <span class='ocr_line' id='line_1_65' title="bbox 2175 716 3734 783; baseline 0.003 -15"><span class='ocrx_word' id='word_1_488' title='bbox 2175 716 2283 769; x_wconf 90' lang='lat' dir='ltr'><strong>tius</strong></span> <span class='ocrx_word' id='word_1_489' title='bbox 2313 716 2632 783; x_wconf 84' lang='lat' dir='ltr'><strong>gentilitatis</strong></span> <span class='ocrx_word' id='word_1_490' title='bbox 2670 731 2826 770; x_wconf 88' lang='lat' dir='ltr'><strong>error</strong></span> <span class='ocrx_word' id='word_1_491' title='bbox 2871 718 2997 771; x_wconf 90' lang='lat' dir='ltr'><strong>hinc</strong></span> <span class='ocrx_word' id='word_1_492' title='bbox 3037 717 3250 783; x_wconf 90' lang='lat' dir='ltr'><strong>accepit</strong></span> <span class='ocrx_word' id='word_1_493' title='bbox 3274 718 3590 780; x_wconf 75' lang='lat' dir='ltr'><strong>exordium,</strong></span> <span class='ocrx_word' id='word_1_494' title='bbox 3624 720 3734 773; x_wconf 91' lang='lat' dir='ltr'><strong>d</strong></span> 
     </span>
    </p>
   </div>
   <div class='ocr_carea' id='block_1_66' title="bbox 2171 801 3733 874">
    <p class='ocr_par' dir='ltr' id='par_1_66' title="bbox 2171 801 3733 874">
     <span class='ocr_line' id='line_1_66' title="bbox 2171 801 3733 874; baseline 0.004 -18"><span class='ocrx_word' id='word_1_495' title='bbox 2171 817 2233 856; x_wconf 87' lang='lat' dir='ltr'><strong>ea</strong></span> <span class='ocrx_word' id='word_1_496' title='bbox 2258 818 2377 870; x_wconf 74' lang='lat' dir='ltr'><strong>qua:</strong></span> <span class='ocrx_word' id='word_1_497' title='bbox 2417 801 2643 857; x_wconf 88' lang='lat' dir='ltr'><strong>multum</strong></span> <span class='ocrx_word' id='word_1_498' title='bbox 2671 804 2898 874; x_wconf 83' lang='lat' dir='ltr'><strong>diligunt</strong></span> <span class='ocrx_word' id='word_1_499' title='bbox 2922 807 3188 869; x_wconf 85' lang='lat' dir='ltr'><strong>homines,</strong></span> <span class='ocrx_word' id='word_1_500' title='bbox 3213 808 3344 860; x_wconf 86' lang='lat' dir='ltr'><strong>deos</strong></span> <span class='ocrx_word' id='word_1_501' title='bbox 3373 820 3501 860; x_wconf 86' lang='lat' dir='ltr'><strong>esse</strong></span> <span class='ocrx_word' id='word_1_502' title='bbox 3542 807 3733 874; x_wconf 81' lang='lat' dir='ltr'><strong>volunt,</strong></span> 
     </span>
    </p>
   </div>
   <div class='ocr_carea' id='block_1_67' title="bbox 2168 893 3733 967">
    <p class='ocr_par' dir='ltr' id='par_1_67' title="bbox 2168 893 3733 967">
     <span class='ocr_line' id='line_1_67' title="bbox 2168 893 3733 967; baseline 0.004 -22"><span class='ocrx_word' id='word_1_503' title='bbox 2168 901 2224 945; x_wconf 90' lang='lat' dir='ltr'><strong>et</strong></span> <span class='ocrx_word' id='word_1_504' title='bbox 2251 893 2500 947; x_wconf 90' lang='lat' dir='ltr'><strong>humanis</strong></span> <span class='ocrx_word' id='word_1_505' title='bbox 2524 895 2832 967; x_wconf 81' lang='lat' dir='ltr'><strong>quibusque</strong></span> <span class='ocrx_word' id='word_1_506' title='bbox 2850 895 3462 965; x_wconf 90' lang='lat' dir='ltr'><strong>vitiisetcupiditatibus</strong></span> <span class='ocrx_word' id='word_1_507' title='bbox 3507 896 3733 952; x_wconf 82' lang='lat' dir='ltr'><strong>divinum</strong></span> 
     </span>
    </p>
   </div>
   <div class='ocr_carea' id='block_1_68' title="bbox 2168 981 3732 1056">
    <p class='ocr_par' dir='ltr' id='par_1_68' title="bbox 2168 981 3732 1056">
     <span class='ocr_line' id='line_1_68' title="bbox 2168 981 3732 1056; baseline 0.004 -21"><span class='ocrx_word' id='word_1_508' title='bbox 2168 996 2360 1036; x_wconf 90' lang='lat' dir='ltr'><strong>nomen</strong></span> <span class='ocrx_word' id='word_1_509' title='bbox 2403 983 2715 1036; x_wconf 87' lang='lat' dir='ltr'><strong>ascribunt?</strong></span> <span class='ocrx_word' id='word_1_510' title='bbox 2748 981 2995 1038; x_wconf 73' lang='lat' dir='ltr'><strong>Pecunia:</strong></span> <span class='ocrx_word' id='word_1_511' title='bbox 3020 1000 3252 1054; x_wconf 83' lang='lat' dir='ltr'><strong>namque</strong></span> <span class='ocrx_word' id='word_1_512' title='bbox 3278 987 3491 1056; x_wconf 80' lang='lat' dir='ltr'><strong>cupidi,</strong></span> <span class='ocrx_word' id='word_1_513' title='bbox 3536 995 3592 1040; x_wconf 90' lang='lat' dir='ltr'><strong>et</strong></span> <span class='ocrx_word' id='word_1_514' title='bbox 3617 1002 3732 1041; x_wconf 81' lang='lat' dir='ltr'><strong>ara-</strong></span> 
     </span>
    </p>
   </div>
   <div class='ocr_carea' id='block_1_69' title="bbox 884 5461 2029 5606">
    <p class='ocr_par' dir='ltr' id='par_1_69' title="bbox 884 5461 2029 5606">
     <span class='ocr_line' id='line_1_69' title="bbox 884 5461 2029 5548; baseline 0.019 -34"><span class='ocrx_word' id='word_1_515' title='bbox 884 5461 938 5515; x_wconf 83' lang='lat'><strong>5.</strong></span> <span class='ocrx_word' id='word_1_516' title='bbox 1012 5465 1034 5496; x_wconf 84' lang='grc'><strong>⁸</strong></span> <span class='ocrx_word' id='word_1_517' title='bbox 1066 5465 1255 5520; x_wconf 83' lang='lat' dir='ltr'><strong>Matth.</strong></span> <span class='ocrx_word' id='word_1_518' title='bbox 1284 5483 1358 5532; x_wconf 85' lang='grc' dir='ltr'>νι,</span> <span class='ocrx_word' id='word_1_519' title='bbox 1386 5470 1475 5524; x_wconf 72' lang='grc'><strong>24.</strong></span> <span class='ocrx_word' id='word_1_520' title='bbox 1552 5472 1572 5503; x_wconf 78' lang='grc'><strong><em>⁸</em></strong></span> <span class='ocrx_word' id='word_1_521' title='bbox 1601 5474 1758 5531; x_wconf 82' lang='lat' dir='ltr'><strong>Rom.</strong></span> <span class='ocrx_word' id='word_1_522' title='bbox 1792 5493 1908 5544; x_wconf 87' lang='lat' dir='ltr'><strong>vm,</strong></span> <span class='ocrx_word' id='word_1_523' title='bbox 1939 5481 2029 5548; x_wconf 78' lang='lat'><strong>38,</strong></span> 
     </span>
     <span class='ocr_line' id='line_1_70' title="bbox 892 5534 2029 5606; baseline 0.018 -20"><span class='ocrx_word' id='word_1_524' title='bbox 892 5534 945 5598; x_wconf 79' lang='lat'><strong>3,</strong></span> <span class='ocrx_word' id='word_1_525' title='bbox 973 5534 1061 5589; x_wconf 77' lang='lat' dir='ltr'><strong>M.</strong></span> <span class='ocrx_word' id='word_1_526' title='bbox 1159 5536 1198 5567; x_wconf 85' lang='grc'>¹¹</span> <span class='ocrx_word' id='word_1_527' title='bbox 1231 5537 1388 5593; x_wconf 81' lang='lat' dir='ltr'><strong>Rom.</strong></span> <span class='ocrx_word' id='word_1_528' title='bbox 1417 5556 1457 5606; x_wconf 90' lang='grc' dir='ltr'><strong>ι,</strong></span> <span class='ocrx_word' id='word_1_529' title='bbox 1485 5540 1556 5595; x_wconf 75' lang='lat' dir='ltr'><strong>2b</strong></span> <span class='ocrx_word' id='word_1_530' title='bbox 1577 5553 1632 5596; x_wconf 91' lang='lat' dir='ltr'><strong>et</strong></span> <span class='ocrx_word' id='word_1_531' title='bbox 1656 5545 1746 5601; x_wconf 75' lang='lat'><strong>28.</strong></span> <span class='ocrx_word' id='word_1_532' title='bbox 1841 5550 1884 5580; x_wconf 76' lang='grc' dir='ltr'>ι’</span> <span class='ocrx_word' id='word_1_533' title='bbox 1913 5549 2029 5606; x_wconf 70' lang='grc' dir='ltr'><strong>,Ιυιι⁴</strong></span> 
     </span>
    </p>
   </div>
   <div class='ocr_carea' id='block_1_70' title="bbox 1949 5569 2036 5607">
    <p class='ocr_par' dir='ltr' id='par_1_70' title="bbox 1949 5569 2036 5607">
     <span class='ocr_line' id='line_1_71' title="bbox 1949 5569 2036 5607; baseline 0.023 -2"><span class='ocrx_word' id='word_1_534' title='bbox 1949 5569 2036 5607; x_wconf 75' lang='grc' dir='ltr'><strong>υυ.</strong></span> 
     </span>
    </p>
   </div>
   <div class='ocr_carea' id='block_1_71' title="bbox 2167 1071 3732 1148">
    <p class='ocr_par' dir='ltr' id='par_1_71' title="bbox 2167 1071 3732 1148">
     <span class='ocr_line' id='line_1_72' title="bbox 2167 1071 3732 1148; baseline 0.006 -25"><span class='ocrx_word' id='word_1_535' title='bbox 2167 1071 2306 1125; x_wconf 83' lang='lat' dir='ltr'><strong>ritiae</strong></span> <span class='ocrx_word' id='word_1_536' title='bbox 2359 1088 2542 1129; x_wconf 88' lang='lat' dir='ltr'><strong>amore</strong></span> <span class='ocrx_word' id='word_1_537' title='bbox 2572 1073 2884 1143; x_wconf 83' lang='lat' dir='ltr'><strong>ﬂagrantes,</strong></span> <span class='ocrx_word' id='word_1_538' title='bbox 2937 1075 3296 1131; x_wconf 83' lang='lat' dir='ltr'><strong>Mammonem</strong></span> <span class='ocrx_word' id='word_1_539' title='bbox 3333 1079 3565 1148; x_wconf 85' lang='lat' dir='ltr'><strong>quidem</strong></span> <span class='ocrx_word' id='word_1_540' title='bbox 3604 1081 3732 1148; x_wconf 84' lang='lat' dir='ltr'><strong>apud</strong></span> 
     </span>
    </p>
   </div>
   <div class='ocr_carea' id='block_1_72' title="bbox 2165 1159 3733 1233">
    <p class='ocr_par' dir='ltr' id='par_1_72' title="bbox 2165 1159 3733 1233">
     <span class='ocr_line' id='line_1_73' title="bbox 2165 1159 3733 1233; baseline 0.006 -20"><span class='ocrx_word' id='word_1_541' title='bbox 2165 1159 2331 1231; x_wconf 83' lang='lat' dir='ltr'><strong>Syros</strong></span> <span class='ocrx_word' id='word_1_542' title='bbox 2386 1160 2543 1216; x_wconf 91' lang='lat' dir='ltr'><strong>deum</strong></span> <span class='ocrx_word' id='word_1_543' title='bbox 2572 1164 2886 1233; x_wconf 87' lang='lat' dir='ltr'><strong>cupiditatis</strong></span> <span class='ocrx_word' id='word_1_544' title='bbox 2925 1164 3085 1219; x_wconf 80' lang='lat' dir='ltr'><strong>istius</strong></span> <span class='ocrx_word' id='word_1_545' title='bbox 3116 1166 3334 1232; x_wconf 90' lang='lat' dir='ltr'><strong>dicunt;</strong></span> <span class='ocrx_word' id='word_1_546' title='bbox 3394 1167 3648 1221; x_wconf 84' lang='lat' dir='ltr'><strong>libidinis</strong></span> <span class='ocrx_word' id='word_1_547' title='bbox 3686 1180 3733 1221; x_wconf 81' lang='lat' dir='ltr'><strong>et</strong></span> 
     </span>
    </p>
   </div>
   <div class='ocr_carea' id='block_1_73' title="bbox 2164 1249 3734 1324">
    <p class='ocr_par' dir='ltr' id='par_1_73' title="bbox 2164 1249 3734 1324">
     <span class='ocr_line' id='line_1_74' title="bbox 2164 1249 3734 1324; baseline 0.005 -22"><span class='ocrx_word' id='word_1_548' title='bbox 2164 1249 2455 1319; x_wconf 87' lang='lat' dir='ltr'><strong>voluptatis</strong></span> <span class='ocrx_word' id='word_1_549' title='bbox 2485 1261 2758 1306; x_wconf 84' lang='lat' dir='ltr'><strong>amatores</strong></span> <span class='ocrx_word' id='word_1_550' title='bbox 2799 1253 3064 1308; x_wconf 81' lang='lat' dir='ltr'><strong>Venerem</strong></span> <span class='ocrx_word' id='word_1_551' title='bbox 3099 1255 3252 1308; x_wconf 87' lang='lat' dir='ltr'><strong>deam</strong></span> <span class='ocrx_word' id='word_1_552' title='bbox 3279 1256 3387 1309; x_wconf 90' lang='lat' dir='ltr'><strong>sibi</strong></span> <span class='ocrx_word' id='word_1_553' title='bbox 3429 1257 3555 1308; x_wconf 82' lang='lat' dir='ltr'><strong>vitii</strong></span> <span class='ocrx_word' id='word_1_554' title='bbox 3590 1257 3734 1324; x_wconf 76' lang='lat' dir='ltr'><strong>hujus</strong></span> 
     </span>
    </p>
   </div>
   <div class='ocr_carea' id='block_1_74' title="bbox 2163 1341 3733 1410">
    <p class='ocr_par' dir='ltr' id='par_1_74' title="bbox 2163 1341 3733 1410">
     <span class='ocr_line' id='line_1_75' title="bbox 2163 1341 3733 1410; baseline 0.008 -20"><span class='ocrx_word' id='word_1_555' title='bbox 2163 1354 2269 1406; x_wconf 88' lang='lat' dir='ltr'><strong>quo</strong></span> <span class='ocrx_word' id='word_1_556' title='bbox 2300 1341 2575 1410; x_wconf 83' lang='lat' dir='ltr'><strong>agitantur</strong></span> <span class='ocrx_word' id='word_1_557' title='bbox 2604 1342 2903 1398; x_wconf 87' lang='lat' dir='ltr'><strong>ascribunt.</strong></span> <span class='ocrx_word' id='word_1_558' title='bbox 2935 1344 3200 1400; x_wconf 88' lang='lat' dir='ltr'><strong>Similiter</strong></span> <span class='ocrx_word' id='word_1_559' title='bbox 3237 1354 3293 1400; x_wconf 89' lang='lat' dir='ltr'><strong>et</strong></span> <span class='ocrx_word' id='word_1_560' title='bbox 3320 1346 3377 1400; x_wconf 90' lang='lat' dir='ltr'><strong>in</strong></span> <span class='ocrx_word' id='word_1_561' title='bbox 3415 1350 3638 1402; x_wconf 59' lang='lat' dir='ltr'><strong>ceteris</strong></span> <span class='ocrx_word' id='word_1_562' title='bbox 3663 1351 3733 1403; x_wconf 74' lang='lat' dir='ltr'><strong>vi-</strong></span> 
     </span>
    </p>
   </div>
   <div class='ocr_carea' id='block_1_75' title="bbox 2163 1428 3734 1498">
    <p class='ocr_par' dir='ltr' id='par_1_75' title="bbox 2163 1428 3734 1498">
     <span class='ocr_line' id='line_1_76' title="bbox 2163 1428 3734 1498; baseline 0.008 -20"><span class='ocrx_word' id='word_1_563' title='bbox 2163 1428 2273 1490; x_wconf 89' lang='lat' dir='ltr'><strong>tiis,</strong></span> <span class='ocrx_word' id='word_1_564' title='bbox 2301 1428 2440 1482; x_wconf 87' lang='lat' dir='ltr'><strong>hunc</strong></span> <span class='ocrx_word' id='word_1_565' title='bbox 2475 1429 2645 1498; x_wconf 89' lang='lat' dir='ltr'><strong>ipsum</strong></span> <span class='ocrx_word' id='word_1_566' title='bbox 2664 1446 2771 1495; x_wconf 89' lang='lat' dir='ltr'><strong>quo</strong></span> <span class='ocrx_word' id='word_1_567' title='bbox 2795 1441 3056 1498; x_wconf 84' lang='lat' dir='ltr'><strong>urgentur</strong></span> <span class='ocrx_word' id='word_1_568' title='bbox 3083 1432 3333 1488; x_wconf 73' lang='lat' dir='ltr'><strong>affectum</strong></span> <span class='ocrx_word' id='word_1_569' title='bbox 3364 1438 3532 1490; x_wconf 87' lang='lat' dir='ltr'><strong>deum</strong></span> <span class='ocrx_word' id='word_1_570' title='bbox 3558 1439 3659 1491; x_wconf 87' lang='lat' dir='ltr'><strong>sibi</strong></span> <span class='ocrx_word' id='word_1_571' title='bbox 3677 1439 3734 1492; x_wconf 79' lang='lat' dir='ltr'><strong>le-</strong></span> 
     </span>
    </p>
   </div>
   <div class='ocr_carea' id='block_1_76' title="bbox 2157 1515 3731 1587">
    <p class='ocr_par' dir='ltr' id='par_1_76' title="bbox 2157 1515 3731 1587">
     <span class='ocr_line' id='line_1_77' title="bbox 2157 1515 3731 1587; baseline 0.008 -21"><span class='ocrx_word' id='word_1_572' title='bbox 2157 1524 2374 1569; x_wconf 91' lang='lat' dir='ltr'><strong>cerunt.</strong></span> <span class='ocrx_word' id='word_1_573' title='bbox 2411 1515 2564 1572; x_wconf 88' lang='lat' dir='ltr'><strong>Unde</strong></span> <span class='ocrx_word' id='word_1_574' title='bbox 2597 1528 2651 1573; x_wconf 93' lang='lat' dir='ltr'><strong>et</strong></span> <span class='ocrx_word' id='word_1_575' title='bbox 2683 1519 2973 1587; x_wconf 89' lang='lat' dir='ltr'><strong>Apostolus</strong></span> <span class='ocrx_word' id='word_1_576' title='bbox 3008 1524 3197 1576; x_wconf 89' lang='lat' dir='ltr'><strong>eadem</strong></span> <span class='ocrx_word' id='word_1_577' title='bbox 3217 1522 3375 1576; x_wconf 90' lang='lat' dir='ltr'><strong>dicit.</strong></span> <span class='ocrx_word' id='word_1_578' title='bbox 3402 1524 3501 1577; x_wconf 91' lang='lat' dir='ltr'><strong>Ait</strong></span> <span class='ocrx_word' id='word_1_579' title='bbox 3530 1525 3731 1579; x_wconf 79' lang='lat' dir='ltr'><strong>enim&#39;:</strong></span> 
     </span>
    </p>
   </div>
   <div class='ocr_carea' id='block_1_77' title="bbox 2161 1605 3736 1686">
    <p class='ocr_par' dir='ltr' id='par_1_77' title="bbox 2161 1605 3736 1686">
     <span class='ocr_line' id='line_1_78' title="bbox 2161 1605 3736 1686; baseline 0.01 -32"><span class='ocrx_word' id='word_1_580' title='bbox 2161 1620 2181 1654; x_wconf 74' lang='grc' dir='ltr'><strong>ι</strong></span> <span class='ocrx_word' id='word_1_581' title='bbox 2221 1605 2284 1660; x_wconf 83' lang='grc' dir='ltr'>Ει</span> <span class='ocrx_word' id='word_1_582' title='bbox 2314 1607 2541 1661; x_wconf 89' lang='lat' dir='ltr'><strong>avaritia</strong></span> <span class='ocrx_word' id='word_1_583' title='bbox 2565 1610 2708 1677; x_wconf 88' lang='lat' dir='ltr'><strong>quod</strong></span> <span class='ocrx_word' id='word_1_584' title='bbox 2738 1619 2821 1664; x_wconf 91' lang='lat' dir='ltr'><strong>est</strong></span> <span class='ocrx_word' id='word_1_585' title='bbox 2849 1610 3115 1665; x_wconf 87' lang='lat' dir='ltr'><strong>idolorum</strong></span> <span class='ocrx_word' id='word_1_586' title='bbox 3150 1613 3351 1669; x_wconf 92' lang='lat' dir='ltr'><strong>cultus.</strong></span> <span class='ocrx_word' id='word_1_587' title='bbox 3386 1633 3407 1667; x_wconf 74' lang='grc' dir='ltr'><strong>ι</strong></span> <span class='ocrx_word' id='word_1_588' title='bbox 3428 1613 3602 1669; x_wconf 77' lang='lat' dir='ltr'><strong>Vides</strong></span> <span class='ocrx_word' id='word_1_589' title='bbox 3620 1630 3736 1686; x_wconf 79' lang='lat' dir='ltr'><strong>ergo</strong></span> 
     </span>
    </p>
   </div>
   <div class='ocr_carea' id='block_1_78' title="bbox 2152 1693 3730 1773">
    <p class='ocr_par' dir='ltr' id='par_1_78' title="bbox 2152 1693 3730 1773">
     <span class='ocr_line' id='line_1_79' title="bbox 2152 1693 3730 1773; baseline 0.008 -27"><span class='ocrx_word' id='word_1_590' title='bbox 2152 1693 2282 1761; x_wconf 75' lang='lat' dir='ltr'><strong>quia</strong></span> <span class='ocrx_word' id='word_1_591' title='bbox 2310 1710 2418 1751; x_wconf 90' lang='lat' dir='ltr'><strong>non</strong></span> <span class='ocrx_word' id='word_1_592' title='bbox 2448 1697 2619 1752; x_wconf 91' lang='lat' dir='ltr'><strong>solum</strong></span> <span class='ocrx_word' id='word_1_593' title='bbox 2653 1699 2885 1754; x_wconf 88' lang='lat' dir='ltr'><strong>adorare</strong></span> <span class='ocrx_word' id='word_1_594' title='bbox 2910 1700 3287 1766; x_wconf 88' lang='lat' dir='ltr'><strong>simulacrum,</strong></span> <span class='ocrx_word' id='word_1_595' title='bbox 3324 1704 3427 1757; x_wconf 88' lang='lat' dir='ltr'><strong>sed</strong></span> <span class='ocrx_word' id='word_1_596' title='bbox 3461 1704 3593 1773; x_wconf 86' lang='lat' dir='ltr'><strong>quia</strong></span> <span class='ocrx_word' id='word_1_597' title='bbox 3621 1719 3730 1758; x_wconf 81' lang='lat' dir='ltr'><strong>ava-</strong></span> 
     </span>
    </p>
   </div>
   <div class='ocr_carea' id='block_1_79' title="bbox 2082 1779 3730 1856">
    <p class='ocr_par' dir='ltr' id='par_1_79' title="bbox 2082 1779 3730 1856">
     <span class='ocr_line' id='line_1_80' title="bbox 2082 1779 3730 1856; baseline 0.004 -22"><span class='ocrx_word' id='word_1_598' title='bbox 2082 1779 2125 1834; x_wconf 88' lang='lat' dir='ltr'><strong>B</strong></span> <span class='ocrx_word' id='word_1_599' title='bbox 2157 1782 2292 1836; x_wconf 87' lang='lat' dir='ltr'><strong>ritiae</strong></span> <span class='ocrx_word' id='word_1_600' title='bbox 2319 1784 2558 1850; x_wconf 87' lang='lat' dir='ltr'><strong>studere,</strong></span> <span class='ocrx_word' id='word_1_601' title='bbox 2593 1783 2856 1839; x_wconf 89' lang='lat' dir='ltr'><strong>idolorum</strong></span> <span class='ocrx_word' id='word_1_602' title='bbox 2883 1785 3062 1840; x_wconf 92' lang='lat' dir='ltr'><strong>cultus</strong></span> <span class='ocrx_word' id='word_1_603' title='bbox 3081 1794 3136 1840; x_wconf 91' lang='lat' dir='ltr'><strong>et</strong></span> <span class='ocrx_word' id='word_1_604' title='bbox 3155 1789 3398 1843; x_wconf 84' lang='lat' dir='ltr'><strong>servitus</strong></span> <span class='ocrx_word' id='word_1_605' title='bbox 3428 1798 3730 1856; x_wconf 78' lang='lat' dir='ltr'><strong>reputatur.</strong></span> 
     </span>
    </p>
   </div>
   <div class='ocr_carea' id='block_1_80' title="bbox 2159 1869 3728 1941">
    <p class='ocr_par' dir='ltr' id='par_1_80' title="bbox 2159 1869 3728 1941">
     <span class='ocr_line' id='line_1_81' title="bbox 2159 1869 3728 1941; baseline 0.005 -19"><span class='ocrx_word' id='word_1_606' title='bbox 2159 1869 2250 1924; x_wconf 91' lang='lat' dir='ltr'><strong>Sic</strong></span> <span class='ocrx_word' id='word_1_607' title='bbox 2281 1885 2411 1941; x_wconf 86' lang='lat' dir='ltr'><strong>ergo</strong></span> <span class='ocrx_word' id='word_1_608' title='bbox 2435 1881 2490 1926; x_wconf 91' lang='lat' dir='ltr'><strong>et</strong></span> <span class='ocrx_word' id='word_1_609' title='bbox 2520 1886 2620 1927; x_wconf 93' lang='lat' dir='ltr'><strong>nos</strong></span> <span class='ocrx_word' id='word_1_610' title='bbox 2647 1887 2771 1927; x_wconf 88' lang='lat' dir='ltr'><strong>cum</strong></span> <span class='ocrx_word' id='word_1_611' title='bbox 2795 1873 3064 1941; x_wconf 85' lang='lat' dir='ltr'><strong>aliquibus</strong></span> <span class='ocrx_word' id='word_1_612' title='bbox 3093 1875 3242 1930; x_wconf 85' lang='lat' dir='ltr'><strong>vitiis</strong></span> <span class='ocrx_word' id='word_1_613' title='bbox 3285 1875 3362 1929; x_wconf 87' lang='lat' dir='ltr'><strong>ita</strong></span> <span class='ocrx_word' id='word_1_614' title='bbox 3419 1876 3592 1929; x_wconf 87' lang='lat' dir='ltr'><strong>dediti</strong></span> <span class='ocrx_word' id='word_1_615' title='bbox 3645 1891 3728 1930; x_wconf 74' lang='lat' dir='ltr'><strong>su-</strong></span> 
     </span>
    </p>
   </div>
   <div class='ocr_carea' id='block_1_81' title="bbox 2151 1963 3728 2033">
    <p class='ocr_par' dir='ltr' id='par_1_81' title="bbox 2151 1963 3728 2033">
     <span class='ocr_line' id='line_1_82' title="bbox 2151 1963 3728 2033; baseline 0.006 -23"><span class='ocrx_word' id='word_1_616' title='bbox 2151 1974 2292 2024; x_wconf 90' lang='lat' dir='ltr'><strong>mus,</strong></span> <span class='ocrx_word' id='word_1_617' title='bbox 2330 1969 2477 2014; x_wconf 88' lang='lat' dir='ltr'><strong>utea</strong></span> <span class='ocrx_word' id='word_1_618' title='bbox 2509 1975 2573 2015; x_wconf 84' lang='lat' dir='ltr'><strong>ex</strong></span> <span class='ocrx_word' id='word_1_619' title='bbox 2623 1971 2734 2015; x_wconf 92' lang='lat' dir='ltr'><strong>toto</strong></span> <span class='ocrx_word' id='word_1_620' title='bbox 2778 1963 2962 2027; x_wconf 89' lang='lat' dir='ltr'><strong>corde,</strong></span> <span class='ocrx_word' id='word_1_621' title='bbox 2999 1972 3051 2018; x_wconf 92' lang='lat' dir='ltr'><strong>et</strong></span> <span class='ocrx_word' id='word_1_622' title='bbox 3078 1973 3186 2019; x_wconf 85' lang='lat' dir='ltr'><strong>tota</strong></span> <span class='ocrx_word' id='word_1_623' title='bbox 3217 1965 3430 2029; x_wconf 88' lang='lat' dir='ltr'><strong>anima,</strong></span> <span class='ocrx_word' id='word_1_624' title='bbox 3474 1975 3641 2033; x_wconf 84' lang='lat' dir='ltr'><strong>atque</strong></span> <span class='ocrx_word' id='word_1_625' title='bbox 3667 1981 3728 2019; x_wconf 75' lang='lat' dir='ltr'><strong>ex</strong></span> 
     </span>
    </p>
   </div>
   <div class='ocr_carea' id='block_1_82' title="bbox 2148 2047 3726 2123">
    <p class='ocr_par' dir='ltr' id='par_1_82' title="bbox 2148 2047 3726 2123">
     <span class='ocr_line' id='line_1_83' title="bbox 2148 2047 3726 2123; baseline 0.005 -23"><span class='ocrx_word' id='word_1_626' title='bbox 2148 2047 2277 2102; x_wconf 85' lang='lat' dir='ltr'><strong>totis</strong></span> <span class='ocrx_word' id='word_1_627' title='bbox 2302 2048 2509 2104; x_wconf 90' lang='lat' dir='ltr'><strong>viribus</strong></span> <span class='ocrx_word' id='word_1_628' title='bbox 2538 2050 2852 2121; x_wconf 85' lang='lat' dir='ltr'><strong>diligamus,</strong></span> <span class='ocrx_word' id='word_1_629' title='bbox 2876 2052 3105 2107; x_wconf 88' lang='lat' dir='ltr'><strong>adorare</strong></span> <span class='ocrx_word' id='word_1_630' title='bbox 3132 2052 3277 2108; x_wconf 88' lang='lat' dir='ltr'><strong>idola</strong></span> <span class='ocrx_word' id='word_1_631' title='bbox 3299 2063 3357 2107; x_wconf 93' lang='lat' dir='ltr'><strong>et</strong></span> <span class='ocrx_word' id='word_1_632' title='bbox 3390 2054 3598 2108; x_wconf 80' lang='lat' dir='ltr'><strong>abiisse</strong></span> <span class='ocrx_word' id='word_1_633' title='bbox 3617 2065 3726 2123; x_wconf 79' lang='lat' dir='ltr'><strong>post</strong></span> 
     </span>
    </p>
   </div>
   <div class='ocr_carea' id='block_1_83' title="bbox 2148 2136 2806 2194">
    <p class='ocr_par' dir='ltr' id='par_1_83' title="bbox 2148 2136 2806 2194">
     <span class='ocr_line' id='line_1_84' title="bbox 2148 2136 2806 2194; baseline 0.008 -5"><span class='ocrx_word' id='word_1_634' title='bbox 2148 2136 2279 2192; x_wconf 88' lang='lat' dir='ltr'><strong>deos</strong></span> <span class='ocrx_word' id='word_1_635' title='bbox 2308 2137 2516 2192; x_wconf 90' lang='lat' dir='ltr'><strong>alienos</strong></span> <span class='ocrx_word' id='word_1_636' title='bbox 2551 2139 2806 2194; x_wconf 93' lang='lat' dir='ltr'><strong>dicimur.</strong></span> 
     </span>
    </p>
   </div>
   <div class='ocr_carea' id='block_1_84' title="bbox 2217 2226 3723 2300">
    <p class='ocr_par' dir='ltr' id='par_1_84' title="bbox 2217 2226 3723 2300">
     <span class='ocr_line' id='line_1_85' title="bbox 2217 2226 3723 2300; baseline 0.008 -21"><span class='ocrx_word' id='word_1_637' title='bbox 2217 2226 2272 2279; x_wconf 72' lang='grc'><strong>4.</strong></span> <span class='ocrx_word' id='word_1_638' title='bbox 2303 2243 2321 2277; x_wconf 84' lang='grc' dir='ltr'><strong>ι</strong></span> <span class='ocrx_word' id='word_1_639' title='bbox 2361 2227 2425 2281; x_wconf 87' lang='grc' dir='ltr'>Ει</span> <span class='ocrx_word' id='word_1_640' title='bbox 2473 2228 2856 2292; x_wconf 86' lang='lat' dir='ltr'><strong>adoraverunt,</strong></span> <span class='ocrx_word' id='word_1_641' title='bbox 2889 2231 3065 2300; x_wconf 92' lang='lat' dir='ltr'><strong>inquit</strong></span> <span class='ocrx_word' id='word_1_642' title='bbox 3088 2231 3133 2296; x_wconf 80' lang='grc'>⁸,</span> <span class='ocrx_word' id='word_1_643' title='bbox 3165 2232 3299 2286; x_wconf 89' lang='lat' dir='ltr'><strong>deos</strong></span> <span class='ocrx_word' id='word_1_644' title='bbox 3326 2232 3576 2298; x_wconf 84' lang='lat' dir='ltr'><strong>alienos,</strong></span> <span class='ocrx_word' id='word_1_645' title='bbox 3605 2236 3723 2291; x_wconf 79' lang='lat' dir='ltr'><strong>deos</strong></span> 
     </span>
    </p>
   </div>
   <div class='ocr_carea' id='block_1_85' title="bbox 2145 2310 3722 2389">
    <p class='ocr_par' dir='ltr' id='par_1_85' title="bbox 2145 2310 3722 2389">
     <span class='ocr_line' id='line_1_86' title="bbox 2145 2310 3722 2389; baseline 0.004 -18"><span class='ocrx_word' id='word_1_646' title='bbox 2145 2318 2411 2384; x_wconf 83' lang='lat' dir='ltr'><strong>gentium,</strong></span> <span class='ocrx_word' id='word_1_647' title='bbox 2442 2310 2561 2386; x_wconf 70' lang='lat' dir='ltr'><strong>qua:</strong></span> <span class='ocrx_word' id='word_1_648' title='bbox 2593 2321 2644 2374; x_wconf 93' lang='lat' dir='ltr'><strong>in</strong></span> <span class='ocrx_word' id='word_1_649' title='bbox 2678 2321 2906 2376; x_wconf 89' lang='lat' dir='ltr'><strong>circuitu</strong></span> <span class='ocrx_word' id='word_1_650' title='bbox 2936 2323 3176 2389; x_wconf 84' lang='lat' dir='ltr'><strong>ipsorqu</strong></span> <span class='ocrx_word' id='word_1_651' title='bbox 3205 2331 3397 2387; x_wconf 90' lang='lat' dir='ltr'><strong>erant,</strong></span> <span class='ocrx_word' id='word_1_652' title='bbox 3439 2332 3497 2378; x_wconf 89' lang='lat' dir='ltr'><strong>et</strong></span> <span class='ocrx_word' id='word_1_653' title='bbox 3524 2326 3589 2377; x_wconf 90' lang='lat' dir='ltr'><strong>ad</strong></span> <span class='ocrx_word' id='word_1_654' title='bbox 3624 2327 3722 2377; x_wconf 87' lang='lat' dir='ltr'><strong>ira-</strong></span> 
     </span>
    </p>
   </div>
   <div class='ocr_carea' id='block_1_86' title="bbox 2143 2408 3723 2482">
    <p class='ocr_par' dir='ltr' id='par_1_86' title="bbox 2143 2408 3723 2482">
     <span class='ocr_line' id='line_1_87' title="bbox 2143 2408 3723 2482; baseline 0.006 -23"><span class='ocrx_word' id='word_1_655' title='bbox 2143 2408 2392 2462; x_wconf 84' lang='lat' dir='ltr'><strong>cundiam</strong></span> <span class='ocrx_word' id='word_1_656' title='bbox 2431 2410 2842 2465; x_wconf 87' lang='lat' dir='ltr'><strong>concitaverunt</strong></span> <span class='ocrx_word' id='word_1_657' title='bbox 2873 2413 3056 2466; x_wconf 88' lang='lat' dir='ltr'><strong>Deum.</strong></span> <span class='ocrx_word' id='word_1_658' title='bbox 3097 2430 3116 2464; x_wconf 74' lang='grc' dir='ltr'><strong>ι</strong></span> <span class='ocrx_word' id='word_1_659' title='bbox 3151 2411 3318 2467; x_wconf 83' lang='lat' dir='ltr'><strong>Vides</strong></span> <span class='ocrx_word' id='word_1_660' title='bbox 3362 2425 3628 2482; x_wconf 86' lang='lat' dir='ltr'><strong>quantum</strong></span> <span class='ocrx_word' id='word_1_661' title='bbox 3658 2415 3723 2469; x_wconf 75' lang='lat' dir='ltr'><strong>fa-</strong></span> 
     </span>
    </p>
   </div>
   <div class='ocr_carea' id='block_1_87' title="bbox 2142 2497 3714 2571">
    <p class='ocr_par' dir='ltr' id='par_1_87' title="bbox 2142 2497 3714 2571">
     <span class='ocr_line' id='line_1_88' title="bbox 2142 2497 3714 2571; baseline 0.004 -20"><span class='ocrx_word' id='word_1_662' title='bbox 2142 2497 2294 2552; x_wconf 84' lang='lat' dir='ltr'><strong>ciant</strong></span> <span class='ocrx_word' id='word_1_663' title='bbox 2329 2508 2572 2568; x_wconf 82' lang='lat' dir='ltr'><strong>peeca‘a,</strong></span> <span class='ocrx_word' id='word_1_664' title='bbox 2599 2507 2657 2554; x_wconf 88' lang='lat' dir='ltr'><strong>ut</strong></span> <span class='ocrx_word' id='word_1_665' title='bbox 2692 2511 2980 2569; x_wconf 88' lang='lat' dir='ltr'><strong>peccantes</strong></span> <span class='ocrx_word' id='word_1_666' title='bbox 3005 2502 3153 2555; x_wconf 89' lang='lat' dir='ltr'><strong>illum</strong></span> <span class='ocrx_word' id='word_1_667' title='bbox 3189 2502 3243 2556; x_wconf 90' lang='lat' dir='ltr'><strong>in</strong></span> <span class='ocrx_word' id='word_1_668' title='bbox 3269 2518 3384 2571; x_wconf 88' lang='lat' dir='ltr'><strong>quo</strong></span> <span class='ocrx_word' id='word_1_669' title='bbox 3410 2519 3522 2558; x_wconf 86' lang='lat' dir='ltr'><strong>non</strong></span> <span class='ocrx_word' id='word_1_670' title='bbox 3552 2507 3714 2559; x_wconf 75' lang='lat' dir='ltr'><strong>solum</strong></span> 
     </span>
    </p>
   </div>
   <div class='ocr_carea' id='block_1_88' title="bbox 2143 2587 3713 2665">
    <p class='ocr_par' dir='ltr' id='par_1_88' title="bbox 2143 2587 3713 2665">
     <span class='ocr_line' id='line_1_89' title="bbox 2143 2587 3713 2665; baseline 0.007 -26"><span class='ocrx_word' id='word_1_671' title='bbox 2143 2587 2238 2640; x_wconf 85' lang='lat' dir='ltr'><strong>irae</strong></span> <span class='ocrx_word' id='word_1_672' title='bbox 2263 2589 2441 2642; x_wconf 91' lang='lat' dir='ltr'><strong>nullus</strong></span> <span class='ocrx_word' id='word_1_673' title='bbox 2471 2589 2700 2644; x_wconf 86' lang='lat' dir='ltr'><strong>all‘ectus</strong></span> <span class='ocrx_word' id='word_1_674' title='bbox 2731 2600 2835 2655; x_wconf 89' lang='lat' dir='ltr'><strong>est,</strong></span> <span class='ocrx_word' id='word_1_675' title='bbox 2863 2592 2957 2646; x_wconf 90' lang='lat' dir='ltr'><strong>sed</strong></span> <span class='ocrx_word' id='word_1_676' title='bbox 2987 2607 3088 2647; x_wconf 91' lang='lat' dir='ltr'><strong>nec</strong></span> <span class='ocrx_word' id='word_1_677' title='bbox 3110 2591 3256 2648; x_wconf 86' lang='lat' dir='ltr'><strong>alius</strong></span> <span class='ocrx_word' id='word_1_678' title='bbox 3293 2593 3525 2663; x_wconf 87' lang='lat' dir='ltr'><strong>quidem</strong></span> <span class='ocrx_word' id='word_1_679' title='bbox 3550 2598 3713 2665; x_wconf 80' lang='lat' dir='ltr'><strong>passi-</strong></span> 
     </span>
    </p>
   </div>
   <div class='ocr_carea' id='block_1_89' title="bbox 2141 2677 3712 2754">
    <p class='ocr_par' dir='ltr' id='par_1_89' title="bbox 2141 2677 3712 2754">
     <span class='ocr_line' id='line_1_90' title="bbox 2141 2677 3712 2754; baseline 0.008 -24"><span class='ocrx_word' id='word_1_680' title='bbox 2141 2677 2266 2732; x_wconf 89' lang='lat' dir='ltr'><strong>bilis</strong></span> <span class='ocrx_word' id='word_1_681' title='bbox 2298 2689 2498 2745; x_wconf 90' lang='lat' dir='ltr'><strong>motus,</strong></span> <span class='ocrx_word' id='word_1_682' title='bbox 2525 2696 2622 2736; x_wconf 87' lang='lat' dir='ltr'><strong>nos</strong></span> <span class='ocrx_word' id='word_1_683' title='bbox 2655 2683 2722 2735; x_wconf 89' lang='lat' dir='ltr'><strong>ad</strong></span> <span class='ocrx_word' id='word_1_684' title='bbox 2749 2683 3084 2736; x_wconf 87' lang='lat' dir='ltr'><strong>iracundiam</strong></span> <span class='ocrx_word' id='word_1_685' title='bbox 3119 2699 3433 2754; x_wconf 88' lang='lat' dir='ltr'><strong>provocare</strong></span> <span class='ocrx_word' id='word_1_686' title='bbox 3457 2688 3712 2742; x_wconf 84' lang='lat' dir='ltr'><strong>dicamur.</strong></span> 
     </span>
    </p>
   </div>
   <div class='ocr_carea' id='block_1_90' title="bbox 2141 2767 3714 2841">
    <p class='ocr_par' dir='ltr' id='par_1_90' title="bbox 2141 2767 3714 2841">
     <span class='ocr_line' id='line_1_91' title="bbox 2141 2767 3714 2841; baseline 0.005 -18"><span class='ocrx_word' id='word_1_687' title='bbox 2141 2767 2342 2824; x_wconf 91' lang='lat' dir='ltr'><strong>Verum</strong></span> <span class='ocrx_word' id='word_1_688' title='bbox 2362 2769 2450 2824; x_wconf 88' lang='lat' dir='ltr'><strong>ille</strong></span> <span class='ocrx_word' id='word_1_689' title='bbox 2473 2781 2755 2839; x_wconf 84' lang='lat' dir='ltr'><strong>permanet</strong></span> <span class='ocrx_word' id='word_1_690' title='bbox 2775 2773 3129 2829; x_wconf 88' lang='lat' dir='ltr'><strong>immutabilis</strong></span> <span class='ocrx_word' id='word_1_691' title='bbox 3160 2776 3214 2828; x_wconf 89' lang='lat' dir='ltr'><strong>iu</strong></span> <span class='ocrx_word' id='word_1_692' title='bbox 3240 2790 3343 2829; x_wconf 83' lang='lat' dir='ltr'><strong>sua</strong></span> <span class='ocrx_word' id='word_1_693' title='bbox 3384 2787 3601 2841; x_wconf 84' lang='lat' dir='ltr'><strong>natura,</strong></span> <span class='ocrx_word' id='word_1_694' title='bbox 3627 2791 3714 2831; x_wconf 76' lang='lat' dir='ltr'><strong>nec</strong></span> 
     </span>
    </p>
   </div>
   <div class='ocr_carea' id='block_1_91' title="bbox 2142 2861 3710 2937">
    <p class='ocr_par' dir='ltr' id='par_1_91' title="bbox 2142 2861 3710 2937">
     <span class='ocr_line' id='line_1_92' title="bbox 2142 2861 3710 2937; baseline 0.008 -26"><span class='ocrx_word' id='word_1_695' title='bbox 2142 2873 2380 2928; x_wconf 90' lang='lat' dir='ltr'><strong>unquam</strong></span> <span class='ocrx_word' id='word_1_696' title='bbox 2410 2861 2506 2915; x_wconf 78' lang='lat' dir='ltr'><strong>irze</strong></span> <span class='ocrx_word' id='word_1_697' title='bbox 2533 2861 2784 2916; x_wconf 87' lang='lat' dir='ltr'><strong>turbatur</strong></span> <span class='ocrx_word' id='word_1_698' title='bbox 2817 2863 3100 2918; x_wconf 78' lang='lat' dir='ltr'><strong>alfectibus</strong></span> <span class='ocrx_word' id='word_1_699' title='bbox 3133 2881 3145 2916; x_wconf 90' lang='lat'>:</span> <span class='ocrx_word' id='word_1_700' title='bbox 3179 2880 3286 2935; x_wconf 86' lang='lat' dir='ltr'><strong>ego</strong></span> <span class='ocrx_word' id='word_1_701' title='bbox 3314 2876 3507 2921; x_wconf 85' lang='lat' dir='ltr'><strong>autem</strong></span> <span class='ocrx_word' id='word_1_702' title='bbox 3545 2884 3710 2937; x_wconf 79' lang='lat' dir='ltr'><strong>perea</strong></span> 
     </span>
    </p>
   </div>
   <div class='ocr_carea' id='block_1_92' title="bbox 2138 2950 3708 3023">
    <p class='ocr_par' dir='ltr' id='par_1_92' title="bbox 2138 2950 3708 3023">
     <span class='ocr_line' id='line_1_93' title="bbox 2138 2950 3708 3023; baseline 0.008 -22"><span class='ocrx_word' id='word_1_703' title='bbox 2138 2950 2556 3020; x_wconf 69' lang='lat' dir='ltr'><strong>quaedelinquo,</strong></span> <span class='ocrx_word' id='word_1_704' title='bbox 2584 2953 2717 3007; x_wconf 91' lang='lat' dir='ltr'><strong>iram</strong></span> <span class='ocrx_word' id='word_1_705' title='bbox 2755 2953 2889 3008; x_wconf 87' lang='lat' dir='ltr'><strong>mihi</strong></span> <span class='ocrx_word' id='word_1_706' title='bbox 2919 2954 3034 3023; x_wconf 91' lang='lat' dir='ltr'><strong>ipse</strong></span> <span class='ocrx_word' id='word_1_707' title='bbox 3059 2956 3375 3022; x_wconf 88' lang='lat' dir='ltr'><strong>conscisco,</strong></span> <span class='ocrx_word' id='word_1_708' title='bbox 3416 2959 3562 3014; x_wconf 79' lang='lat' dir='ltr'><strong>sicut</strong></span> <span class='ocrx_word' id='word_1_709' title='bbox 3587 2959 3708 3014; x_wconf 78' lang='lat' dir='ltr'><strong>dicit</strong></span> 
     </span>
    </p>
   </div>
   <div class='ocr_carea' id='block_1_93' title="bbox 2135 3040 3709 3116">
    <p class='ocr_par' dir='ltr' id='par_1_93' title="bbox 2135 3040 3709 3116">
     <span class='ocr_line' id='line_1_94' title="bbox 2135 3040 3709 3116; baseline 0.008 -24"><span class='ocrx_word' id='word_1_710' title='bbox 2135 3040 2424 3109; x_wconf 81' lang='lat' dir='ltr'><strong>Apostolus</strong></span> <span class='ocrx_word' id='word_1_711' title='bbox 2449 3043 2564 3098; x_wconf 73' lang='lat' dir='ltr'><strong>haec</strong></span> <span class='ocrx_word' id='word_1_712' title='bbox 2588 3043 2704 3113; x_wconf 84' lang='lat' dir='ltr'><strong>ipse</strong></span> <span class='ocrx_word' id='word_1_713' title='bbox 2734 3044 2934 3100; x_wconf 88' lang='lat' dir='ltr'><strong>docens</strong></span> <span class='ocrx_word' id='word_1_714' title='bbox 2966 3045 3084 3116; x_wconf 67' lang='lat'><strong>(45)</strong></span> <span class='ocrx_word' id='word_1_715' title='bbox 3115 3063 3130 3100; x_wconf 90' lang='lat'><strong>:</strong></span> <span class='ocrx_word' id='word_1_716' title='bbox 3163 3063 3184 3097; x_wconf 76' lang='grc' dir='ltr'><strong>ι</strong></span> <span class='ocrx_word' id='word_1_717' title='bbox 3223 3047 3547 3102; x_wconf 84' lang='lat' dir='ltr'><strong>Secundum</strong></span> <span class='ocrx_word' id='word_1_718' title='bbox 3570 3051 3709 3104; x_wconf 56' lang='lat' dir='ltr'><strong>duri-</strong></span> 
     </span>
    </p>
   </div>
   <div class='ocr_carea' id='block_1_94' title="bbox 2137 3131 3705 3207">
    <p class='ocr_par' dir='ltr' id='par_1_94' title="bbox 2137 3131 3705 3207">
     <span class='ocr_line' id='line_1_95' title="bbox 2137 3131 3705 3207; baseline 0.009 -25"><span class='ocrx_word' id='word_1_719' title='bbox 2137 3131 2262 3184; x_wconf 90' lang='lat' dir='ltr'><strong>tiam</strong></span> <span class='ocrx_word' id='word_1_720' title='bbox 2299 3141 2442 3185; x_wconf 84' lang='lat' dir='ltr'><strong>tuam</strong></span> <span class='ocrx_word' id='word_1_721' title='bbox 2477 3143 2657 3188; x_wconf 91' lang='lat' dir='ltr'><strong>autem</strong></span> <span class='ocrx_word' id='word_1_722' title='bbox 2706 3144 2761 3188; x_wconf 93' lang='lat' dir='ltr'><strong>et</strong></span> <span class='ocrx_word' id='word_1_723' title='bbox 2805 3150 2900 3190; x_wconf 92' lang='lat' dir='ltr'><strong>cor</strong></span> <span class='ocrx_word' id='word_1_724' title='bbox 2953 3137 3311 3207; x_wconf 72' lang='lat' dir='ltr'><strong>impmnitens</strong></span> <span class='ocrx_word' id='word_1_725' title='bbox 3352 3141 3705 3206; x_wconf 76' lang='lat' dir='ltr'><strong>tbesaurius,</strong></span> 
     </span>
    </p>
   </div>
   <div class='ocr_carea' id='block_1_95' title="bbox 2131 3219 3706 3300">
    <p class='ocr_par' dir='ltr' id='par_1_95' title="bbox 2131 3219 3706 3300">
     <span class='ocr_line' id='line_1_96' title="bbox 2131 3219 3706 3300; baseline 0.01 -27"><span class='ocrx_word' id='word_1_726' title='bbox 2131 3219 2375 3288; x_wconf 80' lang='lat' dir='ltr'><strong>inquit’,</strong></span> <span class='ocrx_word' id='word_1_727' title='bbox 2419 3223 2513 3277; x_wconf 88' lang='lat' dir='ltr'><strong>tibi</strong></span> <span class='ocrx_word' id='word_1_728' title='bbox 2556 3225 2655 3293; x_wconf 90' lang='lat' dir='ltr'><strong>ipsi</strong></span> <span class='ocrx_word' id='word_1_729' title='bbox 2685 3225 2822 3278; x_wconf 92' lang='lat' dir='ltr'><strong>iram</strong></span> <span class='ocrx_word' id='word_1_730' title='bbox 2853 3228 2906 3280; x_wconf 85' lang='lat' dir='ltr'><strong>in</strong></span> <span class='ocrx_word' id='word_1_731' title='bbox 2951 3228 3038 3281; x_wconf 90' lang='lat' dir='ltr'><strong>die</strong></span> <span class='ocrx_word' id='word_1_732' title='bbox 3078 3227 3175 3282; x_wconf 64' lang='lat' dir='ltr'><strong>iraa</strong></span> <span class='ocrx_word' id='word_1_733' title='bbox 3200 3231 3556 3286; x_wconf 79' lang='lat' dir='ltr'><strong>revelationis</strong></span> <span class='ocrx_word' id='word_1_734' title='bbox 3589 3233 3706 3300; x_wconf 76' lang='lat' dir='ltr'><strong>justi</strong></span> 
     </span>
    </p>
   </div>
   <div class='ocr_carea' id='block_1_96' title="bbox 2093 3308 3700 3393">
    <p class='ocr_par' dir='ltr' id='par_1_96' title="bbox 2093 3308 3700 3393">
     <span class='ocr_line' id='line_1_97' title="bbox 2093 3308 3700 3393; baseline 0.008 -30"><span class='ocrx_word' id='word_1_735' title='bbox 2093 3368 2095 3370; x_wconf 50' lang='grc'><strong>,</strong></span> <span class='ocrx_word' id='word_1_736' title='bbox 2122 3308 2314 3377; x_wconf 87' lang='lat' dir='ltr'><strong>judicii</strong></span> <span class='ocrx_word' id='word_1_737' title='bbox 2357 3313 2476 3380; x_wconf 89' lang='lat' dir='ltr'><strong>Dei,</strong></span> <span class='ocrx_word' id='word_1_738' title='bbox 2518 3315 2609 3383; x_wconf 90' lang='lat' dir='ltr'><strong>qui</strong></span> <span class='ocrx_word' id='word_1_739' title='bbox 2641 3317 2832 3372; x_wconf 86' lang='lat' dir='ltr'><strong>reddet</strong></span> <span class='ocrx_word' id='word_1_740' title='bbox 2865 3318 3156 3388; x_wconf 88' lang='lat' dir='ltr'><strong>unicuique</strong></span> <span class='ocrx_word' id='word_1_741' title='bbox 3204 3323 3523 3377; x_wconf 87' lang='lat' dir='ltr'><strong>secundum</strong></span> <span class='ocrx_word' id='word_1_742' title='bbox 3553 3339 3700 3393; x_wconf 86' lang='lat' dir='ltr'><strong>opera</strong></span> 
     </span>
    </p>
   </div>
   <div class='ocr_carea' id='block_1_97' title="bbox 2128 3412 2298 3455">
    <p class='ocr_par' dir='ltr' id='par_1_97' title="bbox 2128 3412 2298 3455">
     <span class='ocr_line' id='line_1_98' title="bbox 2128 3412 2298 3455; baseline -0.006 -1"><span class='ocrx_word' id='word_1_743' title='bbox 2128 3412 2243 3455; x_wconf 87' lang='lat' dir='ltr'><strong>sua.</strong></span> <span class='ocrx_word' id='word_1_744' title='bbox 2278 3419 2298 3453; x_wconf 69' lang='grc' dir='ltr'><strong>ι</strong></span> 
     </span>
    </p>
   </div>
   <div class='ocr_carea' id='block_1_98' title="bbox 2197 3491 3696 3569">
    <p class='ocr_par' dir='ltr' id='par_1_98' title="bbox 2197 3491 3696 3569">
     <span class='ocr_line' id='line_1_99' title="bbox 2197 3491 3696 3569; baseline 0.008 -23"><span class='ocrx_word' id='word_1_745' title='bbox 2197 3492 2250 3546; x_wconf 84' lang='grc'><strong>5.</strong></span> <span class='ocrx_word' id='word_1_746' title='bbox 2293 3510 2312 3544; x_wconf 74' lang='grc' dir='ltr'><strong>ι</strong></span> <span class='ocrx_word' id='word_1_747' title='bbox 2356 3491 2710 3549; x_wconf 88' lang='lat' dir='ltr'><strong>lrritaverunt</strong></span> <span class='ocrx_word' id='word_1_748' title='bbox 2741 3511 2871 3568; x_wconf 86' lang='lat' dir='ltr'><strong>ergo</strong></span> <span class='ocrx_word' id='word_1_749' title='bbox 2897 3496 3183 3553; x_wconf 91' lang='lat' dir='ltr'><strong>Dominum</strong></span> <span class='ocrx_word' id='word_1_750' title='bbox 3216 3499 3290 3555; x_wconf 84' lang='lat' dir='ltr'><strong>ad</strong></span> <span class='ocrx_word' id='word_1_751' title='bbox 3347 3501 3696 3569; x_wconf 63' lang='lat' dir='ltr'><strong>iracundias,</strong></span> 
     </span>
    </p>
   </div>
   <div class='ocr_carea' id='block_1_99' title="bbox 2125 3584 3696 3653">
    <p class='ocr_par' dir='ltr' id='par_1_99' title="bbox 2125 3584 3696 3653">
     <span class='ocr_line' id='line_1_100' title="bbox 2125 3584 3696 3653; baseline 0.007 -15"><span class='ocrx_word' id='word_1_752' title='bbox 2125 3591 2180 3638; x_wconf 90' lang='lat' dir='ltr'><strong>et</strong></span> <span class='ocrx_word' id='word_1_753' title='bbox 2221 3584 2638 3653; x_wconf 86' lang='lat' dir='ltr'><strong>dereliquerunt</strong></span> <span class='ocrx_word' id='word_1_754' title='bbox 2684 3587 2993 3653; x_wconf 87' lang='lat' dir='ltr'><strong>Dominum,</strong></span> <span class='ocrx_word' id='word_1_755' title='bbox 3049 3589 3346 3645; x_wconf 86' lang='lat' dir='ltr'><strong>coluerunt</strong></span> <span class='ocrx_word' id='word_1_756' title='bbox 3406 3592 3608 3647; x_wconf 84' lang='lat' dir='ltr'><strong>Baalirn</strong></span> <span class='ocrx_word' id='word_1_757' title='bbox 3651 3607 3696 3649; x_wconf 76' lang='lat' dir='ltr'><strong>et</strong></span> 
     </span>
    </p>
   </div>
   <div class='ocr_carea' id='block_1_100' title="bbox 2124 3676 3692 3748">
    <p class='ocr_par' dir='ltr' id='par_1_100' title="bbox 2124 3676 3692 3748">
     <span class='ocr_line' id='line_1_101' title="bbox 2124 3676 3692 3748; baseline 0.006 -19"><span class='ocrx_word' id='word_1_758' title='bbox 2124 3676 2400 3742; x_wconf 83' lang='lat' dir='ltr'><strong>Astarten,</strong></span> <span class='ocrx_word' id='word_1_759' title='bbox 2443 3688 2498 3733; x_wconf 92' lang='lat' dir='ltr'><strong>et</strong></span> <span class='ocrx_word' id='word_1_760' title='bbox 2530 3679 2706 3734; x_wconf 92' lang='lat' dir='ltr'><strong>iratus</strong></span> <span class='ocrx_word' id='word_1_761' title='bbox 2733 3689 2817 3734; x_wconf 91' lang='lat' dir='ltr'><strong>cst</strong></span> <span class='ocrx_word' id='word_1_762' title='bbox 2845 3680 3032 3736; x_wconf 80' lang='lat' dir='ltr'><strong>furore</strong></span> <span class='ocrx_word' id='word_1_763' title='bbox 3066 3682 3332 3738; x_wconf 90' lang='lat' dir='ltr'><strong>Dominus</strong></span> <span class='ocrx_word' id='word_1_764' title='bbox 3361 3684 3424 3739; x_wconf 86' lang='lat' dir='ltr'><strong>in</strong></span> <span class='ocrx_word' id='word_1_765' title='bbox 3447 3685 3628 3748; x_wconf 82' lang='lat' dir='ltr'><strong>Israel.</strong></span> <span class='ocrx_word' id='word_1_766' title='bbox 3650 3697 3692 3739; x_wconf 83' lang='lat' dir='ltr'><strong>et</strong></span> 
     </span>
    </p>
   </div>
   <div class='ocr_carea' id='block_1_101' title="bbox 2126 3768 3690 3844">
    <p class='ocr_par' dir='ltr' id='par_1_101' title="bbox 2126 3768 3690 3844">
     <span class='ocr_line' id='line_1_102' title="bbox 2126 3768 3690 3844; baseline 0.006 -24"><span class='ocrx_word' id='word_1_767' title='bbox 2126 3768 2349 3822; x_wconf 87' lang='lat' dir='ltr'><strong>tradidit</strong></span> <span class='ocrx_word' id='word_1_768' title='bbox 2397 3783 2492 3824; x_wconf 90' lang='lat' dir='ltr'><strong>eos</strong></span> <span class='ocrx_word' id='word_1_769' title='bbox 2534 3771 2586 3824; x_wconf 92' lang='lat' dir='ltr'><strong>in</strong></span> <span class='ocrx_word' id='word_1_770' title='bbox 2633 3787 2825 3828; x_wconf 90' lang='lat' dir='ltr'><strong>manus</strong></span> <span class='ocrx_word' id='word_1_771' title='bbox 2861 3773 3234 3843; x_wconf 91' lang='lat' dir='ltr'><strong>diripientium</strong></span> <span class='ocrx_word' id='word_1_772' title='bbox 3271 3776 3342 3831; x_wconf 72' lang='grc' dir='ltr'><strong>η.</strong></span> <span class='ocrx_word' id='word_1_773' title='bbox 3398 3795 3419 3829; x_wconf 75' lang='grc' dir='ltr'><strong>ι</strong></span> <span class='ocrx_word' id='word_1_774' title='bbox 3460 3777 3690 3844; x_wconf 84' lang='lat' dir='ltr'><strong>Quaudiu</strong></span> 
     </span>
    </p>
   </div>
   <div class='ocr_carea' id='block_1_102' title="bbox 2123 3860 3690 3938">
    <p class='ocr_par' dir='ltr' id='par_1_102' title="bbox 2123 3860 3690 3938">
     <span class='ocr_line' id='line_1_103' title="bbox 2123 3860 3690 3938; baseline 0.007 -27"><span class='ocrx_word' id='word_1_775' title='bbox 2123 3861 2244 3928; x_wconf 89' lang='lat' dir='ltr'><strong>quis</strong></span> <span class='ocrx_word' id='word_1_776' title='bbox 2280 3860 2390 3915; x_wconf 89' lang='lat' dir='ltr'><strong>Deo</strong></span> <span class='ocrx_word' id='word_1_777' title='bbox 2430 3861 2632 3929; x_wconf 90' lang='lat' dir='ltr'><strong>servit,</strong></span> <span class='ocrx_word' id='word_1_778' title='bbox 2680 3880 2784 3919; x_wconf 94' lang='lat' dir='ltr'><strong>non</strong></span> <span class='ocrx_word' id='word_1_779' title='bbox 2830 3865 3068 3920; x_wconf 82' lang='lat' dir='ltr'><strong>traditur</strong></span> <span class='ocrx_word' id='word_1_780' title='bbox 3111 3869 3164 3921; x_wconf 92' lang='lat' dir='ltr'><strong>in</strong></span> <span class='ocrx_word' id='word_1_781' title='bbox 3196 3883 3403 3923; x_wconf 83' lang='lat' dir='ltr'><strong>manus</strong></span> <span class='ocrx_word' id='word_1_782' title='bbox 3449 3870 3690 3938; x_wconf 77' lang='lat' dir='ltr'><strong>diripien-</strong></span> 
     </span>
    </p>
   </div>
   <div class='ocr_carea' id='block_1_103' title="bbox 2123 3949 3688 4031">
    <p class='ocr_par' dir='ltr' id='par_1_103' title="bbox 2123 3949 3688 4031">
     <span class='ocr_line' id='line_1_104' title="bbox 2123 3949 3688 4031; baseline 0.004 -28"><span class='ocrx_word' id='word_1_783' title='bbox 2123 3950 2278 4003; x_wconf 86' lang='lat' dir='ltr'><strong>tium.</strong></span> <span class='ocrx_word' id='word_1_784' title='bbox 2316 3949 2451 4004; x_wconf 86' lang='lat' dir='ltr'><strong>Cum</strong></span> <span class='ocrx_word' id='word_1_785' title='bbox 2491 3959 2671 4006; x_wconf 89' lang='lat' dir='ltr'><strong>autem</strong></span> <span class='ocrx_word' id='word_1_786' title='bbox 2707 3953 3126 4031; x_wconf 86' lang='lat' dir='ltr'><strong>dereliqueruut</strong></span> <span class='ocrx_word' id='word_1_787' title='bbox 3153 3955 3482 4020; x_wconf 88' lang='lat' dir='ltr'><strong>Dominum,</strong></span> <span class='ocrx_word' id='word_1_788' title='bbox 3504 3968 3560 4012; x_wconf 90' lang='lat' dir='ltr'><strong>et</strong></span> <span class='ocrx_word' id='word_1_789' title='bbox 3588 3973 3688 4011; x_wconf 68' lang='lat' dir='ltr'><strong>ssr-</strong></span> 
     </span>
    </p>
   </div>
   <div class='ocr_carea' id='block_1_104' title="bbox 2122 4042 3682 4113">
    <p class='ocr_par' dir='ltr' id='par_1_104' title="bbox 2122 4042 3682 4113">
     <span class='ocr_line' id='line_1_105' title="bbox 2122 4042 3682 4113; baseline 0.006 -22"><span class='ocrx_word' id='word_1_790' title='bbox 2122 4042 2237 4096; x_wconf 91' lang='lat' dir='ltr'><strong>vire</strong></span> <span class='ocrx_word' id='word_1_791' title='bbox 2274 4054 2557 4112; x_wconf 56' lang='lat' dir='ltr'><strong>ceperunt</strong></span> <span class='ocrx_word' id='word_1_792' title='bbox 2581 4043 2923 4113; x_wconf 88' lang='lat' dir='ltr'><strong>passionibus</strong></span> <span class='ocrx_word' id='word_1_793' title='bbox 2952 4045 3084 4108; x_wconf 87' lang='lat' dir='ltr'><strong>suis,</strong></span> <span class='ocrx_word' id='word_1_794' title='bbox 3114 4055 3243 4101; x_wconf 90' lang='lat' dir='ltr'><strong>tunc</strong></span> <span class='ocrx_word' id='word_1_795' title='bbox 3269 4048 3481 4104; x_wconf 81' lang='lat' dir='ltr'><strong>dicitur</strong></span> <span class='ocrx_word' id='word_1_796' title='bbox 3509 4051 3573 4103; x_wconf 82' lang='lat' dir='ltr'><strong>de</strong></span> <span class='ocrx_word' id='word_1_797' title='bbox 3599 4048 3682 4112; x_wconf 83' lang='lat' dir='ltr'><strong>eis,</strong></span> 
     </span>
    </p>
   </div>
   <div class='ocr_carea' id='block_1_105' title="bbox 2119 4130 3681 4204">
    <p class='ocr_par' dir='ltr' id='par_1_105' title="bbox 2119 4130 3681 4204">
     <span class='ocr_line' id='line_1_106' title="bbox 2119 4130 3681 4204; baseline 0.004 -22"><span class='ocrx_word' id='word_1_798' title='bbox 2119 4130 2246 4198; x_wconf 88' lang='lat' dir='ltr'><strong>quia</strong></span> <span class='ocrx_word' id='word_1_799' title='bbox 2281 4149 2300 4182; x_wconf 79' lang='grc' dir='ltr'><strong>ι</strong></span> <span class='ocrx_word' id='word_1_800' title='bbox 2331 4132 2554 4186; x_wconf 85' lang='lat' dir='ltr'><strong>tradidit</strong></span> <span class='ocrx_word' id='word_1_801' title='bbox 2580 4147 2676 4186; x_wconf 92' lang='lat' dir='ltr'><strong>eos</strong></span> <span class='ocrx_word' id='word_1_802' title='bbox 2708 4133 2848 4187; x_wconf 91' lang='lat' dir='ltr'><strong>Deus</strong></span> <span class='ocrx_word' id='word_1_803' title='bbox 2875 4132 2926 4186; x_wconf 90' lang='lat' dir='ltr'><strong>in</strong></span> <span class='ocrx_word' id='word_1_804' title='bbox 2965 4134 3249 4201; x_wconf 84' lang='lat' dir='ltr'><strong>passiones</strong></span> <span class='ocrx_word' id='word_1_805' title='bbox 3296 4135 3625 4204; x_wconf 61' lang='lat' dir='ltr'><strong>ignominia.</strong></span> <span class='ocrx_word' id='word_1_806' title='bbox 3661 4153 3681 4188; x_wconf 73' lang='grc' dir='ltr'><strong>ι</strong></span> 
     </span>
    </p>
   </div>
   <div class='ocr_carea' id='block_1_106' title="bbox 2120 4215 3676 4296">
    <p class='ocr_par' dir='ltr' id='par_1_106' title="bbox 2120 4215 3676 4296">
     <span class='ocr_line' id='line_1_107' title="bbox 2120 4215 3676 4296; baseline 0.004 -22"><span class='ocrx_word' id='word_1_807' title='bbox 2120 4215 2186 4274; x_wconf 84' lang='lat' dir='ltr'><strong>Et</strong></span> <span class='ocrx_word' id='word_1_808' title='bbox 2234 4222 2430 4276; x_wconf 90' lang='lat' dir='ltr'><strong>iterum</strong></span> <span class='ocrx_word' id='word_1_809' title='bbox 2457 4223 2538 4277; x_wconf 79' lang='lat' dir='ltr'><strong>“z</strong></span> <span class='ocrx_word' id='word_1_810' title='bbox 2595 4241 2614 4275; x_wconf 78' lang='grc' dir='ltr'><strong>ι</strong></span> <span class='ocrx_word' id='word_1_811' title='bbox 2662 4222 2911 4276; x_wconf 84' lang='lat' dir='ltr'><strong>Tradidit</strong></span> <span class='ocrx_word' id='word_1_812' title='bbox 2951 4237 3044 4278; x_wconf 87' lang='lat' dir='ltr'><strong>eos</strong></span> <span class='ocrx_word' id='word_1_813' title='bbox 3089 4223 3236 4280; x_wconf 90' lang='lat' dir='ltr'><strong>Deus</strong></span> <span class='ocrx_word' id='word_1_814' title='bbox 3285 4225 3343 4279; x_wconf 94' lang='lat' dir='ltr'><strong>in</strong></span> <span class='ocrx_word' id='word_1_815' title='bbox 3407 4231 3676 4296; x_wconf 63' lang='lat' dir='ltr'><strong>reprobus</strong></span> 
     </span>
    </p>
   </div>
   <div class='ocr_carea' id='block_1_107' title="bbox 2116 4313 3676 4385">
    <p class='ocr_par' dir='ltr' id='par_1_107' title="bbox 2116 4313 3676 4385">
     <span class='ocr_line' id='line_1_108' title="bbox 2116 4313 3676 4385; baseline 0.005 -21"><span class='ocrx_word' id='word_1_816' title='bbox 2116 4326 2360 4378; x_wconf 86' lang='lat' dir='ltr'><strong>sensum,</strong></span> <span class='ocrx_word' id='word_1_817' title='bbox 2378 4323 2436 4367; x_wconf 92' lang='lat' dir='ltr'><strong>ut</strong></span> <span class='ocrx_word' id='word_1_818' title='bbox 2466 4313 2673 4368; x_wconf 81' lang='lat' dir='ltr'><strong>faciant</strong></span> <span class='ocrx_word' id='word_1_819' title='bbox 2701 4328 2761 4367; x_wconf 88' lang='lat' dir='ltr'><strong>ea</strong></span> <span class='ocrx_word' id='word_1_820' title='bbox 2783 4327 2905 4382; x_wconf 61' lang='lat' dir='ltr'><strong>quae</strong></span> <span class='ocrx_word' id='word_1_821' title='bbox 2937 4329 3040 4369; x_wconf 91' lang='lat' dir='ltr'><strong>non</strong></span> <span class='ocrx_word' id='word_1_822' title='bbox 3058 4318 3420 4373; x_wconf 82' lang='lat' dir='ltr'><strong>conveniunt.</strong></span> <span class='ocrx_word' id='word_1_823' title='bbox 3438 4336 3458 4370; x_wconf 74' lang='grc' dir='ltr'><strong>ι</strong></span> <span class='ocrx_word' id='word_1_824' title='bbox 3480 4319 3676 4385; x_wconf 70' lang='lat' dir='ltr'><strong>Quare?</strong></span> 
     </span>
    </p>
   </div>
   <div class='ocr_carea' id='block_1_108' title="bbox 2045 4402 3678 4484">
    <p class='ocr_par' dir='ltr' id='par_1_108' title="bbox 2045 4402 3678 4484">
     <span class='ocr_line' id='line_1_109' title="bbox 2045 4402 3678 4484; baseline 0.005 -29"><span class='ocrx_word' id='word_1_825' title='bbox 2045 4428 2090 4484; x_wconf 71' lang='grc' dir='ltr'>υ</span> <span class='ocrx_word' id='word_1_826' title='bbox 2117 4403 2251 4469; x_wconf 87' lang='lat' dir='ltr'><strong>Quia</strong></span> <span class='ocrx_word' id='word_1_827' title='bbox 2283 4404 2469 4473; x_wconf 85' lang='lat' dir='ltr'><strong>repleti</strong></span> <span class='ocrx_word' id='word_1_828' title='bbox 2505 4413 2654 4467; x_wconf 91' lang='lat' dir='ltr'><strong>sunt,</strong></span> <span class='ocrx_word' id='word_1_829' title='bbox 2697 4402 2893 4472; x_wconf 90' lang='lat' dir='ltr'><strong>inquit,</strong></span> <span class='ocrx_word' id='word_1_830' title='bbox 2922 4422 2941 4456; x_wconf 81' lang='grc' dir='ltr'><strong>ι</strong></span> <span class='ocrx_word' id='word_1_831' title='bbox 2974 4406 3124 4460; x_wconf 91' lang='lat' dir='ltr'><strong>omni</strong></span> <span class='ocrx_word' id='word_1_832' title='bbox 3156 4406 3478 4476; x_wconf 87' lang='lat' dir='ltr'><strong>iniquitate,</strong></span> <span class='ocrx_word' id='word_1_833' title='bbox 3509 4411 3678 4478; x_wconf 78' lang='lat' dir='ltr'><strong>ncqui-</strong></span> 
     </span>
    </p>
   </div>
   <div class='ocr_carea' id='block_1_109' title="bbox 2117 4493 3676 4560">
    <p class='ocr_par' dir='ltr' id='par_1_109' title="bbox 2117 4493 3676 4560">
     <span class='ocr_line' id='line_1_110' title="bbox 2117 4493 3676 4560; baseline 0.004 -12"><span class='ocrx_word' id='word_1_834' title='bbox 2117 4495 2209 4559; x_wconf 88' lang='lat' dir='ltr'><strong>tia,</strong></span> <span class='ocrx_word' id='word_1_835' title='bbox 2267 4493 2644 4556; x_wconf 83' lang='lat' dir='ltr'><strong>fornicatione,</strong></span> <span class='ocrx_word' id='word_1_836' title='bbox 2699 4493 2955 4560; x_wconf 88' lang='lat' dir='ltr'><strong>avaritia,</strong></span> <span class='ocrx_word' id='word_1_837' title='bbox 2996 4513 3016 4546; x_wconf 72' lang='grc' dir='ltr'><strong>ι</strong></span> <span class='ocrx_word' id='word_1_838' title='bbox 3049 4504 3105 4550; x_wconf 87' lang='lat' dir='ltr'><strong>et</strong></span> <span class='ocrx_word' id='word_1_839' title='bbox 3161 4499 3383 4552; x_wconf 71' lang='lat' dir='ltr'><strong>caeteris</strong></span> <span class='ocrx_word' id='word_1_840' title='bbox 3444 4502 3676 4554; x_wconf 75' lang='lat' dir='ltr'><strong>omnibus</strong></span> 
     </span>
    </p>
   </div>
   <div class='ocr_carea' id='block_1_110' title="bbox 2112 4583 3671 4655">
    <p class='ocr_par' dir='ltr' id='par_1_110' title="bbox 2112 4583 3671 4655">
     <span class='ocr_line' id='line_1_111' title="bbox 2112 4583 3671 4655; baseline 0.007 -21"><span class='ocrx_word' id='word_1_841' title='bbox 2112 4597 2232 4651; x_wconf 68' lang='lat' dir='ltr'><strong>qua:</strong></span> <span class='ocrx_word' id='word_1_842' title='bbox 2265 4583 2543 4648; x_wconf 88' lang='lat' dir='ltr'><strong>dicuntur,</strong></span> <span class='ocrx_word' id='word_1_843' title='bbox 2586 4583 2727 4638; x_wconf 87' lang='lat' dir='ltr'><strong>sicut</strong></span> <span class='ocrx_word' id='word_1_844' title='bbox 2753 4595 2806 4637; x_wconf 87' lang='lat' dir='ltr'><strong>et</strong></span> <span class='ocrx_word' id='word_1_845' title='bbox 2834 4583 2922 4639; x_wconf 86' lang='lat' dir='ltr'><strong>hic</strong></span> <span class='ocrx_word' id='word_1_846' title='bbox 2948 4587 3131 4642; x_wconf 87' lang='lat' dir='ltr'><strong>modo.</strong></span> <span class='ocrx_word' id='word_1_847' title='bbox 3174 4605 3192 4638; x_wconf 80' lang='grc' dir='ltr'><strong>ι</strong></span> <span class='ocrx_word' id='word_1_848' title='bbox 3222 4587 3328 4655; x_wconf 88' lang='lat' dir='ltr'><strong>Qui</strong></span> <span class='ocrx_word' id='word_1_849' title='bbox 3358 4593 3671 4652; x_wconf 74' lang='lat' dir='ltr'><strong>servierunt,</strong></span> 
     </span>
    </p>
   </div>
   <div class='ocr_carea' id='block_1_111' title="bbox 2112 4671 3665 4744">
    <p class='ocr_par' dir='ltr' id='par_1_111' title="bbox 2112 4671 3665 4744">
     <span class='ocr_line' id='line_1_112' title="bbox 2112 4671 3665 4744; baseline 0.006 -19"><span class='ocrx_word' id='word_1_850' title='bbox 2112 4671 2288 4741; x_wconf 89' lang='lat' dir='ltr'><strong>inquit</strong></span> <span class='ocrx_word' id='word_1_851' title='bbox 2313 4671 2379 4739; x_wconf 82' lang='lat'><strong>“,</strong></span> <span class='ocrx_word' id='word_1_852' title='bbox 2411 4682 2465 4727; x_wconf 92' lang='lat' dir='ltr'><strong>et</strong></span> <span class='ocrx_word' id='word_1_853' title='bbox 2505 4673 2872 4728; x_wconf 81' lang='lat' dir='ltr'><strong>adoraverunt</strong></span> <span class='ocrx_word' id='word_1_854' title='bbox 2903 4672 3107 4729; x_wconf 88' lang='lat' dir='ltr'><strong>Baalim</strong></span> <span class='ocrx_word' id='word_1_855' title='bbox 3145 4686 3200 4731; x_wconf 89' lang='lat' dir='ltr'><strong>et</strong></span> <span class='ocrx_word' id='word_1_856' title='bbox 3235 4679 3534 4744; x_wconf 82' lang='lat' dir='ltr'><strong>Astarten,</strong></span> <span class='ocrx_word' id='word_1_857' title='bbox 3571 4692 3665 4733; x_wconf 72' lang='lat' dir='ltr'><strong>tra-</strong></span> 
     </span>
    </p>
   </div>
   <div class='ocr_carea' id='block_1_112' title="bbox 2108 4763 3670 4837">
    <p class='ocr_par' dir='ltr' id='par_1_112' title="bbox 2108 4763 3670 4837">
     <span class='ocr_line' id='line_1_113' title="bbox 2108 4763 3670 4837; baseline 0.005 -21"><span class='ocrx_word' id='word_1_858' title='bbox 2108 4763 2244 4817; x_wconf 87' lang='lat' dir='ltr'><strong>didit</strong></span> <span class='ocrx_word' id='word_1_859' title='bbox 2275 4763 2394 4818; x_wconf 89' lang='lat' dir='ltr'><strong>illos</strong></span> <span class='ocrx_word' id='word_1_860' title='bbox 2420 4763 2562 4818; x_wconf 90' lang='lat' dir='ltr'><strong>Deus</strong></span> <span class='ocrx_word' id='word_1_861' title='bbox 2591 4765 2646 4818; x_wconf 90' lang='lat' dir='ltr'><strong>in</strong></span> <span class='ocrx_word' id='word_1_862' title='bbox 2673 4781 2864 4823; x_wconf 90' lang='lat' dir='ltr'><strong>manus</strong></span> <span class='ocrx_word' id='word_1_863' title='bbox 2891 4768 3286 4837; x_wconf 89' lang='lat' dir='ltr'><strong>diripientium,</strong></span> <span class='ocrx_word' id='word_1_864' title='bbox 3312 4780 3374 4826; x_wconf 88' lang='lat' dir='ltr'><strong>et</strong></span> <span class='ocrx_word' id='word_1_865' title='bbox 3404 4772 3533 4827; x_wconf 81' lang='lat' dir='ltr'><strong>facti</strong></span> <span class='ocrx_word' id='word_1_866' title='bbox 3559 4783 3670 4827; x_wconf 77' lang='lat' dir='ltr'><strong>snt</strong></span> 
     </span>
    </p>
   </div>
   <div class='ocr_carea' id='block_1_113' title="bbox 2109 4854 3666 4926">
    <p class='ocr_par' dir='ltr' id='par_1_113' title="bbox 2109 4854 3666 4926">
     <span class='ocr_line' id='line_1_114' title="bbox 2109 4854 3666 4926; baseline 0.005 -18"><span class='ocrx_word' id='word_1_867' title='bbox 2109 4854 2164 4908; x_wconf 91' lang='lat' dir='ltr'><strong>in</strong></span> <span class='ocrx_word' id='word_1_868' title='bbox 2205 4857 2454 4911; x_wconf 88' lang='lat' dir='ltr'><strong>manibus</strong></span> <span class='ocrx_word' id='word_1_869' title='bbox 2495 4857 2837 4912; x_wconf 91' lang='lat' dir='ltr'><strong>inimicorum</strong></span> <span class='ocrx_word' id='word_1_870' title='bbox 2894 4874 3141 4914; x_wconf 89' lang='lat' dir='ltr'><strong>suorum.</strong></span> <span class='ocrx_word' id='word_1_871' title='bbox 3181 4879 3200 4913; x_wconf 73' lang='grc' dir='ltr'><strong>ι</strong></span> <span class='ocrx_word' id='word_1_872' title='bbox 3244 4859 3377 4916; x_wconf 63' lang='lat' dir='ltr'><strong>Haec</strong></span> <span class='ocrx_word' id='word_1_873' title='bbox 3421 4865 3582 4926; x_wconf 84' lang='lat' dir='ltr'><strong>enim,</strong></span> <span class='ocrx_word' id='word_1_874' title='bbox 3613 4874 3666 4916; x_wconf 75' lang='grc' dir='ltr'><strong>ιι</strong></span> 
     </span>
    </p>
   </div>
   <div class='ocr_carea' id='block_1_114' title="bbox 2105 4945 3666 5021">
    <p class='ocr_par' dir='ltr' id='par_1_114' title="bbox 2105 4945 3666 5021">
     <span class='ocr_line' id='line_1_115' title="bbox 2105 4945 3666 5021; baseline 0.005 -20"><span class='ocrx_word' id='word_1_875' title='bbox 2105 4961 2248 5016; x_wconf 66' lang='lat' dir='ltr'><strong>saepe</strong></span> <span class='ocrx_word' id='word_1_876' title='bbox 2271 4946 2385 5014; x_wconf 88' lang='lat' dir='ltr'><strong>jam</strong></span> <span class='ocrx_word' id='word_1_877' title='bbox 2419 4947 2553 5015; x_wconf 83' lang='lat' dir='ltr'><strong>dixi,</strong></span> <span class='ocrx_word' id='word_1_878' title='bbox 2583 4945 2753 5002; x_wconf 73' lang='lat' dir='ltr'><strong>Judaei</strong></span> <span class='ocrx_word' id='word_1_879' title='bbox 2793 4959 3049 5019; x_wconf 87' lang='lat' dir='ltr'><strong>tanquam</strong></span> <span class='ocrx_word' id='word_1_880' title='bbox 3077 4951 3341 5007; x_wconf 89' lang='lat' dir='ltr'><strong>historias</strong></span> <span class='ocrx_word' id='word_1_881' title='bbox 3373 4969 3551 5008; x_wconf 74' lang='lat' dir='ltr'><strong>rerum</strong></span> <span class='ocrx_word' id='word_1_882' title='bbox 3580 4967 3666 5021; x_wconf 55' lang='grc' dir='ltr'><strong>με</strong></span> 
     </span>
    </p>
   </div>
   <div class='ocr_carea' id='block_1_115' title="bbox 2107 5037 3664 5113">
    <p class='ocr_par' dir='ltr' id='par_1_115' title="bbox 2107 5037 3664 5113">
     <span class='ocr_line' id='line_1_116' title="bbox 2107 5037 3664 5113; baseline 0.004 -23"><span class='ocrx_word' id='word_1_883' title='bbox 2107 5046 2316 5091; x_wconf 92' lang='lat' dir='ltr'><strong>starum</strong></span> <span class='ocrx_word' id='word_1_884' title='bbox 2344 5046 2397 5090; x_wconf 89' lang='lat' dir='ltr'><strong>et</strong></span> <span class='ocrx_word' id='word_1_885' title='bbox 2425 5037 2826 5106; x_wconf 72' lang='lat' dir='ltr'><strong>praeteritarum</strong></span> <span class='ocrx_word' id='word_1_886' title='bbox 2854 5040 3060 5110; x_wconf 90' lang='lat' dir='ltr'><strong>legunt.</strong></span> <span class='ocrx_word' id='word_1_887' title='bbox 3095 5039 3208 5097; x_wconf 83' lang='lat' dir='ltr'><strong>Nos</strong></span> <span class='ocrx_word' id='word_1_888' title='bbox 3242 5052 3430 5097; x_wconf 87' lang='lat' dir='ltr'><strong>autem</strong></span> <span class='ocrx_word' id='word_1_889' title='bbox 3458 5057 3664 5113; x_wconf 71' lang='lat' dir='ltr'><strong>propter</strong></span> 
     </span>
    </p>
   </div>
   <div class='ocr_carea' id='block_1_116' title="bbox 2103 5126 3657 5202">
    <p class='ocr_par' dir='ltr' id='par_1_116' title="bbox 2103 5126 3657 5202">
     <span class='ocr_line' id='line_1_117' title="bbox 2103 5126 3657 5202; baseline 0.005 -23"><span class='ocrx_word' id='word_1_890' title='bbox 2103 5140 2242 5194; x_wconf 92' lang='lat' dir='ltr'><strong>quos</strong></span> <span class='ocrx_word' id='word_1_891' title='bbox 2273 5127 2388 5181; x_wconf 64' lang='lat' dir='ltr'><strong>hac</strong></span> <span class='ocrx_word' id='word_1_892' title='bbox 2415 5126 2619 5195; x_wconf 89' lang='lat' dir='ltr'><strong>scripta</strong></span> <span class='ocrx_word' id='word_1_893' title='bbox 2669 5128 2943 5194; x_wconf 91' lang='lat' dir='ltr'><strong>dicuntur,</strong></span> <span class='ocrx_word' id='word_1_894' title='bbox 2979 5131 3124 5187; x_wconf 86' lang='lat' dir='ltr'><strong>scire</strong></span> <span class='ocrx_word' id='word_1_895' title='bbox 3155 5132 3448 5199; x_wconf 87' lang='lat' dir='ltr'><strong>debemus,</strong></span> <span class='ocrx_word' id='word_1_896' title='bbox 3477 5137 3590 5202; x_wconf 85' lang='lat' dir='ltr'><strong>quia</strong></span> <span class='ocrx_word' id='word_1_897' title='bbox 3615 5135 3657 5186; x_wconf 87' lang='lat' dir='ltr'><strong>si</strong></span> 
     </span>
    </p>
   </div>
   <div class='ocr_carea' id='block_1_117' title="bbox 2102 5217 3654 5296">
    <p class='ocr_par' dir='ltr' id='par_1_117' title="bbox 2102 5217 3654 5296">
     <span class='ocr_line' id='line_1_118' title="bbox 2102 5217 3654 5296; baseline 0.006 -26"><span class='ocrx_word' id='word_1_898' title='bbox 2102 5217 2505 5286; x_wconf 87' lang='lat' dir='ltr'><strong>peccaverimus</strong></span> <span class='ocrx_word' id='word_1_899' title='bbox 2534 5217 2777 5282; x_wconf 92' lang='lat' dir='ltr'><strong>Domino,</strong></span> <span class='ocrx_word' id='word_1_900' title='bbox 2809 5230 2860 5274; x_wconf 94' lang='lat' dir='ltr'><strong>et</strong></span> <span class='ocrx_word' id='word_1_901' title='bbox 2909 5221 3076 5276; x_wconf 90' lang='lat' dir='ltr'><strong>animi</strong></span> <span class='ocrx_word' id='word_1_902' title='bbox 3134 5227 3312 5280; x_wconf 88' lang='lat' dir='ltr'><strong>nostri</strong></span> <span class='ocrx_word' id='word_1_903' title='bbox 3348 5227 3654 5296; x_wconf 79' lang='lat' dir='ltr'><strong>voluptates,</strong></span> 
     </span>
    </p>
   </div>
   <div class='ocr_carea' id='block_1_118' title="bbox 2101 5306 3656 5383">
    <p class='ocr_par' dir='ltr' id='par_1_118' title="bbox 2101 5306 3656 5383">
     <span class='ocr_line' id='line_1_119' title="bbox 2101 5306 3656 5383; baseline 0.007 -26"><span class='ocrx_word' id='word_1_904' title='bbox 2101 5320 2165 5360; x_wconf 87' lang='lat' dir='ltr'><strong>ac</strong></span> <span class='ocrx_word' id='word_1_905' title='bbox 2196 5306 2468 5362; x_wconf 87' lang='lat' dir='ltr'><strong>desideria</strong></span> <span class='ocrx_word' id='word_1_906' title='bbox 2501 5309 2686 5363; x_wconf 87' lang='lat' dir='ltr'><strong>carnis</strong></span> <span class='ocrx_word' id='word_1_907' title='bbox 2720 5310 2865 5365; x_wconf 90' lang='lat' dir='ltr'><strong>velut</strong></span> <span class='ocrx_word' id='word_1_908' title='bbox 2899 5312 3066 5366; x_wconf 91' lang='lat' dir='ltr'><strong>Deum</strong></span> <span class='ocrx_word' id='word_1_909' title='bbox 3101 5315 3372 5383; x_wconf 85' lang='lat' dir='ltr'><strong>colamus,</strong></span> <span class='ocrx_word' id='word_1_910' title='bbox 3409 5318 3656 5370; x_wconf 83' lang='lat' dir='ltr'><strong>tradimur</strong></span> 
     </span>
    </p>
   </div>
   <div class='ocr_carea' id='block_1_119' title="bbox 2099 5397 3651 5470">
    <p class='ocr_par' dir='ltr' id='par_1_119' title="bbox 2099 5397 3651 5470">
     <span class='ocr_line' id='line_1_120' title="bbox 2099 5397 3651 5470; baseline 0.006 -23"><span class='ocrx_word' id='word_1_911' title='bbox 2099 5397 2262 5450; x_wconf 88' lang='lat' dir='ltr'><strong>etiam</strong></span> <span class='ocrx_word' id='word_1_912' title='bbox 2277 5411 2394 5464; x_wconf 89' lang='lat' dir='ltr'><strong>nos,</strong></span> <span class='ocrx_word' id='word_1_913' title='bbox 2425 5400 2791 5470; x_wconf 85' lang='lat' dir='ltr'><strong>etapostolica</strong></span> <span class='ocrx_word' id='word_1_914' title='bbox 2823 5405 3148 5460; x_wconf 90' lang='lat' dir='ltr'><strong>auctoritate</strong></span> <span class='ocrx_word' id='word_1_915' title='bbox 3180 5407 3233 5460; x_wconf 92' lang='lat' dir='ltr'><strong>in</strong></span> <span class='ocrx_word' id='word_1_916' title='bbox 3263 5423 3452 5461; x_wconf 88' lang='lat' dir='ltr'><strong>manus</strong></span> <span class='ocrx_word' id='word_1_917' title='bbox 3477 5404 3651 5460; x_wconf 77' lang='lat' dir='ltr'><strong>Zabuli</strong></span> 
     </span>
    </p>
   </div>
   <div class='ocr_carea' id='block_1_120' title="bbox 2061 5485 3646 5610">
    <p class='ocr_par' dir='ltr' id='par_1_120' title="bbox 2061 5485 3646 5610">
     <span class='ocr_line' id='line_1_121' title="bbox 2061 5485 3646 5610; baseline 0.006 -71"><span class='ocrx_word' id='word_1_918' title='bbox 2061 5485 2244 5610; x_wconf 28' lang='lat' dir='ltr'><strong>i914&quot;</strong></span> <span class='ocrx_word' id='word_1_919' title='bbox 2277 5487 2482 5545; x_wconf 87' lang='lat' dir='ltr'><strong>Coloss.</strong></span> <span class='ocrx_word' id='word_1_920' title='bbox 2514 5504 2599 5556; x_wconf 90' lang='grc' dir='ltr'>ιιι,</span> <span class='ocrx_word' id='word_1_921' title='bbox 2627 5489 2682 5545; x_wconf 82' lang='grc'><strong>5.</strong></span> <span class='ocrx_word' id='word_1_922' title='bbox 2753 5491 2776 5524; x_wconf 81' lang='grc'>⁸</span> <span class='ocrx_word' id='word_1_923' title='bbox 2802 5493 2924 5549; x_wconf 80' lang='lat' dir='ltr'><strong>.lud.</strong></span> <span class='ocrx_word' id='word_1_924' title='bbox 2957 5511 3016 5562; x_wconf 90' lang='lat' dir='ltr'><strong>tt,</strong></span> <span class='ocrx_word' id='word_1_925' title='bbox 3048 5495 3135 5551; x_wconf 74' lang='grc'><strong>12.</strong></span> <span class='ocrx_word' id='word_1_926' title='bbox 3213 5499 3235 5530; x_wconf 86' lang='grc'><strong><em>⁹</em></strong></span> <span class='ocrx_word' id='word_1_927' title='bbox 3261 5497 3415 5552; x_wconf 81' lang='lat' dir='ltr'><strong>Rom.</strong></span> <span class='ocrx_word' id='word_1_928' title='bbox 3439 5513 3499 5564; x_wconf 84' lang='grc' dir='ltr'><strong>ιι,</strong></span> <span class='ocrx_word' id='word_1_929' title='bbox 3520 5498 3565 5562; x_wconf 84' lang='grc'>5,</span> <span class='ocrx_word' id='word_1_930' title='bbox 3590 5496 3646 5550; x_wconf 84' lang='grc'><strong>6.</strong></span> 
     </span>
    </p>
   </div>
   <div class='ocr_carea' id='block_1_121' title="bbox 2066 5570 2252 5618">
    <p class='ocr_par' dir='ltr' id='par_1_121' title="bbox 2066 5570 2252 5618">
     <span class='ocr_line' id='line_1_122' title="bbox 2066 5570 2252 5618; baseline 0.016 -11"><span class='ocrx_word' id='word_1_931' title='bbox 2066 5570 2126 5618; x_wconf 83' lang='grc' dir='ltr'><strong>ιι,</strong></span> <span class='ocrx_word' id='word_1_932' title='bbox 2165 5570 2252 5610; x_wconf 74' lang='lat'><strong>14.</strong></span> 
     </span>
    </p>
   </div>
   <div class='ocr_carea' id='block_1_122' title="bbox 2162 5671 3640 5753">
    <p class='ocr_par' dir='ltr' id='par_1_122' title="bbox 2162 5671 3640 5753">
     <span class='ocr_line' id='line_1_123' title="bbox 2162 5671 3640 5753; baseline 0.005 -26"><span class='ocrx_word' id='word_1_933' title='bbox 2162 5672 2273 5753; x_wconf 62' lang='grc' dir='ltr'><strong>(ρδ)</strong></span> <span class='ocrx_word' id='word_1_934' title='bbox 2313 5671 2468 5729; x_wconf 88' lang='lat' dir='ltr'><strong>Libb.</strong></span> <span class='ocrx_word' id='word_1_935' title='bbox 2493 5675 2671 5743; x_wconf 91' lang='lat' dir='ltr'><strong>editi.,</strong></span> <span class='ocrx_word' id='word_1_936' title='bbox 2697 5695 2715 5730; x_wconf 82' lang='grc' dir='ltr'><strong>ι</strong></span> <span class='ocrx_word' id='word_1_937' title='bbox 2741 5678 3028 5750; x_wconf 78' lang='lat' dir='ltr'><strong>Apostolus</strong></span> <span class='ocrx_word' id='word_1_938' title='bbox 3059 5688 3114 5734; x_wconf 90' lang='lat' dir='ltr'><strong>et</strong></span> <span class='ocrx_word' id='word_1_939' title='bbox 3140 5683 3212 5736; x_wconf 93' lang='lat' dir='ltr'><strong>ita</strong></span> <span class='ocrx_word' id='word_1_940' title='bbox 3253 5683 3460 5738; x_wconf 84' lang='lat' dir='ltr'><strong>docens.</strong></span> <span class='ocrx_word' id='word_1_941' title='bbox 3482 5696 3498 5732; x_wconf 82' lang='grc' dir='ltr'><strong>ι</strong></span> <span class='ocrx_word' id='word_1_942' title='bbox 3517 5677 3640 5734; x_wconf 74' lang='lat' dir='ltr'><strong>liss.</strong></span> 
     </span>
    </p>
   </div>
   <div class='ocr_carea' id='block_1_123' title="bbox 2093 5753 2658 5804">
    <p class='ocr_par' dir='ltr' id='par_1_123' title="bbox 2093 5753 2658 5804">
     <span class='ocr_line' id='line_1_124' title="bbox 2093 5753 2658 5804; baseline 0.016 -9"><span class='ocrx_word' id='word_1_943' title='bbox 2093 5753 2152 5796; x_wconf 85' lang='grc' dir='ltr'><strong>ιιι</strong></span> <span class='ocrx_word' id='word_1_944' title='bbox 2187 5758 2240 5797; x_wconf 85' lang='lat' dir='ltr'><strong>In</strong></span> <span class='ocrx_word' id='word_1_945' title='bbox 2272 5755 2458 5800; x_wconf 76' lang='lat' dir='ltr'><strong>DOSII&#39;O</strong></span> <span class='ocrx_word' id='word_1_946' title='bbox 2485 5755 2658 5804; x_wconf 70' lang='grc' dir='ltr'>ιθιιιι.</span> 
     </span>
    </p>
   </div>
   <div class='ocr_carea' id='block_1_124' title="bbox 2058 3099 2100 3158">
    <p class='ocr_par' dir='ltr' id='par_1_124' title="bbox 2058 3099 2100 3158">
     <span class='ocr_line' id='line_1_125' title="bbox 2058 3099 2100 3158; baseline 0 0"><span class='ocrx_word' id='word_1_947' title='bbox 2058 3099 2100 3158; x_wconf 86' lang='lat' dir='ltr'><strong>C</strong></span> 
     </span>
    </p>
   </div>
  </div>
