3870 6510
552 372 662 431 065
2005 364 2117 420 ORI

2248 364 2329 420 ΗΞ
3689 362 3766 419 εδι

557 495 660 550 bus
708 491 1030 560 arrogantiae
1071 490 1261 545 vitium
1295 490 1446 554 fetet,
1480 489 1629 545 etde
1674 489 1832 544 altari
1871 465 2123 554 Domini,
2155 493 2202 549 Α
2230 485 2465 554 Cenepli,
2511 485 2680 554 frater
2726 483 2923 552 Caleplt
2969 496 2991 536 :
3043 481 3187 536 illius
3227 480 3525 538 laudabilis
3552 490 3604 537 et
3637 483 3769 537 admi-

556 584 700 655 quod
755 586 973 639 deberet
1007 583 1210 638 incensi
1243 581 1512 636 suavitate
1563 580 1826 650 fragrare,
1875 581 2011 635 odor
2047 590 2126 635 te-
2229 578 2380 631 randi
2433 577 2536 630 viri
2581 575 2816 642 Calepb,
2846 574 2936 643 qui
2973 573 3078 654 fuit
3117 586 3306 627 comes
3343 583 3402 626 et
3459 573 3640 627 socius
3673 571 3770 627 ιω

556 679 813 729 terrimus
849 673 1114 742 superbia:
1132 681 1186 727 et
1213 671 1464 728 elationis
1503 671 1734 725 renidet.
1764 671 1872 726 Sed
1907 672 2127 742 abjicia-
2194 669 2416 748 _Nave:
2451 669 2684 737 de'quo,
2716 675 2875 735 prout
2905 666 3208 734 potuimus,
3246 665 3456 748 irilsuis
3490 665 3653 726 locis,
3683 680 3775 732 qua

556 776 664 828 tur,
696 781 905 833 QUZBSO,
936 767 1004 820 ab
1037 747 1184 819 omni
1223 765 1325 818 hac
1354 772 1539 818 sancta
1568 763 1831 829 Ecclesia,
1855 773 1911 819 et
1937 765 2124 834 przcci-
2194 747 2340 815 ivisa
2387 769 2554 823 sunt,
2587 757 2968 814 disseruimus.
3005 756 3144 822 Quid
3185 747 3328 824 θῇ
3356 756 3498 808 dicit
3530 755 3772 822 Scriptnn

552 871 658 928 pne
684 858 752 910 ab
785 856 849 910 iis
875 855 1300 924 quiministrant
1335 855 1388 908 in
1416 857 1640 920 sanctis,
1670 859 1804 910 odor
1833 857 1931 910 istc
1962 866 2126 910 teter-
2226 855 2294 907 de
2340 853 2444 906 isto
2485 850 2811 906 Gothoniel?
2850 849 3206 918 Posteaquam
3251 848 3393 901 dixit
3439 847 3571 915 quia
3604 847 3773 900 clam-

563 945 737 999 rimus
777 963 792 999 :
821 954 879 1000 ut
912 947 1200 1016 possimus,
1227 947 1366 1000 sicut
1413 946 1609 1001 Paulus
1636 947 1847 1002 dicebat
1877 949 1947 1012 ’°,
1986 946 2123 1001 εσιοί
2223 955 2420 998 verunt
2442 943 2538 997 lilii
2565 943 2730 998 Israel
2761 943 2826 996 ad
2851 935 3391 1003 Dominum,tfactus
3413 944 3524 996 εει.
3553 940 3710 1006 inquit
3723 942 3772 1000 ”,

559 1057 581 1091 ι
622 1041 797 1096 bonus
825 1041 962 1094 odor
984 1041 1230 1096 Christi:
1268 1059 1286 1092 ι
1325 1053 1390 1094 ne
1431 1039 1568 1094 forte
1598 1041 1871 1094 irascatur
1934 1040 2119 1094 Domi-
2235 1041 2472 1114 Spiritus
2525 1040 2740 1098 Domini
2787 1048 2956 1106 super
3012 1031 3397 1088 Gothonielem
3422 1072 3439 1095 ,
3470 1029 3773 1098 etjudicarit

555 1145 678 1194 nus,
706 1140 760 1183 et
786 1129 851 1182 ad
895 1130 1229 1183 iracundiam
1266 1143 1621 1198 provocemus
1664 1138 1909 1184 sanctum
1958 1127 2124 1184 Israel
2225 1126 2415 1181 Israel.
2449 1145 2467 1178 ι
2504 1125 2670 1181 Putas
2694 1125 2854 1180 estin
2883 1125 3041 1180 nobis
3062 1123 3284 1192 aliquis,
3316 1124 3412 1192 qui
3461 1123 3540 1176 ita
3581 1122 3771 1174 validit-

553 1230 610 1275 et
637 1221 819 1274 tradat
848 1236 947 1274 nos
970 1221 1022 1274 in
1049 1236 1240 1274 manus
1259 1221 1648 1284 Cltusarsaton,
1679 1231 1730 1274 et
1763 1219 2122 1274 humilitatem
2224 1229 2280 1274 et
2326 1221 2399 1273 ita
2448 1219 2652 1288 justum
2697 1217 2988 1273 clamorem
3035 1216 3217 1270 mittat
3269 1217 3335 1269 ad
3381 1215 3695 1277 Dominum,
3733 1228 3775 1268 ut

552 1325 715 1380 quam
748 1311 800 1364 in
835 1312 1062 1366 scientia
1099 1311 1302 1367 Christi
1328 1313 1520 1366 docere
1558 1311 1868 1375 debuimus,
1914 1312 1966 1366 in
2001 1327 2124 1366 cor-
2224 1312 2418 1379 dignus
2449 1311 2517 1366 sit
2547 1310 2820 1374 exaudiri,
2856 1321 2911 1364 et
2944 1319 3220 1364 mercatur
3291 1308 3540 1376 populus
3577 1308 3776 1373 accipere

557 1401 819 1470 reptionis
868 1411 1069 1458 nostra:
1117 1402 1468 1456 tribulatione
1518 1402 1814 1457 discamus.
1858 1403 1964 1457 Sed
2003 1403 2123 1457 vide
2217 1402 2455 1471 judicent
2513 1413 2568 1456 et
2614 1401 2854 1469 judicem
2895 1400 3051 1455 talem
3103 1415 3264 1469 quem
3306 1397 3555 1466 Spiritus
3596 1393 3682 1448 Dei
3717 1412 3770 1447 re

554 1494 846 1562 benignum
874 1493 1185 1558 Dominum,
1215 1495 1642 1549 misericordiam
1679 1509 1800 1549 cum
1833 1494 2124 1550 severitate
2223 1495 2366 1565 pleat
2391 1535 2406 1557 ,
2435 1503 2491 1547 ut
2519 1494 2692 1563 possit
2723 1494 2838 1562 (5i)
2872 1501 3080 1547 rectum
3116 1503 3302 1547 tenere
3326 1489 3637 1561 judicium?
3663 1488 3776 1543 [inde

556 1585 918 1649 miscentem,
943 1595 996 1639 et
1038 1585 1204 1655 ipsius
1249 1601 1422 1656 poenae
1463 1587 1680 1641 modum
1715 1586 1860 1655 justa
1916 1596 1970 1643 et
2007 1588 2121 1642 cle—
2223 1598 2279 1642 et
2326 1588 2463 1642 liber
2517 1587 2635 1658 ipse
2663 1587 2914 1643 Iudicum
2949 1588 3150 1643 dicitur
3175 1627 3192 1651 ,
3233 1595 3289 1641 et
3332 1584 3772 1639 describunturin

554 1677 722 1732 menti
785 1677 1071 1732 Iibratione
1127 1687 1466 1748 pensantem.
1521 1678 1636 1734 Non
1697 1681 1747 1733 in
1801 1691 2120 1751 perpetuum
2221 1693 2288 1734 eo
2323 1677 2576 1746 judices,
2614 1680 2704 1748 qui
2732 1677 3434 1748 judicaveruntpopulum.
3479 1676 3772 1730 Sicntenin

550 1768 718 1823 tradit
751 1769 1143 1838 delinquentes,
1192 1771 1284 1825 sed
1343 1781 1568 1841 quanto,
1627 1772 1822 1842 inquit,
1885 1784 2124 1843 tempore
2227 1770 2314 1824 alii
2347 1769 2468 1823 libri
2499 1769 2704 1838 Regum
2735 1769 3010 1834 dicuntur,
3044 1769 3127 1824 vel
3156 1768 3505 1838 Regnorum,
3539 1766 3592 1819 iu
3621 1766 3774 1832 quibus

551 1861 856 1915 servierunt
895 1861 1125 1926 Baalim,
1181 1871 1331 1916 tanto
1359 1865 1520 1917 etiam
1552 1865 1793 1918 serviunt
1827 1866 2124 1920 Chusarsa-
2153 1862 2196 1916 Β
2225 1860 2555 1915 describitur
2622 1860 2994 1928 unusquisque
3049 1873 3237 1928 regum
3291 1857 3580 1927 quomodo
3629 1871 3774 1924 regna-

553 1963 680 2018 ton;
729 1954 832 2008 hoc
856 1963 960 2019 est,
992 1963 1116 2009 octo
1151 1957 1330 2011 annis.
1374 1957 1533 2012 Disce
1568 1959 1680 2012 haec
1711 1967 1764 2012 et
1795 1967 1874 2024 tu,
1905 1974 1936 2013 ο
1967 1959 2119 2013 audi-
2223 1952 2363 2004 verit
2385 1991 2399 2014 ,
2447 1951 2533 2006 vel
2580 1950 2710 2020 quid
2743 1951 2920 2020 egerit
2963 1967 2976 2004 :
3012 1951 3084 2005 ita
3123 1958 3176 2006 et
3214 1949 3267 2002 in
3302 1947 3413 2002 hoc
3455 1946 3638 2000 libello
3665 1959 3772 2015 gesta

552 2055 658 2110 tor,
704 2045 950 2114 quisquis
993 2046 1082 2101 ille
1120 2062 1215 2110 es,
1253 2049 1342 2115 qui
1381 2049 1474 2103 tibi
1508 2050 1758 2104 conscius
1793 2065 1852 2105 es
1895 2051 2121 2120 alicujus
2219 2042 2461 2112 iudicum
2519 2041 2867 2104 referuntur.
2924 2050 2980 2096 et
3022 2041 3357 2096 describitur
3402 2053 3518 2093 non
3563 2038 3716 2092 solum
3742 2038 3772 2089 ti

547 2137 776 2192 erroris.
817 2137 882 2190 Et
920 2147 1126 2206 quanto
1170 2138 1284 2209 (48)
1327 2151 1570 2211 tempore
1614 2141 1925 2211 deliquisti,
1972 2152 2120 2197 tanto
2223 2135 2350 2204 quid
2375 2135 2443 2189 ab
2469 2135 2550 2189 eis
2572 2143 2719 2189 recte
2744 2143 2798 2188 et
2833 2133 3046 2190 utiliter
3075 2142 3290 2204 gestum
3320 2141 3435 2194 est.
3469 2146 3653 2186 verum
3677 2132 3774 2184 etsi

548 2228 900 2283 nihilominus
943 2240 1183 2299 tempore
1226 2232 1449 2285 humilia
1499 2233 1725 2302 teipsum
1763 2233 1903 2300 Deo,
1934 2243 1988 2288 et
2033 2250 2122 2288 sa-
2223 2226 2352 2294 quid
2399 2225 2741 2295 culpabiliter
2787 2226 3086 2280 admissum
3137 2235 3224 2280 est
3270 2224 3416 2296 (εἰ).
3472 2224 3588 2278 Cur
3631 2234 3770 2276 tamen

547 2319 783 2375 tisfacito
808 2319 858 2374 ei
892 2320 947 2375 in
994 2320 1339 2376 confessione
1381 2323 1736 2392 poenitentiae.
1787 2323 1902 2377 Non
1929 2338 2121 2392 exspe-
2221 2328 2512 2385 utrumque
2545 2317 2876 2387 descriptum
2926 2320 3000 2372 sit
3044 2318 3087 2372 si
3139 2319 3381 2385 requiris
3407 2357 3424 2379 .
3468 2317 3702 2386 profecto
3731 2327 3771 2366 at

545 2419 663 2466 ctes
698 2420 755 2465 ut
789 2411 1036 2465 hutniliet
1076 2421 1126 2465 te
1153 2410 1550 2478 Cliusarsaton,
1595 2422 1649 2466 et
1689 2413 1854 2467 invito
1888 2411 2123 2468 necessi-
2222 2424 2368 2464 nunc
2399 2407 2653 2463 Ecclesia:
2687 2409 2964 2478 principes
2999 2408 3083 2463 vel
3119 2408 3338 2476 judices
3367 2407 3707 2478 pervidentes
3729 2421 3772 2460 ea

555 2510 638 2556 tas
663 2511 989 2571 extorqueat
1021 2502 1398 2571 pmiiitentiam
1417 2541 1432 2565 ,
1477 2502 1569 2556 sed
1598 2504 1712 2572 ipse
1745 2505 1975 2573 praeveni
2008 2515 2122 2560 tor-
2222 2514 2342 2567 qua:
2367 2500 2436 2552 ab
2459 2499 2541 2553 eis
2568 2497 2910 2552 laudabiliter
2936 2506 3088 2568 gesta
3117 2507 3269 2562 sunt,
3300 2498 3560 2565 priorum
3589 2511 3772 2564 seque-

550 2595 688 2648 toris
716 2593 872 2648 istius
901 2608 1138 2648 manus:
1172 2593 1298 2662 quia
1333 2592 1376 2647 si
1411 2601 1462 2646 te
1494 2593 1608 2662 ipse
1643 2595 2040 2661 einendaveris,
2075 2589 2132 2651 si‘
2224 2600 2314 2642 tur
2355 2588 2601 2659 exempla
2646 2606 2660 2642 :
2693 2589 2738 2643 si
2779 2603 2884 2658 qua
2946 2602 3076 2644 vero
3118 2589 3173 2642 in
3214 2587 3326 2643 illis
3377 2589 3696 2659 culpantur.
3734 2599 3772 2641 nt

551 2693 605 2738 te
634 2686 747 2753 ipse
771 2685 1098 2750 correxeris,
1132 2684 1250 2754 pius
1275 2694 1358 2739 est
1389 2684 1532 2738 Deus
1556 2694 1611 2739 et
1655 2685 1987 2752 misericors,
2029 2687 2120 2756 qtti
2225 2681 2312 2736 isti
2353 2689 2583 2735 caveant
2627 2689 2682 2734 et
2726 2680 3022 2735 declinent.
3074 2678 3268 2750 Magna
3313 2695 3458 2750 ergo
3505 2680 3620 2734 laus
3654 2681 3768 2748 μήΞὶ

546 2774 845 2830 vindictam
865 2785 1127 2844 temperet
1158 2776 1226 2830 ab
1272 2791 1337 2831 eo
1366 2777 1454 2843 qui
1492 2775 1636 2830 illam
1662 2777 1972 2845 paenitendo
1989 2795 2122 2848 prze-
2224 2772 2382 2842 hujus
2409 2773 2606 2841 judicis
2629 2771 2919 2827 Gotlioniel
2950 2773 3187 2828 refertur
3213 2813 3228 2838 ,
3260 2773 3412 2842 quod
3454 2773 3681 2841 Spiritus
3705 2772 3771 2825 Bri

548 2863 719 2919 venit.
751 2863 855 2920 Sed
891 2863 1021 2918 illud
1061 2865 1505 2932 consideremus,
1559 2864 1682 2933 quia
1719 2865 1888 2920 donec
1919 2867 2122 2921 servie-
2226 2863 2397 2918 factus
2425 2873 2510 2918 est
2553 2878 2719 2933 super
2741 2879 2864 2919 eum
2893 2903 2909 2929 ,
2940 2875 2994 2918 et
3025 2879 3123 2933 per
3163 2863 3443 2933 Spiritum
3487 2863 3687 2918 Domini
3713 2867 3774 2933 ju-

550 2963 680 3008 runt
723 2952 834 3026 (49)
871 2954 1240 3010 Chusarsaton
1293 2953 1330 3008 ii
1387 2955 1477 3024 qui
1531 2956 1714 3010 traditi
1763 2955 1978 3012 fuerant
2026 2973 2122 3027 pro
2225 2956 2443 3011 dicabat
2478 2955 2677 3021 Israel;
2709 2956 2852 3025 quod
2879 2970 2979 3027 ego
3004 2957 3073 3010 de
3099 2956 3208 3011 alio
3235 2957 3444 3024 quovis
3472 2957 3669 3010 dictum
3697 2971 3771 3008 uol

549 3046 785 3113 delictis,
833 3056 887 3100 et
925 3063 1031 3102 non
1065 3048 1439 3102 clamaverunt
1477 3047 1544 3102 ad
1599 3048 1910 3112 Dominum,
1967 3065 2123 3104 nemo
2222 3044 2377 3102 valde
2405 3047 2644 3102 memini.
2666 3047 2802 3102 Sunt
2822 3061 2952 3118 ergo
2968 3048 3210 3101 omnium
3240 3047 3412 3101 hodie
3446 3047 3771 3101 Ecclesium-

549 3139 844 3212 suscitatus
878 3147 962 3192 est
1016 3139 1105 3205 qui
1142 3138 1359 3194 salvare
1391 3153 1485 3193 eos
1527 3150 1729 3206 posset.
1773 3139 1906 3194 Cum
1937 3148 2118 3193 autem
2150 3193 2190 3212 Λ
2225 3155 2344 3210 quae
2381 3149 2509 3196 sunt
2541 3141 2642 3196 sub
2684 3140 2854 3206 caelo,
2900 3140 3293 3209 quatnplurimi
3325 3141 3589 3209 iudices,
3621 3141 3776 3209 quibus

549 3230 922 3286 clamaverunt
949 3231 1015 3284 ad
1042 3229 1350 3298 Dominum,
1373 3229 1534 3303 435
1563 3240 1690 3285 tunc
1717 3230 2118 3286 suscitavitDo-
2148 3229 2192 3252 ν
2219 3230 2478 3300 judicium
2504 3246 2610 3286 non
2642 3231 2814 3286 solum
2841 3245 3018 3286 rerum
3044 3239 3327 3302 gestarum
3355 3230 3556 3284 datum
3583 3241 3681 3291 est,
3705 3233 3773 3284 rei

548 3319 728 3374 minus
762 3319 1100 3374 Salvatorem
1137 3319 1324 3382 Israel.
1361 3331 1416 3374 et
1452 3320 1681 3374 salvavit
1707 3334 1820 3375 eos.
2223 3333 2279 3379 et
2311 3323 2636 3377 animarum.
2672 3321 2874 3377 Verum
2927 3325 3114 3378 nescio
3155 3323 3198 3377 si
3236 3325 3334 3392 qui
3385 3323 3530 3378 tales
3567 3322 3773 3378 Ecclesiz

618 3412 674 3467 5.
729 3409 1065 3466 Salvatorem
1113 3422 1290 3466 autem
1339 3412 1472 3466 dicit
1513 3411 1802 3466 Gotlionicl
1843 3411 1989 3484 (50),
2029 3412 2120 3480 qui
2218 3414 2428 3485 judices
2470 3422 2594 3468 sunt
2635 3428 2772 3485 quos
2805 3413 2996 3482 dignos
3034 3413 3147 3483 (55)
3195 3413 3369 3468 faciet
3421 3409 3571 3468 Deus
3611 3414 3773 3479 Spir-aa

548 3505 938 3573 interpretatur
994 3515 1194 3572 tempus
1245 3505 1372 3557 mihi
1425 3503 1587 3560 Deus.
1647 3502 1751 3558 Per
1804 3503 1946 3558 hunc
1991 3519 2120 3570 ergo
2223 3505 2876 3573 sanctorcpleri,utsicut
2897 3504 3185 3559 Gothoniel
3208 3505 3315 3558 iste
3334 3506 3775 3559 testimonioScr-

543 3595 830 3651 Gothoniel
882 3595 1032 3662 prior
1075 3594 1162 3648 ilic
1210 3594 1437 3663 populus
1484 3596 1549 3649 de
1595 3594 1858 3649 servitute
1897 3593 2118 3647 liuiiiili-
2223 3605 2396 3663 pturae
2428 3597 2714 3652 decoratus
2748 3605 2860 3660 est,
2896 3596 2970 3650 ita
3010 3596 3174 3650 etiam
3223 3596 3330 3664 ipsi
3367 3597 3441 3651 de
3489 3599 3677 3666 quibus
3703 3601 3773 3648 bar

547 3688 675 3741 tatis
705 3695 922 3755 ereptus
944 3694 1058 3750 est,
1087 3694 1142 3738 et
1179 3686 1386 3738 reddita
1418 3694 1502 3739 est
1533 3700 1641 3754 pax
1681 3684 1877 3754 populo
1899 3724 1913 3748 ,
1957 3699 2120 3752 quam
2223 3698 2504 3758 optamus,
2535 3687 2629 3742 Dei
2663 3688 3026 3742 testimonium
3064 3699 3415 3742 mereantur.
3443 3689 3538 3741 Ait
3565 3702 3682 3756 ergo
3706 3687 3772 3737 ":

545 3777 797 3846 superbia
844 3775 1074 3840 dudum,
1125 3786 1178 3828 et
1221 3777 1438 3830 diversa
1481 3778 1655 3845 plebis
1690 3777 1934 3830 facinora
1971 3775 2121 3846 fuga-
2229 3799 2247 3832 ι
2283 3781 2348 3834 Et
2375 3779 2550 3834 fat-tus
2587 3789 2671 3835 est
2709 3793 2872 3848 super
2893 3793 3017 3833 eum
3053 3777 3295 3848 Spiritus
3327 3779 3593 3841 Domini,
3630 3790 3679 3832 et
3707 3780 3770 3842 iu-

543 3881 694 3921 vere.
721 3866 920 3922 Verum
946 3867 1202 3935 quoniam
1233 3867 1470 3922 diximus
1506 3869 1805 3938 spiritalem
1834 3870 2119 3938 quemdam
2226 3869 2428 3923 dicavit
2472 3868 2670 3934 Israel,
2709 3876 2764 3923 et
2812 3868 2945 3921 exiit
2976 3869 3042 3920 ad
3076 3867 3316 3930 bellum.
3350 3878 3414 3922 et
3451 3870 3664 3923 tradidit
3693 3867 3768 3920 De-

548 3957 774 4026 intelligi
823 3973 982 4024 posse
1019 3957 1437 4025 Cliusarsaton,
1481 3976 1666 4028 regem
1751 3970 1806 4016 et
1848 3977 2012 4014 unum
2059 3963 2125 4041 de
2229 3963 2406 4016 minus
2442 3964 2494 4016 in
2535 3979 2727 4019 manus
2757 3961 2872 4031 ejus
2911 3963 3282 4042 Cbpsarsaton
3316 3976 3534 4030 regem.
3582 3980 3600 4012 i
3633 3963 3770 4026 Quare

549 4048 879 4102 adversariis
917 4059 973 4102 et
1019 4049 1196 4104 aereis
1238 4051 1597 4119 potestatibus
1645 4050 1944 4121 principem
1987 4071 2001 4105 :
2050 4036 2122 4104 ita
2228 4055 2363 4108 hoc?
2404 4056 2538 4121 Quia
2583 4054 2821 4122 Spiritus
2868 4036 3081 4108 Dom-ini
3111 4064 3230 4107 erat
3271 4054 3325 4106 in
3361 4068 3471 4117 eo,
3511 4064 3568 4108 et
3599 4054 3774 4108 confero

547 4152 887 4208 consequens
917 4140 1048 4194 mihi
1084 4140 1298 4194 videtur
1327 4141 1489 4194 etiam
1520 4141 1898 4197 Gotlionielem
1933 4145 2120 4206 istum,
2227 4153 2334 4197 tata
2381 4154 2465 4198 est
2519 4159 2710 4198 manus
2757 4145 2878 4214 ejus
2935 4158 3030 4212 per
3074 4142 3458 4196 Cbusarsaton
3514 4159 3698 4212 regem.
3727 4142 3771 4193 Et

546 4230 638 4298 qui
696 4231 760 4282 ad
813 4230 1156 4286 liberandum
1204 4232 1463 4300 populum
1509 4234 1806 4288 suscitatus
1843 4245 1961 4298 est,
2003 4249 2124 4288 esse
2221 4243 2344 4301 post
2389 4235 2502 4288 hinc
2535 4233 2663 4288 dicit
2697 4233 2742 4265 ’δ
2767 4271 2784 4299 ,
2819 4234 2942 4302 quia
2971 4231 3178 4302 quievit
3216 4242 3369 4286 terra
3401 4234 3507 4288 sub
3543 4233 3771 4300 ωλωια

545 4336 712 4375 unum
759 4321 996 4392 aliquem
1048 4325 1115 4378 de
1159 4324 1347 4378 militia
1392 4325 1601 4378 caelesti
1639 4335 1694 4378 et
1730 4326 2125 4396 archangelicis
2222 4325 2576 4395 quadraginta
2601 4326 2782 4378 annis.
2816 4325 2977 4378 Vides
3002 4338 3164 4391 quam
3196 4323 3351 4393 larga
3387 4337 3477 4380 est
3503 4327 3672 4380 divina
3693 4325 3772 4376 tie-

491 4409 496 4414 ’
549 4417 774 4481 turmis,
809 4418 898 4486 qui
935 4418 1002 4472 ad
1037 4417 1428 4471 adminiculum
1463 4418 1750 4471 mittuntur
1782 4432 1995 4481 eorum,
2031 4418 2120 4487 qui
2224 4415 2446 4470 meulia.
2473 4413 2610 4470 Octo
2641 4419 2800 4470 annis
2835 4417 2927 4470 lilii
2970 4415 3140 4473 Israel
3179 4419 3502 4472 servierant
3537 4434 3629 4488 pro
3664 4416 3770 4468 ιιιεὶ-

544 4507 920 4563 Imreditatem
951 4509 1172 4575 capiunt
1212 4509 1439 4570 salutis,
1469 4518 1522 4561 et
1556 4518 1681 4561 sunt
1722 4509 1901 4578 angeli
1933 4507 2121 4561 Salva-
2153 4530 2197 4585 η
2229 4515 2401 4560 torum
2433 4507 2680 4571 delictis,
2717 4509 3080 4578 quadraginta
3119 4511 3281 4566 annis
3316 4527 3423 4581 per
3455 4512 3615 4564 unius
3641 4509 3770 4577 jus-ti.

547 4595 701 4658 toris,
732 4597 821 4664 qui
848 4597 932 4650 vel
956 4595 1293 4651 Gollionielis
1321 4597 1403 4650 vel
1428 4597 1586 4651 Aioth
1622 4599 1804 4665 specie
1832 4599 2119 4668 designan-

547 4693 636 4738 tur
657 4725 672 4750 ,
703 4688 826 4754 quia
852 4689 993 4742 sicut
1019 4704 1160 4757 sazpe
1184 4690 1523 4744 ostendimus
1541 4730 1557 4756 ,
1593 4707 1696 4744 non
1733 4691 1905 4746 solum
1929 4709 1958 4746 a
1985 4708 2120 4747 con-

547 4775 732 4829 trariis
780 4777 1069 4833 virtutibus
1120 4780 1536 4850 impugnamur,
1570 4782 1663 4837 sed
1697 4791 1750 4836 et
1792 4783 1988 4837 divina:
2023 4783 2118 4837 bo-

547 4882 735 4937 umque
788 4869 1015 4924 virtutes
1059 4873 1126 4924 ad
1175 4874 1439 4928 auxilium
1483 4883 1729 4929 nostrum
1765 4875 2053 4927 mittuntur
2083 4891 2112 4929 a

545 4957 797 5015 Domitio.
847 4959 1140 5016 Videamus
1191 4973 1370 5019 tamen
1420 4966 1542 5032 quis
1581 4965 1744 5018 fuerit
1779 4965 1880 5019 iste
1911 4964 2118 5021 Gotho-

546 5049 674 5112 uiel,
694 5049 846 5117 cujus
869 5049 1106 5118 familiae,
1125 5054 1280 5119 cujus
1300 5055 1616 5109 nobilitatis.
1635 5053 1834 5120 Filius,
1862 5056 2116 5124 inquit",

650 5165 696 5196 ²⁶
734 5165 777 5218 ll
811 5165 934 5220 Cor.
965 5168 1124 5233 1,15.
1200 5171 1242 5201 ²¹
1291 5169 1417 5226 Jud.
1469 5187 1550 5236 Ill,
1601 5171 1655 5229 9.
1729 5175 1774 5204 ³³
1825 5171 1957 5227 ibid.
2009 5173 2098 5227 Ili.

602 5285 730 5365 .(‘8)
771 5285 1276 5365 Ιηᾳιιὶιμιεηιρυνε
1329 5291 1615 5365 seruierunt
1667 5290 1915 5357 Baaliiii,
1968 5302 2114 5365 tanta

543 5360 702 5409 etiam
727 5360 950 5410 serviunt
983 5360 1378 5423 Chuxarsalon;
1402 5363 1502 5413 hoc
1527 5371 1602 5414 est
1622 5376 1735 5416 octo
1767 5365 1939 5417 amris.
1967 5363 2117 5414 Disce

547 5424 741 5500 luceat
773 5438 848 5500 tu,
881 5442 910 5479 ο
939 5428 1524 5500 auditapquisquisille
1550 5447 1625 5492 es,
1651 5434 1847 5500 quilibi
1877 5435 2114 5485 conscius

544 5510 599 5572 er
619 5496 848 5572 alicuius
862 5499 1076 5572 erroris.
1095 5496 1394 5572 Elquanta.
1413 5498 1533 5572 llazc
1551 5496 1717 5556 etiam
1735 5503 2117 5556 desiderantur

549 5566 600 5615 in
641 5566 795 5619 libris
829 5568 1007 5629 editis,
1051 5571 1143 5622 sed
1179 5578 1391 5621 exstant
1429 5569 1482 5621 iii
1517 5587 1644 5624 mss.

620 5633 735 5703 (49)
777 5635 928 5705 Mss,
961 5655 980 5687 ι
1013 5639 1342 5691 servierunt.
1379 5656 1398 5689 ι
1433 5638 1620 5705 Edili.,
1650 5659 1668 5690 ι
1706 5641 1969 5695 serviunt.
2010 5659 2031 5691 ι

617 5705 732 5772 (50)
781 5703 1077 5769 Gothoniel.
1107 5717 1214 5760 etc.
1253 5707 1331 5762 Ex
1380 5718 1460 5772 mi
1503 5703 1722 5780 tempus,
1758 5717 1777 5756 9
1816 5711 1979 5768 afﬁxo
2015 5711 2122 5782 pli-

546 5808 647 5850 uia:
677 5809 919 5865 persona:
949 5809 1001 5851 ct
1031 5782 1104 5862 5x
1135 5797 1290 5857 Deus.

2173 5172 2218 5203 ”
2259 5172 2390 5226 ibid.

2228 4599 2356 4652 tiam
2385 4599 2435 4652 in
2466 4614 2598 4667 pace
2628 4602 2946 4668 perdurant.

2295 4691 2349 4744 4.
2387 4690 2492 4746 Sed
2512 4692 2640 4760 quid
2667 4693 2866 4747 dicitur
2893 4700 3014 4760 post
3051 4692 3194 4746 haec?
3227 4711 3246 4743 ι
3280 4692 3352 4747 Et
3377 4692 3663 4748 defunctus
3683 4699 3764 4742 est.

2228 4783 2422 4852 inquit,
2454 4783 2739 4838 Gouioniel
2776 4784 2915 4837 [ilius
2935 4784 3161 4838 Cenctli.
3191 4803 3211 4836 ι
3238 4785 3376 4838 [lem
3405 4787 3566 4840 rideo
3595 4784 3768 4851 peririi-

2227 4875 2422 4930 losam.
2460 4873 2752 4929 Defunctus
2789 4885 2871 4928 est
2914 4873 3226 4928 Gothoniel.
3275 4877 3463 4941 Quare
3499 4876 3645 4946 (55)?
3674 4889 3766 4938 quia

2219 4965 2330 5035 jam
2370 4966 2622 5032 indiguus
2646 4974 2767 5019 erat
2797 4965 3049 5032 populus,
3078 4966 3170 5032 qui
3205 4966 3442 5020 haberet
3462 4967 3685 5033 iudicem
3709 4975 3769 5011 u-

2229 5058 2353 5109 lem.
2391 5057 2633 5124 Denique
2663 5057 2714 5109 iii
2746 5058 3213 5124 consequentibus
3239 5059 3398 5113 dicit.
3431 5060 3528 5112 lllo
3556 5056 3766 5112 defusa.-

2468 5172 2515 5204 "
2547 5173 2675 5226 ibid.
2708 5172 2794 5226 ll.

2296 5293 2406 5365 (5|)
2434 5293 2596 5365 Editt.
2621 5311 2641 5345 t
2660 5295 2898 5361 iudicem
2925 5307 3086 5362 quem
3107 5294 3352 5363 Spiritus
3380 5296 3474 5350 Dei
3494 5294 3698 5360 repleat.
3724 5301 3763 5338 ct

2220 5363 2414 5434 possit.
2451 5382 2468 5414 i
2499 5363 2626 5418 Mss.
2657 5375 2712 5418 ut
2743 5365 2794 5418 iit
2824 5373 3009 5418 nostro
3025 5375 3195 5421 textu.
3217 5365 3358 5419 Infra
3384 5384 3516 5418 ιιι».
3543 5383 3560 5414 ι
3587 5371 3764 5414 ιιιειεα

2225 5435 2430 5487 utiliter
2479 5444 2690 5502 gestuin
2733 5443 2836 5488 est.
2893 5452 2912 5484 ι
2956 5435 3126 5490 Editt.
3181 5453 3199 5486 t
3242 5446 3389 5490 recte
3428 5447 3480 5488 et
3522 5433 3762 5485 ιιυωώιτῐ

2222 5514 2431 5572 gestuin
2466 5514 2566 5556 est.
2609 5523 2630 5557 ι

2293 5573 2404 5641 (52)
2433 5572 2561 5627 Mss.
2603 5592 2621 5624 ι
2652 5572 2972 5627 admissum.
3002 5593 3020 5626 ι
3049 5575 3218 5628 Editl.
3253 5592 3274 5624 r
3307 5577 3574 5629 emissum.
3610 5589 3628 5620 ι

2295 5643 2411 5712 (55)
2470 5642 2616 5696 Editt
2648 5683 2663 5706 ,
2703 5659 2721 5691 ι
2780 5643 2836 5695 Si
2889 5647 3011 5712 quis
3057 5645 3179 5698 talis
3220 5645 3470 5698 ECC'CaléE
3489 5643 3636 5710 iudex
3665 5643 3754 5692 est.

2225 5728 2384 5782 quem
2417 5714 2654 5784 dignum.
2698 5731 2713 5760 ι
2751 5713 2879 5768 Mss.
2913 5724 2968 5767 ut
2997 5717 3047 5768 in
3081 5725 3274 5770 nostro
3305 5727 3469 5770 textu.
