3870 6528
158 395 256 453 965

1163 391 1229 446 IN
1261 390 1518 447 LIBRUM
1548 385 1847 446 JUDICUM
1873 385 2161 443 IIOMILIA
2197 346 2291 441 Ill.

3286 385 3393 440 966

167 535 185 569 ι
226 515 569 585 adjecerunt,
626 512 798 581 inquit
831 514 913 579 ”,
981 513 1073 567 ﬁlii
1119 512 1284 567 Israel
1339 514 1517 567 facere
1567 511 1721 566 mali-
1748 516 1794 573 Α
1824 508 1976 576 Quod
2009 508 2052 563 si
2092 508 2216 561 licet
2252 506 2305 560 in
2352 505 2549 560 talibus
2580 518 2645 559 ex
2682 504 2844 559 simili
2877 520 3201 572 praesumere
3225 546 3238 569 ,
3266 516 3397 574 puto

160 625 310 677 gnum
340 607 390 661 in
421 614 718 674 conspectu,
747 605 983 671 Domini,
1016 614 1070 658 et
1101 604 1429 658 confortavit
1462 602 1725 659 Dominus

159 698 316 767 Eglon
367 712 546 767 regem
596 695 755 749 Moab
804 697 1089 749 adversum
1131 695 1316 748 Israel.
1366 714 1384 745 ι
1426 694 1724 748 Considera

158 790 275 857 quia
325 804 420 858 pro
467 804 533 842 eo
574 786 716 857 quod
765 786 969 854 indigni
1002 796 1155 839 erant
1183 785 1292 853 jam
1344 786 1543 839 habere
1579 784 1727 853 prin-

161 884 325 950 cipem
383 881 543 934 talem
564 917 580 943 ,
620 886 907 948 propterea
945 876 1193 931 aufertur
1224 878 1291 931 ab
1321 878 1400 930 eis
1431 877 1601 929 bonus
1632 877 1722 945 ju-

159 974 275 1027 dex.
320 973 382 1025 Et
414 971 658 1025 fecerunt
691 971 784 1023 ﬁlii
815 970 979 1024 Israel
1015 969 1308 1036 malignum
1339 969 1388 1021 in
1421 978 1724 1037 cormpectn

158 1062 360 1117 Domini
383 1102 398 1124 ,
427 1073 480 1116 et
506 1064 770 1117 excitatur
807 1062 885 1115 eis
927 1061 1097 1115 hostis
1128 1060 1392 1127 pessimus
1425 1058 1588 1127 Eglou
1631 1074 1724 1114 rex

158 1153 327 1209 Moab.
365 1151 527 1206 Vides
568 1153 694 1221 quia
736 1164 959 1222 peccata
993 1152 1139 1205 vires
1170 1150 1412 1204 hostibus
1448 1151 1725 1218 praebent,

155 1260 207 1299 et
235 1245 446 1316 quando
482 1260 579 1300 nos
604 1245 833 1300 facimus
861 1244 1153 1314 maligumn
1190 1243 1243 1295 in
1276 1253 1574 1310 conspectu
1618 1244 1727 1296 Do-

157 1338 303 1404 mini,
332 1346 386 1391 et
414 1336 799 1405 delinquimus,
843 1344 969 1389 tunc
1012 1334 1388 1389 confortanlur
1422 1349 1449 1385 a
1492 1332 1723 1387 Domino

156 1427 357 1481 inimici
392 1426 583 1490 nostri,
617 1435 742 1480 tunc
775 1429 920 1480 vires
945 1425 1240 1479 contrariis
1274 1424 1566 1477 virtutibus
1593 1424 1725 1476 dan:-

156 1525 260 1571 tur.
302 1514 411 1570 Hoc
452 1517 565 1570 sive
612 1516 903 1570 secundum
932 1516 1168 1570 litteram
1202 1514 1534 1583 quaeras,ita
1576 1513 1723 1567 inve-

156 1606 291 1671 nies,
324 1605 449 1675 quia
493 1621 597 1660 non
635 1606 1025 1661 invalescerent
1058 1608 1159 1660 nisi
1196 1606 1275 1659 eis
1307 1604 1498 1660 delicta
1532 1613 1719 1657 nostra

152 1695 293 1751 vires
334 1694 644 1750 conferrent
687 1712 701 1749 :
749 1696 864 1750 sive
912 1696 963 1748 in
1005 1695 1341 1760 spiritalibus
1369 1695 1719 1759 consideres,

151 1783 399 1838 similiter
437 1785 722 1839 contrariae
769 1785 998 1839 virtutes
1039 1800 1143 1838 non
1184 1784 1580 1839 invalescerent
1623 1784 1718 1837 ad-

151 1891 364 1930 versum
393 1891 512 1932 nos.
545 1890 646 1930 nec
677 1876 789 1945 ipse
827 1876 1059 1930 Zabulus
1089 1876 1139 1929 in
1166 1876 1321 1929 nobis
1350 1875 1551 1944 aliquid
1578 1891 1714 1945 pra:-

148 1966 389 2032 valeret,
423 1965 525 2020 nisi
556 1967 603 2019 ei
641 1966 783 2020 vires
806 1981 873 2020 ex
905 1967 1104 2021 nostris
1135 1966 1280 2021 vitiis
1312 1966 1711 2035 praeberemus;

150 2058 308 2112 valde
350 2058 597 2112 inﬁrmus
645 2069 789 2112 esset
839 2058 1121 2112 adversum
1164 2072 1291 2119 nos,
1327 2057 1427 2109 nisi
1466 2071 1562 2111 nos
1592 2072 1714 2110 eum

148 2148 340 2202 fortem
393 2148 665 2218 peccando
705 2147 1031 2211 faceremus,
1075 2148 1181 2201 nisi
1212 2162 1309 2217 per
1349 2158 1568 2215 peccata
1616 2162 1716 2200 no-

147 2249 262 2291 stra
306 2238 482 2293 locum
533 2237 839 2292 introeundi
893 2246 946 2291 et
992 2237 1302 2291 dominandi
1352 2238 1622 2292 inveniret
1661 2238 1713 2291 in

150 2328 326 2383 nobis.
378 2327 669 2401 Propterea
716 2338 770 2382 et
813 2327 1104 2396 Apostolus
1147 2328 1377 2395 denique
1421 2335 1716 2397 praemonet

145 2419 333 2472 dicens
366 2418 411 2450 ²⁶
450 2435 463 2470 :
501 2434 519 2467 ι
561 2416 737 2471 Nolite
768 2416 945 2471 locum
981 2418 1110 2471 dare
1141 2416 1367 2482 Zabulo,
1420 2436 1439 2469 ι
1485 2419 1628 2471 sicut
1662 2428 1716 2471 et

143 2506 236 2561 hic
276 2507 435 2560 modo
478 2508 733 2575 legimus,
781 2507 904 2574 quia
945 2516 1292 2576 posteaquam
1334 2507 1577 2562 fecerunt
1618 2507 1713 2561 ﬁlii

144 2596 307 2651 Israel
358 2595 646 2666 malignum
696 2597 747 2649 in
794 2606 1088 2665 conspectu
1121 2598 1374 2663 Domini,
1406 2598 1581 2652 locum
1624 2599 1715 2652 de-

142 2686 343 2739 derunt
398 2686 620 2739 Zabulo.
656 2703 675 2736 ι
709 2685 1043 2741 Confortavit
1068 2689 1210 2741 enim
1256 2688 1512 2742 Dominus
1547 2688 1713 2758 Eglon

145 2786 325 2840 regem
370 2771 547 2835 Moab,
576 2781 629 2825 et
685 2772 931 2840 adjunxit
968 2772 1018 2826 ei
1063 2787 1253 2827 omnes
1300 2772 1439 2827 ﬁlios
1485 2773 1711 2826 Ammon

140 2874 203 2916 et
249 2862 468 2916 Amalec
493 2863 558 2914 ".
610 2880 629 2912 ι
671 2860 787 2915 Νοη
829 2863 1037 2930 solum,
1090 2863 1296 2932 inquit,
1345 2863 1460 2932 ipse
1498 2862 1714 2917 confor-

140 2961 292 3006 tatus
337 2959 421 3005 est
470 2968 535 3006 ex
587 2953 822 3022 peccatis
870 2954 1104 3007 ﬁliorum
1150 2952 1345 3017 Israel,
1394 2952 1489 3006 sed
1525 2952 1716 3020 adjun-

135 3054 345 3114 guntur
376 3045 423 3099 ei
455 3044 587 3099 socii
624 3059 854 3113 nequam
882 3058 949 3098 ex
979 3045 1104 3099 ﬁliis
1135 3046 1364 3098 Ammon
1393 3052 1447 3098 et
1469 3044 1713 3108 Amalec,

133 3137 232 3206 qui
266 3151 382 3190 cum
413 3136 529 3206 ipso
559 3136 766 3204 pariter
798 3138 1115 3205 impugnent
1142 3136 1327 3192 Israel.

213 3228 268 3282 5.
304 3245 323 3279 ι
359 3227 426 3280 Et
477 3229 811 3291 servierunt,
860 3227 1032 3295 inquit
1059 3228 1127 3294 ’8,
1174 3227 1268 3281 ﬁlii
1329 3227 1492 3281 Israel
1542 3226 1707 3296 Eglon

132 3320 255 3388 regi
313 3319 487 3385 Moab,
535 3320 716 3373 decem
762 3329 818 3374 et
873 3330 998 3374 octo
1035 3319 1216 3372 annis.
1254 3337 1272 3370 ι
1309 3317 1547 3372 Observa
1584 3319 1708 3387 quia
1746 3306 1756 3315 ’

128 3410 301 3463 etiam
332 3424 610 3463 mensuras
643 3424 815 3477 pinnae
840 3410 1041 3463 indicat
1073 3408 1354 3477 Scriptura
1378 3409 1559 3462 divina
1588 3422 1710 3463 cum

127 3511 266 3553 ante
294 3507 417 3553 octo
444 3514 632 3567 annos,
664 3509 719 3554 et
747 3499 836 3553 hic
860 3499 1043 3553 decem
1070 3508 1123 3552 et
1150 3509 1273 3552 octo
1305 3498 1457 3552 dicit.
1490 3497 1708 3552 Certum

126 3602 220 3646 est
250 3601 426 3644 autem
467 3594 610 3659 quod
640 3591 935 3646 secundum
965 3589 1131 3661 466
1162 3591 1369 3657 peccati
1413 3591 1628 3644 modum
1657 3597 1711 3643 et

126 3682 512 3737 conversionis
568 3690 768 3736 nostrae
819 3697 1064 3748 moram,
1120 3680 1283 3735 etiam
1333 3680 1710 3750 castigationis

132 3778 388 3837 tempora
419 3778 806 3837 temperantur.
843 3769 1196 3823 Transierunt
1231 3770 1372 3823 enim
1406 3781 1460 3824 et
1490 3771 1578 3825 isti
1608 3772 1707 3826 de-

132 3874 266 3915 cem
307 3868 362 3913 et
408 3868 530 3913 octo
580 3860 706 3912 anni
740 3860 1043 3924 servitutis,
1084 3868 1139 3913 et
1172 3876 1281 3914 non
1325 3860 1556 3914 refertur
1583 3861 1705 3931 quia

131 3951 515 4005 clamaverunt
545 3950 612 4004 ad
642 3950 949 4014 Dominum,
983 3950 1342 4005 vel'conversi
1382 3961 1508 4007 sunt
1536 3969 1565 4006 a
1589 3968 1707 4006 ma-

130 4041 257 4094 litia
294 4056 388 4095 sua
418 4059 430 4094 :
463 4042 557 4095 sed
586 4050 708 4111 post
748 4042 934 4096 decem
964 4051 1019 4096 et
1047 4050 1168 4095 octo
1196 4058 1368 4096 annos
1404 4042 1597 4096 iterum
1624 4042 1708 4096 di-

130 4130 289 4184 citur
328 4130 436 4201 (55)
466 4132 531 4192 ",
559 4132 681 4200 quia
717 4152 735 4182 ‹
772 4132 1138 4186 elamaverunt
1175 4133 1268 4193 ﬁlii
1306 4133 1467 4186 Israel
1504 4133 1570 4186 ad
1599 4133 1708 4186 Do-

128 4222 376 4286 minum,
407 4233 463 4277 et
503 4224 782 4278 suscitavit
811 4225 888 4278 eis
918 4226 1178 4279 Dominus
1207 4225 1348 4279 Deus
1377 4224 1706 4279 Salvatorem

122 4312 305 4367 Aiotb
362 4314 528 4369 ﬁlium
566 4315 732 4380 Gera,
777 4316 867 4369 ﬁlii
915 4316 1159 4382 Gemini,
1210 4318 1384 4371 virum
1431 4316 1707 4371 ambidex-

126 4413 311 4457 trum.
350 4423 369 4455 ι
404 4407 543 4460 Ecce
585 4407 756 4476 qualis
801 4418 883 4461 est
926 4407 1025 4460 iste
1056 4408 1147 4475 qui
1177 4408 1463 4461 suscitatur
1501 4408 1566 4461 ad
1600 4407 1708 4460 sal-

1833 598 1974 666 quod
2004 596 2299 650 secundum
2331 595 2632 663 spiritalem
2667 595 3099 664 intelligentiam,
3132 604 3186 649 et
3220 595 3394 647 sancti

1829 703 2019 743 omnes
2046 688 2370 742 ambidextri
2406 689 2661 741 dicantur
2691 706 2705 743 :
2732 698 2785 742 et
2808 689 3114 742 econtrario
3135 687 3393 749 Zabulus,

1833 790 1887 834 et
1942 780 2214 847 principes
2262 778 2413 846 ejus,
2450 779 2497 831 si
2539 779 2642 833 dici
2683 790 2891 848 potest,
2928 778 3281 832 ambisinistri
3315 776 3398 829 di-

1829 880 2046 924 cuntur.
2106 871 2299 924 Totum
2349 869 2494 923 enim
2544 871 2684 939 quod
2730 879 2929 939 agunt,
2965 871 3241 925 sinistrum
3273 878 3395 933 est,

1831 970 1999 1015 totum
2032 976 2370 1031 perversum,
2406 971 2575 1016 totum
2606 961 2713 1031 igni
2744 971 2969 1029 atterno,
3004 978 3122 1016 cum
3158 963 3223 1015 iis
3253 964 3392 1031 quia

1827 1053 2064 1108 sinistris
2092 1062 2251 1117 sunt,
2283 1056 2618 1123 deputatum.

1882 1144 1948 1195 ‘6.
1978 1141 2081 1196 Sed
2105 1144 2382 1197 videamus
2410 1144 2535 1210 quid
2572 1143 2683 1211 agit
2717 1141 2804 1195 hic
2838 1143 3171 1196 ambidexter
3202 1143 3391 1211 judex.

1831 1249 1849 1281 ι
1891 1229 2172 1293 Miserunt,
2219 1230 2395 1299 inquit
2436 1231 2496 1296 ",
2533 1230 2625 1284 ﬁlii
2666 1229 2826 1284 Israel
2870 1245 3089 1283 munera
3122 1232 3186 1283 ad
3226 1231 3393 1301 Eglon

1828 1339 2005 1392 regem
2033 1323 2386 1377 Moabitarum
2438 1338 2532 1390 per
2559 1336 2779 1376 manum
2813 1323 2973 1375 Aioth
2997 1366 3009 1385 ,
3042 1332 3095 1376 et
3136 1321 3258 1375 feeit
3288 1324 3389 1376 sibi

1824 1414 1983 1467 Aioth
2017 1413 2251 1482 gladium
2289 1427 2355 1467 ex
2384 1422 2612 1481 utraque
2644 1420 2796 1479 parte
2828 1421 3047 1464 acutum
3086 1413 3273 1481 palmae
3304 1429 3397 1465 ex-

1825 1507 1989 1552 tensae
2037 1500 2411 1567 longitudine,
2462 1511 2516 1554 et
2565 1500 2803 1568 alligavit
2843 1500 2944 1553 sibi
2979 1515 3100 1553 eum
3132 1501 3291 1553 Aioth
3325 1502 3391 1553 ad

1822 1588 1998 1643 femur
2048 1592 2316 1645 dextrum.
2376 1610 2394 1642 ι
2454 1591 2615 1644 Vides
2656 1591 2781 1659 quia
2823 1591 3071 1644 dextrum
3123 1600 3199 1644 est
3235 1606 3396 1643 omne

1821 1682 1963 1748 quod
1992 1683 2103 1750 agit
2136 1681 2296 1735 Aioth
2330 1679 2417 1736 hic
2448 1681 2806 1746 ambidexter,
2840 1690 2893 1735 et
2928 1682 3174 1735 manibus
3206 1681 3396 1734 dexter

1821 1779 1923 1836 est,
1950 1783 2005 1827 et
2029 1774 2079 1826 iii
2115 1774 2341 1841 pedibus
2370 1773 2559 1827 dexter
2583 1783 2687 1827 est.
2715 1774 2768 1825 In
2796 1774 2999 1826 femore
3027 1774 3168 1825 enim
3202 1773 3393 1825 dextro

1819 1862 2056 1929 gladium
2109 1874 2324 1933 portat,
2370 1875 2429 1918 ut
2474 1867 2655 1920 veniat
2686 1866 2752 1917 ad
2791 1880 2968 1933 regem
3008 1874 3061 1917 et
3101 1864 3392 1918 interﬁciat

1817 1966 1963 2005 eum.
2000 1954 2319 2007 Dixeramus
2350 1953 2402 2007 in
2441 1955 2809 2023 superioribus
2841 1956 2982 2022 quod
3022 1953 3111 2006 isti
3147 1969 3284 2022 quos
3318 1955 3387 2009 ad

1817 2044 2043 2100 salutem
2078 2046 2283 2115 populi,
2317 2057 2371 2100 et
2403 2047 2467 2099 ad
2502 2047 2806 2101 liberandos
2842 2046 2980 2099 ﬁlios
3016 2045 3181 2100 Israel
3218 2048 3389 2102 susei-

1829 2146 1944 2190 tare
1977 2137 2174 2190 dicitur
2200 2138 2341 2191 Deus
2372 2137 2695 2201 salvatores,
2721 2137 2805 2191 vel
2832 2136 3061 2205 judices,
3098 2136 3386 2206 imaginem

1817 2228 1995 2282 ferant
2037 2228 2341 2297 aliquorum
2384 2227 2687 2299 principum
2723 2244 2789 2283 ex
2832 2230 3037 2283 caalesti
3083 2230 3309 2295 militia,
3336 2238 3392 2283 et

1816 2334 2175 2389 supernarum
2224 2321 2524 2387 virtutum,
2579 2335 2714 2390 quas
2768 2320 2835 2374 ad
2884 2320 3188 2374 subsidium
3243 2323 3387 2375 Deus

1814 2411 2029 2465 emittat
2073 2424 2285 2475 eorum,
2333 2411 2423 2479 qui
2466 2411 2531 2463 ad
2563 2424 2621 2464 se
2653 2418 2766 2463 toto
2795 2410 2961 2463 corde
2996 2409 3346 2463 clamaveriut
3371 2450 3388 2476 ,

1814 2509 1866 2552 et
1921 2514 2015 2569 per
2067 2500 2480 2555 conversionem
2524 2499 2859 2568 poenitentiae
2897 2499 3137 2552 divinam
3172 2514 3297 2568 erga
3332 2513 3394 2554 se

1817 2592 2156 2647 clementiam
2207 2592 2475 2647 ﬂexerint.
2521 2593 2625 2648 Sed
2665 2592 2768 2646 hoc
2802 2602 2859 2644 ut
2893 2607 2959 2646 ne
3002 2603 3386 2663 praesumptum

1817 2685 1959 2751 apud
1994 2684 2273 2739 auditores
2302 2685 2549 2739 videatur
2578 2702 2606 2737 a
2638 2686 2795 2740 nobis
2817 2727 2832 2751 ,
2857 2685 3117 2739 debemus
3142 2698 3207 2737 ex
3242 2683 3392 2736 Scri-

1814 2786 2097 2845 pturarum
2173 2776 2497 2829 auctoritate
2562 2775 2800 2829 ﬁrmare.
2862 2776 3135 2841 Scriptum
3186 2783 3269 2828 est
3334 2773 3386 2825 in

1814 2864 2023 2932 Exodo,
2046 2867 2170 2935 quia
2202 2877 2383 2935 patres
2411 2868 2577 2920 nostri
2603 2866 2694 2919 ﬁlii
2720 2866 2884 2920 Israel
2916 2881 3035 2919 cum
3070 2866 3237 2918 multo
3254 2850 3397 2919 tem:

1813 2972 1945 3027 pore
1972 2957 2242 3028 Egyptiis
2275 2970 2332 3012 et
2359 2956 2629 3013 Pharaoni
2664 2959 2776 3029 regi
2802 2958 3094 3013 durissimo
3120 2960 3173 3012 in
3204 2959 3299 3012 luti
3333 2967 3390 3010 et

1816 3049 2000 3104 lateris
2028 3050 2366 3106 confectione
2393 3052 2724 3115 servissent,
2764 3050 3130 3105 clamaverunt
3170 3051 3235 3104 ad
3278 3052 3388 3105 Do—

1739 3171 1786 3230 C
1818 3142 2049 3207 minum,
2096 3142 2311 3209 inquit,
2365 3143 2438 3195 ita
2488 3152 2546 3195 ut
2599 3143 2713 3211 ipse
2765 3142 3027 3197 Dominus
3062 3143 3265 3197 diceret
3295 3142 3385 3195 “z

1825 3250 1844 3283 ι
1874 3233 2087 3288 Clamor
2117 3233 2346 3287 ﬁliorum
2375 3233 2538 3289 Israel
2581 3233 2694 3303 (50)
2758 3235 2999 3288 ascendit
3037 3235 3104 3288 ad
3146 3249 3250 3298 me,
3284 3253 3305 3287 ι
3334 3242 3391 3288 et

1817 3324 1982 3379 misso
2012 3326 2229 3393 quidem
2258 3325 2460 3388 Moseo,
2492 3326 2783 3379 visibiliter
2811 3328 2999 3381 eduxit
3035 3342 3150 3382 eos.
3196 3326 3382 3381 Refert

1816 3424 1994 3469 autem
2025 3416 2311 3483 Scriptura
2341 3417 2482 3485 quod
2511 3416 2736 3486 angelus
2765 3417 3159 3471 exterminator
3186 3419 3386 3472 missus

1817 3505 1911 3569 sit,
1939 3505 2028 3574 qui
2056 3515 2300 3561 vastaret
2338 3508 2555 3575 quidem
2590 3508 2772 3561 omnia
2821 3508 3181 3576 primogenita
3209 3506 3381 3575 Egy-

1815 3594 2073 3663 ptiorum,
2093 3596 2458 3649 Israelitarum
2494 3610 2620 3649 vero
2645 3598 2912 3650 neminem
2943 3606 3203 3666 tangeret.
3228 3598 3289 3650 Et
3306 3598 3384 3651 sic

1814 3685 2124 3740 declaratur
2150 3688 2404 3741 virtutem
2453 3685 2621 3740 fuisse
2666 3686 2943 3741 ccelestem
2987 3702 3106 3756 quae
3151 3688 3382 3751 vastatis

1812 3775 2089 3847 Egyptiis
2126 3791 2183 3835 et
2224 3779 2528 3847 prostratis,
2572 3776 2712 3833 ﬁlios
2748 3778 2914 3833 Israel
2956 3779 3023 3832 de
3044 3778 3175 3848 jugo
3214 3778 3386 3832 servi-

1814 3866 1943 3919 tutis
1971 3867 2178 3920 eduxit.
2210 3865 2398 3921 Simile
2422 3880 2638 3935 quoque
2682 3865 2844 3919 etiam
2895 3864 3026 3918 illud
3063 3866 3296 3917 rel’ertur
3327 3863 3382 3917 in

1810 3955 2229 4026 historiis,quod
2270 3957 2370 4011 sub
2416 3971 2545 4025 rege
2589 3953 2935 4025 Assyriorum
2973 3953 3378 4019 Sennachcrih,

1811 4047 2038 4114 angelus
2080 4048 2291 4102 Domini
2335 4048 2569 4101 mittitur
2592 4085 2607 4110 ,
2641 4047 2733 4116 qui
2761 4046 2919 4101 cassis
2951 4048 3049 4100 sub
3082 4060 3186 4098 una
3224 4052 3382 4098 nocte

1809 4146 1863 4195 et
1915 4139 2209 4205 prostratis
2257 4146 2473 4191 centum
2529 4137 2802 4206 octoginta
2853 4135 3093 4205 quinque
3142 4133 3381 4187 millibus

1810 4232 2067 4291 hostium,
2119 4239 2175 4281 et
2222 4229 2411 4281 urbem
2458 4227 2523 4281 de
2566 4226 2886 4290 obsidione,
2926 4238 2978 4279 et
3022 4224 3277 4293 pepulum
3312 4224 3380 4277 de

1810 4318 2110 4376 imminenti
2140 4317 2394 4371 liberaret
2425 4317 2646 4371 interitu
2676 4316 2744 4370 ³³.
2770 4316 2845 4368 Ita
2870 4330 2999 4382 ergo
3031 4317 3193 4367 etiam
3230 4328 3376 4367 nunc

1807 4416 1993 4469 eadem
2068 4409 2458 4479 consequentia
2523 4408 2783 4462 debemus
2842 4408 3166 4469 advertere,
3220 4414 3276 4457 ut
3330 4405 3376 4458 si

122 4494 378 4550 vandum
425 4496 585 4550 Israel
618 4515 629 4549 :
678 4496 812 4550 nihil
860 4497 1023 4551 habet
1067 4497 1123 4549 in
1174 4512 1231 4551 se
1270 4497 1575 4550 sinistrum.
1611 4496 1703 4550 sed
1734 4516 1778 4570 ι)
1805 4503 2018 4573 quando
2044 4515 2141 4568 pro
2174 4499 2414 4569 peccatis
2461 4498 2665 4553 nostris
2710 4498 2761 4550 in
2801 4496 3171 4564 captivitatem
3212 4492 3379 4546 tradi-

109 4594 418 4650 utrarnque
468 4596 684 4635 manum
736 4582 984 4635 dextram
1044 4578 1226 4635 habet.
1272 4578 1385 4634 Hoc
1425 4589 1509 4634 est
1552 4581 1694 4635 enim

106 4674 277 4742 quod
310 4674 508 4728 dicitur
537 4673 900 4727 ambidexter.
942 4670 1144 4740 Dignus
1176 4686 1302 4726 vero
1333 4672 1512 4741 populi
1546 4674 1696 4742 prin-

106 4777 295 4830 ceps.
342 4773 397 4817 et
444 4751 700 4817 Ecclesiae
740 4761 906 4828 judex
943 4762 1032 4830 qui
1064 4761 1199 4814 nihil
1236 4770 1357 4831 agat
1388 4763 1694 4828 sinistrum,

102 4855 286 4922 cujus
325 4846 455 4922 quid
506 4854 616 4921 agit
662 4854 920 4916 dextera,
968 4853 1179 4906 nesciat
1222 4853 1439 4906 sinistra
1476 4869 1605 4920 sua,
1643 4855 1695 4907 in

104 4956 361 5012 utraque
392 4954 546 5013 parte
580 4944 773 4998 dexter
800 4952 902 5006 est,
934 4943 987 4996 in
1020 4944 1122 4997 ﬁde
1148 4942 1339 4998 dexter
1369 4953 1483 5009 est,
1513 4946 1566 4998 in
1601 4960 1695 4999 ac-

101 5038 274 5090 tibus
298 5037 489 5088 dexter
513 5044 632 5098 est,
664 5035 795 5089 nihil
822 5036 983 5089 habet
1016 5036 1082 5089 de
1108 5035 1213 5090 illis
1242 5038 1332 5105 qui
1360 5038 1699 5092 collocantur

98 5128 135 5178 έι
178 5124 464 5187 sinistris,
495 5124 691 5192 quibus
720 5124 921 5177 dicitur
967 5124 1011 5155 ³⁰
1058 5140 1073 5177 :
1126 5142 1146 5175 ι
1190 5126 1459 5179 Discedite
1500 5141 1530 5179 a
1577 5142 1695 5192 me,

94 5214 360 5283 operarii
401 5213 728 5282 iniquitatis,
758 5213 938 5268 nescio
968 5228 1066 5268 vos
1088 5254 1103 5278 ,
1133 5215 1205 5268 ite
1236 5216 1288 5268 in
1323 5217 1500 5286 ignem
1534 5227 1695 5272 reter-

92 5320 251 5360 nuui
281 5318 441 5371 quem
466 5305 787 5373 praeparavit
811 5303 949 5358 Deus
972 5304 1175 5358 Zabulo
1192 5315 1246 5359 et
1271 5306 1476 5376 angelis
1498 5308 1634 5374 ejus.
1670 5327 1690 5360 ι

221 5442 276 5475 ³⁸
300 5441 426 5498 Jud.
477 5458 557 5507 tu,
588 5444 677 5498 ‘12.
771 5444 816 5475 “
847 5443 1040 5511 Epltes.
1075 5459 1147 5509 IV,
1180 5445 1269 5498 27.

1347 5446 1389 5476 ’⁷
1427 5443 1548 5500 Jud.
1585 5464 1668 5512 ιιι,
1703 5448 1772 5502 12
1837 5450 1923 5502 l3.

1804 4608 1949 4655 mur,
1972 4590 2269 4643 clamemus
2299 4588 2363 4642 ad
2388 4586 2697 4639 Dominum.
2725 4585 3029 4638 Clamemus
3060 4594 3237 4636 autem
3269 4598 3376 4636 non

1803 4695 1921 4742 ore,
1951 4679 2044 4733 sed
2083 4688 2294 4742 mente,
2336 4676 2408 4728 ita
2452 4684 2509 4727 ιιι
2540 4675 2693 4728 dolor
2720 4674 2898 4727 cordis
2943 4673 3148 4726 fontem
3195 4672 3374 4741 lacry-

1804 4786 2014 4826 marum
2040 4774 2299 4836 producat
2324 4781 2387 4820 ex
2420 4766 2615 4829 oculis,
2644 4767 2785 4818 sicut
2818 4765 2907 4817 ille
2930 4765 3019 4833 qui
3045 4764 3259 4817 dicebat
3283 4764 3328 4793 ⁸⁵
3358 4781 3372 4816 :

1807 4882 1827 4915 ι
1873 4862 2086 4916 Lavabo
2120 4874 2214 4927 per
2239 4858 2482 4928 singulas
2507 4867 2698 4913 noctes
2733 4858 2933 4911 lectum
2967 4872 3169 4922 meum,
3200 4856 3376 4926 lacry-

1766 4976 1771 4981 ν
1803 4952 1907 5006 mis
1941 4951 2075 5005 meis
2100 4958 2328 5005 stratum
2369 4963 2545 5002 meum
2588 4949 2795 5017 rigaho.
2831 4966 2851 4998 ι
2901 4947 2955 5001 Si
2999 4948 3070 5000 ita
3108 4948 3375 5001 converti-

1803 5056 1923 5094 mur
1951 5056 1980 5092 a
2013 5038 2189 5102 malis,
2216 5047 2275 5091 ut
2298 5038 2437 5091 ultra
2466 5053 2570 5091 non
2602 5039 2980 5104 contingamus
3025 5037 3162 5089 mala
3182 5077 3196 5100 ,
3225 5039 3269 5090 si
3301 5038 3371 5089 ita

1808 5130 2124 5185 desinamus
2176 5145 2205 5183 a
2249 5130 2539 5198 superbia,
2587 5138 2646 5182 ut
2680 5128 2815 5181 ultra
2869 5128 3000 5181 nihil
3041 5129 3370 5195 superbum,

1801 5223 1937 5275 nihil
1962 5236 2227 5291 arrogans
2251 5221 2526 5289 sapiamus
2547 5259 2562 5283 ,
2592 5220 2769 5273 mittet
2788 5221 2950 5273 etiam
2978 5220 3234 5273 Dominus
3261 5219 3373 5270 vir-

1803 5321 1969 5365 tutem
2003 5327 2157 5365 suam
2193 5311 2464 5365 cmlestem
2488 5350 2503 5375 ,
2537 5326 2633 5380 per
2658 5325 2821 5379 quam
2848 5310 3143 5363 liberemur
3181 5323 3211 5362 a
3240 5306 3370 5377 iugo

2542 5446 2669 5500 ibid.
2726 5445 2793 5498 I5
2869 5445 2913 5475 ³ο
2936 5443 3067 5499 Luc.
3104 5456 3228 5509 xm,
3257 5441 3365 5507 i1;

2026 5449 2073 5481 ³⁸
2101 5448 2230 5502 ibid.
2258 5448 2346 5501 Η.
2442 5449 2486 5479 ¹⁹

85 5512 312 5569 Matth.
349 5528 476 5575 xxv,
505 5513 595 5567 41.
676 5514 718 5544 ³⁸
749 5511 871 5567 Jud.
903 5529 984 5579 ιιι,
1020 5515 1106 5577 15,
1156 5518 1243 5580 16,
1319 5516 1405 5570 I7.
1478 5518 1521 5547 ³⁸
1550 5511 1711 5600 Exod.

1817 5521 1938 5585 IN,
1980 5518 2033 5573 9.
2110 5519 2154 5550 ³³
2187 5518 2253 5573 IV
2288 5520 2415 5587 Reg.
2464 5532 2571 5571 xtx.
2635 5515 2681 5547 ³⁸⁵
2710 5515 2851 5571 Psal.
2886 5529 2960 5580 v1,
3000 5514 3050 5566 7.

182 5664 309 5734 (54)
341 5658 557 5747 Quare?
581 5668 745 5726 Deest
778 5667 837 5730 in
877 5676 1035 5725 antea
1072 5667 1250 5741 editt.,
1272 5679 1451 5728 exstat
1478 5687 1607 5728 vero
1638 5672 1692 5727 in

84 5748 241 5788 man
252 5745 530 5807 ascriptis.

1872 5673 1981 5743 (55)
2012 5672 2136 5730 Mss.
2171 5694 2187 5725 ε
2224 5675 2437 5731 dicitur.
2473 5694 2490 5725 ι
2526 5674 2681 5727 Libb.
2710 5671 2857 5743 editi,
2895 5670 3095 5743 tdixit.
3130 5687 3148 5719 ι

1878 5740 1988 5815 (56)
2016 5745 2200 5799 Israel.
2232 5747 2389 5802 Deest
2418 5747 2474 5800 in
2501 5744 2678 5810 editt.,
2710 5742 2804 5796 sed
2826 5741 3055 5796 habetur
3077 5740 3129 5793 in
3157 5754 3289 5796 mss.
