3870 6562
543 373 647 430 967
1987 373 2071 431 Oli

2193 372 2308 428 ΣΝΙὸ
3648 381 3721 438 958

542 487 820 544 servitutis
867 488 1140 545 Zabulicm
1188 508 1202 546 :
1247 506 1369 561 quin
1414 493 1588 548 virtus
1619 494 1804 547 omnia
1837 508 1934 563 pro
1965 490 2120 545 nobis
2149 493 2193 549 Α
2225 489 2400 544 video.
2437 489 2539 543 Iste
2592 490 2644 543 in
2694 499 2879 544 aratro
2925 501 3163 561 pugnat,
3220 493 3384 548 Aiotb
3421 495 3657 564 pugnabat
3688 497 3725 550 ia

541 593 666 650 agat
688 583 875 634 dextra
914 591 970 635 et
1001 596 1254 651 prospera
1278 624 1293 650 ,
1327 599 1449 653 qua:
1480 583 1644 639 faciat
1674 600 1775 639 nos
1809 585 2115 653 relinquere
2219 578 2412 649 gladio.
2450 579 2552 635 Iste
2582 581 2632 634 in
2662 591 2847 635 aratro
2877 582 3065 637 vincit.
3103 582 3283 636 Vincit
3316 593 3493 637 tamen
3518 586 3671 648 ethic.
3691 601 3728 640 et

538 672 682 726 viam
716 669 829 742 (57)
861 672 1158 741 sinistram,
1209 692 1328 745 qua:
1368 676 1516 730 ducit
1547 675 1598 728 in
1636 676 2027 745 perditionem,
2060 685 2114 730 et
2218 679 2456 739 superat,
2493 682 2546 725 et
2577 672 2870 739 prosternit
2892 671 3230 743 Allopbylos.
3263 674 3454 728 Potest
3478 689 3595 744 ergo
3622 678 3729 740 ﬁeri,

540 771 758 817 revocet
802 778 902 819 nos
944 765 1011 818 ad
1061 781 1248 820 veram
1300 766 1442 819 viam
1467 806 1482 830 ,
1539 766 1690 820 illum
1720 767 1810 835 qui
1865 767 1995 820 dicit
2022 767 2066 799 ³⁸
2096 784 2112 821 :
2218 771 2274 814 ut
2304 761 2746 832 Ecclesimjudex
2781 777 2886 816 non
2919 779 3132 834 semper
3163 765 3409 834 gladium
3439 764 3668 834 proferat,
3695 770 3731 821 i.l

546 872 565 903 ι
605 852 716 924 Ego
746 868 864 908 sum
906 855 1016 920 via,
1057 855 1282 921 veritas,
1311 864 1362 911 et
1394 856 1524 921 vita,
1557 875 1576 907 ι
1611 855 1794 910 Jesum
1839 855 2112 909 Christum
2215 863 2316 918 εει,
2355 868 2460 908 non
2501 870 2715 924 semper
2745 857 3058 910 austeritate
3099 856 3246 910 verbi
3289 868 3346 911 et
3391 861 3626 913 acumine
3647 877 3734 913 cur-

542 943 831 998 Dominum
881 955 1149 1012 nostrum,
1188 947 1276 1000 cui
1317 955 1400 1000 est
1434 947 1608 1016 gloria
1643 956 1699 1002 et
1735 947 2020 1017 imperium
2057 949 2112 1000 in
2219 943 2480 1013 reptionis
2510 954 2718 1008 utatur.
2747 946 2840 1000 sed
2869 947 3162 1016 aliquando
3183 949 3350 1002 etiam
3378 950 3609 1004 imitetur
3629 955 3732 1018 agri-

543 1034 742 1088 suecula
770 1035 1113 1090 saeculorum.
1145 1037 1342 1092 Amen.
2216 1036 2393 1090 colam
2422 1074 2438 1100 ,
2466 1045 2521 1091 et
2549 1036 2695 1090 velut
2728 1044 2914 1091 aratro
2948 1039 3166 1093 sulcans
3208 1041 3411 1094 anima:
3456 1051 3665 1102 terram.
3689 1057 3733 1097 ac

1126 1146 1402 1203 "OMIUA
1436 1147 1525 1202 Iv.
2216 1127 2411 1196 saepius
2430 1142 2548 1181 eam
2566 1128 2818 1183 elementi
2847 1131 3216 1184 commotione
3240 1131 3578 1193 rescindens,
3600 1142 3731 1200 apum

539 1236 615 1292 De
645 1237 930 1308 Semegar,
975 1251 1022 1291 et
1061 1237 1256 1301 Jabin,
1296 1248 1342 1290 et
1380 1236 1595 1304 Sisara,
1642 1246 1690 1292 et
1730 1239 1930 1292 caeteris
1959 1239 2067 1308 jud‘

2214 1234 2333 1272 eam
2387 1219 2744 1289 suscipiendis
2791 1219 3091 1276 seminibus
3153 1231 3336 1292 paret.
3400 1221 3731 1276 Interiicieutui

1247 1310 1412 1361 cibus.
2213 1324 2344 1380 ergo
2370 1310 2530 1362 etiam
2579 1310 2658 1365 sic
2688 1309 2954 1380 Allophyli
2985 1351 3000 1377 ,
3035 1328 3154 1366 cum
3207 1329 3316 1368 non
3368 1316 3677 1384 argumentis
3696 1326 3733 1365 cl

610 1422 662 1475 ι,
727 1419 1087 1490 Com-ungitur
1147 1422 1472 1491 principal,“
1525 1420 1684 1475 Aio“,
1744 1420 2107 1484 ambidemri’
2212 1401 2462 1455 acumine
2498 1411 2684 1454 contra
2717 1401 3063 1456 adversarios
3093 1404 3337 1470 utimur,
3384 1406 3482 1458 sed
3509 1405 3735 1474 agrestia

533 1515 870 1582 principams
899 1513 1206 1584 senmgadi.
1242 1514 1348 1568 Sed
1385 1514 1661 1568 Videamus
1690 1513 1921 1578 qualiler
1945 1513 2105 1567 Αίοιιι
2213 1492 2442 1559 simplici
2469 1492 2891 1548 communitione
2922 1495 2988 1548 de
3013 1496 3213 1549 animis
3240 1498 3558 1549 auditorum
3583 1499 3735 1549 \itiau

533 1605 625 1672 qui
654 1605 1043 1672 interpretatur
1069 1605 1187 1658 laus
1220 1602 1356 1674 (58),
1389 1604 1719 1658 concluserit
1749 1603 2061 1672 principatu]

2212 1593 2432 1655 peccata
2459 1585 2830 1654 propellimus.
2859 1585 2963 1641 Sed
2993 1597 3048 1641 et
3079 1598 3132 1642 tu
3166 1589 3306 1659 ipse,
3341 1603 3375 1642 ο
3406 1589 3630 1654 auditor,
3653 1605 3733 1644 esto

535 1711 718 1750 suum.
767 1696 1001 1751 llistoria
1046 1711 1142 1750 nos
1177 1695 1390 1749 edocuit
1427 1711 1490 1749 ea
1523 1712 1641 1764 qua:
1674 1697 1738 1750 de
1773 1693 1938 1765 Eglon
1981 1709 2063 1760 rep

2210 1677 2444 1748 agricola
2495 1679 2689 1733 animus
2735 1690 2840 1735 tua:
2863 1721 2878 1744 ,
2915 1693 3065 1734 ntere
3105 1681 3210 1735 hoc
3245 1691 3436 1735 aratro
3467 1696 3572 1750 quo
3609 1693 3656 1733 ut
3675 1693 3732 1734 lar

531 1789 734 1858 scripta
812 1797 971 1850 sunt,
1029 1787 1300 1855 quomodo
1344 1787 1775 1854 sapientissimus
1825 1787 1913 1841 hic
1950 1787 2104 1840 Aioth
2141 1834 2181 1858 η
2211 1772 2491 1839 δεηιθεειτ·
2527 1771 2632 1825 Sed
2664 1787 2785 1824 ουηι
2812 1771 3024 1827 miseris
3060 1787 3280 1826 manu"!
3317 1783 3469 1827 luam
3502 1773 3553 1826 in
3581 1784 3733 1834 mur.

812 1834 971 1850 __---,
1033 1834 1296 1855 ,---------
1345 1834 1773 1854 -_,..------_.---_-
1825 1834 1912 1841 η--
1950 1834 2060 1840 -_--.

532 1887 648 1932 arte
674 1879 928 1948 quadam.
965 1888 1054 1942 et,
1093 1887 1151 1930 ut
1191 1878 1262 1931 ita
1295 1879 1495 1942 dicam,
1532 1876 1750 1941 callida,
1783 1877 1877 1931 sed
1908 1877 2060 1930 lauda

2209 1861 2315 1915 noli
2352 1873 2497 1916 retro
2527 1863 2796 1932 respicere
2818 1864 2897 1916 "z
2937 1863 2989 1917 id
3015 1874 3096 1918 est
3127 1874 3422 1934 postquam
3457 1865 3627 1918 tuleris
3647 1881 3735 1919 cr...

530 1969 624 2024 bili
669 1985 794 2023 usus
833 1968 1152 2038 deceptione
1188 1969 1528 2023 interemerit
1568 1969 1738 2039 Eglon
1773 1979 2058 2038 tyrannum

2203 1967 2318 2006 cent
2359 1959 2504 2004 tuam
2530 1990 2545 2014 ,
2583 1962 2638 2006 et
2672 1961 2891 2007 secutus
2930 1951 3097 2008 fueris
3141 1954 3427 2008 Christum
3456 1994 3470 2017 ,
3505 1967 3731 2025 postqum

531 2060 624 2131 qui
681 2060 1072 2130 interpretatur
1095 2069 1297 2112 rotatas
1346 2059 1430 2112 vel
1481 2060 1649 2112 orbita
1698 2059 1832 2129 (59).
1876 2057 2059 2126 Op'orti

2204 2041 2403 2096 sacculo
2434 2041 2763 2096 renuntiasti
2792 2053 2848 2098 et
2894 2044 2959 2098 iis
3000 2061 3119 2112 qua:
3149 2045 3201 2099 in
3250 2046 3458 2100 saeculo
3484 2056 3631 2110 sunt,
3658 2049 3732 2100 nc'i

526 2165 656 2220 ergo
695 2148 827 2204 tales
859 2161 980 2204 esse
1020 2159 1074 2202 et
1103 2149 1272 2203 nostri
1321 2147 1501 2217 populi
1531 2148 1766 2216 judices,
1797 2146 1970 2215 qualis
2000 2143 2101 2198 fuit
2200 2144 2348 2189 retro
2378 2133 2678 2203 respicere,
2733 2133 2844 2188 noli
2886 2137 3164 2204 requirere
3203 2152 3325 2206 qua:
3366 2149 3584 2206 prepter
3610 2136 3731 2190 Chri-

525 2241 689 2296 Aioth
725 2241 825 2295 iste
856 2240 947 2309 qui
991 2240 1386 2308 interpretatur
1421 2239 1573 2301 laus,
1615 2247 1672 2291 ut
1709 2251 1898 2291 omnes
1942 2236 2096 2289 vulu-
2201 2237 2344 2282 stum
2376 2228 2611 2282 duxeras
2651 2235 2712 2280 ut
2763 2235 3048 2282 stercora:
3099 2229 3226 2298 quia
3281 2231 3328 2283 si
3367 2229 3426 2283 in
3468 2230 3568 2283 isto
3594 2245 3732 2281 aram.

525 2329 664 2386 biles
703 2339 882 2385 motus
922 2338 977 2384 et
1026 2329 1233 2384 orbitas
1288 2329 1415 2381 mali
1462 2327 1677 2382 itineris
1720 2327 2003 2389 excidant,
2047 2334 2102 2380 et
2204 2334 2419 2372 manum
2444 2333 2662 2387 semper
2686 2317 2960 2381 habueris,
2987 2319 3060 2372 ita
3090 2328 3149 2372 ut
3177 2318 3522 2373 conﬁdenter
3540 2319 3733 2372 dicas“:

523 2421 796 2492 perimant
822 2419 1179 2474 Moabitarum
1214 2434 1416 2487 regem.
1449 2417 1700 2471 Moabitae
1727 2429 1906 2470 autem
1941 2417 2101 2468 inter-
2210 2428 2228 2461 ε
2254 2411 2386 2466 Mihi
2436 2420 2611 2463 autem
2661 2409 2805 2464 absit
2838 2408 3057 2479 gloriari
3111 2411 3213 2464 nisi
3259 2411 3314 2463 in
3371 2425 3536 2464 cruce
3571 2413 3734 2464 Domini

524 2521 805 2580 pretantur
833 2512 1010 2581 ﬂuxus
1045 2510 1128 2563 vel
1165 2510 1353 2578 e/I‘usio
1385 2509 1517 2578 (60).
1552 2507 1720 2576 Hujus
1748 2507 1912 2577 igitur
1942 2505 2100 2561 ﬂuxa
2204 2493 2375 2554 nostri
2397 2499 2523 2555 .lesu
2571 2500 2798 2566 Christi,
2832 2516 2928 2570 per
2955 2516 3116 2571 quem
3170 2503 3304 2556 mihi
3337 2501 3573 2556 mundus
3602 2506 3736 2555 cruci-

530 2611 585 2656 et
609 2601 883 2655 dissolutm
906 2601 1081 2667 gentis
1103 2599 1356 2667 princeps
1378 2596 1458 2651 vel
1483 2597 1589 2650 dux
1610 2595 1699 2665 qui
1721 2605 1901 2665 potest
1923 2593 2096 2648 videri
2202 2591 2344 2647 ﬁxus
2371 2602 2475 2657 est,
2510 2601 2565 2647 et
2592 2609 2692 2664 ego
2719 2594 2949 2662 mundo;
2980 2613 3000 2646 ο
3033 2595 3149 2648 haec
3177 2595 3276 2649 tibi
3307 2595 3514 2648 dicenti
3545 2611 3566 2645 ι
3587 2597 3737 2648 cadat

524 2696 697 2761 alius,
728 2694 813 2749 vel
839 2694 1089 2763 intelligi,
1115 2693 1218 2748 nisi
1249 2707 1430 2747 sermo
1463 2690 1611 2746 illius
1647 2690 1982 2759 philosophi,
2005 2689 2098 2760 qui
2203 2697 2232 2735 θ
2266 2683 2475 2738 dextris
2498 2684 2603 2740 luis
2633 2685 2818 2741 decem
2846 2685 3037 2752 millia,
3071 2693 3126 2740 et
3149 2700 3179 2739 a
3204 2685 3451 2741 sinistris
3481 2686 3585 2739 tuis
3610 2686 3737 2748 mille,

476 2826 496 2842 .
522 2803 794 2844 summum
813 2786 1230 2854 bonumjudicat
1253 2782 2100 2853 voluptatetnmueminterﬁciat
2203 2774 2270 2829 Id
2305 2785 2356 2829 te
2387 2790 2513 2830 vero
2559 2791 2666 2830 non
2702 2777 3216 2848 appropinquabunt
3247 2777 3318 2832 “.
3353 2797 3375 2830 ι
3434 2778 3544 2833 Sed
3575 2788 3627 2832 et
3663 2780 3734 2830 bac

523 2889 580 2935 et
601 2878 1196 2950 perimatevangelicus
1213 2874 1508 2944 sermo,qui
1529 2874 2095 2945 gladiocomparatur:
2202 2869 2376 2939 ipsum
2400 2870 2543 2937 quod
2569 2869 2731 2934 dixit,
2767 2870 2818 2924 in
2847 2871 3124 2926 sexcentis
3154 2869 3289 2923 viris
3313 2870 3628 2940 Allopbylos
3650 2885 3738 2937 pcr-

518 2969 750 3044 etm
778 2986 956 3026 sermo
982 2969 1328 3039 prapheticus
1352 2969 1467 3036 ipse
1498 2968 1549 3020 in
1573 2975 1762 3020 ventre
1783 2981 1992 3033 eorum,
2019 2975 2101 3020 at—
2202 2961 2438 3015 euasisse
2468 2959 2751 3028 Semegar,
2786 2975 2893 3016 non
2931 2961 3064 3015 mihi
3093 2961 3311 3016 videtur
3339 2961 3520 3016 otiose
3553 2963 3734 3014 dictus.

519 3076 629 3132 que
664 3063 719 3115 in
753 3062 876 3116 imis
916 3059 1231 3130 praecordiis
1260 3057 1588 3112 ambidextri
1627 3057 1868 3111 doctoris
1907 3057 2098 3126 dispu-
2163 3095 2169 3100 -
2199 3050 2340 3117 Quid
2390 3051 2534 3105 enim
2568 3065 2702 3120 opus
2741 3060 2860 3106 erat
2891 3053 3180 3123 designare
3217 3055 3390 3109 etiam
3440 3051 3736 3107 numerum?

523 3153 815 3207 tationibus
858 3151 1246 3207 concludatur:
1285 3161 1342 3205 ut
1375 3150 1622 3205 veritatis
1655 3149 1958 3204 assertione
2001 3165 2096 3204 eos
2123 3162 2168 3224 ρ
2199 3141 2314 3197 Nisi
2364 3143 2502 3198 forte
2531 3147 2838 3202 eridentius
2866 3149 2919 3202 in
2963 3149 3078 3217 ipso
3111 3162 3347 3203 numero
3390 3162 3454 3205 ea
3484 3147 3551 3201 de
3582 3150 3736 3213 quibus

519 3243 849 3299 concludens
873 3283 891 3310 ,
940 3242 1250 3311 exstinguat
1291 3256 1507 3295 onmem
1536 3239 1689 3308 pravi
1738 3238 2007 3305 dogmatis
2033 3248 2089 3292 et
2201 3236 2448 3304 superius
2481 3237 2739 3304 diximus,
2784 3240 3068 3297 indicavit.
3108 3240 3356 3309 Namque
3393 3239 3635 3294 senarius
3659 3253 3735 3288 uno

519 3349 720 3389 crassa:
750 3334 1116 3402 intelligentia:
1141 3346 1360 3385 sensum
1385 3371 1398 3395 ,
1429 3330 1522 3400 qui
1556 3344 1616 3384 se
1642 3329 1876 3397 extollit,
1905 3337 1961 3382 et
1986 3329 2094 3383 eri-
2167 3367 2169 3369 .
2196 3341 2398 3393 merus,
2425 3329 2516 3397 qui
2549 3331 2938 3400 multiplicatus
2965 3335 3113 3389 venit
3149 3333 3202 3387 in
3248 3342 3564 3392 sexcentes.
3591 3329 3736 3382 eiusei

519 3425 599 3495 git
628 3428 916 3481 adversum
959 3424 1260 3492 Spiritalem
1303 3423 1583 3477 scientiam
1625 3420 1860 3476 Christi:
1893 3431 1952 3474 ut
1978 3420 2092 3472 haec
2194 3417 2353 3487 huius
2385 3420 2609 3489 ﬁguram
2653 3432 2802 3478 tenet
2834 3425 2924 3493 qui
2963 3426 3014 3479 in
3046 3440 3143 3480 sex
3176 3425 3376 3480 diebus
3404 3425 3604 3478 dicitur
3631 3437 3734 3476 con-

519 3517 591 3570 ita
631 3517 878 3582 faciens,
910 3527 964 3570 et
1007 3517 1060 3570 in
1094 3516 1261 3568 verbo
1295 3513 1386 3568 Dei
1423 3513 1687 3567 dimicans
1724 3512 2092 3581 unusquisque
2193 3517 2513 3562 summatus.
2561 3511 2856 3568 Sescentos
2884 3527 3017 3583 ergo
3066 3514 3119 3567 iu
3171 3521 3362 3568 aratro
3402 3513 3600 3567 dicitur
3640 3526 3733 3577 per-

517 3608 772 3664 Ecclesiai
803 3607 990 3679 judex,
1026 3607 1120 3660 ﬁat
1143 3605 1304 3660 etiam
1347 3606 1458 3674 ipse
1489 3603 1774 3658 laudabilis
1806 3603 1991 3666 Aioth,
2024 3605 2090 3656 de
2191 3601 2426 3656 cussisse
2451 3601 2572 3668 ille,
2605 3604 2694 3672 qui
2727 3617 2824 3672 per
2845 3619 3062 3659 crucem
3096 3605 3314 3660 Domini
3351 3605 3639 3660 cruciﬁxus
3675 3614 3734 3655 est

514 3714 624 3768 quo
669 3700 815 3754 dicat
852 3698 1116 3752 Dominus
1143 3695 1221 3750 ³⁶ε
1276 3714 1294 3746 ι
1322 3694 1492 3762 Euge,
1526 3708 1683 3748 serve
1711 3694 1850 3748 bone
1878 3700 1930 3748 et
1962 3693 2089 3746 tide-
2191 3692 2410 3746 mundo.

513 3789 603 3856 lis,
639 3791 767 3859 quia
797 3803 960 3858 super
996 3803 1166 3858 pauca
1199 3786 1350 3842 fuisti
1393 3787 1602 3855 ﬁdelis,
1629 3800 1793 3854 supra
1826 3784 1994 3841 multa
2034 3793 2088 3840 te
2261 3779 2316 3834 5.
2349 3778 2456 3833 Sed
2491 3779 2617 3848 quid
2647 3789 2769 3850 post
2798 3781 2911 3836 hinc
2951 3780 3212 3837 additur?
3261 3801 3280 3836 ι
3310 3783 3383 3837 Et
3419 3783 3733 3850 adjecerunt.

512 3884 864 3938 constituam.
898 3899 918 3933 ι
2194 3869 2374 3940 inquit
2401 3871 2480 3937 δ’,
2523 3872 2616 3926 lilii
2650 3872 2809 3928 Israel
2839 3872 3020 3929 facere
3050 3875 3348 3945 malignum
3395 3877 3450 3928 iu
3479 3887 3732 3944 conspecta

583 3971 639 4026 2.
672 3970 867 4024 Verum
893 3968 1130 4024 breviter
1156 3967 1277 4022 istis
1304 3982 1332 4019 a
1360 3967 1518 4022 nobis
1538 3967 1604 4022 de
1629 3966 1800 4038 priori
1831 3965 2081 4027 lectione,
2189 3963 2426 4031 Domini,
2463 3974 2518 4019 et
2550 3965 2713 4019 Aioth
2744 3977 2994 4019 mortuus
3021 3975 3125 4020 est.
3161 3984 3181 4018 ι
3222 3964 3496 4020 Servatur
3519 3968 3734 4018 nimum

480 4046 484 4050 ’
513 4063 569 4118 id
591 4069 697 4124 est,
725 4061 790 4116 de
822 4060 982 4116 Aioth
1007 4060 1114 4113 ﬁne
1150 4058 1415 4127 repetitis,
1445 4059 1727 4112 videamus
1750 4073 1890 4112 nunc
1928 4057 2086 4128 quale
2186 4055 2240 4110 in
2269 4056 2354 4111 his
2398 4057 2564 4111 etiam
2605 4056 2692 4111 illa
2720 4056 3061 4120 observatio,
3092 4071 3260 4125 quam
3287 4058 3346 4110 in
3396 4058 3736 4126 superioribus

513 4157 589 4211 sit
622 4153 784 4208 etiam
831 4151 1157 4220 principium
1212 4150 1472 4218 Semegar
1494 4189 1511 4216 ,
1557 4150 1648 4218 qui
1696 4151 2084 4218 interpretatur
2185 4148 2606 4218 designavimus,
2634 4149 2758 4217 quia
2800 4164 2899 4217 pro
2926 4150 3164 4218 peccatis
3192 4148 3382 4218 populi
3418 4151 3736 4206 moriturus.

511 4245 585 4300 ibi
625 4246 827 4298 advena
855 4242 990 4313 (6i).
1027 4239 1226 4312 Verum
1275 4249 1360 4295 est
1399 4241 1542 4296 enim
1564 4280 1579 4303 ,
1615 4242 1738 4306 quia
1772 4255 1959 4295 omnes
1988 4244 2077 4311 qui
2186 4254 2285 4293 nus
2316 4239 2500 4308 p0puli
2527 4240 2657 4294 dux.
2692 4239 2827 4294 Cum
2852 4241 2994 4294 enim
3021 4240 3226 4311 indigni
3255 4241 3465 4296 fuerint
3493 4241 3737 4303 εδει-ῷά

511 4345 637 4390 ευηι
673 4333 920 4388 homines
961 4331 1074 4396 Dei,
1105 4331 1330 4384 advena:
1375 4341 1500 4383 sunt
1531 4330 1581 4382 in
1615 4329 1715 4383 hoc
1744 4332 1942 4382 mundo
1968 4369 1983 4392 ,
2027 4339 2082 4384 et
2181 4332 2408 4387 fecerint
2439 4332 2731 4400 malignum
2766 4335 2817 4388 in
2864 4345 3161 4404 conspectu
3196 4334 3414 4389 Domini
3442 4374 3459 4398 ,
3490 4336 3738 4389 auferetur

507 4425 699 4484 incola:
720 4426 774 4478 in
802 4432 967 4487 terra,
994 4421 1135 4477 sicut
1161 4428 1217 4474 et
1246 4419 1355 4484 illc,
1381 4420 1470 4488 qui
1500 4419 1712 4474 dicebat
1734 4419 1800 4484 ³⁷,
1822 4419 2076 4488 quoniam
2182 4423 2247 4476 ab
2272 4423 2352 4476 eis
2381 4423 2546 4476 homo
2575 4422 2692 4477 Dei.
2729 4423 2838 4479 Sed
2859 4426 2990 4479 dicit
3018 4424 3254 4480 fortasse
3283 4427 3525 4495 populus
3547 4436 3737 4480 noster:

515 4537 534 4570 ι
568 4515 746 4572 incola
795 4527 895 4584 ego
924 4527 1046 4567 sum
1100 4511 1244 4580 apud
1287 4519 1338 4564 te
1388 4511 1441 4563 in
1492 4518 1634 4563 terra
1663 4519 1718 4563 et
1765 4512 2078 4578 peregrinus
2111 4497 2154 4552 Ι)
2185 4513 2409 4580 Quando
2442 4511 2680 4568 Ecclesia
2710 4514 2802 4568 Dei
2831 4515 2948 4571 sine
2971 4515 3157 4584 judice
3187 4519 3317 4573 est?
3348 4519 3585 4573 Etiamsi
3612 4519 3738 4587 priet

507 4609 652 4664 sicut
697 4619 887 4660 omnes
916 4611 1100 4672 patres
1135 4602 1261 4656 mei.
1293 4619 1310 4652 ι
1351 4601 1421 4656 Et
1448 4600 1593 4655 hunc
1641 4615 1770 4670 ergo
1823 4601 2080 4674 Semegar
2183 4604 2484 4668 defecerit,
2522 4605 2659 4660 alter
2692 4609 2999 4662 adhibetur.
3050 4609 3330 4664 Audacter
3379 4609 3630 4664 fortassis
3655 4609 3736 4660 ab.

508 4707 732 4754 sanctus
759 4694 994 4765 Spiritus
1022 4693 1096 4747 ibi
1128 4690 1360 4746 incolam
1396 4690 1546 4756 dicit,
1591 4689 1646 4742 id
1673 4699 1756 4743 est
1790 4691 1894 4744 hic.
1923 4692 2076 4758 Quod
2181 4695 2310 4761 quid
2359 4695 2616 4762 dicimus,
2652 4705 2832 4753 tamen
2883 4699 3024 4764 quod
3070 4700 3334 4768 scriptum
3374 4713 3462 4755 est
3505 4701 3734 4754 dicimus.

506 4789 652 4846 enim
678 4794 865 4843 sancto
894 4782 1119 4854 Spiritui
1147 4783 1238 4851 qui
1267 4782 1319 4835 in
1352 4781 1504 4836 cmlis
1535 4790 1651 4843 est,
1686 4781 1759 4834 ibi
1790 4789 1892 4846 est,
1926 4783 2079 4840 nobis
2179 4782 2297 4838 Non
2330 4797 2546 4854 semper
2575 4787 2826 4858 princeps
2855 4789 3036 4858 populi
3073 4799 3128 4843 et
3157 4789 3422 4845 Ecclesia:
3463 4793 3634 4860 judex
3659 4804 3738 4857 per

509 4881 600 4936 hic
626 4890 728 4934 est.
756 4875 895 4944 Quid
918 4890 1048 4946 ergo
1075 4875 1276 4928 dicitur
1306 4874 1373 4926 de
1401 4870 1698 4941 Semegar?
1732 4889 1750 4923 ‹
1780 4869 2074 4941 Percussit,
2184 4874 2277 4929 Dei
2307 4874 2591 4929 arbitrium
2622 4877 2800 4944 datur,
2834 4881 2929 4934 sed
2956 4889 3117 4950 prout
3139 4884 3339 4936 merita
3368 4895 3562 4937 nostra
3591 4883 3734 4949 depo-

508 4971 684 5041 inquit
724 4969 793 5036 ³⁸,
827 4966 1141 5037 Allophylos
1173 4965 1226 5018 in
1271 4964 1550 5018 sexcentis
1581 4963 1712 5017 viris
1737 5002 1753 5027 ,
1797 4964 1850 5016 in
1892 4964 2031 5018 stiva
2057 5005 2073 5032 ,
2182 4975 2360 5019 scunt.
2394 4965 2451 5019 Si
2482 4965 2770 5041 maliisuut
2812 4978 2965 5023 actus
3002 4970 3197 5036 nostri,
3228 4981 3284 5025 et
3313 4986 3611 5040 operarum
3635 4987 3734 5022 In-

506 5040 596 5117 vel
633 5061 771 5134 pede
819 5057 1006 5113 aratri.
1035 5074 1055 5108 ι
1095 5055 1255 5109 Aliud
1289 5069 1458 5120 genus
1504 5052 1682 5108 laudis
1727 5052 1780 5107 in
1814 5053 2075 5126 Semegar
2181 5056 2380 5125 lignum
2413 5056 2468 5111 in
2494 5040 2786 5127 conspectu
2818 5059 3072 5127 Domini,
3117 5062 3319 5115 dantur
3345 5064 3507 5116 nobis
3553 5066 3732 5132 princ-

610 5177 656 5209 ³⁸
719 5176 874 5230 Joan.
903 5187 1017 5234 xiv,
1044 5170 1098 5224 6.
1161 5168 1205 5200 ³⁸
1229 5169 1411 5222 Matth.
1452 5183 1582 5230 xxv,
1607 5166 1698 5220 2|.
1733 5235 1749 5238 _
1792 5167 1835 5199 "’
1867 5167 2009 5223 Psal.
2038 5187 2183 5238 cxtx,
2220 5170 2319 5235 i9;
2368 5167 2512 5225 Psal.
2545 5185 2733 5235 xxxrx,
2770 5171 2851 5226 l5.
2927 5171 2970 5203 ³⁸
2993 5169 3116 5225 Jud.
3151 5179 3234 5238 ni,
3265 5175 3353 5227 5|.
3427 5174 3476 5206 ⁸³
3507 5173 3635 5228 Luc.
3666 5187 3732 5232 rx,

503 5249 595 5306 62;
668 5246 714 5278 ⁸⁸
741 5244 840 5301 Gal
873 5258 944 5307 vt,
980 5241 1064 5295 l4.
1140 5240 1183 5270 "
1216 5238 1357 5293 Psal.
1389 5253 1496 5301 xei,
1521 5239 1578 5291 7.
1652 5237 1696 5269 δ’
1725 5235 1844 5291 Jud.
1878 5253 1953 5303 IV,
1985 5241 2039 5294 l.

573 5385 685 5454 (57)
717 5381 862 5454 Mss.
884 5398 903 5432 ‹
935 5380 1100 5454 viain.
1139 5397 1157 5430 ι
1187 5377 1342 5432 Libb.
1375 5379 1528 5454 editi,
1561 5377 1806 5454 c_vitani.
1851 5399 1870 5432 ι
2024 5451 2033 5454 _
2242 5380 2357 5454 (60)
2391 5381 2483 5454 Sic
2511 5394 2650 5454 mss.
2671 5380 2817 5434 Libri
2846 5391 3024 5454 autem
3050 5383 3232 5444 editt.,
3269 5399 3288 5431 ε
3326 5379 3728 5454 Madianitarua

570 5447 685 5525 (58)
719 5451 988 5519 Αίοιιιντμιί
1015 5449 1390 5534 interpretatur
1418 5449 1559 5504 laus.
1589 5447 1644 5534 lu
1679 5447 1902 5534 Hebrum
1930 5451 2057 5532 seris
2171 5447 2372 5534 regem.
2423 5451 2726 5534 bladianita»:
2759 5461 2944 5534 autem
2970 5451 3399 5534 interpret-antur
3433 5447 3724 5534 fluxus)?

498 5516 965 5597 ptum'est'nme,
1001 5519 1382 5597 quod‘nomen
1414 5519 1682 5586 quomodo
1716 5519 2062 5588 interpretari
2168 5516 2374 5597 eﬁitsio.
2413 5538 2439 5597 ε
2484 5519 3054 5597 Quomodo_Moabitze
3096 5516 3202 5597 aut
3230 5516 3528 5574 Madianita:
3573 5516 3724 5567 re“

503 5586 674 5664 possit
709 5591 898 5664 ¢__|a_us,
931 5606 950 5638 ι
987 5602 1093 5641 non
1119 5587 1328 5664 video._
1364 5655 1376 5664 .
1862 5586 1877 5588 “

1862 5586 1877 5588 “
2055 5658 2063 5664 .
2170 5589 2582 5664 ροεεί-ιριέιιιχιιε
2614 5588 2694 5640 vel
2729 5586 2949 5664 effusio,
2981 5604 3086 5644 non
3115 5591 3286 5664 video.

573 5662 686 5733 (59)
715 5651 889 5733 Eglon
912 5670 1212 5727 tyrannum,
1240 5656 1328 5724 qui
1357 5655 1737 5733 interpretatur
1763 5665 1966 5712 rotatur
1986 5658 2063 5711 vel
2171 5651 2184 5659 ’
2227 5659 2354 5733 itii)
2385 5659 2600 5726 Semega
2615 5660 2752 5733 τ,ραί
2779 5659 3153 5726 interpretatur
3178 5661 3249 5714 ibi
3279 5658 3489 5713 advena.
3510 5651 3587 5706 Ex
3630 5660 3722 5708 τε

503 5725 693 5808 orbita.
725 5725 796 5803 Es
999 5767 1016 5799 ι
1046 5747 1327 5814 rotundus,
1365 5765 1384 5798 ι
1415 5757 1506 5802 aut
1529 5725 1665 5815 τύπω
1693 5763 1711 5796 ι
1743 5746 2031 5816 plaustrum

503 5831 645 5873 rota.
677 5820 873 5873 orbita.
919 5838 938 5872 ι

1369 5765 1384 5798 ν
1415 5757 1506 5802 aut
1529 5725 1665 5815 Πίπιν
1693 5763 1711 5796 ι
1743 5746 2061 5816 plaustrum,
2176 5747 2193 5779 ⁴
2226 5725 2293 5783 ibi
2322 5725 2343 5781 ³⁷
2391 5738 2444 5784 ει
2472 5725 2553 5788 Ἶλῗ
2573 5749 2592 5779 ί
2624 5727 2848 5781 ³⁴¹⁸Ὂ¹¹ί¹ο
2879 5746 2897 5779 ³

503 5831 645 5888 rota,
677 5828 873 5876 orbita.
919 5838 938 5872 ι
