3870 6512
236 360 339 418 969

1291 363 1360 420 ΙΝ
1396 363 1659 423 LIBRUM
1691 362 1988 422 JUDICUM
2021 366 2307 424 HOMILIA
2342 369 2408 424 ν.

3385 379 3490 436 970

239 499 336 554 pes
362 483 660 538 secundum
694 499 788 539 cor
824 492 1090 548 nostrum,
1123 492 1177 539 et
1217 486 1320 540 hoc
1354 485 1449 540 tibi
1477 485 1544 542 de
1574 484 1816 556 Scriptu-
1845 493 1894 549 Α
1923 483 2001 538 illi
2035 500 2155 556 qua:
2189 487 2504 542 clamaverit
2536 487 2602 543 ad
2661 488 2970 558 Dominum,
3019 494 3316 551 suscitetur
3360 513 3489 568 pro-

243 578 319 630 ris
359 577 622 646 probabo.
657 578 793 633 Audi
833 595 1066 650 namque
1096 581 1237 652 quod
1269 581 1532 636 Dominus
1560 582 1697 635 dixit
1725 581 1810 635 ":

244 685 266 719 ι
299 667 563 722 Fecerunt
581 669 680 722 sibi
713 684 913 735 regem,
938 679 992 725 et
1019 686 1124 726 non
1150 687 1247 741 per
1277 687 1382 737 me,
1409 679 1462 724 et
1489 671 1810 742 principem,

237 768 291 812 et
322 775 426 811 non
467 775 562 827 per
590 761 878 815 consilium
909 777 1107 816 meum.
1142 781 1159 814 ι
1201 763 1266 816 Et
1291 764 1392 817 hoc
1421 763 1624 818 dictum
1659 765 1811 818 vide-

241 861 328 902 tur
364 851 429 904 de
457 849 585 903 Saul
624 851 748 915 illo,
781 867 937 920 quem
973 853 1158 921 utique
1195 855 1308 922 ipse
1341 852 1602 910 Dominus
1636 855 1813 925 elege-

243 954 346 1007 rat,
379 952 430 996 et
466 957 643 1011 regem
699 945 814 998 tieri
839 945 1111 1013 iusserat:
1157 946 1250 1000 sed
1297 947 1552 1016 quoniatu
1590 963 1694 1001 non
1729 963 1813 1002 se-

239 1039 473 1091 cundum
506 1039 836 1103 voluntatem
870 1040 960 1092 Dei
982 1081 996 1105 ,
1041 1045 1133 1094 sed
1171 1045 1470 1094 secundum
1505 1043 1812 1110 peccatoris

235 1131 413 1200 populi
450 1133 700 1186 meritum
729 1130 904 1185 fuerat
942 1131 1143 1184 electus
1163 1171 1179 1193 ,
1211 1141 1369 1200 negat
1399 1146 1523 1185 eum
1555 1147 1676 1186 cum
1712 1148 1808 1186 sua

235 1227 514 1279 voluntate
537 1266 552 1290 ,
587 1225 670 1277 vel
703 1222 930 1278 consilio
961 1224 1333 1278 constitutum.
1377 1222 1506 1276 Tale
1551 1239 1680 1292 ergo
1712 1224 1810 1278 ali-

233 1317 364 1384 quid
402 1317 770 1385 intelligamus
799 1316 962 1371 etiaut
1002 1318 1054 1370 in
1096 1317 1352 1372 Ecclesiis
1381 1316 1520 1380 fieri,
1559 1320 1682 1388 quia
1711 1335 1808 1390 pro

235 1409 445 1460 meritis
474 1407 650 1476 populi
679 1448 694 1471 ,
735 1417 826 1460 aut
856 1409 906 1461 in
934 1410 1102 1463 verbo
1133 1419 1184 1462 et
1219 1424 1382 1480 opere
1424 1421 1615 1479 potens
1639 1427 1667 1464 a
1699 1413 1808 1468 Deo

234 1501 492 1554 tribuitur
537 1513 718 1554 rector
744 1500 1002 1555 Ecclesia?
1031 1541 1044 1565 ,
1096 1512 1190 1556 aut
1220 1504 1264 1557 si
1299 1504 1594 1573 malignum
1647 1503 1808 1560 faciat

232 1592 463 1662 populus
494 1593 546 1646 iu
593 1605 880 1662 conspectu
918 1593 1129 1648 Domini
1159 1634 1176 1661 ,
1207 1595 1330 1650 talis
1363 1595 1615 1651 Ecclesia:
1641 1597 1807 1664 iudex

229 1688 393 1739 datur
420 1726 435 1748 ,
471 1685 570 1739 sub
599 1699 706 1754 quo
737 1687 931 1739 famem
977 1695 1033 1740 et
1083 1689 1230 1741 sitim
1267 1690 1494 1758 pepulus
1530 1690 1802 1758 patiatur,

234 1794 254 1826 ‹
287 1791 394 1829 non
425 1775 622 1829 famem
655 1778 811 1844 panis
834 1817 848 1843 ,
885 1792 1058 1846 neque
1085 1779 1228 1833 sitim
1262 1795 1414 1849 aquae
1435 1822 1449 1846 ,
1478 1782 1570 1836 sed
1605 1781 1802 1838 famem

229 1869 487 1922 audiendi
517 1870 741 1923 verbum
774 1870 990 1924 Domini
1021 1872 1085 1924 “.
1119 1891 1139 1924 ι
1173 1873 1246 1927 Ita
1275 1888 1404 1946 ergo
1436 1892 1532 1929 nos
1557 1892 1802 1948 agamus,

227 1969 286 2012 et
316 1960 388 2014 ita
421 1975 661 2026 oremus,
700 1976 768 2016 ne
801 1977 1038 2032 unquam
1073 1980 1172 2020 nos
1211 1965 1392 2020 divina
1423 1966 1720 2038 indignatio
1751 1971 1801 2025 in

226 2053 381 2108 verbi
412 2052 551 2108 fante
592 2054 916 2111 condemnet
950 2071 1012 2110 ac
1039 2055 1165 2121 siti,
1209 2073 1276 2112 ne
1316 2074 1549 2127 unquam
1589 2058 1808 2114 aufera-

227 2152 320 2200 tur
347 2161 376 2198 a
421 2146 596 2212 nobis,
633 2148 726 2216 qui
753 2164 852 2203 nos
882 2149 1045 2203 verbo
1079 2161 1133 2204 et
1162 2163 1324 2219 Opere
1350 2151 1603 2214 instruat,
1633 2153 1724 2222 qui
1751 2154 1802 2208 in

227 2237 503 2300 moribus,
537 2249 590 2293 et
617 2241 904 2294 honestate
931 2283 947 2309 ,
978 2243 1067 2312 qui
1099 2245 1378 2312 patientia:
1405 2259 1467 2298 ac
1497 2258 1806 2299 mansuetu-

224 2329 371 2383 dinis
416 2330 715 2398 perfectum
756 2333 822 2388 de
862 2348 920 2388 se
952 2335 1163 2403 populis
1211 2344 1431 2404 praestet
1464 2337 1797 2406 exemplum.

222 2419 364 2473 Nam
384 2421 426 2472 si
447 2436 546 2476 nos
563 2421 854 2478 fecerimus
867 2423 1158 2494 malignum
1177 2425 1226 2478 in
1255 2438 1547 2496 conspectu
1569 2427 1800 2493 Domini,

224 2513 283 2566 id
319 2523 419 2579 est,
447 2515 490 2567 si
520 2515 659 2569 male
683 2516 956 2585 egerimus
989 2555 1004 2581 ,
1031 2517 1073 2570 si
1109 2516 1448 2572 voluntatem
1483 2529 1722 2574 nostram
1749 2531 1804 2576 et

221 2621 334 2659 non
369 2606 458 2661 Ilei
494 2607 761 2676 facimus,
794 2610 1024 2664 moritur
1059 2619 1114 2664 et
1151 2611 1308 2666 nobis
1341 2612 1531 2678 Aioth,
1559 2612 1801 2668 aufertur

214 2705 277 2751 et
314 2697 592 2769 Seinegar,
624 2711 678 2755 et
707 2704 1027 2756 obscuratur
1059 2702 1176 2757 laus
1209 2713 1416 2767 nostra,
1456 2705 1724 2758 tradimur
1749 2708 1802 2760 in

216 2805 419 2844 manus
446 2791 599 2846 Jabin
633 2794 775 2862 regis
814 2794 1090 2850 Chanaan.
1129 2795 1285 2849 .labin
1316 2809 1496 2852 autem
1530 2799 1800 2868 interpre—

214 2891 371 2935 tatur
405 2899 586 2938 sensus
619 2885 735 2940 sive
760 2887 1043 2953 prudentia
1075 2885 1206 2958 (6‘2).
1238 2887 1294 2943 Si
1337 2904 1471 2958 ergo
1500 2904 1598 2944 nos
1641 2908 1661 2942 ι
1691 2905 1795 2945 non

212 2977 630 3044 probaverimus
663 2979 828 3034 Deum
876 2981 1075 3035 habere
1105 2984 1157 3035 in
1188 2983 1400 3045 notitia,
1433 3001 1452 3033 ι
1490 2983 1657 3036 tradit
1701 2999 1797 3038 nos

211 3069 368 3123 Deus
404 3089 423 3121 i
484 3072 536 3124 itt
573 3071 861 3140 reprobuut
907 3089 1124 3129 sensum
1148 3116 1163 3138 ,
1208 3076 1440 3144 repletos
1479 3075 1792 3143 iniquitate,

1918 576 2098 644 phetia
2145 591 2265 646 qua:
2313 587 2395 633 est
2447 579 2704 651 infigura
2756 582 3050 652 Debborae,
3093 595 3148 644 et
3191 591 3486 646 secundum

1917 668 2217 737 prophetia:
2251 671 2521 739 gratiam,
2555 682 2609 726 et
2642 673 3080 744 intelligentiam,
3116 681 3197 732 vel
3229 680 3488 738 Ecclesia:

1914 761 2140 829 populus
2167 761 2519 829 gubernetur,
2545 765 2627 819 vel
2655 769 2816 821 etiam
2847 784 3038 825 sensus
3063 772 3486 844 uniuscujusque

1913 852 2109 906 mentis
2139 862 2192 906 et
2227 854 2422 908 animm
2459 867 2698 924 regatur,
2737 873 2832 927 per
2859 858 3043 916 Jcsunt
3073 861 3350 919 Christum
3381 865 3481 919 Do-

1914 943 2117 997 minum
2152 955 2396 1001 nostrum
2419 991 2433 1014 ,
2465 952 2549 1004 cui
2581 961 2664 1006 est
2695 953 2865 1022 gloria
2897 965 2950 1011 et
2983 956 3265 1027 imperium
3301 960 3354 1014 in
3385 973 3486 1015 sa:-

1911 1034 2030 1088 cula
2063 1037 2408 1094 saeculorum.
2445 1042 2642 1099 Amen.

2507 1153 2789 1211 HOMILIA
2838 1159 2902 1213 V.

2049 1237 2127 1293 De
2154 1240 2415 1311 Debbora,
2445 1256 2490 1299 et
2524 1245 2761 1314 Baraclt,
2797 1263 2840 1304 et
2863 1251 3040 1321 Jaliel,
3065 1265 3112 1309 et
3141 1253 3346 1314 Sisara.

1985 1331 2032 1384 I.
2071 1331 2145 1386 De
2171 1337 2560 1403 quaestionibus
2591 1340 2656 1394 ad
2707 1343 3032 1410 quaestiones
3058 1385 3073 1411 ,
3101 1358 3156 1401 et
3189 1349 3256 1404 de
3293 1365 3485 1406 sacra-

1909 1422 2109 1476 mentis
2155 1425 2222 1478 ad
2256 1437 2598 1483 sacramenta
2650 1432 2980 1487 transimus:
3016 1444 3070 1490 et
3119 1452 3240 1492 cum
3288 1442 3372 1494 vix
3421 1458 3484 1498 ac

1908 1509 2195 1569 difﬁculter
2235 1516 2410 1584 prima
2443 1534 2674 1590 quaaque
2727 1523 3079 1592 explanamus
3106 1567 3122 1593 ,
3177 1528 3484 1590 difficilibus

1909 1601 2212 1659 difficiliora
2244 1610 2581 1675 succedunt,
2627 1627 2746 1680 quae
2777 1629 2878 1667 non
2923 1623 3032 1668 tant
3065 1617 3265 1686 ingenii
3295 1621 3483 1678 facun-

1909 1689 1994 1745 dia
2051 1694 2370 1766 indigeant,
2421 1715 2583 1770 quam
2622 1704 2815 1760 divina:
2854 1709 3043 1775 gratia:
3093 1714 3482 1782 aspirationem

1909 1785 2206 1854 requirant.
2263 1787 2394 1845 Siue
2446 1792 2612 1846 dubio
2661 1796 2805 1849 enim
2865 1801 3097 1870 requirit
3148 1806 3481 1872 auditorem,

1907 1879 2160 1945 quoniam
2199 1883 2417 1950 quidem
2464 1889 2734 1941 sententia
2767 1899 2850 1944 est
2877 1895 3105 1961 apostoli
3140 1895 3288 1952 Pauli
3312 1937 3330 1963 ,
3360 1915 3482 1972 qua:

1907 1970 2038 2023 dicit
2063 1970 2146 2025 ul:
2191 1990 2210 2023 ι
2235 1971 2424 2030 Omnis
2462 1978 2731 2048 scriptura
2764 1981 3021 2041 divinitus
3052 1988 3308 2057 inspirata
3330 2031 3345 2058 ,
3372 1970 3483 2047 uti—

1905 2063 1974 2116 lis
2007 2075 2092 2119 est
2122 2067 2187 2120 ad
2235 2067 2576 2138 docendum,
2610 2075 2676 2127 ad
2713 2075 3100 2148 increpandam
3126 2122 3141 2147 ,
3176 2084 3241 2139 ad
3273 2084 3477 2142 doctri-

1905 2172 2028 2210 nam
2052 2174 2173 2226 quae
2201 2169 2284 2214 est
2316 2163 2369 2215 in
2401 2162 2631 2232 justitia.
2666 2184 2684 2217 t
2718 2167 2856 2233 Quid
2899 2186 3029 2240 ergo
3056 2172 3250 2229 habeat
3277 2177 3328 2230 iu
3356 2193 3479 2235 sese

1903 2249 2004 2302 ista
2033 2249 2334 2318 Scriptura,
2362 2269 2522 2322 quant
2549 2257 2666 2310 sine
2693 2259 2854 2313 dubio
2881 2271 2934 2316 et
2961 2263 3129 2332 ipsitn:
3157 2265 3476 2335 inspiratam

1903 2338 2160 2395 divinitus
2199 2341 2559 2410 confitemur,
2591 2346 2732 2413 quod
2767 2348 2922 2403 nobis
2956 2351 3022 2403 ad
3050 2351 3355 2409 doctrinam
3387 2369 3478 2411 ce-

1903 2431 2029 2496 dat,
2063 2433 2208 2502 quod
2240 2435 2308 2488 ad
2341 2435 2792 2506 increpationem,
2824 2442 2967 2507 quod
3007 2445 3074 2499 ad
3108 2445 3474 2516 disciplinam.

1901 2522 2045 2590 quod
2093 2526 2160 2578 ad
2201 2523 2512 2591 justitiam,
2575 2527 2886 2598 diligentius
2933 2545 3016 2588 e5t
3070 2534 3474 2605 inquirendum.

1901 2612 2039 2679 Quid
2070 2616 2214 2668 enim
2255 2617 2411 2671 nobis
2444 2631 2511 2672 ex
2547 2617 2648 2675 hoc
2683 2623 2984 2688 confertur,
3022 2626 3066 2680 si
3101 2627 3345 2697 legamus
3375 2630 3477 2686 hoc

1900 2707 2039 2772 quod
2067 2705 2347 2759 recitatum
2371 2715 2476 2772 est,
2502 2708 2551 2760 id
2584 2719 2684 2774 est,
2708 2714 2849 2778 quod
2877 2731 2896 2763 ι
2923 2715 3188 2783 llcbbora,
3216 2719 3387 2790 inquit
3408 2723 3475 2787 ",

1900 2796 2095 2848 mulier
2124 2799 2493 2867 prophetissa,
2529 2795 2670 2854 uxor
2693 2801 3020 2872 Laphidotb,
3052 2807 3162 2876 ipsa
3193 2809 3474 2880 judicabat

1899 2887 2062 2938 Israel
2099 2887 2185 2941 illo
2223 2899 2489 2958 tempore,
2519 2902 2573 2945 et
2623 2893 2755 2960 ipsa,
2796 2895 2993 2963 inquit,
3035 2899 3277 2956 Debbora
3311 2907 3470 2960 sede-

1900 2976 1988 3028 bat
2022 2978 2122 3029 sub
2168 2977 2344 3047 palma
2397 2980 2539 3034 inter
2571 2984 2802 3038 medium
2859 2986 3049 3054 Ratna,
3086 3003 3141 3045 et
3179 2993 3320 3050 inter
3364 3013 3478 3052 me-

1895 3067 2040 3120 dium
2074 3067 2282 3137 Betltel,
2317 3071 2368 3124 in
2411 3084 2594 3127 monte
2635 3074 2888 3144 Ephrem,
2922 3089 2976 3133 et
3010 3083 3377 3140 ascendebant
3405 3090 3474 3142 ad

209 3164 483 3230 nequitia,
519 3163 901 3233 fornicatione,
939 3169 1190 3235 avaritia,
1226 3169 1413 3238 plenos
1443 3169 1665 3230 invidia,
1701 3169 1792 3220 lto-

1905 3175 2015 3214 eam
2047 3159 2138 3215 filii
2164 3163 2347 3227 Israel,
2381 3174 2437 3217 ttt
2473 3165 2883 3231 judicarentur?
2905 3190 2923 3220 ι
2961 3171 3095 3225 Tum
3121 3175 3317 3231 deinde
3346 3180 3472 3246 quid

210 3255 475 3318 tnicidiis,
525 3259 895 3325 contentione,
938 3260 1096 3323 dolo,
1147 3271 1562 3327 susurratores,
1613 3261 1794 3315 detra-

203 3361 422 3415 Ctores,
460 3349 570 3405 Deo
603 3351 852 3415 odibiles,
885 3355 1334 3421 contumeliosos,
1369 3357 1654 3422 superbos,
1683 3357 1796 3411 elato

208 3449 332 3506 tos,
362 3443 678 3511 parentibus
711 3459 814 3498 non
850 3446 1189 3510 obedientes,
1234 3448 1640 3517 incompositos,
1679 3449 1796 3503 sine

204 3531 440 3597 aﬂ'ectu,
472 3536 590 3588 sine
621 3536 984 3591 misericordia
1013 3537 1080 3593 ⁸⁵.
1107 3558 1126 3590 ι
1151 3537 1312 3592 Vides
1332 3540 1422 3607 qui
1448 3540 1556 3593 sint
1587 3552 1639 3593 et
1663 3555 1796 3609 qua-

204 3625 300 3681 les
331 3629 419 3694 qui
451 3629 735 3682 traduntur
762 3629 814 3680 in
846 3630 1131 3697 reprobuut
1162 3648 1403 3697 sensum,
1435 3634 1525 3702 qui
1561 3632 1790 3686 tradun-

208 3729 311 3773 tur
336 3719 490 3773 Jabin
514 3722 738 3789 principi
768 3721 1228 3777 Chanaumoruut.

289 3811 455 3882 568
489 3812 541 3865 4.
586 3831 603 3862 t
632 3813 698 3866 Et
741 3815 991 3882 princeps
1019 3855 1032 3878 ,
1066 3816 1241 3883 inquit
1280 3816 1347 3880 “,
1388 3816 1593 3871 militia:
1637 3816 1792 3872 Jabiu

203 3915 330 3958 erat
383 3905 588 3971 Sisara,
634 3915 686 3957 et
726 3904 839 3972 ipse
873 3907 1148 3960 habitabat
1183 3907 1237 3960 in
1277 3908 1494 3964 Arisoth
1531 3911 1793 3976 gentium,

203 4003 268 4046 cl.
299 4003 448 4045 erant
484 3995 532 4047 ei
565 3995 820 4062 nongenti
874 4010 1066 4048 currus
1103 3995 1291 4052 ferrei.
1329 3998 1396 4050 Et
1427 3999 1797 4052 clatnaverunt

203 4084 288 4138 ad
320 4085 598 4138 Dominum
638 4085 730 4138 lilii
764 4081 949 4140 lsr'ael.
981 4106 998 4138 ι
1037 4087 1210 4139 Etiam
1242 4097 1298 4142 et
1324 4088 1375 4141 in
1409 4090 1512 4142 hoc
1543 4090 1795 4143 similiter

201 4178 307 4234 illa
338 4194 498 4246 quam
551 4182 803 4246 superius
859 4183 1283 4252 designavimus,
1334 4185 1645 4238 observatio
1695 4202 1792 4238 cu-

199 4274 468 4334 smditur,
495 4273 620 4341 quia
652 4274 901 4326 nesciunt
921 4275 1158 4329 clamare
1185 4277 1250 4328 ad
1283 4277 1564 4330 Dominum
1593 4277 1686 4331 filii
1720 4277 1795 4331 ls-

201 4362 330 4418 rael
363 4363 464 4416 nisi
509 4378 628 4416 cum
672 4364 856 4416 traditi
899 4364 1100 4420 fuerint
1147 4367 1198 4419 in
1247 4383 1439 4422 manus
1477 4366 1679 4433 Jahin,
1711 4366 1794 4422 vel

198 4473 338 4515 cum
387 4457 564 4512 afflicti
597 4474 694 4526 per
736 4459 852 4524 ejus
895 4459 1100 4512 militia:
1145 4460 1444 4528 principem
1496 4458 1738 4513 Sisaram
1773 4499 1786 4521 ,

1900 3253 2053 3308 nobis
2092 3255 2415 3312 eruditionis
2442 3297 2457 3321 ,
2510 3269 2605 3311 aut
2656 3259 2921 3316 doctrina:
2951 3303 2966 3327 ,
3006 3274 3096 3318 aut
3141 3266 3363 3334 justitite
3409 3285 3472 3324 ea

1897 3345 2184 3400 conferunt
2227 3362 2347 3417 qua:
2379 3359 2682 3418 sequuntur
2709 3391 2722 3415 ,
2770 3352 2851 3406 vel
2905 3354 2971 3407 de
3009 3353 3214 3410 Barach
3238 3399 3251 3422 ,
3292 3360 3374 3414 vel
3407 3363 3476 3417 de

1896 3436 2072 3501 Jahel,
2104 3438 2184 3491 vel
2216 3439 2379 3493 etiam
2415 3441 2480 3494 de
2516 3441 2700 3495 Sisara
2741 3445 2875 3498 duce
2905 3445 3107 3500 militiae
3133 3445 3334 3501 λώίηἳ

1964 3527 2020 3582 2.
2058 3528 2347 3584 Videamus
2383 3545 2514 3600 ergo
2543 3545 2610 3584 ne
2640 3531 2778 3585 forte
2812 3547 2910 3600 per
2957 3535 3072 3608 hate
3111 3535 3336 3606 dignum
3367 3539 3471 3593 ali-

1896 3624 2022 3692 quid
2053 3624 2188 3678 sicut
2220 3634 2270 3678 et
2297 3623 2593 3692 Scripturis
2629 3627 2862 3690 caeteris,
2897 3628 2964 3681 de
2991 3632 3352 3686 sacramentis
3381 3648 3469 3688 se-

1897 3716 2224 3769 cretioribus
2259 3717 2575 3770 doceamur.
2609 3715 2795 3772 Primo
2821 3717 2922 3772 hoc
2943 3719 3148 3787 ipsum,
3177 3723 3319 3791 quod
3348 3737 3469 3779 cum

1897 3806 2111 3875 plurimi
2142 3806 2353 3875 judices
2387 3807 2487 3860 viri
2533 3808 2583 3861 in
2623 3808 2786 3863 Israel
2819 3807 2990 3864 fuisse
3030 3811 3374 3881 referuntur,
3405 3815 3473 3870 de

1898 3897 2042 3950 nullo
2077 3897 2295 3951 illorum
2332 3898 2553 3965 dicitur,
2588 3900 2712 3968 quia
2747 3901 3011 3970 propheta
3047 3901 3242 3969 fuerit,
3273 3905 3372 3960 nisi
3405 3907 3472 3962 de

1896 3987 2141 4042 Debbora
2181 3989 2429 4044 muliere.
2469 3990 2698 4046 Praestat
2728 4003 2781 4044 et
2809 3993 2861 4046 in
2907 3994 3008 4047 hoc
3039 4010 3141 4048 non
3189 3997 3468 4052 minimam

1893 4081 2321 4135 consolationem
2355 4081 2642 4138 mulierum
2695 4082 2847 4138 sexui
2898 4086 3062 4138 etiam
3095 4087 3266 4153 prima
3304 4087 3473 4158 ipsius

1895 4175 2092 4230 litterae
2123 4175 2290 4231 facies
2311 4218 2326 4243 ,
2377 4187 2431 4232 et
2462 4188 2722 4246 provocat
2771 4195 2862 4235 eas
2896 4182 2971 4236 uti
3005 4198 3344 4252 nequaquam
3374 4202 3473 4257 pro

1894 4271 2210 4327 infirmitate
2231 4287 2395 4327 sexus
2431 4273 2722 4341 desperent
2758 4276 2920 4328 etiam
2960 4278 3256 4345 prephctia:
3282 4280 3471 4347 gratia

1895 4380 2121 4434 capaces
2159 4380 2219 4420 se
2259 4367 2371 4420 lieri
2410 4380 2586 4435 posse,
2621 4367 2715 4421 sed
2769 4369 3110 4438 intelligant,
3148 4380 3201 4423 et
3245 4373 3472 4426 credant

1893 4457 2036 4523 quod
2081 4465 2320 4509 meretur
2357 4456 2496 4511 hanc
2548 4459 2782 4527 gratiam
2834 4460 3044 4527 puritas
3081 4462 3312 4525 mentis,
3361 4479 3466 4517 non

207 4567 230 4600 ι
265 4550 356 4603 cui
384 4559 556 4613 erant,
587 4551 778 4619 inquit,
809 4551 1064 4619 nongenti
1097 4565 1294 4605 currus
1325 4550 1510 4616 ferrei,
1542 4569 1560 4600 ι
1591 4551 1788 4618 quibus
1821 4537 1864 4590 Ῑ)
1895 4548 2182 4601 diversitas
2211 4563 2395 4602 sexus.
2429 4549 2534 4602 Sed
2569 4549 2848 4602 videamus
2878 4551 3009 4618 quid
3039 4552 3202 4604 etiam
3249 4553 3470 4606 interio-

197 4642 424 4699 SCilicet
469 4642 798 4711 affligeretur
842 4642 1068 4712 populus
1102 4642 1250 4695 dura:
1298 4642 1548 4696 cervicis.
1600 4643 1784 4695 Sisara

196 4749 395 4793 autem
444 4740 832 4810 interpretatur
879 4743 1006 4796 visio
1039 4742 1156 4811 equi
1189 4739 1321 4811 (65).
1377 4739 1484 4794 Iste
1521 4750 1603 4792 est
1641 4741 1783 4793 enim

195 4829 506 4895 animalis,
542 4848 644 4884 non
677 4832 957 4900 spiritalis,
988 4834 1080 4901 qui
1124 4847 1228 4885 non
1266 4831 1405 4886 videt
1438 4831 1541 4884 nisi
1575 4846 1637 4883 ea
1666 4847 1786 4900 qua:

195 4922 465 4977 animalis
491 4934 636 4979 sunt.
662 4925 779 4992 Ipse
803 4934 888 4979 est
917 4923 1034 4991 ejus
1059 4925 1216 4988 visio,
1246 4925 1359 4993 ipse
1387 4938 1598 4993 semper
1621 4924 1786 4977 intui-

197 5023 321 5070 tus.
358 5015 422 5068 Et
459 5017 580 5071 ideo
610 5033 821 5088 semper
873 5018 1126 5072 animalis
1174 5020 1336 5073 homo
1361 5056 1376 5084 ,
1410 5027 1465 5072 et
1502 5019 1548 5071 is
1583 5019 1674 5086 qui
1705 5031 1791 5072 se-

197 5109 449 5163 cundum
477 5125 698 5165 carnem
729 5121 834 5176 est,
861 5113 1210 5182 persequitur
1232 5126 1352 5165 eum
1377 5112 1465 5180 qui
1491 5110 1788 5165 secundum

196 5201 463 5271 spiritum
497 5212 605 5267 est,
645 5205 820 5258 donec
853 5205 1116 5273 spiritalis
1144 5204 1444 5271 intelligat,
1485 5212 1540 5256 et
1583 5201 1785 5257 exami-

197 5301 306 5346 net
328 5293 511 5347 omnia
541 5293 668 5356 ",et
699 5297 965 5368 intelligat
997 5298 1142 5352 unde
1168 5299 1270 5351 sibi
1303 5296 1376 5351 sit
1402 5294 1659 5348 auxilium
1695 5294 1789 5347 de-

195 5388 540 5442 nosceudum
565 5429 579 5452 ,
612 5399 666 5442 et
700 5389 898 5443 clamet
928 5392 993 5442 ad
1028 5390 1310 5443 Dominum
1341 5404 1353 5439 :
1393 5389 1563 5442 donec
1591 5387 1786 5439 anima:

281 5481 327 5510 ‘3
357 5487 482 5537 Use.
543 5497 666 5540 vttt.
703 5482 759 5535 4.
875 5483 921 5514 ⁸⁵
949 5484 1111 5536 Amos
1143 5497 1262 5547 vin,
1317 5481 1399 5534 II.

193 5550 250 5582 “
277 5549 317 5602 ll
349 5549 491 5605 Tim.
524 5568 602 5615 Ill,
624 5552 710 5605 16.
786 5551 830 5584 ⁸⁵³
857 5551 979 5607 Jud.
1013 5569 1088 5618 ιν,
1119 5552 1172 5619 4,
1211 5553 1262 5607 5.

281 5648 394 5717 (62)
439 5647 598 5701 Jabin
629 5661 804 5703 autem
854 5651 1236 5716 interpretatur
1267 5664 1448 5702 sensus
1495 5647 1601 5700 sive
1648 5661 1777 5714 pru-

191 5720 411 5774 dentia.
452 5721 490 5771 A
525 5727 613 5804 ῃιι
641 5739 658 5771 t
695 5719 1013 5788 intelligere,
1052 5720 1271 5772 sentire.
1306 5737 1324 5769 ι

282 5810 398 5881 (65)
427 5809 610 5864 Sisara
643 5820 816 5862 autem
855 5810 1231 5861 interpretatur
1269 5809 1397 5864 visio
1422 5809 1562 5873 equi.
1594 5808 1631 5861 A
1665 5817 1783 5868 mn

569 5907 842 5965 I’ATBOL.
886 5903 1002 5964 Gn.
1053 5904 1191 5966 XII.

1508 5480 1555 5512 ⁸⁵
1596 5479 1754 5532 Rom.
1782 5492 1796 5530 ι
1827 5517 1840 5540 ,
1891 5473 2088 5529 28-51.

1340 5552 1384 5584 ⁵ο
1416 5550 1560 5607 Psal.
1593 5567 1741 5612 cxtx,
1770 5536 1916 5601 105.
1972 5544 2014 5575 δ’
2037 5540 2180 5596 Psal.
2208 5553 2322 5600 xix,
2357 5536 2444 5588 II.

1900 4641 1973 4692 ris
2023 4639 2392 4708 intelligentia:
2445 4638 2676 4706 respirat
2723 4654 3005 4692 arcanuut.
3057 4639 3302 4694 Dehbora
3355 4645 3469 4711 apis

1897 4733 2284 4802 interpretatur
2314 4732 2430 4785 sive
2479 4731 2687 4801 loquela
2716 4728 2852 4802 (64).
2887 4730 2992 4786 Sed
3039 4733 3150 4802 jam
3196 4745 3249 4787 et
3285 4734 3335 4787 in
3379 4749 3472 4788 su-

1895 4824 2195 4892 perioribus
2221 4823 2455 4876 diximus
2491 4823 2634 4892 quod
2665 4821 2909 4876 Debbora
2939 4823 2989 4875 in
3027 4824 3320 4893 prophetiae
3357 4824 3468 4878 for-

1895 4934 1980 4971 tna
2016 4916 2328 4985 accipienda
2365 4917 2470 4979 sit,
2513 4929 2635 4984 qua:
2664 4924 2743 4969 est
2777 4917 2913 4986 apis.
2954 4918 3178 4972 Certum
3231 4932 3468 4986 namque

1892 5019 1974 5064 cst
2012 5011 2154 5077 quod
2185 5009 2360 5062 omnis
2389 5007 2676 5076 prophetia
2710 5022 2903 5062 suaves
2933 5009 3178 5062 caelestis
3209 5009 3466 5062 doctrina:

1897 5103 2086 5163 favos,
2127 5108 2181 5153 et
2227 5098 2406 5152 dulcia
2468 5097 2638 5151 divini
2691 5096 2887 5167 eloquii
2943 5099 3098 5150 mella
3150 5107 3463 5166 comportat.

1893 5193 2046 5248 Unde
2096 5202 2150 5244 et
2185 5190 2352 5243 David
2390 5191 2620 5243 canebat
2655 5189 2843 5245 dicens
2893 5189 2972 5242 '°:
3012 5208 3030 5241 ε
3069 5189 3238 5255 Quam
3285 5188 3462 5242 dulcia
3531 5267 3540 5273 ν

1889 5287 2135 5341 faucibus
2166 5283 2302 5338 meis
2341 5282 2556 5351 eloquia
2591 5291 2710 5349 tua,
2753 5297 2917 5350 super
2950 5280 3053 5334 mel
3085 5291 3139 5334 et
3170 5282 3348 5334 favum
3378 5281 3462 5335 ori

1892 5393 2032 5433 meo.
2061 5397 2078 5428 ι
2114 5377 2181 5430 Ει
2208 5376 2400 5429 iterum
2428 5371 2554 5426 alibi
2581 5371 2709 5426 dicit
2736 5371 2802 5437 ⁸¹,
2825 5370 3025 5438 judicia
3058 5370 3145 5422 Dei
3179 5385 3198 5418 ι
3225 5369 3459 5438 pretiosa

2192 5468 2237 5500 "
2282 5465 2405 5519 Jud.
2464 5480 2538 5527 tv,
2587 5461 2641 5529 2,
2698 5461 2752 5514 5.
2895 5459 2938 5490 ⁸⁷
2995 5458 3013 5510 I
3062 5458 3186 5512 Cur.
3245 5472 3304 5522 ιι,
3369 5457 3457 5512 15.

1893 5658 1912 5692 ι
1949 5639 2084 5692 vidit
2107 5655 2125 5686 ι
2161 5644 2216 5686 et
2248 5641 2351 5692 βῚο
2398 5648 2416 5680 ι
2445 5643 2634 5698 equus.
2667 5645 2685 5676 ι

1962 5730 2072 5801 (64)
2110 5726 2348 5801 Debbora
2373 5722 2485 5783 apis
2527 5722 2904 5801 interpretatur
2929 5716 3034 5801 sive
3063 5713 3288 5783 loquela.
3327 5711 3458 5784 Apis

1892 5789 2117 5865 ετξ-ττι,
2173 5799 2387 5870 loquela
2416 5810 2446 5848 a
2499 5800 2611 5847 321
2649 5807 2665 5838 ‹
2713 5789 2921 5842 locutus
2948 5794 3051 5838 est.
3100 5806 3116 5835 ι»

3023 5880 3094 5938 3i
