3870 6508
441 346 539 402 971

1892 344 2215 403 ORIGENIS
3590 346 3680 404 972

440 475 562 515 esse
594 473 756 530 super
784 471 973 514 aurum
1005 497 1019 522 ,
1056 466 1110 512 et
1142 457 1375 528 lapidem
1406 459 1704 528 pretiosum
1735 456 1964 514 multum
1992 498 2006 524 ,
2038 463 2087 521 Α
2113 471 2237 513 cum
2269 457 2554 528 prophetia
2604 457 2802 514 falsum
2853 466 2958 516 est.
3001 459 3121 515 Non
3165 459 3313 515 enim
3348 459 3523 514 secuti
3574 472 3680 517 sunt

439 560 492 606 et
521 551 761 606 dulciora
793 563 954 618 super
981 549 1085 603 mel
1115 558 1169 604 et
1197 547 1398 604 favum.
1449 568 1468 601 ι

511 643 564 695 '5.
601 641 706 695 Sed
732 650 784 695 et
809 640 939 694 illud
967 641 1396 706 consideremus,
1427 641 1514 695 ubi
1550 641 1791 696 residere
1814 641 2012 696 dicitur

442 733 743 804 prophetia,
778 743 832 786 et
863 732 951 786 ubi
993 731 1144 786 locus
1170 718 1286 800 ejus
1313 746 1432 787 esse
1457 732 1810 787 describitur.
1848 751 1867 784 ι
1901 732 2012 788 Sub

443 825 641 892 palma,
678 822 853 890 inquit
880 823 948 887 δ’,
979 823 1118 878 inter
1148 823 1383 878 medium
1414 822 1607 888 Rama,
1641 833 1696 878 et
1735 823 1875 877 inter
1902 837 2014 878 me-

444 915 589 967 dium
627 912 831 967 Bethel.
858 931 875 964 ›
913 911 1024 967 Sub
1061 911 1238 982 palma
1274 914 1454 966 sedem
1501 913 1663 967 habet
1691 913 1968 982 prophetia
1995 952 2010 976 ,

444 1005 566 1074 quia
603 1022 621 1054 ι
645 1003 839 1071 justus,
869 1003 1041 1072 inquit
1068 1003 1233 1058 David
1257 1004 1325 1067 ⁵³,
1359 1004 1497 1057 sicut
1521 1004 1696 1073 pahna
1723 1003 1957 1069 florebit,
1989 1023 2006 1055 ι

442 1114 539 1167 per
571 1099 673 1151 hoc
706 1097 847 1162 quod
879 1097 990 1150 suis
1021 1095 1448 1150 institutionibus
1478 1096 1750 1148 eruditum
1783 1097 2014 1164 prophe-

444 1190 514 1241 tia
551 1187 797 1256 perducit
831 1187 896 1240 ad
931 1186 1163 1256 palmam
1199 1201 1443 1255 supernae
1477 1185 1777 1240 vocationis
1811 1186 1922 1250 Dei,
1960 1186 2010 1239 in

439 1279 658 1333 Christo
701 1277 826 1332 Jesu
862 1278 1090 1333 Domino
1125 1287 1330 1333 nostro.
1372 1279 1520 1333 inter
1567 1280 1799 1334 medimn
1832 1289 2011 1333 autem

445 1370 634 1433 iiatua,
667 1378 720 1422 et
756 1369 897 1422 iuler
928 1368 1163 1423 medium
1201 1369 1389 1423 Bethel
1433 1370 1620 1422 sedere
1654 1371 1875 1424 dicitur.
1906 1369 2016 1422 Ra-

442 1478 527 1516 nta
558 1463 944 1528 interpretatur
965 1459 1190 1524 excelsa,
1211 1459 1395 1512 Dethcl
1419 1461 1602 1513 domus
1638 1460 1729 1513 Dei
1758 1460 1891 1531 (65).
1926 1460 2016 1514 Vi-

439 1555 560 1608 dete
584 1553 636 1605 in
665 1551 861 1620 quibus
888 1550 1019 1605 locis
1046 1549 1283 1605 residere
1309 1551 1505 1602 dicitur
1534 1552 1840 1620 prophetia,
1873 1553 2014 1606 inter

440 1642 654 1698 excelsa
705 1650 760 1696 et
804 1641 1021 1694 domum
1074 1641 1187 1694 Dei.
1241 1639 1383 1693 Nihil
1415 1640 1558 1694 enim
1607 1641 1850 1709 humile,
1881 1644 2015 1698 nihil

440 1733 738 1802 dejectum,
780 1729 913 1784 nihil
943 1730 1049 1784 vile
1081 1744 1206 1800 erga
1241 1731 1538 1800 prophetiae
1569 1733 1751 1787 sedem
1788 1737 2014 1803 reperiri

2115 552 2481 622 prophetiam,
2504 561 2562 606 ut
2591 554 2878 608 crederent
2900 553 2948 608 ei
2974 555 3040 609 de
3063 569 3170 624 quo
3209 553 3391 609 omnis
3421 555 3680 623 prophetia

2117 645 2432 713 praescripta
2462 652 2544 700 est
2578 660 2606 698 a
2632 644 2872 701 Christo.
2938 645 3237 717 Propterea
3284 662 3420 714 ergo
3453 648 3585 702 dicit
3622 647 3695 724 ad,

2118 753 2240 792 eum
2276 738 2522 792 Debbora
2561 739 2608 770 ⁸³
2640 757 2651 791 :
2697 756 2715 788 ι
2745 737 2836 792 Ibo
2878 748 3076 794 tecum.
3112 737 3509 793 Verumtamen
3540 741 3679 802 scito,

2119 825 2243 890 quia
2271 840 2378 879 non
2413 825 2517 880 erit
2558 825 2826 894 primatus
2853 835 2977 882 tuus
3013 827 3066 881 in
3097 828 3181 882 via
3214 830 3320 883 hac
3351 843 3518 898 quam
3555 829 3678 882 ince-

2120 915 2222 979 dis,
2247 916 2338 970 sed
2361 916 2413 971 in
2439 932 2599 970 manu
2623 916 2867 970 mulieris
2893 918 3069 971 tradet
3098 917 3358 972 Deminus
3385 917 3641 970 Sisaram.
3662 938 3678 968 ι

2123 1002 2416 1058 Evidenter
2446 1006 2684 1060 ostendit
2712 1006 2838 1074 quia
2883 1021 2988 1060 non
3025 1008 3134 1060 erit
3175 1008 3316 1075 apud
3350 1007 3504 1060 illum
3533 1023 3679 1076 popu-

2121 1093 2229 1147 lum
2261 1095 2550 1162 primatus,
2585 1108 2685 1149 nec
2715 1095 3052 1164 permanebit
3105 1097 3242 1165 apud
3289 1111 3414 1150 eum
3462 1097 3684 1151 victoria:

2123 1186 2321 1254 palma,
2368 1187 2460 1240 sed
2513 1188 2565 1240 in
2616 1201 2778 1241 manu
2811 1187 3089 1255 mulieris,
3141 1187 3226 1242 cui
3283 1204 3481 1243 nomen
3528 1187 3684 1251 labri,

2129 1280 2377 1332 tradetur
2403 1279 2612 1333 Sisara.
2644 1279 2981 1334 Describitur
3011 1290 3191 1335 autem
3223 1283 3370 1350 quod
3402 1286 3686 1336 secundum

2125 1370 2600 1423 commonitionem
2640 1370 2923 1434 Debborae,
2976 1373 3026 1424 id
3065 1354 3509 1442 est'prophetim,
3561 1374 3686 1428 inse-

2123 1470 2382 1530 queretur
2416 1461 2623 1515 Barach
2650 1463 2949 1532 principem
2972 1464 3384 1534 Allophylorum
3424 1465 3687 1520 Sisaram:

2124 1562 2177 1607 et
2211 1554 2322 1622 ipse
2350 1554 2563 1622 quidem
2587 1569 2711 1607 eunt
2741 1557 3208 1623 comprehendere
3238 1572 3346 1610 non
3380 1559 3580 1625 potuit,
3607 1558 3687 1613 Sed

2125 1648 2367 1700 occurrit
2405 1647 2451 1701 ei
2501 1645 2726 1717 fugienti
2787 1648 2982 1702 mulier
3023 1649 3331 1716 alienigena
3363 1648 3558 1713 Jahel,
3587 1667 3691 1718 qua:

2125 1737 2318 1791 mulier
2346 1738 2496 1807 prius
2545 1753 2666 1792 cum
2701 1752 2766 1792 eo
2795 1740 3160 1794 amicitiarum
3202 1740 3384 1794 fcedus
3419 1741 3686 1796 habuerat.

440 1832 617 1893 potest
648 1845 658 1875 ;
693 1820 835 1874 sicut
860 1828 914 1874 et
943 1819 1197 1873 Salomon
1232 1820 1583 1875 nihilominus
1613 1824 1894 1892 sapientiae
1923 1841 2011 1879 se-
2047 1824 2089 1882 Β
2118 1827 2196 1881 Ad
2236 1843 2396 1897 quam
2426 1827 2512 1881 ille
2538 1844 2663 1882 cum
2692 1827 3020 1884 declinasset
3050 1829 3250 1884 latendi
3275 1831 3483 1900 gratia,
3514 1845 3686 1900 aquam

440 1914 563 1968 dem
608 1912 921 1967 describens
947 1950 962 1976 ,
996 1911 1129 1966 dicit
1161 1911 1226 1966 de
1252 1927 1333 1978 ea,
1369 1915 1511 1982 quod
1544 1914 1626 1970 vel
1656 1916 1706 1969 in
1739 1919 1907 1986 portis
1938 1920 2014 1974 ei-

438 2005 665 2059 vitatum
701 2001 946 2068 assistat,
980 2002 1064 2056 vel
1098 2004 1150 2057 iu
1182 2017 1460 2059 murorum
1487 2006 1756 2063 mtenibus
1788 2011 2014 2078 habitet,

438 2095 522 2148 vel
580 2093 632 2146 in
669 2093 790 2147 altis
841 2093 1082 2149 turribus
1133 2095 1303 2150 libere
1345 2106 1486 2164 agat.
1527 2097 1640 2152 Hoc
1683 2114 1813 2170 ergo
1860 2104 2016 2156 modo

439 2185 742 2256 prophetia,
785 2199 904 2256 qua:
941 2201 1084 2238 nunc
1122 2186 1174 2240 in
1214 2187 1459 2241 Debbora
1497 2191 1844 2258 describitur,
1877 2194 2017 2248 inter

438 2275 654 2328 domum
688 2274 808 2340 Dei,
838 2283 893 2328 et
927 2275 1072 2330 inter
1103 2277 1319 2333 excelsa
1363 2279 1565 2332 dicitur
1594 2281 1864 2338 habitare.
1900 2284 2012 2339 Non

438 2366 580 2419 enim
612 2381 710 2420 nos
761 2366 919 2420 docet
959 2383 1077 2437 qua:
1108 2383 1273 2437 super
1305 2381 1501 2424 terram
1556 2381 1679 2428 sunt
1729 2390 1972 2444 qumrere
1996 2417 2012 2441 ,

436 2459 530 2511 sed
557 2472 675 2526 quae
705 2457 756 2511 in
785 2458 942 2512 caelis
974 2467 1101 2512 sunt
1124 2469 1178 2513 et
1208 2459 1260 2514 in
1291 2463 1543 2528 excelsis,
1594 2483 1611 2516 t
1643 2465 1729 2520 ubi
1769 2467 2014 2523 Christus

407 2549 520 2602 'est
564 2549 618 2600 in
657 2548 846 2602 dextra
877 2549 970 2603 Dei
1001 2549 1195 2604 sedens
1234 2552 1316 2607 5*:
1352 2572 1370 2604 ι
1426 2554 1553 2609 illuc
1599 2572 1694 2610 nos
1734 2559 2014 2628 prophetia

444 2638 702 2692 hortatur
746 2639 1081 2705 ascendere,
1123 2640 1250 2698 illuc
1306 2643 1600 2714 discipulos
1647 2648 1862 2702 molitur
1912 2649 2013 2705 im-

437 2743 663 2798 ponere.

508 2822 562 2876 5.
607 2822 731 2878 llaec
780 2837 908 2894 ergo
943 2822 1120 2894 primo
1165 2825 1429 2892 omnium,
1467 2827 1738 2898 inquit”,
1793 2849 1812 2884 ι
1843 2835 2010 2902 misit,

437 2926 491 2969 et
532 2915 747 2968 vocavit
790 2917 858 2969 ad
905 2931 964 2970 se
1014 2914 1242 2971 Barach.
1296 2937 1316 2970 ι
1368 2919 1575 2975 Barach
1623 2923 2014 2994 interpretatur

439 3007 737 3059 coruscatio
774 3007 907 3077 (66).
941 3006 1261 3063 Coruscatio
1289 3024 1418 3065 vero
1444 3022 1526 3065 est
1555 3029 1674 3082 quae
1709 3016 1869 3082 habet
1898 3018 2014 3087 qui-

437 3098 558 3150 dem
619 3096 827 3160 lucem,
886 3097 979 3151 sed
1032 3113 1138 3151 non
1197 3111 1522 3155 manentem.
1591 3105 1670 3158 Ad
1744 3107 2009 3162 modicqu

435 3185 600 3258 £69
657 3188 802 3240 enim
851 3189 1108 3256 temporis
1162 3190 1466 3257 resplendet
1527 3203 1582 3247 et
1639 3195 1858 3252 desiuit.
1916 3173 2084 3256 llicc

434 3290 563 3344 ergo
609 3274 814 3328 Buraclt
848 3277 981 3329 mihi
1034 3277 1245 3330 videtur
1293 3278 1523 3334 formam
1573 3296 1766 3351 gerere
1823 3289 2010 3356 populi

436 3365 658 3434 prioris,
692 3366 780 3434 qui
814 3366 986 3434 primo
1019 3367 1261 3421 omnium
1298 3384 1392 3437 per
1422 3373 1760 3441 prophetiam
1789 3388 2014 3435 vocatus

437 3465 541 3520 est,
570 3464 624 3509 et
654 3455 915 3510 invitatur
947 3455 1012 3510 ad
1040 3458 1307 3511 audienda
1338 3461 1558 3529 eloquia
1590 3466 1704 3535 Dei,
1731 3477 1786 3522 et
1817 3470 2013 3526 divina:

436 3545 571 3614 legis
596 3561 818 3600 munera
853 3549 1141 3617 capienda,
1184 3552 1276 3620 qui
1316 3554 1802 3628 rel'ulsitquidem,
1845 3571 1900 3618 et
1946 3565 2013 3618 ad

435 3637 570 3707 legis
610 3639 954 3708 Splendorem
992 3640 1059 3694 ad
1099 3644 1266 3700 breve
1302 3655 1513 3717 tempus
1551 3655 1883 3718 coruscavit,
1916 3657 2010 3712 sed

437 3742 543 3782 non
600 3730 688 3784 diu
750 3731 1074 3798 permansit,
1138 3749 1237 3790 nec
1290 3740 1605 3795 continuum
1653 3743 1789 3798 lucis
1838 3747 2014 3814 potuit

436 3821 690 3876 obtinuere
726 3823 1012 3894 fulgorem.
1058 3828 1193 3883 Cum
1235 3846 1363 3902 ergo
1396 3834 1621 3890 dixisset
1662 3837 1909 3894 Debbora
1943 3844 2011 3894 ad

433 3908 666 3996 Baraeh,
697 3911 747 3965 id
775 3923 857 3968 est
881 3916 1164 3985 prophetia
1196 3919 1262 3973 ad
1302 3921 1539 3989 priorem
1569 3925 1845 3991 pupulum,
1883 3929 2008 3996 quia

441 4017 462 4051 ι
497 3995 880 4074 tibi'praecepit
911 4007 1169 4064 Dominus
1197 4011 1336 4067 Deus
1368 4013 1529 4069 lsrael
1555 4055 1570 4080 ,
1601 4027 1652 4069 et
1686 4028 1736 4070 tu
1780 3995 2012 4074 ascende

435 4092 488 4146 in
529 4103 762 4148 montem
801 4095 1039 4165 Thabor,
1098 4110 1151 4154 et
1208 4104 1396 4172 accipe
1448 4107 1635 4160 decem
1688 4109 1855 4162 millia
1897 4111 2008 4181 (67)

433 4184 678 4238 virorum
736 4188 807 4252 ⁵⁸,
838 4208 856 4240 ›
914 4199 966 4243 et
1015 4193 1219 4261 reliqua
1273 4210 1391 4264 quae
1447 4199 1650 4267 scripta
1681 4211 1842 4265 sunt,
1880 4204 2010 4271 quid

431 4279 778 4345 responderit
807 4279 1020 4334 Barach
1057 4298 1120 4336 ex
1153 4301 1386 4352 persona
1429 4290 1607 4357 populi
1662 4291 1728 4343 ad
1766 4296 2008 4362 prophe-

434 4369 564 4421 tiam
618 4371 940 4426 videamus:
977 4391 996 4424 ι
1026 4373 1142 4429 Non
1172 4417 1186 4441 ,
1225 4378 1398 4445 inquit
1437 4379 1504 4442 ⁵⁷,
1564 4384 1876 4452 ascendam,
1903 4385 2006 4440 nisi

433 4469 486 4513 tu
512 4465 821 4519 ascenderis
846 4480 1079 4530 mecum,
1114 4470 1240 4538 quia
1273 4471 1456 4525 nescio
1494 4473 1635 4527 diem
1665 4475 1715 4527 in
1744 4489 1846 4543 qua
1881 4476 2006 4529 mit-

434 4561 509 4605 tet
549 4554 807 4632 Dominus
861 4561 1110 4629 angelum
1154 4578 1310 4616 suum
1363 4579 1634 4620 mecum.»
1685 4565 1844 4622 Vides
1879 4583 2007 4638 ergo

432 4647 704 4710 quomodo
754 4649 860 4704 illis
895 4653 1171 4720 prioribus
1216 4657 1500 4723 prophetia
1551 4655 1746 4710 detulit
1787 4657 2004 4727 eloquia

432 4733 550 4798 Dei,
582 4747 636 4790 et
679 4739 783 4793 illis
816 4743 946 4796 dicit
985 4744 1106 4797 data
1140 4759 1261 4800 esse
1290 4757 1554 4817 praecepta
1604 4756 1660 4801 ut
1704 4751 2007 4804 ascendant

432 4824 485 4878 in
513 4824 746 4881 montem
775 4846 786 4880 :
826 4833 919 4885 sed
944 4847 1204 4891 excusant
1243 4846 1296 4892 et
1324 4839 1528 4903 dicunt,
1550 4839 1666 4894 Non
1694 4843 2006 4907 ascendam,

437 4917 538 4968 nisi
562 4919 876 4974 ascenderis
914 4932 966 4977 et
1017 4934 1071 4978 tu
1119 4941 1354 4982 mecum.
1419 4928 1486 4982 Et
1525 4931 1595 4983 de
1653 4933 2007 4987 excusatione

431 5009 649 5076 quidem
677 5024 861 5062 verum
905 5022 1006 5078 est,
1066 5018 1157 5069 sed
1207 5018 1275 5071 de
1329 5020 1756 5082 repromissione
1808 5021 2005 5078 falsum

431 5111 534 5154 est.
593 5102 746 5166 Quod
781 5106 927 5158 enim
959 5121 1062 5161 non
1118 5113 1482 5166 ascenderunt
1523 5113 1574 5166 in
1623 5124 1860 5168 montem
1889 5115 2006 5179 Dei,

432 5206 620 5244 verum
659 5204 774 5260 est;
820 5196 962 5263 quod
1013 5208 1193 5252 autem
1234 5201 1558 5268 pollicentur
1589 5220 1647 5259 se
1687 5221 2010 5262 ascensurus

505 5285 693 5361 {‘Jud.
729 5303 801 5354 ιν,
839 5290 908 5361 5.Δ
986 5291 1030 5321 ⁵³
1056 5291 1198 5346 Psal.
1226 5297 1461 5361 xcu,i2.

430 5354 476 5385 "
506 5355 829 5424 i’sal.xxxn,
887 5359 938 5414 9.
1019 5361 1061 5392 ⁶⁰
1129 5362 1311 5417 Matth.
1341 5354 1446 5432 'vn,
1504 5369 1590 5422 Η.

501 5451 613 5525 (65:)
663 5453 831 5507 [lania
877 5457 1254 5525 interpretatur
1293 5463 1543 5522 excelsa:
1595 5465 1778 5521 Bethel
1819 5472 2005 5524 domus

429 5519 547 5573 Dei.
579 5519 746 5576 Rama
769 5527 984 5580 excelsa
1017 5519 1227 5591 anD‘ﬁ;
1262 5529 1448 5586 Bcthel
1486 5519 1663 5588 autem

431 5625 459 5662 a
481 5621 583 5686 nt:
603 5617 744 5686 quod
777 5628 876 5683 est,
913 5638 930 5668 ‹
962 5622 1172 5686 domus,
1203 5642 1220 5673 ι
1250 5632 1304 5676 et
1327 5608 1398 5681 ΒΝ
1425 5643 1440 5675 ι
1477 5628 1631 5682 Deus.
1663 5648 1682 5680 ι

430 5682 853 5808 ωὲἓέὶὶιῗαιηείι
893 5682 1266 5760 interpretetur
1306 5699 1620 5753 coruscatio.
1651 5699 1831 5780 Ap‘i:
1859 5703 2002 5770 quod

619 5769 661 5808 ‘s
691 5794 703 5807 .

619 5769 703 5809 35L

1541 5299 1586 5329 ⁸⁵
1613 5299 1820 5357 Coloss.
1846 5319 1930 5368 ιιι,
1952 5302 2004 5368 1,
2025 5303 2080 5357 2.

2120 1919 2367 1988 poposcit
2424 1927 2483 1971 ut
2527 1917 2761 1987 biberet,
2797 1920 2892 1973 sed
2923 1919 2991 1974 ab
3024 1919 3114 1973 illa
3165 1920 3313 1976 lacte
3347 1930 3576 1990 potatus
3601 1931 3685 1975 est.

2119 2011 2185 2065 Et
2238 2026 2361 2066 cum
2410 2026 2532 2065 eum
2582 2011 2636 2064 in
2693 2010 2914 2065 latebris
2962 2012 3308 2078 collocasset,
3363 2028 3432 2068 ac
3481 2013 3687 2081 pellibus

2119 2102 2528 2170 adoperuisset,
2568 2109 2690 2169 post
2734 2101 2850 2156 haec
2879 2101 3059 2171 palum
3098 2102 3296 2156 malleo
3327 2103 3583 2156 adactum
3610 2119 3684 2171 per

2119 2189 2235 2258 ejus
2269 2190 2435 2245 malas
2475 2190 2556 2244 vel
2605 2191 2855 2246 maxillas
2881 2191 3092 2246 deﬁxit.
3139 2192 3208 2247 Et
3241 2203 3374 2248 tunc
3415 2209 3686 2248 occurram

2119 2281 2407 2336 insectanti
2465 2280 2672 2337 Barach
2727 2293 3002 2338 mortuum
3063 2284 3178 2352 jam
3245 2297 3304 2340 et
3368 2296 3684 2356 prostratam

2121 2374 2363 2428 ostendit
2395 2372 2656 2428 Sisaram.

2187 2467 2243 2523 5.
2285 2466 2423 2533 Quid
2454 2481 2584 2537 ergo
2614 2469 2768 2523 nobis
2810 2472 3140 2526 sacramenti
3173 2472 3356 2526 omnis
3396 2472 3501 2527 iste
3527 2473 3682 2527 histo-

2118 2559 2212 2613 ria:
2262 2569 2444 2614 textus
2485 2559 2762 2614 ostendit?
2803 2558 2959 2613 Jahel
3020 2561 3216 2616 mulier
3262 2561 3589 2632 alienigena,
3632 2562 3686 2616 de

2116 2665 2222 2719 qua
2258 2651 2540 2720 prophetia
2572 2651 2710 2706 dixit
2732 2651 2872 2722 quod
2899 2652 2951 2705 in
2973 2667 3135 2706 manu
3163 2653 3412 2707 mulieris
3436 2653 3529 2708 ﬁet
3551 2655 3686 2707 vieto-

2118 2743 2221 2808 ria,
2252 2743 2479 2812 figuram
2511 2751 2658 2797 tenet
2679 2741 2953 2807 Ecclesia',
2978 2758 3104 2812 qua
3124 2759 3188 2798 ex
3218 2743 3422 2798 alienis
3453 2744 3681 2813 gentibus

2117 2845 2445 2906 congregata
2496 2844 2601 2891 est.
2637 2835 3034 2906 interpretatur
3081 2847 3264 2892 autem
3315 2836 3472 2892 Jahel
3518 2853 3683 2892 ascra-

2115 2927 2192 2980 sio
2242 2927 2354 2998 (68)
2386 2947 2398 2982 :
2432 2928 2558 2998 quia
2600 2942 2792 2982 revera
2845 2944 2950 2982 non
2995 2938 3073 2984 est
3119 2929 3228 2983 alia
3277 2929 3536 2984 ascensio
3583 2945 3674 2998 qua

2116 3021 2441 3074 ascendatur
2467 3021 2533 3074 ad
2558 3021 2776 3087 ccelum,
2810 3021 2911 3075 nisi
2956 3035 3052 3090 per
3085 3021 3393 3077 Eeclesiam
3429 3021 3680 3076 multifor.

2118 3109 2221 3164 mis
2253 3111 2540 3179 sapientia:
2569 3109 2689 3166 Dei.
2723 3111 2840 3181 Ipsa
2885 3121 2967 3167 est
3000 3127 3155 3180 ergo,
3187 3128 3310 3182 qua:
3347 3113 3478 3166 dttm
3510 3128 3539 3166 a
3575 3129 3682 3168 cor-

2122 3201 2400 3270 poralibus
2454 3203 2520 3256 ad
2571 3203 2840 3272 spiritalia
2866 3243 2880 3270 ,
2930 3213 2981 3258 et
3017 3220 3046 3258 a
3078 3205 3315 3259 terrenis
3347 3203 3590 3258 ascendit
3627 3203 3683 3256 ad

2123 3293 2393 3358 coelestia,
2425 3294 2701 3349 interfecit
2743 3294 2985 3350 Sisaram
3013 3335 3028 3361 ,
3068 3297 3136 3352 de
3169 3311 3278 3366 qno
3319 3293 3430 3363 iam
3462 3297 3684 3365 superius

2121 3383 2378 3448 diximus,
2406 3385 2547 3453 quod
2574 3383 2871 3439 carnalium
2899 3385 3179 3451 vitiorum,
3215 3395 3273 3440 et
3296 3385 3557 3439 animalis
3575 3427 3588 3450 ,
3614 3383 3685 3439 vel

2121 3476 2302 3530 stolidi
2361 3476 2473 3547 ((59)
2513 3478 2750 3534 hominis
2812 3487 2958 3534 tenet
3011 3478 3239 3547 figuram
3273 3519 3289 3544 ,
3341 3481 3472 3548 quia
3519 3479 3680 3532 Sisara

2121 3566 2251 3620 visio
2296 3567 2413 3635 equi
2464 3567 2880 3637 interpretatur.
2917 3569 2993 3623 De
3025 3583 3134 3638 quo
3165 3567 3455 3637 Scriptura
3476 3570 3603 3623 dicit
3624 3569 3680 3621 "z

2127 3675 2144 3708 ι
2174 3654 2350 3710 Nolite
2373 3657 2486 3710 ﬁeri
2522 3657 2666 3712 sicut
2699 3672 2874 3728 equus
2911 3667 2968 3712 et
3002 3659 3180 3712 mulus
3207 3697 3222 3721 ,
3258 3661 3466 3727 quibus
3493 3674 3593 3712 non
3615 3666 3684 3712 est

2122 3748 2445 3803 intellectus.
2478 3768 2495 3802 ι
2533 3748 2663 3804 Palo
2692 3764 2822 3820 ergo
2855 3765 2976 3804 eum
3013 3751 3327 3815 interfecit,
3377 3752 3431 3805 id
3464 3761 3544 3806 est
3571 3752 3681 3820 ligni

2120 3839 2299 3892 crucis
2324 3840 2594 3904 acumine,
2635 3849 2690 3893 et
2714 3841 2916 3895 virtute
2943 3855 3068 3894 eum
3116 3843 3450 3910 prosternit.
3497 3840 3557 3893 Et
3592 3855 3680 3893 non

2120 3931 2237 3984 sine
2295 3945 2459 3984 causa
2523 3931 2798 3985 maxillam
2853 3931 2972 4001 ejus
3035 3932 3159 4000 palo
3226 3932 3684 3986 transverberasse

2121 4022 2472 4076 describitur.
2524 4019 2658 4076 Illud
2689 4023 2835 4078 enim
2886 4038 2994 4089 os,
3044 4025 3192 4092 quod
3255 4027 3326 4079 de
3389 4025 3684 4079 carnalibus

2119 4110 2458 4178 loquebatur,
2518 4122 2573 4166 et
2632 4113 2720 4166 illa
2765 4114 3008 4168 doctrina
3061 4129 3184 4183 quae
3229 4115 3418 4170 carnis
3476 4117 3682 4185 gloriam

2119 4201 2617 4272 praeferebat,.quia
2654 4204 2706 4257 in
2751 4204 2960 4260 deliciis
3011 4217 3064 4261 et
3105 4205 3392 4276 voluptate
3420 4207 3684 4260 vivendum

2118 4293 2453 4361 sapientibus
2483 4294 2664 4348 smculi
2697 4297 3088 4363 persuadebat,
3113 4307 3170 4352 et
3203 4297 3509 4351 humanum
3533 4312 3688 4368 genus

2119 4383 2347 4438 luxuria:
2401 4385 2710 4442 adulatione
2745 4389 3080 4458 deceperat:
3117 4387 3245 4442 illud
3270 4429 3288 4456 ,
3336 4391 3560 4460 inquam
3589 4428 3604 4451 ,
3633 4403 3689 4442 os

2118 4474 2266 4543 ligno
2317 4477 2500 4531 crucis
2539 4477 2848 4533 confoditur
2894 4488 2948 4534 et
2991 4480 3329 4545 terebratur,
3377 4483 3505 4548 quia
3559 4481 3687 4535 illam

2119 4568 2281 4633 viam,
2311 4584 2471 4638 quam
2514 4570 2855 4640 philosophia
2879 4573 3045 4627 latam
3075 4582 3130 4628 et
3158 4576 3465 4644 spatiosam
3497 4574 3685 4644 pradi-

2115 4672 2334 4714 caverat
2359 4663 2676 4730 voluptatis,
2726 4663 2869 4718 hanc
2920 4665 3176 4722 Christus
3219 4676 3434 4721 arctam
3485 4676 3542 4720 et
3597 4681 3686 4717 aa-

2114 4760 2326 4822 gustam
2385 4753 2544 4807 nobis
2599 4755 2743 4807 viam
2802 4755 2991 4811 salutis
3041 4757 3286 4813 ostendit
3324 4760 3397 4814 ‘°.
3431 4759 3522 4813 Sic
3572 4773 3686 4826 ergo

2113 4841 2286 4905 Jahel,
2327 4845 2378 4898 id
2410 4854 2493 4899 est
2532 4845 2806 4912 Ecclesia,
2839 4848 3095 4904 vitiorum
3123 4852 3432 4922 principem
3459 4853 3684 4906 Sisaram

2113 4937 2387 4992 obtectum
2421 4938 2690 5008 pellibus,
2721 4941 2773 4996 id
2833 4953 2915 4997 est
2972 4945 3341 4998 membrorum
3407 4943 3684 4996 mortifica-

2116 5029 2263 5083 tioue
2296 5031 2550 5098 scpitum,
2575 5041 2782 5085 aeterno
2807 5034 3204 5088 traditsnumn.
3235 5036 3489 5089 Occurrit
3516 5044 3680 5086 taurea

2113 5117 2286 5183 Jahel,
2336 5119 2388 5173 id
2425 5130 2508 5175 est
2557 5121 2822 5188 Ecclesia,
2859 5132 2977 5192 post
3015 5126 3117 5180 hoc
3164 5135 3220 5179 et
3274 5127 3444 5196 priori
3498 5121 3677 5193 populo

2116 5211 2405 5265 insectanti
2485 5213 2748 5267 Sisaram.
2833 5213 3212 5269 lnsectabatur
3299 5219 3447 5271 enim
3526 5213 3672 5268 Israel

2157 5305 2203 5336 ”
2229 5303 2351 5360 Jud.
2383 5321 2458 5372 tv,
2485 5306 2539 5360 5.
2618 5307 2664 5339 ⁵⁸
2685 5307 2806 5363 Jud.
2833 5325 2904 5376 tv,
2934 5311 2985 5364 6.
3063 5312 3105 5343 ⁵⁷
3128 5311 3255 5366 ibid.
3280 5315 3334 5368 8.
3412 5313 3457 5344 ⁵⁸
3479 5311 3598 5368 ibid.
3619 5309 3669 5366 9.

2187 5472 2298 5541 (67)
2343 5471 2474 5528 Mss.
2526 5492 2544 5524 ι
2571 5473 2756 5528 decem
2810 5475 2993 5531 millia.
3025 5494 3044 5528 ι
3090 5475 3247 5531 Libb.
3313 5475 3458 5538 editi,
3502 5473 3661 5525 «dno-

2115 5541 2288 5596 decim
2320 5546 2503 5596 millia.
2537 5563 2555 5595 ι

2320 5592 2720 5693 -ξῇιεῖῥέειαιιιν
2743 5623 2918 5668 autem
2955 5613 3115 5668 Jaltel
3161 5616 3411 5669 ascensio.
3452 5613 3529 5665 Ab

2123 5701 2140 5735 ι
2171 5684 2433 5736 ascendit.
2461 5702 2478 5731 ι

2190 5751 2297 5824 ((19)
2351 5752 2438 5807 γει
2469 5753 2671 5808 stolidi.
2725 5753 2871 5810 Unus
2911 5756 3078 5809 codex
3124 5771 3222 5809 ms.
3276 5773 3293 5805 ι
3323 5753 3396 5809 vel
3424 5748 3591 5806 cboici.
3617 5762 3641 5796 ο
