3870 6522
169 386 262 447 973

1205 381 1274 438 IN
1307 383 1571 440 LIBRUM
1599 383 1904 441 JUDICUM
1943 384 2232 443 HOMILIA
2266 389 2351 444 VI.

3291 399 3401 457 9Ὶῦ

169 507 321 576 legem
343 500 584 571 justitiae,
611 501 706 557 sed
731 501 784 556 in
819 502 993 573 legem
1024 515 1133 557 non
1163 503 1434 572 pervenit.
1473 504 1726 558 Occurrit
1752 509 1796 565 Α
1825 513 1879 558 et
1936 513 2133 562 caetera
2186 522 2308 576 quae
2361 516 2582 563 sanctus
2632 508 2924 579 Apostolus
2979 527 3270 572 enumerat
3330 519 3403 581 ιι,

167 609 282 666 ergo
309 592 546 648 Ecclesia
581 595 746 650 etiam
779 596 913 666 ipsi,
943 606 997 652 et
1023 596 1262 652 ostendit
1290 597 1339 651 ei
1367 612 1503 666 opus
1535 612 1713 662 suum,

165 687 385 750 ostendit
421 687 707 763 victoriam
741 699 1172 745 consummatam
1195 730 1212 757 ,
1269 699 1430 760 atque
1462 692 1512 745 in
1551 692 1718 747 socie-

166 793 318 838 tatem
383 792 505 831 eum
561 781 816 848 prostrati
879 782 1051 837 hostis
1118 782 1332 835 invitat.
1391 780 1588 836 Verum
1634 793 1716 838 est

161 875 292 931 enim
320 869 467 933 illud,
517 872 662 940 quod
696 872 988 940 Apostolus
1036 873 1090 926 in
1141 873 1439 928 novissimo
1473 883 1716 943 tempore

162 965 278 1020 dicit
304 962 572 1027 futurum,
594 963 729 1039 quia
763 977 885 1017 cum
923 965 1204 1032 plenitudo
1251 965 1492 1034 gentium
1524 965 1714 1020 subin-

162 1053 376 1117 troierit,
411 1061 537 1108 tunc
567 1055 746 1109 omnis
794 1054 957 1109 Israel
1005 1056 1188 1111 salvus
1228 1055 1319 1112 ﬁet
1347 1058 1412 1109 “.
1467 1057 1552 1111 Fit
1584 1072 1716 1126 ergo

160 1149 358 1218 quidem
393 1147 726 1216 primatnsin
753 1163 913 1201 manu
951 1149 1190 1204 mulieris
1221 1149 1561 1219 alienigenae,
1608 1165 1713 1204 non

95 1269 99 1274 -
162 1250 327 1294 tamen
357 1235 663 1290 excluditur
694 1252 722 1290 a
751 1237 1029 1292 consortio
1056 1237 1240 1306 gloriae
1270 1237 1435 1291 etiam
1466 1235 1673 1288 Barach
1698 1274 1712 1298 ,

160 1331 240 1399 qui
270 1328 412 1397 prior
439 1328 655 1398 quidem
691 1338 950 1398 coeperat,
981 1330 1075 1401 sed
1106 1329 1435 1384 novissimus
1465 1328 1716 1397 pervenit

159 1424 219 1477 ad
246 1422 422 1475 linem.
480 1420 592 1475 lmo
624 1422 748 1474 dum
780 1420 867 1475 ille
901 1421 1172 1491 pervenit,
1223 1420 1379 1476 Jahel
1413 1420 1713 1489 alienigena

155 1524 556 1587 prmtereuntem
583 1514 980 1582 quodammodo
1012 1513 1292 1568 victoriam
1320 1513 1480 1582 rapit.
1513 1513 1713 1566 Eadem

123 1663 130 1668 _
157 1605 316 1662 forma
349 1604 624 1671 prmcessit
657 1605 821 1658 etiam
870 1605 921 1658 in
965 1604 1106 1659 Esau
1153 1614 1206 1660 et
1237 1605 1404 1660 Jacob
1433 1603 1712 1658 fratribus.

159 1700 284 1754 Dum
317 1696 461 1748 enim
490 1695 632 1748 Esau
659 1704 898 1750 sectatur
922 1697 1180 1766 agrestia,
1225 1697 1350 1751 dum
1382 1706 1626 1749 moratur
1662 1696 1713 1748 in

163 1786 404 1850 saltibus,
437 1786 771 1854 praeveniens
796 1787 982 1854 Jacob,
1015 1798 1066 1844 et
1092 1789 1331 1845 mulieris
1359 1788 1628 1851 consiliis,
1659 1786 1711 1840 id

151 1892 230 1937 est
265 1880 477 1944 matris,
526 1881 853 1950 compositos
889 1883 1028 1952 patri
1060 1880 1294 1938 oil‘erens
1327 1883 1502 1945 cibos,
1537 1883 1710 1938 bene-

153 1970 401 2026 dictionis
425 1969 691 2038 primatus
723 1973 952 2041 accepit.
980 1972 1072 2026 Sic
1103 1984 1157 2028 et
1185 1975 1234 2026 in
1269 1973 1563 2043 Evangelio
1588 1991 1712 2044 per-

151 2073 299 2132 gente
343 2063 570 2117 Domino
599 2065 664 2117 ad
715 2063 882 2118 ﬁliam
917 2065 1180 2133 principis
1217 2080 1509 2136 synagoga:
1539 2071 1714 2123 susci-

153 2156 400 2218 tandam,
452 2157 789 2224 praeveniens
838 2155 1032 2208 mulier
1081 2171 1200 2225 qua:
1245 2155 1386 2210 (luxu
1433 2160 1712 2228 sanguinis

149 2246 444 2312 laborabat,
497 2246 637 2303 ﬁdeli
693 2255 835 2301 tactu
890 2248 1039 2317 prior
1096 2250 1448 2318 consequitur
1503 2252 1714 2306 sanita-

147 2345 269 2392 tem.

209 2428 258 2484 6.
300 2429 459 2496 Quod
492 2431 535 2486 si
573 2432 736 2486 etiam
771 2431 896 2487 inde
923 2431 1304 2502 requirendum
1328 2432 1532 2502 aliquid
1564 2433 1716 2488 vide-

145 2528 278 2575 tura
308 2523 664 2592 diligentibus
693 2525 1054 2588 auditoribus,
1090 2525 1234 2592 quod
1289 2526 1425 2580 lacte
1457 2540 1577 2580 eum
1617 2541 1714 2597 po-

145 2622 280 2669 tasse
309 2614 540 2682 dicitur,
579 2630 698 2670 cum
733 2615 824 2670 ille
873 2629 1068 2685 aquam
1105 2617 1468 2685 poposcisset,
1522 2618 1712 2674 videa-

143 2721 254 2760 mus
293 2722 358 2760 ne
420 2705 557 2760 forte
609 2708 908 2762 secundum
950 2709 1206 2778 mysticas
1259 2707 1341 2762 vel
1394 2709 1714 2778 allegoricas

139 2798 263 2867 legis
310 2799 837 2866 interpretationes,
893 2797 998 2854 tale
1029 2798 1232 2867 aliquid
1296 2800 1461 2853 etiam
1504 2802 1569 2856 de
1612 2802 1713 2856 hoc

138 2892 296 2960 possit
326 2893 571 2946 ostendi.
602 2891 784 2947 Laetis
819 2891 970 2946 cibus
995 2906 1118 2945 esse
1149 2891 1351 2946 dicitur
1385 2893 1439 2946 in
1475 2891 1715 2960 Scriptu-

138 2985 208 3038 ris
234 2984 448 3039 sanctis
485 2984 554 3049 θ’,
589 2985 760 3054 prima
805 2983 920 3037 haec
974 2982 1198 3038 moralis
1231 2982 1541 3046 institutio,
1591 2998 1713 3052 quae

140 3075 526 3144 incipientibus
584 3075 730 3129 velut
774 3074 1018 3143 parvulis
1102 3073 1358 3128 traditur.
1405 3071 1709 3130 Non'enim

133 3173 191 3226 in
219 3169 390 3224 initiis
413 3169 603 3223 statim
640 3167 925 3237 discipulis
959 3167 1025 3222 de
1056 3167 1336 3237 profundis
1371 3176 1424 3222 et
1453 3169 1711 3224 secretio-
1740 3195 1782 3253 ρ

140 3264 282 3316 ribus
306 3263 636 3317 tradendum
679 3270 763 3316 est
797 3261 1178 3325 sacramentis,
1221 3262 1314 3316 sed
1351 3277 1562 3316 morum
1593 3278 1715 3318 cor-

140 3355 339 3422 reptio,
372 3351 706 3409 emendatio-
735 3353 1054 3422 disciplinae,
1094 3353 1362 3423 religiosae
1415 3369 1716 3409 conversa-

137 3445 313 3513 tionis,
338 3456 394 3500 et
424 3445 690 3513 simplicis
718 3444 838 3498 lidei
877 3446 1052 3514 prima
1080 3446 1160 3499 eis
1187 3446 1457 3499 elementa
1490 3446 1716 3500 tradun-

140 3548 238 3594 tur.
283 3540 428 3594 Istud
468 3549 551 3594 est
578 3538 836 3593 Ecclesiae
868 3539 971 3602 lac,
1008 3539 1121 3593 hare
1169 3539 1557 3608 incipientibus
1597 3555 1718 3609 par-
1768 3579 1772 3582 ι

136 3634 370 3686 vulorum
406 3631 583 3702 prima
608 3641 734 3686 sunt
771 3632 1065 3686 elementa.
1127 3631 1234 3686 Sed
1291 3633 1393 3686 iste
1451 3632 1604 3687 cibus
1649 3634 1714 3687 iis

133 3722 292 3796 470
313 3725 538 3794 quidem
580 3724 668 3791 qui
697 3725 766 3779 ad
797 3725 996 3778 bonum
1025 3723 1344 3792 proﬁciendi
1376 3726 1716 3794 propositum

133 3829 345 3886 gerunt,
377 3816 550 3870 vitam
607 3815 794 3868 tribuit
833 3823 889 3869 et
935 3815 1165 3868 salutem
1201 3832 1215 3867 :
1247 3815 1312 3868 iis
1345 3831 1474 3869 vero
1523 3817 1718 3884 quibus

133 3908 406 3962 contraria
461 3906 699 3976 placent,
733 3906 930 3975 quibus
968 3907 1205 3969 luxuria,
1231 3906 1419 3970 libido,
1464 3909 1717 3973 avaritia,

131 4011 184 4053 et
230 4001 415 4054 omnis
476 3998 727 4068 impietas
779 3997 932 4053 cordi
979 4009 1084 4060 est,
1117 3996 1421 4065 lmjusmodi
1474 3998 1718 4052 doctrina

136 4107 319 4147 necem
343 4103 401 4146 et
433 4090 723 4146 interitum
761 4097 1002 4157 prastat.
1034 4087 1126 4142 Sic
1148 4103 1279 4158 ergo
1321 4090 1402 4153 ﬁt,
1431 4099 1488 4142 ut
1517 4103 1580 4142 ex
1613 4089 1715 4151 his,

130 4193 289 4253 atque
320 4184 518 4238 iisdem
551 4182 688 4236 cibis
712 4181 910 4250 quibus
938 4178 1158 4232 aluntur
1200 4179 1349 4244 boni,
1384 4178 1720 4233 snlIocentnr

131 4277 291 4343 mali;
340 4286 395 4331 et
454 4276 513 4330 in
551 4290 658 4346 quo
688 4274 792 4345 piis
831 4272 940 4326 vita
986 4281 1090 4338 est,
1126 4272 1197 4326 ibi
1228 4273 1299 4326 sit
1332 4274 1715 4341 impiis-mors.

129 4367 372 4440 Denique
409 4379 473 4424 ut
495 4345 743 4436 exemplo
780 4379 868 4419 res
897 4379 1058 4432 quam
1089 4365 1319 4419 dicimus
1353 4366 1569 4433 planior
1603 4366 1716 4432 ﬁat,

133 4479 153 4513 ι
181 4463 418 4518 vinum)
489 4475 654 4516 sanos
709 4468 765 4514 et
817 4459 1100 4513 commode
1141 4457 1398 4526 degentes
1440 4457 1626 4526 juvat,
1665 4467 1720 4513 et

1821 593 2063 650 Sisaram
2089 598 2141 651 in
2175 597 2467 668 semetipso
2496 601 2771 656 videbitur
2800 606 3098 672 peremisse
3125 646 3140 672 ,
3187 618 3246 663 ut
3285 611 3402 666 haec
3432 654 3441 662 .

1819 703 1922 742 non
1957 689 2126 743 solum
2159 690 2212 744 in
2244 705 2474 759 persona
2503 692 2758 749 Ecclesiae
2782 700 3170 763 consummari,
3203 715 3395 756 verum

1817 775 1980 830 etiam
2013 780 2388 848 unusquisque
2426 782 2476 834 in
2513 795 2610 836 sua
2639 783 2820 837 anima
2853 789 3106 844 ostendat
3133 788 3346 859 impleri
3380 805 3398 847 :

1817 868 1984 937 quia,
2030 870 2172 924 sicut
2209 871 2462 936 diximus,
2531 883 2741 942 cmptus
2791 888 2875 931 est
2931 878 3150 948 quidem
3205 881 3394 939 Sisara

1818 959 2074 1015 insectari
2101 979 2128 1015 a
2163 964 2359 1033 populo
2388 965 2580 1033 priori,
2611 965 2972 1039 interemptus
3001 984 3182 1028 autem
3217 992 3246 1030 a
3274 992 3399 1032 mu-

1818 1048 1950 1105 liere
1971 1065 2033 1107 ac
2065 1052 2308 1108 Ecclesia
2349 1054 2588 1123 gentium
2611 1094 2626 1120 ,
2661 1064 2716 1111 et
2747 1059 2800 1112 in
2827 1076 2986 1116 manu
3017 1063 3132 1133 cjus
3155 1065 3279 1121 data
3313 1075 3400 1122 est

1823 1142 1998 1211 palma
2041 1145 2304 1201 victoriae.
2336 1147 2388 1200 In
2419 1151 2890 1208 consummatione
2919 1158 3186 1223 omnium,
3214 1160 3265 1213 id
3313 1170 3400 1215 est

1819 1231 2000 1288 inﬁue
2027 1236 2228 1300 sznculi,
2263 1238 2425 1293 etiam
2470 1241 2743 1295 canticum
2792 1244 3019 1301 Domino
3073 1250 3393 1305 cantabitur

1819 1339 1912 1390 per
1965 1326 2283 1394 Debboram,
2335 1330 2388 1384 in
2431 1346 2538 1401 quo
2581 1331 2848 1402 primatus
2903 1338 3118 1405 quidem
3175 1341 3394 1397 dabitur

1817 1414 1968 1471 Jahel
2005 1417 2263 1476 Ecclesiae
2300 1425 2540 1493 gentium
2575 1438 2591 1476 :
2627 1439 2726 1479 nec
2762 1436 2938 1484 tamen
2981 1429 3242 1486 Debborae
3272 1432 3395 1491 laus

1819 1509 2067 1564 silebitur
2095 1528 2108 1562 :
2148 1514 2240 1568 sed
2272 1525 2324 1568 et
2351 1516 2540 1584 primis
2561 1527 2615 1572 et
2645 1520 2955 1576 novissimis
2982 1523 3226 1578 victoriae
3252 1541 3394 1596 prce-

1821 1602 1987 1654 ntium
2039 1602 2275 1671 dabitur,
2345 1621 2441 1676 per
2507 1607 2691 1664 Iesum
2759 1612 3034 1668 Christum
3104 1612 3400 1674 Dominum

1821 1697 2222 1776 nostrum,'cui
2276 1706 2359 1752 est
2398 1698 2571 1769 gloria
2626 1711 2681 1756 et
2733 1703 3019 1772 imperium
3076 1707 3129 1762 in
3192 1710 3389 1765 saecula

1820 1783 2162 1841 saeculorum.
2205 1787 2400 1842 Amen.

2401 1880 2682 1939 IIOMILIA
2727 1887 2809 1941 VI.

2066 1969 2142 2024 De
2184 1973 2387 2027 cantico
2426 1976 2564 2042 quod
2604 1980 2834 2033 canlavit
2874 1979 3131 2038 Debbora.

1889 2059 1936 2112 l.
1985 2059 2169 2114 Sisara
2215 2079 2337 2117 cum
2371 2066 2618 2120 exercitu
2664 2083 2762 2123 suo
2811 2080 2866 2125 et
2897 2075 3150 2129 curribus
3197 2075 3391 2134 ferreis

1817 2151 2010 2216 quibus
2037 2153 2317 2222 impugnat
2342 2157 2596 2226 populum
2635 2159 2752 2226 Dei,
2784 2175 3074 2232 superatus
3106 2177 3213 2234 est,
3251 2171 3393 2238 quod

1818 2241 1887 2293 ita
1930 2242 2170 2301 futurum
2218 2248 2500 2316 prophetia
2557 2253 2874 2319 praececinit
2918 2271 3017 2326 per
3060 2259 3387 2316 Debboram.

1816 2331 1881 2384 Et
1904 2326 2253 2406 postea-quam
2284 2339 2337 2392 in
2369 2355 2529 2394 manu
2557 2344 2798 2400 mulieris
2829 2345 2971 2402 facta
3020 2352 3247 2406 victoria
3286 2363 3391 2422 est,

1816 2425 2084 2480 canticum
2117 2428 2256 2482 istud
2287 2431 2530 2486 Debbora
2555 2471 2569 2496 ,
2607 2435 2753 2489 velut
2787 2439 3029 2495 victoria:
3061 2443 3231 2512 ipsius
3268 2443 3392 2500 lau-

1816 2515 1960 2583 dem,
1990 2520 2255 2575 cecinisse
2294 2526 2682 2591 praescribitur.
2720 2529 2913 2585 Verum
2955 2533 3000 2588 si
3047 2537 3397 2594 meminimus

1815 2621 1999 2662 eorum
2033 2625 2152 2678 qua:
2196 2611 2250 2665 in
2301 2615 2672 2683 superioribus
2727 2619 2877 2675 dicta
2925 2633 3052 2677 sunt
3095 2629 3395 2682 secundum

1817 2699 2102 2765 mysticam
2138 2702 2392 2772 formam,
2430 2721 2550 2775 qua:
2599 2719 2682 2765 est
2725 2710 2900 2780 ﬁgura
2948 2711 3242 2784 Debborae,
3275 2733 3398 2786 qua:

1815 2791 1976 2844 etiam
2014 2793 2242 2860 Barach,
2282 2799 2412 2867 quid
2463 2801 2719 2871 imaginis
2767 2813 2952 2861 teneat
2987 2805 3145 2863 Jahel
3177 2811 3392 2876 mulier,

1815 2898 1935 2952 qua:
1958 2885 2329 2943 adversarium
2363 2891 2544 2959 populi
2573 2892 2668 2948 Dei
2700 2897 2814 2950 sola
2843 2897 3056 2968 dejecit,
3089 2914 3208 2969 qua:
3229 2902 3395 2958 etiam

1817 2981 1995 3050 imago
2026 2982 2096 3036 sit
2129 2981 2327 3038 Sisara:
2357 2983 2549 3052 ipsius,
2607 2988 2698 3057 qui
2749 3004 2778 3043 a
2822 2991 3050 3048 muliere
3091 2993 3395 3065 alienigena

1816 3070 1956 3141 ligni
1984 3073 2184 3129 virtute
2228 3083 2537 3145 prostratus
2585 3089 2671 3134 est
2703 3097 2716 3132 :
2748 3079 3103 3151 intelligimus
3134 3084 3250 3140 hac
3272 3102 3392 3141 om-

1816 3165 1904 3216 nia
1957 3177 2298 3222 sacramenta
2334 3183 2494 3238 esse,
2528 3185 2650 3240 qua:
2694 3171 2748 3226 in
2785 3173 3102 3231 novissimis
3132 3177 3394 3247 tempori-

1819 3255 1941 3317 bus,
1975 3264 2026 3308 ct
2063 3255 2115 3309 in
2146 3257 2250 3312 line
2289 3260 2470 3314 saeculi
2519 3277 2616 3330 per
2647 3262 2953 3317 Ecclesium
3004 3279 3392 3322 consumman-

1823 3355 1928 3411 tur,
1961 3355 2013 3400 et
2061 3349 2113 3403 in
2143 3350 2356 3407 cantico
2411 3354 2511 3409 hoc
2551 3354 2695 3409 velut
2740 3356 2970 3424 epinicia
3016 3357 3156 3426 ejus,
3218 3359 3269 3414 id
3317 3369 3400 3414 est

1822 3439 2059 3494 victoria:
2129 3441 2339 3497 laudem
2402 3458 2522 3499 esse
2581 3447 2931 3515 descriptam,
2995 3449 3138 3504 illius
3194 3451 3402 3507 scilicet

1823 3531 2081 3597 temporis
2137 3547 2258 3586 cum
2322 3535 2700 3592 «novissimus
2767 3538 3016 3595 inimicus
3086 3541 3401 3596 destruetur

1824 3636 1970 3676 mors
1999 3623 2042 3652 ⁸⁵
2079 3662 2091 3675 .
2132 3641 2150 3673 ι
2209 3622 2362 3678 Tunc
2389 3626 2532 3680 enim
2574 3627 2865 3682 exsultabit
2901 3631 3166 3696 Debbora,
3216 3632 3270 3687 id
3316 3642 3400 3687 est

1822 3713 2118 3767 exsultabit
2166 3713 2335 3781 gloria
2393 3719 2730 3786 prophetize,
2776 3721 2903 3788 quia
2953 3737 3074 3789 quin
3124 3725 3393 3790 prmdixit,

1823 3803 2038 3874 impleta
2101 3813 2243 3860 sunt.
2314 3809 2465 3863 Tunc
2520 3809 2713 3874 Jahel,
2764 3811 2816 3865 id
2862 3821 2946 3866 est
2992 3813 3230 3869 Ecclesia
3283 3814 3398 3885 (70)

1825 3896 2032 3950 hostem
2085 3912 2423 3954 communem
2459 3903 2700 3954 ninnium
2744 3902 3062 3969 superabit:
3098 3913 3151 3957 et
3183 3913 3398 3972 postea-

1823 4003 1987 4055 quam
2015 3989 2291 4057 plenitudo
2316 3994 2556 4069 gentium
2593 3993 2886 4056 introierit,
2919 4002 3045 4048 tunc
3078 4003 3130 4048 et
3162 3995 3396 4058 Barach,

1825 4078 1876 4133 id
1909 4092 1992 4135 cst
2021 4083 2260 4151 reliquus
2285 4083 2450 4138 Israel
2475 4128 2488 4148 ,
2520 4084 2704 4140 salvus
2727 4085 2818 4140 ﬁet
2849 4086 2893 4117 "
2922 4095 2978 4140 et
3003 4087 3054 4140 in
3081 4089 3400 4142 societatem

1825 4173 2066 4228 victoria:
2101 4176 2410 4244 recipietur.
2471 4176 2625 4231 Tunc
2673 4189 2824 4246 ergo,
2861 4178 2904 4231 si
2950 4180 3094 4248 digni
3119 4179 3399 4247 fuerimus,

1824 4266 1987 4324 etiam
2064 4284 2161 4323 nos
2232 4269 2572 4325 cantabimus
2627 4271 2901 4324 canticum
2954 4271 3094 4326 istud
3143 4271 3403 4327 refertum

1826 4361 2072 4431 mysticis
2099 4371 2151 4414 et
2180 4362 2515 4431 pr0pheticis
2561 4362 2922 4416 sacramentis
2943 4403 2957 4426 ,
2987 4376 3053 4416 ex
3083 4361 3282 4431 quibus
3311 4378 3407 4431 per

1826 4454 2034 4523 singula
2058 4456 2332 4509 discutere
2359 4464 2556 4509 cuncta
2593 4454 2852 4522 temporis
2898 4467 3004 4506 non
3047 4463 3154 4509 est.
3197 4453 3392 4510 Brevi-

128 4553 268 4608 sicut
327 4553 624 4622 Scriptura
656 4550 789 4605 dicit
815 4549 884 4615 ⁸³,
935 4568 954 4599 ι
985 4565 1081 4603 cor
1125 4523 1356 4604 hominis
1387 4569 1406 4602 ι
1441 4523 1722 4604 duntaxat
1751 4523 1800 4583 θ
1829 4557 1996 4606 tatem
2062 4562 2296 4616 namque
2328 4548 2604 4602 auditores
2632 4546 2892 4600 Ecclesia:
2918 4545 3168 4615 diligunt.
3218 4545 3402 4602 Pauca

134 4661 150 4694 ι
178 4645 463 4711 laetiﬁcat,
498 4663 516 4695 ι
571 4641 1007 4698 febricitantibus
1065 4656 1215 4704 vero,
1251 4641 1295 4695 si
1346 4641 1717 4710 sumpserint,

128 4739 432 4806 perniciem
491 4735 747 4791 continuo
798 4744 851 4788 et
887 4734 1167 4788 interitum
1228 4734 1386 4802 parit.
1444 4733 1521 4786 Ita
1550 4735 1609 4789 ﬁt
1661 4745 1717 4788 ut

127 4829 317 4882 eadem
350 4841 447 4881 res
482 4828 671 4880 eodem
703 4825 858 4879 modo
893 4836 1130 4893 sumpta,
1161 4825 1252 4878 uni
1289 4823 1503 4893 quidem
1531 4824 1718 4890 vitam,

127 4920 216 4975 alii
252 4931 448 4974 autem
478 4918 730 4975 conferat
757 4930 1003 4976 mortem.
1034 4903 1124 4972 Sic
1153 4930 1282 4985 ergo
1307 4913 1719 4982 intelligendum

127 5023 208 5067 est
242 5023 300 5067 et
324 5013 581 5069 Sisaram
614 5015 775 5067 istum
807 5012 1096 5066 animalem
1120 5007 1438 5072 hominem,
1476 5016 1528 5060 et
1561 5005 1718 5059 vitio-

131 5121 249 5162 rum
278 5107 615 5176 principem,
643 5120 738 5176 per
759 5105 1062 5158 doctrinam
1088 5099 1366 5163 Ecclesiae,
1404 5114 1569 5168 quam
1607 5112 1716 5151 non

125 5215 195 5254 ex
238 5200 350 5254 ﬁde
393 5199 678 5268 suscepit,
723 5199 1070 5252 exstinctum.
1129 5192 1233 5246 Sed
1283 5199 1338 5245 et
1388 5203 1726 5258 unaquaeque

127 5292 314 5346 anima
359 5291 505 5346 satis
534 5300 654 5360 agat
687 5289 824 5343 lacte
855 5285 1170 5355 evangelico
1217 5292 1379 5351 atque
1422 5282 1723 5351 apostolico

127 5383 316 5452 sopire
342 5383 401 5436 in
421 5381 720 5450 semetipso
739 5389 795 5435 et
819 5378 1170 5446 exstinguere
1203 5374 1469 5430 Sisaram.
1496 5372 1554 5428 Si
1579 5374 1723 5427 enim

131 5487 226 5540 per
262 5474 389 5528 haec
419 5472 652 5527 edoctus
702 5473 826 5542 quis
877 5467 1295 5526 mortilicaverit
1347 5467 1592 5521 membra
1631 5482 1727 5522 sua

129 5581 252 5634 qua:
285 5575 424 5621 sunt
469 5581 634 5635 super
679 5575 900 5626 terram,
943 5563 1250 5626 avaritiam,
1287 5559 1726 5623 fornicationem,

202 5657 245 5688 ⁶¹
282 5657 460 5711 Rom.
492 5673 571 5723 χι,
599 5658 690 5712 26.
785 5657 828 5688 ⁸¹
859 5655 1028 5712 ICor.
1058 5670 1144 5722 Ill,
1166 5654 1222 5708 2.

131 5728 176 5761 ⁸³
206 5727 338 5782 .Iutl.
368 5745 427 5790 ν.
465 5727 527 5781 2.

1319 5653 1363 5684 ⁸³
1389 5651 1532 5709 Psal.
1566 5667 1674 5719 ειν,
1717 5652 1803 5708 15.

1829 4649 2004 4693 tamen
2038 4639 2120 4693 vel
2143 4640 2208 4693 de
2233 4637 2512 4706 principiis
2541 4636 2656 4704 ejus
2681 4636 3032 4700 disserentes,
3061 4637 3145 4713 vel
3167 4640 3402 4704 sparsim

1827 4747 1891 4784 ex
1919 4746 1983 4784 eo
2005 4729 2258 4785 ﬂosculos
2288 4730 2568 4798 eligentes,
2599 4727 2992 4784 consolationis
3016 4715 3220 4799 aliquid
3252 4733 3407 4785 audi-

1830 4823 2042 4877 toribus
2070 4823 2262 4878 all'erre
2309 4822 2672 4884 tentabimus,
2713 4821 2794 4875 vel
2841 4817 3203 4889 nosmetipsos
3243 4836 3406 4876 exer-

1828 4930 1975 4981 cere,
2031 4925 2084 4969 et
2142 4914 2392 4967 meditari
2456 4921 2514 4966 ut
2562 4912 2673 4982 apti
2725 4912 3026 4968 elﬁciamur
3048 4913 3114 4966 ad
3147 4913 3406 4968 Debborae

1828 5008 2096 5062 canticum
2129 5005 2547 5060 decantaudum.

1899 5101 1954 5154 2.
1991 5119 2008 5150 ι
2039 5098 2093 5152 In
2120 5097 2452 5167 incipiendo,
2485 5097 2758 5167 principes
2785 5097 2837 5153 in
2871 5097 3058 5163 Israel,
3081 5098 3132 5150 in
3160 5096 3408 5149 volunta-

1833 5197 1997 5257 tibus,
2035 5190 2243 5261 populi,
2273 5188 2575 5244 heuedicite
2615 5189 2904 5244 Dominum
2932 5189 3030 5242 ".r
3068 5187 3404 5250 Benedictio,

1831 5284 2023 5353 inquit,
2057 5296 2162 5351 qua
2196 5279 2564 5335 benedicimus
2605 5281 2930 5347 Dominum,
2973 5281 3044 5335 sit
3084 5280 3138 5333 in
3181 5277 3408 5332 exordio

1832 5376 2136 5447 principum
2180 5372 2231 5425 in
2258 5371 2440 5439 Israel,
2478 5381 2586 5426 tum
2619 5373 2812 5428 deinde
2839 5383 2895 5428 et
2934 5373 2987 5427 in
3034 5368 3406 5426 voluntatibus

1835 5465 2034 5538 populi.
2074 5465 2228 5521 Verbi
2261 5463 2435 5535 gratia
2465 5478 2616 5518 zeum
2645 5466 2880 5535 primum
2906 5462 3192 5532 incipimus
3220 5459 3406 5514 venire

1837 5560 1903 5613 ad
1936 5557 2028 5610 Dt'I
2053 5555 2285 5620 cultum,
2319 5570 2444 5609 cum
2476 5556 2688 5609 initium
2742 5555 2894 5610 verbi
2936 5554 3032 5608 Dei
3063 5562 3119 5608 et
3147 5553 3404 5608 doctrina:

1895 5651 1939 5682 δ”
1969 5649 2084 5706 Col.
2118 5665 2198 5714 nr,
2227 5646 2282 5704 5.
2361 5647 2405 5679 ⁵⁸
2436 5645 2454 5699 l
2488 5647 2614 5702 Cor.
2649 5661 2736 5713 xv,
2767 5645 2857 5700 26.
2934 5646 2980 5678 “
3013 5645 3170 5702 Rom.
3207 5659 3284 5712 XI,
3313 5641 3404 5703 26.

205 5819 324 5891 (70)
370 5818 514 5874 Mss.
550 5839 567 5870 ι
601 5819 752 5876 Tunc
779 5818 957 5888 Jahel,
987 5818 1044 5874 id
1077 5825 1158 5873 est
1194 5813 1458 5871 Ecclesia.
1494 5833 1510 5867 ι
1542 5812 1698 5871 Libb.
1732 5813 1885 5882 editi,
1922 5830 1940 5866 t
1975 5822 2100 5871 tunc
2129 5813 2310 5883 itaque
2348 5810 2613 5867 Ecclesia.
2651 5827 2668 5861 ι
