3870 6506
432 379 544 435 975

1885 365 2213 427 ORIGENIS
3592 381 3680 435 975

435 495 681 553 cmlestis
729 491 1044 561 accipimus,
1083 504 1111 544 a
1147 486 1484 560 principibus
1516 485 1682 544 Israel
1713 488 1814 544 ista
1859 484 2019 541 nobis
2045 484 2094 540 A
2120 483 2426 549 charitatis,
2459 502 2479 538 ι
2510 492 2564 540 et
2596 484 2803 556 galeam
2839 505 2858 539 ι
2896 487 3254 544 nihilominus
3289 508 3309 541 ι
3344 489 3535 546 salutis
3564 487 3707 549 πει-⁵

436 588 592 642 initia
627 581 958 654 capessenda
993 590 1142 636 sunt.
1183 578 1460 646 Principes
1489 587 1672 633 autem
1710 574 1875 632 Israel
1899 615 1916 642 ,
1958 573 2011 629 id

436 691 520 738 est
576 677 756 750 populi
810 673 1131 738 Christiani,
1189 673 1412 745 angelos
1451 669 1797 740 accipiendos
1839 677 2008 739 puto,

438 789 575 842 quos
616 771 807 824 adesse
855 767 1116 821 Dominus
1169 767 1301 821 dicit
1340 765 1634 834 unicuique
1673 763 1894 818 minimo
1955 763 2011 818 in

438 863 704 926 Ecclesia,
740 861 830 930 qui
863 861 1024 914 etiam
1062 873 1278 927 semper
1317 857 1499 912 videre
1531 857 1788 912 dicuntur
1816 855 2008 912 faciem

366 974 372 981 ·
438 956 617 1010 Patris
645 954 735 1024 qui
775 954 826 1006 in
859 951 1014 1006 caelis
1048 959 1131 1004 est
1162 950 1226 1004 ‘3.
1267 950 1368 1020 Ipsi
1399 964 1528 1019 ergo
1559 958 1683 1003 sunt
1711 947 2006 1018 principes,

439 1059 492 1104 et
541 1049 608 1102 ab
667 1047 798 1116 ipsis
841 1043 996 1099 nobis
1043 1052 1170 1099 sunt
1226 1043 1488 1098 sumenda
1521 1042 1809 1112 principia.
1850 1042 2007 1096 Verbi

436 1140 615 1212 gratia
648 1158 662 1194 :
695 1139 739 1194 si
793 1145 880 1191 eat
914 1136 1037 1206 quis
1076 1149 1210 1205 puer
1259 1133 1328 1188 ad
1376 1133 1615 1198 scholas,
1670 1150 1700 1188 a
1749 1132 2009 1202 magistro

436 1231 654 1302 quidem
692 1229 1010 1298 suscipitur,
1038 1235 1093 1281 et
1139 1226 1372 1282 efﬁcitur
1399 1226 1543 1280 illius
1581 1226 1820 1280 doctoris
1846 1223 2008 1279 disci-

436 1324 618 1396 pulus,
663 1322 759 1378 sed
801 1337 904 1376 non
937 1319 1119 1375 statim
1166 1317 1404 1374 discendi
1435 1318 1502 1372 ab
1524 1317 1641 1384 ipso
1675 1325 2007 1386 praeceptore

435 1417 605 1474 sumit
649 1414 936 1470 exordium
971 1431 983 1466 :
1017 1414 1110 1468 sed
1177 1427 1298 1466 cum
1329 1411 1396 1464 ab
1449 1425 1514 1464 eo
1557 1409 1734 1479 prima
1793 1415 2006 1464 tantum

435 1506 702 1562 elementa
722 1501 1046 1573 susceperit,
1069 1500 1301 1556 traditur
1331 1499 1452 1556 aliis
1476 1500 1824 1564 erudiendas,
1848 1508 1908 1554 ut
1935 1502 2005 1554 ita

435 1599 633 1663 dicam,
657 1595 859 1651 scholae
891 1593 1059 1664 ipsius
1111 1591 1452 1663 principibus
1486 1608 1500 1646 :
1535 1601 1594 1646 ut
1622 1607 1746 1647 cum
1793 1591 1861 1646 ab
1901 1592 2006 1648 illis

433 1699 698 1759 quantum
736 1689 790 1743 in
821 1687 931 1741 illis
960 1695 1047 1741 est
1070 1683 1234 1740 fuerit
1265 1685 1522 1752 edoctus,
1573 1693 1628 1740 et
1670 1700 1793 1739 cum
1831 1687 2005 1756 prima

434 1782 576 1852 apud
609 1797 701 1838 eos
727 1778 1034 1848 deposuerit
1067 1777 1373 1832 rudimenta
1395 1817 1409 1841 ,
1441 1787 1552 1832 tum
1584 1778 1801 1833 demum
1837 1781 2006 1850 ipsius

435 1876 675 1931 doctoris
720 1871 1045 1944 perfectiora
1105 1877 1372 1939 praecepta
1421 1871 1700 1940 suscipiat.
1757 1872 1834 1926 Ita
1874 1887 2004 1942 ergo

433 1968 601 2021 etiam
637 1980 782 2020 nunc
809 1962 1211 2018 institutionum
1236 1971 1546 2016 nostrarum
1570 1963 1723 2017 initia
1752 1972 2005 2033 repetens

432 2059 708 2130 prOphetia
743 2057 908 2122 dicit,
945 2054 1087 2125 quod
1125 2069 1248 2110 cum
1299 2070 1328 2108 a
1380 2055 1721 2126 principibus
1771 2057 2006 2126 emperi-

431 2169 553 2209 mus
589 2150 724 2224 (71),
767 2149 850 2204 vel
883 2147 1158 2219 principes
1183 2147 1453 2216 cmperint
1481 2148 1697 2218 operari
1735 2148 1788 2202 in
1821 2149 2000 2215 nobis,

429 2246 624 2302 deinde
657 2258 756 2298 nos
797 2240 1072 2296 voluntate
1096 2249 1148 2293 et
1181 2238 1460 2309 proposito
1484 2240 1881 2309 subsequantur
1909 2259 1922 2295 :
1951 2250 2004 2296 et

429 2336 570 2392 aucti
600 2333 954 2406 profectibus,
989 2333 1068 2387 sic
1108 2333 1175 2386 ad
1223 2331 1649 2386 benedicendum
1674 2331 1788 2400 jam
1826 2333 2000 2402 ipsum

431 2429 718 2483 Dominum
747 2427 1048 2481 veniamus.
1093 2424 1198 2479 Sed
1225 2424 1504 2478 videamus
1535 2424 1663 2492 quid
1689 2425 1819 2480 dicit
1847 2443 1858 2478 :
1899 2445 1915 2477 ι
1943 2425 1999 2480 In

428 2519 761 2588 incipiendo,
798 2518 970 2586 inquit
1007 2517 1071 2579 '9,
1098 2516 1372 2584 principes
1408 2516 1460 2569 in
1493 2515 1708 2570 Israel.o
1741 2517 1998 2588 Initiaju-

426 2611 543 2664 vari
566 2625 594 2664 a
612 2607 1240 2679 principilmsdicuntur:
1259 2616 1380 2675 post
1406 2609 1519 2662 haec
1538 2609 1786 2676 verojam
1811 2611 2001 2663 volun-

428 2711 537 2758 tate
562 2700 776 2770 propria
807 2710 860 2752 et
891 2698 1168 2767 proposito
1202 2697 1482 2752 nitendum
1509 2707 1629 2763 est,
1675 2707 1734 2752 ut
1774 2699 1999 2754 benedi-

427 2809 554 2851 cere
571 2796 857 2851 Dominum
879 2808 1208 2848 mereamur.
1225 2791 1358 2846 Nam
1378 2804 1432 2849 et
1446 2795 1670 2864 populus
1692 2795 1856 2849 Israel
1876 2811 1998 2849 cum

425 2889 692 2956 inciperet
709 2886 862 2941 exire
879 2886 944 2940 de
955 2884 1208 2956 IEgypto,
1226 2894 1278 2941 et
1301 2886 1536 2941 transire
1564 2901 1646 2940 ma
1657 2902 1714 2940 re
1732 2887 1998 2952 Rubrum,

425 2979 563 3034 nihil
589 2979 756 3050 ipsius
788 2978 1004 3048 proprio
1033 2977 1237 3041 labore,
1259 2979 1351 3032 sed
1376 2987 1544 3032 totum
1576 2993 1675 3046 per
1701 2978 1996 3047 principes,

424 3072 478 3126 id
504 3080 586 3126 est
603 3085 698 3140 per
721 3069 941 3140 angelos
963 3071 1248 3140 agebatur.
1271 3069 1513 3137 Denique
1533 3070 1612 3124 sic
1634 3069 1765 3124 dicit
1785 3069 1998 3139 Moyses

424 3161 490 3215 ad
512 3161 670 3234 47],
703 3160 954 3232 populum
985 3179 998 3215 :
1037 3180 1054 3213 ι
1080 3159 1212 3225 Vos,
1244 3161 1499 3230 inquit",
1521 3161 1789 3226 tacebitis,
1813 3171 1865 3216 et
1891 3161 1997 3216 Do-

422 3252 604 3306 minus
641 3251 900 3322 pugnabit
944 3265 1039 3320 pro
1071 3249 1246 3305 vobis.
1289 3268 1308 3302 ι
1339 3251 1538 3320 Aperte
1587 3252 1730 3305 enim
1777 3251 1999 3320 angelus

421 3352 662 3398 vastator
693 3357 790 3410 pro
817 3342 898 3396 eis
941 3353 1209 3413 pugnasse
1248 3343 1576 3397 describitur
1607 3342 1673 3408 7‘,
1702 3344 1798 3413 qui
1830 3343 1991 3414 JEgy-

419 3434 654 3502 ptiorum
679 3433 894 3502 quidem
921 3433 1277 3503 primogenita
1302 3433 1576 3488 interemit
1597 3432 1999 3490 :Jsraelitarum

420 3539 548 3579 vero
598 3539 697 3578 nec
737 3539 905 3593 pecus
952 3525 1168 3593 quidem
1211 3524 1409 3578 mutire
1455 3523 1602 3580 fecit.
1641 3526 1840 3580 Verum
1894 3543 2001 3582 non

421 3631 633 3684 semper
661 3618 1075 3685 exspectandum
1123 3623 1208 3670 est
1241 3625 1300 3670 ut
1347 3615 1520 3686 angeli
1569 3631 1666 3685 pro
1711 3619 1868 3673 nobis
1902 3635 2001 3689 pu-

420 3719 618 3777 gnent,
658 3711 751 3762 sed
811 3709 864 3762 in
913 3708 1217 3776 incipiendo
1275 3711 1668 3774 tantummodo,
1723 3711 1773 3764 id
1817 3721 1901 3766 est
1948 3713 1999 3766 in

421 3799 590 3852 initiis
641 3801 874 3862 nostris,
933 3814 965 3853 a
1017 3800 1354 3869 principibus
1405 3801 1608 3872 angelis
1659 3802 1998 3872 adjuvantur.

420 3891 689 3944 Caeterum
722 3905 977 3958 processu
1006 3891 1266 3960 temporis
1292 3901 1505 3962 oportet
1533 3895 1698 3948 etiam
1729 3909 1825 3950 nos
1853 3896 2003 3965 ipsos

421 3983 575 4036 exire
623 3989 861 4036 armatos
911 3983 976 4036 ad
1019 3982 1225 4051 praelia.
1275 3985 1417 4038 Ante
1471 3987 1613 4039 enim
1658 4002 1821 4054 quam
1861 3988 2001 4041 bella

422 4071 718 4135 discamus,
754 4082 1044 4141 antequam
1095 4088 1300 4143 pugnas
1347 4073 1560 4129 Domini
1607 4091 1797 4146 parare
1834 4079 2002 4132 medi-

423 4171 625 4228 temur,
674 4176 702 4215 a
760 4162 1104 4231 principibus
1153 4163 1358 4234 angelis
1409 4167 1794 4234 sublevamur;
1849 4181 2002 4224 ante-

421 4268 582 4322 quam
647 4254 804 4322 panis
859 4253 1100 4308 cmlestis
1151 4270 1548 4324 consequamur
1597 4274 1891 4326 annonam,
1948 4270 2004 4315 et

421 4347 676 4401 carnibus
701 4346 836 4415 Agni
866 4345 1196 4400 itnmaculati
1233 4347 1516 4413 satientur,
1547 4359 1834 4420 antequam
1861 4367 2002 4408 vera:

420 4438 545 4492 vitis
586 4454 706 4508 qua:
756 4438 1003 4492 ascendit
1045 4438 1112 4493 de
1158 4439 1339 4494 radice
1394 4440 1560 4495 David
1608 4443 1869 4514 sanguine
1919 4445 2003 4501 in-

421 4529 714 4591 ebriemur,
758 4530 931 4584 donec
986 4531 1194 4598 parvuli
1245 4547 1453 4597 sumus,
1508 4542 1555 4588 et
1597 4533 1735 4590 lacte
1775 4537 1992 4602 alimur,
2031 4569 2075 4624 ι)

422 4631 478 4674 et
523 4621 798 4675 initiorum
846 4622 1048 4676 Christi
1084 4637 1390 4677 sermonem
1441 4635 1704 4692 tenemus,
1741 4637 1995 4698 tanquam

423 4712 629 4780 parvuli
659 4713 758 4766 sub
784 4714 1226 4780 procuratoribus
1250 4716 1487 4786 agimus,
1516 4727 1570 4770 et
1597 4718 1871 4774 actoribus
1901 4737 2000 4774 an-

421 4803 578 4871 gelis.
615 4802 716 4857 Ubi
765 4819 894 4858 vero
947 4807 1058 4874 jam
1105 4807 1310 4862 militia:
1361 4808 1601 4866 crelestis
1657 4823 1999 4867 sacramenta

421 4895 777 4962 gustavimus,
811 4906 864 4950 et
901 4913 1038 4966 pane
1076 4898 1197 4952 vitae
1238 4899 1422 4954 refecti
1454 4916 1661 4967 sumus,
1690 4904 1813 4957 audi
1863 4921 2000 4973 quo-

422 4983 581 5039 modo
610 4998 707 5052 per
729 4986 1086 5054 apostolicam
1125 4987 1308 5040 tubam
1343 4989 1672 5044 suscitantur
1696 4991 1760 5042 ad
1791 4990 1997 5058 pnelia.

420 5075 628 5143 lugenti
653 5091 885 5146 namque
905 5092 1036 5131 voce
1057 5078 1254 5132 Paulus
1274 5078 1470 5134 clamat
1492 5081 1558 5136 ad
1584 5096 1682 5135 nos
1712 5081 1895 5136 dicens
1917 5083 1994 5134 7':

423 5187 442 5218 ι
482 5167 693 5222 lnduite
728 5184 825 5223 vos
855 5183 1006 5223 arma
1044 5169 1156 5234 Dei,
1199 5180 1258 5224 ut
1307 5171 1526 5238 possitis
1557 5182 1704 5227 stare
1737 5173 1998 5228 adversus

419 5261 676 5317 astutiam
709 5262 928 5317 diaboli.
968 5282 986 5314 ι
1015 5261 1130 5317 Νοιι
1172 5277 1272 5317 nos
1301 5263 1438 5318 ultra
1471 5264 1674 5333 patitur
1714 5265 1863 5320 velut
1899 5266 1998 5321 sub

419 5357 520 5411 alis
552 5356 872 5411 laetantium
909 5356 1023 5426 ('72)
1059 5356 1298 5423 latitare,
1343 5357 1530 5410 invitat
1568 5373 1664 5412 nos
1708 5359 1774 5412 ad
1823 5366 1999 5412 certa-

417 5449 859 5517 minumeampos
881 5466 895 5514 ;
921 5467 938 5499 ι
962 5449 1188 5513 induite,
1213 5467 1231 5500 ι
1256 5448 1428 5518 inquit
1457 5449 1526 5515 ⁷³,
1548 5463 1643 5504 vos
1669 5465 1688 5499 ι
1720 5448 1942 5502 loricam
1973 5466 1992 5500 ι

482 5559 528 5591 ⁸⁸
551 5560 739 5614 Matth.
783 5579 938 5624 xvttt,
974 5562 1059 5616 10.
1149 5562 1192 5591 θ’
1227 5560 1350 5614 .Ιιι‹1.
1387 5577 1441 5624 v,
1475 5561 1530 5614 Ξ.

417 5625 462 5656 ⁷⁸
487 5628 611 5683 Jttd.
639 5647 690 5694 v,
725 5633 780 5685 2.
855 5634 900 5663 ⁷⁵
931 5635 1058 5686 ibid.
1091 5635 1145 5688 5.
1225 5634 1269 5662 ⁷⁵
1301 5631 1319 5684 1
1351 5632 1467 5686 Pet.
1507 5649 1566 5696 tt,
1601 5633 1657 5686 9.

489 5744 598 5810 (7Il
637 5745 976 5817 prerimus.
1038 5749 1197 5804 Deest
1237 5750 1287 5802 in
1322 5748 1451 5804 libb.
1483 5748 1664 5815 editis,
1705 5759 1880 5805 exstat
1924 5752 1976 5804 in

418 5829 550 5868 ιιιδιε.

1615 5561 1661 5592 τ.
1703 5561 1846 5596 ρνΛΑΙ
1916 5579 2004 5596 "I‘Y
2051 5564 2071 5596 Α

1701 5561 1866 5616 Exod.
1916 5563 2138 5626 x1v,15.
2213 5565 2253 5594 '”
2299 5562 2467 5616 Exod.
2508 5579 2605 5616 λιι.
2684 5565 2728 5594 τ’
2760 5563 2878 5631 Epln

1733 5633 1776 5663 ⁷⁷
1809 5636 1978 5702 Apoc.
2009 5649 2124 5701 nx,
2161 5634 2245 5689 I6.
2321 5635 2441 5666 ""9
2463 5632 2653 5687 Matth.
2681 5651 2756 5698 ιι,
2794 5635 2878 5687 15.

2115 575 2246 646 pile,
2271 576 2364 631 sed
2390 586 2445 631 et
2472 575 2727 645 gladium,
2758 577 2952 648 inquit,
2977 581 3224 650 spiritus,
3264 598 3286 632 ι
3312 591 3369 636 et
3395 596 3559 650 super
3586 604 3705 648 οιιιο,

2115 670 2202 724 nia
2227 687 2246 720 ι
2277 681 2490 726 scutum
2527 671 2671 734 ﬁdei,
2702 673 2756 725 in
2787 686 2896 741 quo
2917 673 3160 742 possitis,
3189 675 3287 739 ait,
3318 676 3503 729 omnia
3525 659 3706 748 jacela'

2113 766 2336 837 maligni
2389 766 2544 836 ignea
2601 767 2965 837 exstinguere.
3013 788 3032 820 ι
3070 769 3232 826 Vides
3263 785 3400 840 ergo
3437 771 3688 840 quomodo

2110 861 2288 912 omnia
2319 874 2416 928 per
2447 859 2691 914 ordinem
2729 860 2884 926 ﬁunt,
2919 871 2974 917 et
3018 862 3151 917 nihil
3187 863 3481 917 confusum
3520 864 3572 917 in
3601 880 3687 932 po-

2111 949 2236 1018 pulo
2271 949 2384 1015 Dei,
2416 950 2548 1004 nihil
2580 951 2998 1020 incompositum
3038 961 3135 1006 aut
3171 963 3568 1023 pra-posterum
3608 970 3688 1023 ge-

2114 1041 2266 1095 ritur.
2312 1040 2369 1094 ln
2419 1041 2728 1112 incipiendo
2758 1044 3032 1114 principes
3067 1044 3262 1112 juvant
3291 1063 3305 1098 :
3335 1061 3463 1099 cum
3496 1046 3692 1112 adjutus

2110 1134 2315 1201 fueris,
2368 1147 2425 1190 et
2487 1151 2516 1189 a
2579 1136 2913 1205 principibus
2971 1139 3238 1200 eruditus,
3289 1137 3406 1205 jam
3460 1138 3558 1191 tibi
3591 1139 3692 1205 ipse

2111 1235 2302 1295 sponte
2337 1236 2391 1280 et
2432 1225 2711 1280 voluntate
2747 1237 2862 1292 tua,
2913 1243 3034 1297 qua:
3065 1229 3302 1282 didicisti
3355 1241 3389 1281 a
3439 1230 3690 1298 principi-

2110 1317 2234 1382 bus,
2271 1330 2416 1387 gere.
2455 1315 2621 1370 Recte
2659 1315 2802 1370 enim
2840 1316 3078 1372 decoctis
3116 1316 3438 1386 principiis,
3485 1318 3689 1384 deposi-

2112 1411 2285 1478 tisque
2345 1408 2665 1465 rudimentis
2717 1422 2915 1464 nostra:
2962 1411 3360 1465 committimur
3414 1411 3686 1473 voluntati,

2107 1511 2166 1555 ut
2194 1501 2276 1555 vel
2315 1500 2432 1555 laus
2476 1500 2652 1555 meriti
2709 1502 2803 1566 sit,
2843 1516 2963 1572 qua:
3003 1511 3189 1556 nostra
3227 1502 3434 1556 virtute
3473 1505 3685 1572 quaesita

2107 1603 2210 1658 est,
2244 1594 2329 1650 vel
2381 1594 2536 1663 culpa
2595 1596 2718 1666 jure
2769 1595 2843 1649 sit
2885 1603 3090 1660 nostra,
3138 1610 3259 1665 qua:
3307 1609 3409 1664 per
3457 1606 3684 1648 nostram

2107 1689 2254 1742 venit
2283 1689 2575 1757 ignaviam.
2612 1687 2738 1743 llaec
2776 1702 2876 1758 pro
2913 1702 2981 1743 eo
3027 1689 3174 1758 quod
3202 1689 3470 1758 scriptum
3496 1698 3581 1742 est
3601 1687 3686 1734 ’δε

2112 1797 2130 1830 ι
2161 1777 2218 1832 In
2257 1779 2582 1847 incipiendo,
2615 1779 2890 1850 principes
2914 1779 2966 1833 in
2999 1777 3186 1847 Israel,
3215 1781 3268 1834 in
3303 1779 3683 1836 voluntatibus.

2035 1849 2078 1904 Β
2113 1871 2317 1942 populi,
2346 1872 2650 1927 henedicite
2679 1871 2990 1927 Dominum.
3027 1889 3048 1924 ι

2182 1962 2237 2018 '5.
2269 1960 2398 2018 Post
2435 1962 2550 2017 hazc
2596 1972 2776 2018 autem
2821 1963 2956 2017 dicit
2981 1963 3069 2018 ⁷⁸ε
3103 1980 3123 2015 ι
3161 1963 3380 2026 Audite,
3431 1977 3616 2033 reges,
3643 1972 3685 2014 et

2111 2053 2332 2108 auribus
2365 2054 2654 2124 percipite,
2687 2063 2940 2126 satrapae.
2992 2056 3225 2111 Domino
3267 2058 3530 2117 cantabo,
3563 2056 3684 2123 psal-

2110 2147 2214 2201 lam
2250 2147 2356 2203 Deo
2384 2147 2568 2203 Israel.
2596 2166 2619 2202 ι
2653 2149 2869 2213 Audite,
2919 2150 3116 2220 inquit,
3163 2164 3341 2220 reges.
3393 2148 3573 2220 Reges
3607 2165 3685 2217 ap-

2110 2238 2273 2306 pellat
2319 2254 2412 2293 eos
2453 2240 2542 2309 qui
2577 2248 2950 2295 convocantur
2999 2241 3064 2294 ad
3111 2242 3444 2296 audiendum
3477 2240 3683 2294 verbm

2109 2329 2225 2383 Dei.
2267 2329 2509 2394 Exsulta,
2557 2329 2754 2400 popule
2811 2331 2928 2395 Dei,
2978 2331 3207 2387 audiens
3255 2343 3361 2385 tua:
3407 2331 3685 2384 nobilitatis

2111 2421 2364 2492 insignia.
2399 2422 2480 2476 Tu
2511 2422 2721 2476 vocaris
2760 2423 2826 2476 ad
2871 2423 3200 2478 audiendum
3234 2423 3466 2477 vei-bum
3501 2425 3610 2487 Dei,
3642 2433 3684 2475 et

2109 2527 2213 2566 non
2243 2524 2300 2568 ut
2338 2514 2509 2583 plebs,
2545 2515 2638 2569 sed
2674 2524 2730 2568 ut
2763 2530 2857 2569 rex
2891 2515 3123 2568 vocaris.
3159 2514 3280 2568 Tibi
3323 2518 3473 2570 enim
3502 2517 3683 2568 dictum

2107 2614 2190 2660 est
2215 2604 2261 2635 ⁷⁸
2291 2622 2304 2658 :
2334 2623 2352 2655 ι
2389 2604 2570 2661 Genus
2626 2605 2808 2675 regale
2861 2616 2916 2660 et
2964 2607 3341 2661 sacerdotale:
3377 2611 3604 2676 populus
3640 2608 3682 2660 in

2108 2697 2548 2766 acquisitionem.
2594 2715 2613 2750 ι
2651 2698 2775 2752 Ideo
2816 2698 2940 2767 quia
2985 2714 3079 2752 vos
3125 2715 3282 2767 reges
3317 2701 3477 2762 estis,
3513 2703 3684 2756 merito

2108 2803 2202 2842 rex
2231 2797 2414 2843 noster
2433 2787 2683 2845 Christus
2715 2789 2971 2844 Dominus
3006 2809 3024 2842 ι
3061 2807 3151 2846 rex
3191 2811 3210 2842 ι
3247 2791 3453 2846 dicitur
3481 2791 3528 2825 τ’
3562 2809 3581 2844 ι
3609 2806 3682 2846 re-

2107 2897 2252 2952 gum,
2282 2890 2336 2936 et
2367 2881 2626 2936 Dominus
2660 2882 3076 2936 dominantium.
3120 2902 3138 2935 ι
3168 2885 3280 2938 Sed
3332 2886 3480 2937 sicut
3525 2883 3684 2937 exsul-

2110 2974 2239 3026 tatis
2271 2972 2336 3025 de
2369 2971 2667 3026 nobilitatis
2693 2983 2892 3027 vestra:
2923 2973 3100 3040 titulo,
3134 2973 3207 3027 ita
3234 2974 3454 3028 discere
3492 2975 3684 3029 debetis

2106 3061 2235 3130 quid
2276 3061 2484 3131 agendo
2533 3064 2900 3131 unusquisque
2947 3073 3186 3118 vestrum
3238 3064 3335 3119 ﬁat
3385 3080 3503 3119 rex.
3547 3065 3682 3132 Quod

2107 3154 2259 3209 vobis
2296 3155 2365 3208 ita
2402 3156 2641 3210 breviter
2674 3155 2947 3210 deﬁniam.
2976 3155 3178 3227 Regem
3215 3165 3266 3210 te
3302 3160 3550 3211 omnium
3581 3155 3714 3212 esse'

2028 3209 2068 3266 Ο
2103 3246 2253 3312 facit,
2282 3247 2323 3300 si
2360 3256 2547 3316 regnet
2570 3245 2819 3300 Christus
2854 3248 2905 3300 in
2959 3256 3032 3301 te.
3058 3209 3199 3302 “Rex
3245 3265 3484 3302 narnuue
3536 3265 3563 3301 a
3611 3266 3682 3302 re-

2102 3341 2273 3408 gendo
2303 3339 2478 3393 dictos
2511 3348 2613 3393 est.
2642 3337 2698 3394 Si
2730 3353 2860 3410 ergo
2889 3350 2942 3394 et
2973 3340 3026 3393 in
3069 3347 3123 3394 te
3150 3339 3369 3394 animus
3407 3353 3616 3410 regnat,
3638 3351 3682 3393 et

2101 3446 2295 3500 corpus
2341 3431 2701 3498 obtemperat,
2750 3432 2794 3486 si
2844 3432 3321 3501 concupiscentias
3371 3434 3563 3487 carnis
3598 3435 3683 3484 sub

2097 3525 2280 3592 jugum
2314 3522 2524 3592 imperii
2555 3524 2628 3576 tui
2665 3524 2866 3586 mittas,
2900 3524 2944 3578 si
2975 3525 3223 3578 vitiorum
3253 3535 3450 3594 gentes
3487 3526 3683 3578 sobrie~

2106 3616 2232 3669 tatis
2274 3624 2374 3669 tuae
2410 3615 2581 3670 frenis
2611 3616 2935 3670 arctioribus
2976 3632 3191 3684 premas
3212 3658 3226 3678 ,
3263 3617 3466 3670 merito
3498 3631 3586 3670 rex
3617 3617 3683 3669 di-

2103 3708 2265 3773 ceris,
2291 3707 2378 3775 qui
2420 3716 2473 3761 te
2509 3716 2654 3760 recte
2699 3718 2863 3777 agere
2919 3709 3156 3762 noveris.
3207 3707 3342 3762 Cum
3392 3724 3525 3779 ergo
3577 3707 3682 3761 talis

2105 3797 2272 3852 fueris
2306 3795 2561 3863 effectus,
2613 3798 2776 3868 digne
2820 3807 2877 3853 nt
2932 3814 3026 3853 rex
3074 3801 3139 3853 ad
3195 3801 3470 3854 audienda
3520 3803 3682 3854 divina

2108 3888 2276 3941 verba
2313 3887 2611 3942 vocaberis.
2645 3887 2757 3943 lloc
2792 3905 2922 3944 vero
2951 3891 3092 3959 quod
3121 3892 3499 3960 subsequitur,
3535 3894 3685 3960 magis

2103 3994 2430 4048 corporeum
2467 3980 2667 4048 aliquid
2709 3981 2934 4047 indicat,
2981 3983 3122 4051 quod
3165 3983 3342 4038 dicit:
3394 4001 3416 4036 ι
3467 3985 3686 4039 Auribus

2104 4073 2388 4141 percipite,
2436 4088 2630 4127 omnes
2673 4083 2922 4144 satrapa.
2969 4094 2987 4126 ι
3030 4073 3182 4129 Sicut
3220 4077 3369 4130 enim
3415 4078 3684 4132 inferiores

2105 4172 2231 4214 sunt
2265 4163 2480 4231 regibus
2511 4174 2764 4232 satrapie,
2795 4164 2866 4218 ita
2902 4173 2956 4218 et
2991 4165 3216 4220 auribus
3243 4168 3535 4236 percipere
3569 4168 3684 4221 inlc-

2106 4254 2220 4308 rius
2256 4254 2468 4308 videtur
2497 4269 2617 4310 esse
2659 4271 2822 4324 quam
2877 4258 3084 4312 audire.
3121 4259 3325 4313 Audire
3370 4275 3606 4330 namque
3627 4262 3682 4312 ad

2106 4345 2421 4400 interiorem
2462 4347 2697 4415 pertinet
2739 4349 3034 4414 hominem,
3068 4351 3210 4404 sicut
3236 4360 3292 4405 et
3327 4349 3587 4405 Dominus
3611 4353 3684 4404 di-

2104 4435 2260 4491 cebat
2280 4437 2395 4470 ⁷⁸·⁷⁹
2419 4455 2431 4490 :
2462 4456 2478 4488 ι
2505 4437 2606 4504 Qui
2641 4439 2802 4494 habet
2832 4455 2992 4495 aures
3012 4441 3291 4506 erudiendi,
3315 4443 3524 4500 audiat.
3551 4462 3570 4494 ι
3589 4446 3684 4496 Au-

2106 4532 2257 4584 ribus
2286 4545 2415 4584 vero
2451 4531 2744 4600 percipere,
2784 4532 2849 4585 ad
2889 4533 3221 4588 exteriorem
3267 4545 3324 4589 et
3353 4537 3690 4604 corporalem

2106 4625 2342 4693 pertinet
2374 4622 2638 4677 auditum.
2678 4624 2798 4679 Ideo
2844 4638 2976 4694 ergo
3023 4633 3078 4680 et
3121 4624 3210 4680 hic
3262 4625 3338 4680 illi
3381 4627 3473 4696 qui
3517 4629 3686 4679 audire

2106 4717 2372 4772 deberent
2398 4731 2550 4786 reges
2571 4715 2844 4782 dicuntur,
2873 4718 2966 4785 qui
2993 4730 3123 4771 vero
3143 4717 3375 4772 auribus
3402 4718 3683 4787 percipere,

2106 4817 2344 4876 satrapae
2371 4806 2733 4876 appellantur.
2779 4825 2796 4857 ι
2834 4806 2943 4876 Ego
2985 4808 3213 4862 Domino
3245 4811 3514 4874 cantabo,
3557 4810 3684 4878 psal-

2109 4897 2214 4951 lam
2271 4899 2379 4951 Deo
2416 4897 2602 4952 Israel.
2639 4915 2657 4949 ι
2689 4895 2840 4952 Beati
2887 4908 3012 4954 sunt
3053 4899 3145 4968 qui
3201 4912 3438 4968 possunt
3482 4911 3685 4955 cantare

2108 4988 2379 5043 canticum
2443 4988 2689 5043 Domino.
2751 4989 2884 5044 Cum
2938 4989 3181 5044 redimus
3235 4991 3304 5043 ad
3364 4990 3681 5058 Scripturas,

2108 5079 2276 5133 multa
2307 5080 2516 5135 cantica
2559 5082 2731 5135 sacris
2769 5082 3023 5135 mandata
3063 5082 3440 5137 voluminibus
3486 5084 3677 5135 inveni-

2107 5189 2250 5230 mus.
2287 5174 2561 5230 Ilabemus
2595 5175 2864 5246 integrum
2893 5175 3142 5231 volumen
3185 5180 3251 5232 de
3295 5177 3531 5231 Canticis
3559 5190 3674 5227 can-

2105 5266 2334 5320 ticorum
2379 5267 2664 5335 scriptum.
2720 5266 2863 5320 Ecce
2905 5275 2960 5320 et
3009 5268 3060 5320 in
3110 5270 3215 5321 hoc
3263 5267 3404 5322 libro
3446 5265 3670 5319 ludit-iu

2106 5356 2371 5412 habemus
2413 5358 2718 5422 canticum,
2761 5368 2815 5412 et
2860 5359 2914 5412 in
2952 5357 3205 5430 Numeris
3238 5359 3504 5412 canticum
3546 5355 3667 5408 scri-

2106 5458 2255 5518 ptum
2285 5458 2389 5513 est,
2419 5460 2476 5504 ct
2509 5450 2561 5503 in
2597 5450 3049 5516 Deuteronomio,
3087 5461 3140 5504 ct
3190 5452 3241 5504 in
3289 5451 3495 5511 Exodo,
3532 5457 3580 5500 et
3616 5446 3662 5495 in

3261 5563 3308 5594 ⁷³
3339 5561 3461 5618 ibid.
3493 5555 3656 5610 15-16..

2213 5565 2253 5594 ’¹¹
2299 5562 2467 5616 Exod.
2508 5579 2605 5616 λιι.
2684 5565 2728 5594 τ’
2760 5563 2953 5631 Ephes.
2993 5579 3068 5629 vi,
3099 5564 3186 5616 11.

2159 5750 2271 5820 (72)
2317 5749 2465 5803 Velut
2501 5749 2594 5801 sub
2631 5749 2732 5802 alis
2765 5749 3099 5802 laetantium.
3151 5747 3274 5801 lla-c
3311 5744 3648 5798 desiderantur

2104 5821 2156 5874 in
2199 5821 2353 5875 libris
2389 5831 2546 5874 antea
2589 5821 2768 5883 editis,
2812 5821 2904 5873 scd
2937 5830 3150 5873 exstant
3187 5822 3238 5871 in
3271 5834 3394 5870 mss.
