3870 6512
175 378 271 438 971

1222 387 1289 443 IN
1328 390 1589 448 LIBRUM
1621 391 1698 449 .IU
1716 390 1928 446 DICUM
1956 393 2243 452 HOMILIA
2266 399 2378 454 VII.

3311 414 3419 471 973

175 500 334 571 primo
374 495 680 568 Regnorum
722 500 878 557 libro.
932 505 990 559 In
1036 507 1209 573 primo
1256 510 1418 564 etiam
1456 510 1735 580 Paralipo-
1766 514 1811 566 Α
1839 511 2036 568 sedens
2062 529 2225 584 super
2251 518 2461 573 asinam
2487 519 2916 591 resplendentem
2943 526 3224 585 Dominum
3263 533 3421 588 benc-

173 605 374 653 menon,
429 599 484 643 et
541 591 594 644 in
637 590 759 646 allis
819 595 1001 652 nmltis
1061 598 1192 654 locis
1238 602 1479 658 invenies
1520 605 1730 658 cantica

172 685 336 739 divina
357 697 474 738 esse
503 683 790 753 descripta.
815 687 900 742 Ait
925 705 1054 762 ergo
1077 694 1192 748 haec
1216 710 1314 748 vox
1335 694 1467 761 justi
1500 713 1513 749 :
1547 714 1565 748 ι
1599 697 1711 767 Ego

171 775 385 831 Domino
428 777 688 843 cantabo,
744 781 968 847 psallam
1012 783 1119 838 Deo
1162 783 1347 840 Israel.
1408 805 1427 838 ›
1459 786 1590 854 Quis
1629 803 1730 858 pu-

172 878 245 921 tas
284 867 353 920 ita
392 881 606 922 canorae
639 872 786 926 vocis
824 884 928 938 est,
959 883 1014 928 et
1055 875 1130 930 ita
1171 877 1391 944 spiritus
1425 880 1544 949 puri
1576 895 1728 934 men-

171 959 336 1022 tisque
359 957 603 1022 sincerae,
639 972 698 1015 ut
727 964 839 1031 (75)
863 965 1132 1021 cantilena
1167 968 1287 1036 ejus
1323 969 1559 1024 divinum
1587 973 1731 1028 dele-

168 1057 308 1105 ctare
336 1049 504 1116 possit
529 1051 808 1107 auditum?
844 1053 936 1110 Ille
971 1058 1215 1127 profecto
1258 1070 1360 1126 est,
1401 1065 1488 1130 qui
1522 1065 1725 1119 nullum

170 1153 378 1192 raucum
411 1140 572 1196 habet
609 1144 660 1196 in
686 1159 744 1199 se
771 1149 977 1215 peccati
1017 1163 1229 1216 sonum,
1255 1154 1346 1221 qui
1394 1154 1524 1209 nihil
1556 1156 1727 1211 offen—

165 1229 327 1284 sionis
355 1229 405 1283 in
438 1230 640 1300 lingua,
670 1236 801 1289 nihil
842 1239 1220 1296 crassitudinis
1254 1243 1306 1296 in
1345 1244 1536 1313 spiritu
1565 1249 1725 1316 gerit,

166 1325 246 1380 ille
282 1331 456 1395 potest
482 1327 706 1384 dicere:
738 1350 757 1382 ι
799 1332 908 1402 Ego
952 1334 1176 1391 Domino
1219 1340 1470 1404 cantabo,
1504 1341 1724 1410 psallam

161 1417 266 1472 Deo
289 1417 477 1474 Israel.
509 1439 528 1472 ›

223 1510 274 1562 4.
301 1509 497 1565 Verum
520 1513 645 1582 quia
675 1517 1139 1575 continuationem
1165 1522 1362 1578 cantici
1389 1537 1485 1593 per
1514 1524 1725 1594 singula

160 1618 258 1657 non
291 1595 629 1661 occurrimus
659 1609 952 1677 explicare,
986 1610 1363 1681 interpolando
1404 1617 1592 1671 saltem
1641 1633 1726 1672 se-

157 1693 282 1748 riem
333 1694 604 1761 lectionis,
652 1700 928 1758 videamus
958 1705 1086 1773 quid
1117 1714 1200 1760 est
1237 1708 1378 1776 quod
1404 1708 1535 1765 dicit
1558 1710 1675 1743 ⁸⁰·⁸¹
1707 1731 1721 1766 :

159 1805 177 1837 ι
213 1786 314 1840 Cor
333 1802 514 1842 meum
543 1791 609 1844 ad
637 1806 700 1846 ea
725 1809 844 1862 qua:
871 1795 1131 1866 disposita
1167 1811 1293 1856 sunt
1323 1801 1448 1856 huic
1482 1803 1666 1858 Israel.
1698 1825 1717 1858 ›

153 1876 259 1931 lloc
286 1879 445 1933 modo
471 1880 681 1936 videtur
711 1885 853 1952 quod
880 1886 1010 1942 dicit
1041 1904 1053 1940 :
1079 1890 1185 1944 Cor
1217 1908 1413 1959 meum,
1433 1905 1486 1949 et
1511 1896 1722 1952 animus

154 1985 313 2035 meus,
337 1981 394 2025 et
423 1987 618 2028 sensus
645 1991 816 2044 meus,
845 1988 899 2033 et
923 1990 1030 2035 tota
1066 1998 1218 2038 mens
1248 2001 1364 2040 mea
1393 1990 1459 2042 ad
1484 1987 1613 2043 illud
1641 1989 1722 2044 in-

152 2061 332 2124 tendit,
379 2071 436 2115 et
477 2064 608 2120 illud
653 2070 912 2137 prospicit
959 2074 1100 2140 quod
1154 2076 1474 2146 dispositum
1527 2089 1634 2144 est,
1668 2091 1724 2136 et

148 2151 280 2218 quod
309 2168 668 2222 praeparatum
699 2170 782 2214 εει
818 2161 1022 2217 Israel:
1058 2164 1187 2220 illud
1228 2175 1334 2221 tota
1371 2182 1553 2226 mente
1590 2188 1718 2240 pro—

145 2241 307 2309 spicio
329 2244 478 2311 quod
506 2246 744 2304 futurum
777 2262 877 2306 est.
908 2253 963 2308 Si
997 2258 1141 2311 enim
1176 2261 1242 2314 ad
1276 2260 1402 2315 illud
1437 2262 1719 2319 intendcro

145 2333 402 2398 animum,
439 2339 618 2394 omnia
662 2357 784 2411 qua:
829 2346 880 2399 iu
938 2347 1041 2402 hoc
1096 2351 1296 2405 mundo
1347 2362 1492 2418 sunt,
1526 2354 1717 2411 ducam

147 2439 167 2474 ι
226 2433 282 2478 ut
306 2433 575 2494 stercora,
621 2442 678 2486 ut
723 2434 999 2491 Christum
1045 2439 1383 2497 lucrifaciam
1436 2444 1504 2509 ⁸³,
1560 2465 1579 2498 ι
1626 2448 1716 2516 qui

142 2519 463 2584 praeparavit
491 2519 580 2574 illa
609 2527 787 2578 omnia
833 2544 950 2597 qua:
985 2548 1002 2582 ι
1036 2533 1222 2588 oculus
1273 2549 1376 2588 non
1421 2536 1574 2604 vidit,
1620 2555 1717 2596 nec

140 2608 280 2661 auris
315 2609 550 2678 audivit,
591 2629 688 2668 nec
719 2616 771 2670 in
817 2633 911 2672 cor
941 2621 1174 2678 hominis
1215 2627 1478 2692 ascendit,
1506 2629 1574 2683 iis
1624 2633 1714 2699 qui

139 2695 354 2766 diligunt
386 2714 514 2754 eum
543 2702 607 2760 ⁸³.
651 2723 669 2756 ι
704 2705 811 2760 Cor
862 2725 1014 2780 ergo,
1057 2712 1267 2784 inquit,
1302 2731 1480 2772 meum
1525 2721 1590 2776 ad
1624 2721 1714 2777 illa

137 2791 468 2847 extenditur.
517 2794 630 2851 Non
665 2800 807 2854 enim
862 2805 1036 2859 adlmc
1084 2807 1378 2864 humanum
1421 2827 1518 2866 cor
1563 2829 1711 2885 gero,

139 2897 304 2950 neque
337 2900 468 2955 quae
495 2891 695 2960 cogito,
738 2896 1032 2951 secundum
1063 2900 1331 2956 hominem
1373 2907 1581 2974 cogito;
1621 2911 1714 2963 sed

136 2976 251 3043 quia
279 2983 586 3036 secundum
641 2983 976 3055 Scripturam
1022 2991 1056 3046 ii
1106 2995 1171 3046 ad
1220 3011 1354 3065 quos
1387 3013 1568 3054 sermo
1617 3001 1712 3056 Dei

134 3069 214 3136 ﬁt,
238 3073 307 3125 dii
333 3084 486 3142 sunt,
515 3093 614 3133 nec
639 3095 739 3150 ego
769 3083 882 3137 lucc
915 3084 1170 3152 lmmana,
1201 3093 1296 3145 sed
1319 3091 1501 3148 divina
1533 3105 1714 3152 mente

138 3165 420 3232 prospicio.

200 3259 362 3332 472
409 3263 464 3318 5.
524 3282 543 3316 ι
608 3265 861 3326 Potentes
905 3273 1121 3343 populi,
1173 3277 1478 3334 henedicite
1527 3281 1713 3336 Domi-

134 3367 280 3418 num,
318 3356 410 3422 qui
457 3360 782 3416 ascendistis
821 3378 986 3432 super
1020 3366 1264 3435 iumenta
1294 3370 1363 3426 ⁸⁸.
1407 3390 1426 3424 ι
1465 3373 1601 3442 Quid
1630 3385 1717 3429 est

133 3445 442 3502 ascendisse
467 3466 634 3520 super
662 3453 1003 3520 iumentum?
1031 3460 1236 3530 Corpus
1277 3463 1379 3518 hoc
1412 3480 1588 3520 meum
1625 3469 1711 3536 iu-

133 3547 366 3592 mentum
400 3552 491 3596 est
524 3560 538 3597 :
571 3544 637 3598 ad
671 3546 1038 3614 adiumentum
1078 3554 1220 3607 enim
1267 3565 1320 3609 et
1358 3558 1424 3611 ad
1466 3560 1712 3614 ministe-

130 3629 261 3684 rium
301 3633 498 3688 datum
524 3646 646 3692 est:
688 3655 786 3708 ego
833 3652 1012 3698 autem
1057 3660 1198 3711 sum,
1255 3649 1306 3702 id
1363 3660 1446 3705 est
1491 3653 1714 3709 interior
1770 3657 1773 3660 ’

130 3720 308 3789 homo,
342 3725 438 3794 qui
476 3729 694 3783 ascendi
736 3745 899 3802 super
944 3733 1247 3800 iumentum
1293 3741 1414 3805 hoc,
1463 3744 1547 3798 cui
1581 3746 1714 3799 dici-

127 3821 232 3880 tur,
261 3828 319 3870 ut
354 3818 677 3877 benedicam
714 3822 1022 3883 Dominmn.
1066 3831 1122 3885 Si
1170 3847 1298 3901 ergo
1351 3849 1480 3892 vere
1519 3853 1711 3894 ascen-

127 3905 245 3962 disti
275 3925 444 3978 supra
476 3929 696 3983 corpus,
725 3925 778 3970 et
808 3921 1054 3988 superior
1081 3921 1306 3980 eﬂ'ectus
1337 3932 1713 3999 corporalibus

123 4000 426 4069 desideriis,
480 4016 539 4061 et
587 4021 762 4065 motus
820 4014 1064 4081 corporis
1107 4017 1181 4069 tui
1232 4017 1382 4072 freno
1428 4026 1627 4080 mentis
1659 4035 1714 4082 et

123 4089 402 4150 interioris
465 4098 704 4153 hominis
772 4103 1140 4160 moderamine
1194 4109 1588 4180 gubernantur,
1646 4117 1712 4173 de

122 4190 172 4238 te
198 4184 429 4253 dicitur,
453 4190 583 4259 quia
614 4195 907 4249 ascendisti
938 4197 1428 4266 snperiumentum
1461 4206 1584 4274 hoc,
1621 4209 1709 4264 cui

120 4275 339 4345 dicitur,
393 4291 456 4337 ut
513 4283 806 4341 benedicas
862 4289 1168 4346 Dominum.
1224 4293 1361 4360 Quid
1401 4307 1579 4355 autem
1627 4313 1709 4359 est

115 4373 258 4440 quod
289 4378 584 4445 sequitur?
617 4404 634 4430 ι
677 4378 852 4449 Super
900 4381 1166 4452 vehicula,
1198 4385 1375 4455 inquit
1417 4390 1485 4456 ⁸⁵,
1512 4395 1707 4449 seden-

115 4467 219 4528 tes,
244 4475 302 4520 et
325 4482 503 4538 super
544 4472 725 4527 asinas
778 4470 1125 4542 refulgentes.
1160 4493 1178 4525 ι
1208 4475 1345 4542 Quid
1389 4481 1492 4536 sibi
1521 4485 1710 4541 viden-

1835 605 2034 672 dieere,
2065 617 2119 663 et
2155 609 2210 662 in
2250 611 2426 667 medio
2468 613 2762 671 laetantium
2813 618 3032 676 laudare
3067 623 3253 680 Deum.
3287 643 3305 673 ι
3342 625 3413 680 lbi

1834 695 2038 751 dabunt
2089 699 2327 769 justitias
2374 703 2600 759 Domino
2627 707 2697 762 ⁸⁸.
2735 727 2752 759 ι
2790 707 3128 768 Sacriﬁcium
3182 716 3414 772 Domino

1834 787 1964 843 illud
1996 798 2078 846 est
2119 793 2469 861 acceptabile,
2510 798 2651 867 quod
2701 802 2753 854 in
2787 800 2998 868 justitia
3039 807 3264 863 offertur
3304 810 3412 865 Do-

1832 880 1979 934 mino
2011 891 2065 937 et
2101 887 2374 954 aequitate.
2421 887 2489 942 Et
2531 889 2652 945 ideo
2701 891 2962 948 dicitur"
2992 920 3002 953 :
3035 917 3052 949 ι
3089 897 3230 955 Justi
3280 917 3411 956 con-

1832 969 2013 1028 fortati
2039 985 2162 1030 sunt
2186 981 2237 1031 In
2265 977 2444 1033 Israel.
2482 998 2499 1030 θ
2535 979 2587 1034 In
2620 981 2742 1036 aliis
2766 986 2984 1052 quidem
3017 992 3289 1058 gent-ibus,
3315 996 3405 1062 qui

1830 1067 2073 1134 corporis
2097 1069 2290 1125 robore
2324 1071 2576 1128 fortiores
2603 1087 2747 1142 sunt,
2777 1077 2850 1131 illi
2887 1090 3134 1148 potentes
3160 1085 3409 1140 dicuntur

1829 1154 1882 1210 in
1911 1157 2096 1226 praelio
2125 1180 2136 1215 :
2167 1160 2218 1214 in
2253 1161 2414 1217 Israel
2447 1179 2575 1218 vero
2601 1167 2691 1234 qui
2712 1168 2971 1237 iustiores
3014 1182 3158 1238 sunt,
3186 1175 3282 1244 ipsi
3313 1193 3379 1245 po

1832 1249 2098 1305 tentiores
2133 1251 2392 1308 dicuntur
2445 1256 2498 1309 in
2546 1257 2704 1314 bellis
2735 1277 2748 1312 :
2781 1260 2904 1328 quia
2945 1262 3156 1330 justitia
3193 1269 3404 1324 etiamsi

1828 1340 2034 1397 viribus
2077 1343 2293 1399 inﬁrma
2326 1346 2420 1412 sit,
2453 1348 2619 1403 vincit
2641 1367 2655 1404 :
2681 1351 2937 1418 iniustitia
2968 1369 3116 1418 vero,
3141 1359 3240 1412 etsi
3270 1361 3406 1412 mul-

1830 1443 1913 1488 tos
1953 1444 2007 1489 et
2047 1435 2252 1493 validos
2298 1450 2624 1509 pugnatores
2673 1444 2901 1510 habeat,
2944 1458 3252 1516 superatur.
3309 1448 3402 1504 Sic

1829 1524 1990 1592 igitur
2018 1525 2068 1579 in
2094 1527 2193 1582 hac
2220 1539 2378 1597 gente
2406 1541 2610 1597 nostra,
2651 1533 2701 1588 id
2741 1545 2823 1590 est
2855 1536 2907 1588 in
2937 1534 3132 1606 populo
3163 1539 3278 1604 Dei,
3309 1555 3406 1608 per

1823 1617 2085 1686 justitiam
2141 1635 2500 1691 superamus,
2556 1634 2648 1679 aut
2703 1643 2801 1697 per
2859 1627 3177 1698 iniustitiam
3229 1632 3402 1686 vinci-

1828 1724 1966 1762 IIIIII‘.

1897 1801 1948 1856 6.
1979 1820 1997 1853 ι
2040 1802 2303 1875 Exsurge,
2347 1807 2590 1862 Debbora
2616 1851 2629 1874 ,
2682 1826 2912 1883 exsurge
2939 1823 2991 1867 ct
3024 1815 3221 1870 suscita
3266 1817 3401 1870 dena

1828 1893 1990 1947 millia
2015 1896 2600 1969 populi“.»Prophetia
2626 1905 2840 1970 quando
2863 1907 3402 1977 exsurgit?Profecto

1823 1984 1875 2038 in
1903 1986 2134 2042 adventu
2165 1988 2378 2046 Domini
2413 2011 2425 2047 :
2452 2002 2506 2048 et
2536 2011 2640 2049 non
2671 1997 2842 2050 solum
2873 1998 2986 2066 ipsa
3017 2001 3276 2071 exsurgit,
3306 2002 3400 2056 sed

1821 2087 1875 2132 et
1907 2080 2132 2148 populos
2170 2084 2400 2139 suscitat
2431 2087 2498 2140 ad
2548 2088 2898 2142 credendum.
2928 2110 2946 2141 ι
2987 2092 3266 2160 Captivam
3299 2093 3400 2147 dn-

1822 2171 1930 2226 cito
1946 2173 2334 2243 captivitatem,
2358 2177 2428 2232 ﬁli
2452 2180 2713 2236 Abinoein
2729 2183 2793 2236 ⁸⁵.
2811 2203 2828 2234 ι
2849 2183 3110 2238 Abinoem
3136 2186 3400 2252 responsio

1819 2265 1986 2331 patris
2030 2267 2418 2338 interpretatur
2452 2271 2586 2342 (74).
2626 2275 2795 2346 IIuius
2843 2276 2984 2331 ﬁlius
3032 2287 3115 2331 est
3168 2277 3398 2332 Barach.

1819 2355 2194 2426 Captivitatem
2223 2363 2289 2419 de
2317 2365 2556 2421 hostibus
2590 2369 2788 2437 capiet,
2817 2371 2905 2439 qui
2945 2370 3181 2425 etelestis
3223 2370 3401 2425 Patris

1821 2464 2074 2520 responsa
2104 2456 2423 2510 servaverit.
2457 2474 2476 2506 ι
2510 2456 2758 2522 Domine,
2799 2459 3017 2514 humilia
3056 2460 3187 2514 mihi
3215 2459 3401 2515 fortio-

1822 2556 1908 2597 res
1932 2559 2015 2598 me
2039 2546 2107 2600 ⁹⁰.
2143 2565 2162 2596 ι
2195 2545 2304 2602 Vox
2329 2548 2432 2603 ista
2461 2550 2698 2604 ﬁdelium
2726 2563 2828 2615 est,
2861 2553 3233 2608 conﬁtentium
3270 2554 3402 2606 sim-

1819 2633 2032 2703 pliciter
2058 2635 2313 2695 fortiores
2336 2653 2456 2696 esse
2482 2642 2731 2713 inimicos
2765 2659 2913 2709 suos,
2940 2645 3225 2699 adversum
3267 2659 3400 2713 quos

1818 2727 1974 2784 nobis
2011 2745 2186 2800 pugna
2231 2741 2284 2788 et
2324 2743 2596 2790 certamen
2639 2745 2721 2791 est
2756 2753 2770 2790 :
2817 2736 2943 2805 quia
2980 2752 3084 2790 non
3125 2743 3210 2790 est
3247 2733 3401 2790 nobis

1818 2835 1993 2889 pugna
2031 2825 2291 2881 adversus
2320 2843 2540 2884 carnem
2567 2841 2622 2884 et
2647 2831 2987 2901 sanguinem.
3012 2829 3263 2900 Alioquin
3294 2843 3400 2883 non

1816 2924 1959 2971 esset
1995 2919 2149 2974 nobis
2182 2920 2372 2976 fortior
2402 2923 2765 2979 adversarius.
2797 2922 2903 2978 Sed
2935 2922 3188 2993 quoniam
3213 2922 3401 2976 adver-

1817 3024 1935 3063 sum
1971 3011 2308 3081 principatus
2337 3023 2392 3068 et
2439 3025 2755 3083 potestates,
2797 3025 2851 3070 et
2887 3017 3174 3071 adversum
3212 3014 3395 3068 mundi

1816 3101 1976 3172 huius
2013 3113 2252 3160 rectores
2301 3107 2667 3172 tenebrarum,
2698 3116 2754 3162 et
2792 3109 3076 3164 adversum
3125 3108 3395 3178 spiritalia

1740 3213 1781 3268 ο
1816 3196 2068 3265 nequitiae
2125 3205 2206 3252 est
2267 3198 2572 3264 luctamen,
2634 3200 2835 3258 idcirco
2896 3200 3028 3256 dicit
3079 3202 3395 3270 propheta:

1821 3306 1839 3340 ι
1871 3289 2128 3355 Domine,
2179 3292 2401 3346 Intimilia
2448 3293 2577 3348 mihi
2627 3293 2883 3348 fortiores
2931 3308 3033 3348 me.
3069 3314 3085 3345 )
3113 3293 3395 3360 Quomodo

1814 3383 1958 3436 enim
1985 3399 2089 3437 non
2118 3384 2232 3440 haec
2258 3394 2403 3440 tanta
2437 3387 2724 3456 spirituum
2748 3389 2848 3452 vis,
2870 3388 3027 3458 longe
3050 3387 3120 3442 sit
3161 3389 3395 3442 humana

1813 3474 2104 3545 fragilitate
2146 3478 2558 3533 vehementior?
2605 3479 2711 3534 Sed
2763 3479 2815 3534 in
2864 3494 2929 3534 eo
2980 3479 3119 3533 Deus
3175 3478 3398 3546 adiuvat

1815 3566 2180 3622 inﬁrmitatem
2229 3576 2500 3634 nostram,
2545 3569 2598 3624 in
2653 3585 2760 3640 quo
2804 3569 2938 3625 dicit
2978 3569 3265 3638 Apostolus
3295 3567 3342 3600 ⁸⁸
3380 3587 3393 3622 :

1819 3677 1836 3708 ι
1879 3657 2071 3714 Omnia
2104 3674 2322 3730 possum
2353 3661 2403 3715 in
2435 3675 2500 3716 eo
2530 3661 2620 3730 qui
2649 3677 2734 3716 me
2775 3661 3068 3724 confortat,
3101 3681 3120 3714 ι
3151 3661 3392 3716 Christo.

1814 3751 1949 3805 Sunt
1975 3751 2091 3804 istae
2117 3751 2333 3820 quidem
2378 3752 2609 3808 virtutes
2656 3752 2910 3808 fortiores
2946 3753 3138 3807 nobis:
3172 3751 3264 3806 sed
3298 3752 3397 3805 ite-

1814 3856 1929 3894 rum
1962 3841 2128 3910 quiin
2155 3840 2310 3896 nobis
2351 3851 2434 3897 est
2463 3840 2732 3908 Christus,
2769 3853 2823 3897 et
2846 3842 3123 3898 confortat
3162 3858 3283 3907 nos,
3314 3849 3396 3897 est

1809 3931 2050 3986 omnium
2085 3931 2309 3998 fortior;
2354 3934 2438 3987 cui
2476 3941 2560 3989 est
2599 3934 2770 4005 gloria
2802 3945 2856 3990 et
2891 3935 3175 4004 imperi-<9:
3214 3934 3266 3988 in
3303 3949 3396 3989 sa:-

1811 4026 1932 4080 cula
1968 4025 2309 4082 saaculorum.
2343 4026 2534 4080 Amen.

2379 4140 2666 4199 IIOMILIA
2706 4140 2820 4198 VII.

1808 4229 1887 4286 De
1925 4248 1986 4287 eo
2028 4233 2167 4304 quod
2219 4233 2466 4287 translati
2479 4243 2635 4357 ﬁngi
2696 4232 2798 4299 ﬁlii
2852 4229 3028 4286 Israel
3084 4233 3141 4285 in
3205 4245 3395 4284 manus

1829 4348 1836 4356 .
2541 4321 2571 4357 a
2614 4318 2725 4357 ian.

2541 4318 2725 4357 aatan.

1881 4396 1933 4449 l.
1955 4393 2200 4462 Quiescit
2231 4402 2375 4449 terra
2405 4393 2576 4450 donec
2604 4393 2830 4462 quiescit
2857 4400 3162 4463 peccatum.
3190 4389 3392 4445 Moverl

1812 4495 1992 4541 autem
2022 4487 2223 4542 dicitur
2245 4495 2410 4552 terra,
2441 4485 2545 4541 hoc
2565 4491 2672 4548 est,
2698 4484 2733 4538 ii
2763 4485 2853 4553 qui
2881 4484 3126 4537 habitant
3162 4491 3391 4546 terram,

115 4566 202 4610 tur
232 4575 358 4616 esse
387 4562 559 4616 asinze
609 4564 975 4634 refulgentes?
1027 4566 1167 4624 Dicit
1209 4575 1353 4629 enim
1400 4576 1702 4647 Scriptura,
1739 4561 1784 4617 Ῑ)
1813 4595 1934 4633 cum
1956 4580 2168 4635 animas
2196 4579 2474 4634 hominum
2509 4591 2726 4631 movere
2755 4575 3056 4643 coeperint,
3097 4582 3152 4628 et
3181 4583 3394 4643 pertur-

113 4652 235 4717 quia
270 4663 532 4722 oporteat
563 4655 884 4712 benedicere
912 4658 1202 4716 Dominum
1243 4679 1338 4720 eos
1386 4667 1477 4736 qui
1509 4671 1704 4727 sedent

111 4755 274 4810 super
328 4747 585 4802 vehicula
634 4760 688 4804 et
736 4768 901 4822 super
950 4758 1131 4812 asinas
1181 4758 1530 4830 refulgentes.
1573 4765 1700 4820 Mihi

109 4836 258 4890 velut
303 4839 359 4894 in
406 4841 550 4898 locis
599 4846 672 4898 ita
720 4845 1024 4904 difﬁcilibus
1065 4851 1170 4906 tale
1211 4853 1413 4922 aliquid
1442 4858 1698 4913 videtur:

108 4946 227 4985 cum
251 4932 571 5000 iumentum
611 4941 732 5006 hoc,
762 4942 814 4996 id
857 4951 942 4998 est
978 4959 1178 5016 corpus
1214 4961 1413 5011 meum,
1443 4948 1542 5002 sub
1571 4950 1703 5019 iugo

109 5027 320 5081 venerit
344 5031 504 5084 verbi
539 5032 649 5098 Dei,
687 5045 814 5091 tunc
851 5038 1154 5094 vehiculum
1187 5039 1432 5109 corporis
1463 5040 1564 5095 mei
1613 5057 1703 5097 re-

104 5113 399 5181 splendere
431 5119 687 5192 incipiet;
735 5136 790 5180 et
836 5127 989 5182 asina
1028 5128 1162 5195 haec,
1198 5128 1248 5183 l.‘
1284 5138 1367 5183 εει
1403 5145 1530 5184 caro
1563 5146 1702 5199 mea,

107 5217 235 5264 tunc
270 5212 556 5284 refulgere
584 5217 814 5282 dicetur,
855 5234 974 5274 cum
1020 5222 1288 5276 castitatis
1326 5237 1391 5276 ac
1429 5223 1704 5292 pudicitiae

107 5298 270 5359 fuerit
295 5305 597 5374 splendore
617 5310 894 5366 decorata.
925 5311 990 5365 Et
1017 5311 1090 5366 ita
1116 5323 1264 5367 recte
1291 5313 1486 5368 dicitur
1517 5315 1700 5373 anima

1812 4673 1944 4726 bare
1977 4680 2216 4741 peccata.
2252 4670 2321 4725 Et
2366 4669 2489 4724 ideo
2522 4667 2782 4736 scriptum
2815 4677 2898 4720 est
2944 4666 3044 4720 hoc
3080 4666 3220 4735 quod
3250 4679 3392 4718 nunc

1811 4779 2049 4833 prmsens
2080 4763 2240 4818 lectio
2264 4763 2527 4818 continet.
2565 4777 2584 4812 ι
2619 4760 2686 4814 Ει
2709 4759 2933 4828 quievit,
2963 4759 3221 4826 inquit”,
3247 4766 3390 4809 terra

1809 4855 2167 4924 quadraginta
2199 4853 2378 4910 annis.
2410 4853 2476 4906 Et
2499 4851 2742 4908 fecerunt
2772 4851 2864 4906 ﬁlii
2901 4852 3062 4905 Israel
3093 4849 3388 4918 malignum

1811 4946 1863 5000 in
1895 4956 2187 5014 conspectu
2220 4944 2455 5009 Domini,
2481 4952 2534 4998 et
2569 4943 2790 4997 tradidit
2828 4957 2922 4996 eos
2956 4942 3005 4995 in
3053 4957 3245 4994 manus
3280 4941 3391 4992 Ma-

1808 5039 1932 5092 diau
1982 5038 2139 5092 anuis
2183 5045 2409 5106 septem,
2457 5045 2509 5091 et
2559 5036 2788 5090 invaluit
2832 5034 3040 5088 Madian
3094 5049 3256 5101 super
3309 5033 3387 5084 ls-

1808 5132 1922 5186 rael
1951 5129 2016 5185 9'.
2058 5150 2076 5183 ι
2112 5132 2244 5185 Dum
2289 5139 2434 5185 esset
2477 5144 2608 5200 ergo
2643 5130 2850 5200 justitia
2891 5129 2941 5181 in
2993 5138 3162 5191 terra,
3211 5126 3264 5179 id
3305 5134 3390 5178 est

1807 5225 1862 5278 in
1898 5224 1964 5279 iis
1997 5223 2087 5294 qui
2127 5223 2374 5278 habitant
2420 5232 2641 5286 terram,
2671 5223 2941 5291 quievisse
2974 5221 3169 5274 dicitur
3201 5227 3384 5280 terra;

1809 5331 1930 5372 cum
1962 5331 2090 5373 vero
2125 5317 2354 5372 increvit
2383 5316 2660 5385 iniquitas,
2703 5325 2759 5368 et
2802 5314 3048 5369 fecerunt
3085 5313 3195 5384 (75)
3227 5311 3385 5364 mati-

317 5469 454 5548 Jut‘I2
484 5470 610 5548 37,9.
659 5474 718 5548 *δέ
749 5473 1055 5548 ΡΙιίνΙ.Ῠ111.78.
1107 5476 1152 5508 ⁸³
1175 5475 1336 5534 ICor.
1361 5479 1492 5548 lt,
1548 5479 1710 5537 “Jttd

1838 5481 1891 5540 9.
1929 5482 2012 5536 I0.
2075 5482 2121 5514 ⁸³
2149 5480 2275 5535 ibid.
2301 5482 2387 5536 10.
2445 5481 2640 5536 “ibid.
2667 5481 2751 5534 ll.
2812 5481 3007 5536 8"ibid.
3067 5479 3112 5511 ⁸³
3137 5478 3268 5532 ibid.
3295 5479 3379 5532 Η..

103 5534 149 5565 ”
186 5537 322 5593 ibid.

176 5630 294 5715 (Ἱξ)
327 5631 426 5688 Sic
447 5650 590 5715 _ms_s.
623 5637 768 5693 Libri
799 5654 928 5694 vero
958 5640 1112 5708 editi,
1135 5659 1153 5694 ι
1189 5643 1262 5697 ita
1299 5643 1524 5715 spiritus
1553 5660 1701 5713 puras

105 5702 327 5773 mentis,
359 5705 460 5771 qui
501 5707 711 5763 sincere
741 5721 922 5773 canat,
954 5721 1029 5764 ut.
1075 5731 1094 5762 ι

175 5772 292 5844 (74)
324 5775 584 5830 Abinocm
637 5781 904 5848 responsio
947 5782 1111 5846 putris
1163 5783 1552 5852 interpretatur.
1585 5785 1699 5839 Με-

105 5839 212 5900 lius
274 5839 636 5915 verteretur,
687 5839 729 5901 ι⁷
771 5839 1056 5908 amoenitas
1122 5839 1331 5923 patris',
1385 5875 1403 5908 ι
1479 5857 1545 5912 ab
1593 5865 1701 5921 DY:

402 5540 456 5573 9°
489 5543 617 5598 ibid.
651 5545 737 5600 15.
811 5547 854 5578 ¹⁹¹
886 5547 1080 5616 Philip.
1102 5563 1178 5614 Iv,
1210 5549 1298 5604 15.
1372 5540 1417 5580 θέ
1447 5547 1571 5604 Jud.
1604 5568 1658 5618 ν,
1691 5555 1714 5609 ἓ

1857 5552 2133 5616 ’⁸1ηι1.νι,
2165 5552 2218 5606 1.

1814 5664 1834 5697 ι
1881 5648 2192 5726 sitienti-itas,
2239 5666 2257 5726 ξ
2298 5656 2352 5701 el
2378 5661 2457 5726 38
2491 5665 2509 5696 ί
2547 5652 2718 5726 Ρθῐςνο
2759 5665 2778 5696 ³
2870 5724 2877 5726 Α
3029 5714 3045 5726 .
3074 5713 3144 5726 ...

1881 5718 1994 5789 (75)
2029 5718 2153 5784 Με,,
2184 5737 2202 5769 ι
2241 5713 2588 5789 increvit"...
2641 5716 2903 5771 fecerunt.
2966 5734 2983 5766 ι
3027 5713 3180 5771 Libb.
3229 5713 3390 5782 editi,

1820 5805 1835 5820 ν
1875 5789 2256 5846 iucrcverit....
2295 5788 2541 5844 fecerint.
2583 5806 2604 5838 ›
