3870 6506
153 360 248 418 981

1166 347 1236 403 ΙΝ
1274 345 1538 403 LIBRUM
1571 341 1872 401 JUDICUM
1903 340 2185 397 HOMILIA
2228 334 2355 395 VIII.

3272 343 3403 396 ‘982

152 472 403 531 inveniret
433 466 750 538 quidquam,
788 464 916 534 quin
960 463 1138 534 potius
1187 472 1241 519 et
1290 463 1569 534 sanguinis
1613 463 1718 516 mei
1750 462 1797 519 A
1825 458 2051 523 Christi,
2085 457 2226 510 ﬁlius
2265 455 2497 510 efﬁcitur
2535 455 2795 534 Orientis.
2838 454 2928 513 Sic
2959 457 3100 511 enim
3142 458 3403 525 scriptum

154 561 448 638 profusione
479 557 771 626 sopiretur,
804 569 904 609 nec
943 554 1165 608 auderet
1213 554 1264 606 in
1307 552 1484 621 aliquo
1524 551 1707 605 crimi-

152 654 260 712 nari
288 650 515 705 animam
540 662 733 702 cruore
761 661 858 701 suo
897 645 1144 711 dilutam,
1181 652 1354 699 morte
1384 658 1478 698 sua
1508 642 1705 697 clariﬁ-

150 758 336 805 catam,
368 740 628 808 sanguine
656 754 755 793 suo
790 737 976 791 lotam.
1007 736 1135 790 Post
1157 736 1294 789 istud
1320 734 1583 803 baptisma
1611 746 1708 788 nec

150 834 438 895 Madianitie
469 831 608 885 ultra
638 832 908 883 irruerent
942 828 1007 881 ad
1042 824 1429 894 disperdendos
1456 835 1510 880 et
1532 834 1712 880 exter-

148 920 419 979 tniurtndos
472 919 664 971 animae
712 915 940 971 fructus.
988 915 1119 980 Quis
1152 915 1295 969 enim
1340 915 1491 984 sequi
1541 915 1713 983 possit

148 1016 369 1070 animam
409 1010 688 1079 martyris,
737 1023 857 1077 quae
905 1021 1253 1077 supergressa
1300 1020 1489 1061 omnes
1534 1006 1712 1060 aerias

147 1112 455 1178 potestates,
503 1103 569 1155 ad
598 1101 820 1156 caeleste
849 1101 1019 1156 tendit
1052 1101 1262 1154 altare?
1293 1098 1368 1153 Ibi
1416 1100 1560 1153 enim
1613 1097 1712 1152 sub

149 1200 309 1253 altare
348 1194 441 1248 Dei
485 1193 679 1247 animae
721 1201 1025 1263 martyrum
1084 1190 1271 1259 positae
1310 1192 1567 1245 dicuntur
1597 1190 1712 1244 die-

150 1289 243 1343 bus
269 1300 328 1340 ac
358 1283 606 1338 noctibus
639 1283 972 1351 proclamare
1001 1281 1241 1336 dicentes
1264 1283 1283 1312 ¹
1310 1295 1323 1333 :
1354 1300 1372 1332 ί
1402 1280 1711 1349 Quousque,

151 1375 388 1439 Domine,
424 1378 513 1442 qui
544 1372 722 1450 justus
755 1381 808 1426 et
850 1386 1013 1426 verus
1050 1384 1131 1435 es,
1162 1386 1268 1425 non
1306 1372 1549 1426 vindicas
1591 1386 1715 1426 san-

148 1467 353 1539 guinem
385 1474 627 1519 nostrum
672 1464 738 1518 de
786 1462 854 1517 iis
899 1463 986 1531 qui
1026 1461 1273 1516 habitant
1313 1463 1551 1518 terram?
1588 1461 1712 1516 »1ϋί

146 1560 279 1613 enim
312 1556 500 1625 posita:
533 1555 731 1609 divinis
763 1553 1029 1609 assistunt
1075 1554 1378 1609 sacriﬁciis.
1431 1555 1536 1609 Sed
1572 1554 1714 1609 beati

145 1660 262 1705 sunt
291 1648 381 1717 qui
415 1648 531 1703 haec
553 1655 853 1701 merentur.
882 1645 1030 1700 Beati
1059 1656 1184 1700 sunt
1214 1661 1444 1717 quorum
1473 1661 1566 1701 cor
1593 1661 1714 1700 cum

144 1744 204 1796 de
235 1739 431 1795 sreculo
461 1738 741 1801 recedunt,
772 1753 876 1792 non
915 1739 1147 1809 trepidat
1179 1753 1278 1807 pro
1314 1747 1558 1805 peccato,
1579 1752 1716 1807 quos

1815 561 1899 605 est
1926 550 1994 604 de
2017 548 2235 603 Christo
2258 548 2312 603 δε
2345 567 2362 599 ι
2401 548 2539 602 Ecce
2566 548 2668 610 vir,
2696 548 2891 604 Oriens
2919 564 3114 604 nomen
3146 559 3228 604 est
3260 548 3394 602 illi.»

1817 641 2071 709 Quisquis
2097 654 2226 709 ergo
2250 639 2451 694 Christi
2482 638 2706 710 suscipit
2748 654 2969 705 nomen,
3000 642 3140 695 ﬁlius
3169 655 3288 694 esse
3326 639 3398 695 di‘

1821 732 1962 786 citur
1988 731 2227 787 Orientis
2260 750 2273 783 ι
2307 731 2399 786 sed
2436 745 2541 785 non
2585 746 2799 802 semper
2844 735 2934 801 qui
2978 748 3167 788 nomen
3197 732 3404 789 Christi

1820 823 2116 892 accipiunt,
2145 824 2308 877 etiam
2343 822 2397 877 in
2442 821 2681 878 Ecclesia
2720 836 3036 893 permanent
3070 825 3295 879 Christi.
3341 824 3397 879 Si

1819 928 1948 983 ergo
1978 912 2160 967 videas
2199 912 2485 967 haereticos
2525 912 2725 967 Christi
2762 915 2976 982 quidem
3020 915 3239 969 nomine
3268 932 3401 970 cen-

1820 1005 1928 1059 seri
1960 1019 1975 1058 :
2011 1019 2319 1075 expugnare
2346 1016 2524 1058 autem
2551 1003 2848 1059 Ecclesiam
2892 1007 3116 1071 Christi,
3154 1016 3206 1062 et
3246 1024 3399 1063 arma

1820 1096 2067 1152 conferre
2096 1097 2381 1152 adversum
2424 1095 2622 1151 Christi
2660 1097 2840 1164 ﬁdem,
2876 1107 2930 1151 et
2962 1098 3274 1170 impugnare
3307 1117 3406 1169 po-

1822 1189 2006 1258 pulum
2057 1188 2294 1253 Domini,
2334 1187 2478 1243 bella
2530 1190 2799 1243 suscitare
2835 1189 3123 1244 adversum
3169 1191 3402 1245 catholi-

1821 1288 1937 1328 cam
1984 1273 2143 1329 ﬁdem
2182 1292 2195 1328 :
2232 1275 2356 1329 nolo
2397 1274 2610 1330 dubites
2664 1276 2733 1329 de
2788 1275 2853 1330 iis
2895 1276 3097 1339 dicere,
3138 1280 3277 1346 quod
3314 1278 3406 1335 isti

1822 1374 1949 1420 sunt
1997 1365 2214 1435 quidem
2255 1366 2354 1422 ﬁlii
2400 1367 2659 1433 Orientis,
2703 1369 2796 1423 sed
2846 1383 2965 1423 cum
3003 1368 3306 1424 Madiauitis
3347 1377 3404 1424 et

1822 1473 1945 1512 cum
1975 1459 2199 1515 Amalec
2229 1474 2541 1531 expugnare
2571 1461 2796 1516 veniunt
2837 1462 3093 1532 populum
3131 1462 3245 1527 Dei,
3275 1463 3404 1532 quia

1825 1565 1944 1605 cum
1988 1553 2216 1621 paganis
2259 1561 2310 1607 et
2358 1569 2480 1609 cum
2512 1552 2711 1609 Iudaeis
2760 1553 3054 1609 Ecclesiam
3104 1553 3196 1608 Dei
3241 1555 3406 1609 etiam

1822 1640 2062 1698 haeretici
2088 1652 2504 1714 persequuntur.
2537 1644 2604 1700 Et
2628 1646 2773 1716 ipsos
2795 1661 2915 1701 esse
2940 1646 3153 1716 opinor,
3184 1647 3272 1715 qui
3308 1648 3406 1701 de~

1823 1737 2111 1807 signantur
2139 1737 2192 1793 in
2228 1738 2357 1793 ﬁliis
2387 1739 2652 1794 Orientis.

141 1839 420 1903 pergentes
448 1830 513 1884 ad
546 1830 830 1884 Dominum
865 1830 1181 1885 delictorum
1217 1828 1447 1884 formido
1472 1845 1577 1886 non
1612 1840 1720 1886 ter-
1752 1822 1797 1881 Β
1895 1829 1949 1884 2.
1992 1850 2009 1881 ι
2037 1830 2241 1887 Omnes
2272 1846 2422 1900 ergo,
2463 1831 2638 1902 inquit
2665 1834 2705 1898 ⁸,
2737 1832 3137 1899 Madianitae,ct
3161 1834 3407 1899 Amalec,

141 1932 236 1979 ret.
277 1919 443 1974 Beata
488 1919 576 1974 illa
621 1920 800 1974 anima
837 1934 959 1989 quae
1000 1927 1353 1975 occurrentes
1395 1919 1495 1974 sibi
1539 1921 1714 1977 aerias

137 2016 437 2070 diemonum
482 2020 691 2066 turmas
748 2012 951 2082 profusi
1008 2012 1062 2066 in
1122 2011 1386 2082 martyrio
1437 2013 1717 2081 sanguinis

134 2119 321 2160 cruore
346 2103 620 2158 deturbat.
654 2104 853 2158 Beatus
886 2113 969 2158 est
999 2102 1065 2158 de
1090 2118 1198 2171 quo
1233 2111 1395 2157 eunte
1422 2104 1488 2157 ad
1517 2104 1714 2160 caelum

136 2200 315 2252 dicunt
340 2196 519 2265 angeli
560 2196 705 2250 illam
737 2196 1106 2264 propheticam
1129 2210 1315 2250 vocem
1338 2195 1394 2249 ³ε
1427 2214 1445 2248 ι
1472 2194 1607 2262 Quis
1635 2205 1719 2250 est

134 2291 231 2344 iste
252 2288 339 2359 qui
374 2288 622 2343 ascendit
657 2302 723 2341 ex
768 2287 957 2350 Bosor,
993 2307 1011 2339 ι
1054 2288 1156 2343 hoc
1205 2295 1286 2343 est
1320 2290 1409 2359 qui
1459 2291 1523 2345 de
1556 2305 1718 2345 carne

136 2382 198 2435 ad
224 2380 422 2436 coelum
454 2381 736 2435 ascendit?
773 2398 790 2430 ί
832 2380 961 2445 Quis
983 2389 1070 2435 est
1114 2380 1217 2435 iste
1248 2381 1337 2449 qui
1374 2381 1621 2437 ascendit
1651 2398 1716 2437 ex

134 2474 316 2539 Bosor,
343 2475 517 2529 rubor
541 2472 986 2529 vestimentorum
1011 2472 1161 2540 ejus?
1191 2492 1210 2526 ι
1242 2472 1294 2526 in
1334 2472 1527 2529 rubore
1554 2476 1717 2529 vesti-

136 2573 439 2619 mentorum
486 2578 736 2620 cruorem
789 2564 1070 2633 sanguinis
1124 2564 1485 2635 designantes.
1542 2565 1721 2620 Beatae

132 2665 251 2710 sunt
274 2670 415 2724 ergo
443 2655 634 2709 animae
664 2670 782 2723 qua:
804 2656 882 2709 sic
913 2654 1189 2710 Christum
1221 2665 1541 2722 sequuntur,
1585 2671 1720 2727 quo-

133 2748 280 2801 modo
307 2761 412 2801 eas
442 2745 693 2801 Christus
725 2746 1022 2817 praecessit.
1072 2747 1136 2800 Et
1181 2748 1301 2801 ideo
1338 2749 1461 2816 quia
1509 2750 1588 2803 sic
1635 2765 1723 2805 se-

130 2846 384 2905 quuntur,
442 2852 612 2908 usque
657 2838 722 2890 ad
774 2838 945 2907 ipsum
1000 2836 1090 2891 Dei
1138 2837 1307 2892 altare
1351 2840 1715 2907 perveniunt:

127 2928 284 3001 474
311 2929 411 2984 ubi
439 2937 522 2983 est
554 2943 665 2999 ipse
699 2928 953 2983 Dominus
977 2928 1137 2985 Iesus
1167 2930 1414 2985 Christus
1479 2933 1720 2999 pontifex

132 3020 436 3075 futurorum
474 3022 759 3087 bonorum,
804 3020 889 3076 cui
939 3030 1022 3075 est
1067 3021 1238 3090 gloria
1286 3031 1339 3078 et
1382 3031 1622 3092 potestas
1667 3026 1719 3079 in

131 3113 317 3167 uacula
346 3113 695 3170 saeculorum.
730 3114 926 3168 Amen.

643 3200 655 3213 ’
694 3205 985 3262 HOMILIA
1025 3204 1160 3260 VIII.

303 3299 383 3354 De
412 3298 541 3369 ﬁliis
575 3299 831 3365 Orientis,
862 3309 910 3354 et
944 3300 1009 3352 de
1039 3299 1251 3353 (iedeon
1282 3313 1347 3352 ea:
1373 3311 1544 3367 parte.

201 3393 251 3446 I.
278 3393 431 3457 Esto,
465 3393 821 3448 convenerint
852 3395 1135 3450 adversum
1178 3395 1341 3452 Israel
1372 3397 1702 3467 Madianitae,

134 3482 220 3552 qui
242 3482 679 3553 interpretantur
700 3493 846 3539 extra
862 3486 1124 3555 judicium
1149 3487 1281 3557 (77).
1307 3489 1455 3553 Esto,
1482 3490 1555 3544 illi
1582 3508 1705 3546 con-

132 3576 379 3630 venerint
427 3577 718 3632 adversum
754 3578 949 3642 Israel,
981 3578 1073 3647 qui
1121 3588 1272 3633 extra
1318 3580 1578 3649 judicium
1609 3583 1703 3637 Dei

134 3675 277 3732 sunt,
305 3675 360 3721 et
389 3685 409 3718 ‹
444 3667 538 3736 qui
567 3676 715 3721 extra
758 3668 926 3737 legem
950 3679 1329 3737 peccaverunt,
1361 3680 1413 3723 et
1450 3682 1600 3726 extra
1627 3675 1706 3727 le-

132 3772 245 3827 gem
271 3758 535 3827 peribunt
560 3758 601 3812 ⁸.
633 3777 651 3808 ι
682 3758 834 3822 Esto,
858 3761 1172 3814 convenerit
1195 3770 1248 3815 et
1270 3761 1506 3826 Amalec,
1534 3765 1624 3833 qui
1650 3775 1705 3820 et

132 3849 241 3917 ipse
262 3850 657 3920 interpretatur
678 3852 897 3920 populus
919 3852 1185 3921 abtingens
1205 3853 1335 3923 (78).
1356 3855 1505 3922 Esto,
1520 3866 1572 3911 ct
1589 3858 1707 3915 hrec

129 3931 273 3985 natio
316 3940 559 3998 terrena,
594 3942 649 3987 et
696 3934 872 3988 ventri
910 3944 966 3989 et
998 3936 1137 4005 gulze
1173 3937 1373 4003 dedita,
1413 3939 1741 4017 impugnare

125 4022 333 4077 venerit
380 4024 553 4080 Israel
585 4027 882 4083 carnalem.
916 4028 1054 4095 Quid
1093 4037 1177 4083 est
1221 4030 1323 4084 hoc
1370 4032 1513 4100 quod
1563 4033 1725 4088 etiam

127 4114 215 4167 ﬁlii
241 4115 490 4171 Orientis
529 4118 614 4171 his
651 4119 1043 4186 admiscentur,
1089 4130 1143 4175 et
1191 4137 1313 4176 eum
1348 4123 1478 4193 ipsis
1513 4124 1578 4178 ad
1626 4125 1727 4178 im-

124 4208 475 4274 pugnandum
518 4206 681 4261 Israel
714 4210 899 4264 venire
933 4210 1221 4266 dicuntur?
1256 4212 1351 4267 Dic
1400 4214 1545 4268 enim
1590 4216 1724 4269 mihi

126 4298 337 4352 auditor
358 4316 372 4353 :
399 4299 459 4353 Si
491 4300 749 4369 scriptum
768 4310 911 4356 esset
933 4301 1057 4371 quia
1083 4302 1174 4357 ﬁlii
1195 4304 1504 4359 Occidentis
1523 4320 1725 4359 conve-

124 4398 318 4442 nerunt
362 4405 493 4443 cum
544 4389 698 4458 ipsis,
754 4392 889 4446 nihil
936 4407 1236 4461 quaererem
1269 4411 1282 4446 :
1320 4393 1530 4449 diceres
1577 4396 1722 4450 enim

1818 1932 1872 1977 et
1906 1922 2001 1978 ﬁlii
2035 1923 2272 1979 Orientis
2314 1932 2690 1981 convenerunt
2734 1925 2915 1990 simul,
2939 1935 2992 1980 et
3024 1928 3405 1993 ascenderunt,

1819 2022 1871 2069 et
1908 2023 2343 2084 supervenerunt
2392 2016 2489 2080 eis,
2520 2022 2574 2068 et
2610 2023 2784 2069 castra
2843 2026 3141 2085 posuerunt
3186 2018 3238 2071 in
3268 2018 3409 2073 valle

1817 2104 2046 2161 Jezrael.
2082 2123 2103 2158 ι
2134 2104 2227 2160 Isti
2277 2105 2366 2174 qui
2409 2106 2723 2176 impugnare
2754 2106 2939 2162 volunt
2984 2108 3233 2176 populum
3291 2109 3409 2175 Dei,

1819 2203 1994 2250 castra
2024 2194 2079 2249 in
2110 2194 2341 2249 vallibus
2373 2195 2662 2260 collocant,
2690 2196 2744 2249 in
2774 2195 2997 2263 dejectis
3027 2208 3083 2251 et
3112 2198 3407 2252 humilibus

1818 2285 1971 2353 locis,
2004 2286 2057 2339 in
2083 2287 2244 2353 valle,
2277 2287 2473 2357 inquit,
2498 2288 2725 2343 Jezrael.
2770 2290 3079 2344 Invenimus
3105 2299 3284 2344 autem
3323 2290 3409 2343 in-

1823 2375 2336 2445 terpretariJezrael
2375 2392 2547 2429 semen
2584 2376 2681 2428 Dei
2728 2375 2861 2446 (79).
2899 2376 3059 2430 Vides
3101 2376 3188 2429 tibi
3245 2374 3410 2429 collo-

1821 2478 1943 2523 cant
1979 2478 2159 2523 castra
2193 2469 2528 2524 adversarii?
2576 2468 2693 2521 Non
2726 2481 2850 2523 sunt
2877 2470 2991 2523 ausi
3035 2470 3113 2523 ire
3140 2469 3287 2536 illuc,
3317 2468 3410 2521 ubi

1820 2560 2203 2628 videnturjam
2234 2562 2347 2615 nati
2376 2576 2495 2616 esse
2539 2560 2747 2616 fructus
2777 2562 3027 2630 spiritus,
3053 2563 3146 2615 sed
3188 2561 3275 2615 ubi
3313 2560 3410 2613 ad-

1822 2654 1929 2708 huc
1959 2669 2141 2709 semen
2172 2654 2265 2709 Dei
2300 2654 2460 2723 jacet,
2494 2657 2585 2709 ubi
2617 2657 2855 2709 nondum
2898 2655 3106 2708 fructus
3140 2652 3409 2708 ascendit.

1823 2744 1923 2812 Qui
1960 2746 2103 2800 enim
2132 2747 2265 2801 exiit
2288 2747 2559 2801 seminare
2597 2763 2800 2812 semen,
2837 2747 3070 2802 seminat
3100 2762 3260 2815 super
3290 2760 3412 2799 om-

1822 2851 1945 2891 nem
1972 2837 2168 2891 locum.
2200 2837 2304 2892 Sed
2328 2838 2450 2891 audi
2478 2839 2651 2907 ipsum
2682 2840 2962 2894 Dominum
2989 2839 3257 2894 dicentem
3285 2835 3412 2906 quid

1822 2928 1929 2997 pati
1965 2927 2134 2982 soleat
2161 2943 2342 2982 semen
2387 2928 2504 2984 Dei.
2547 2948 2563 2980 ι
2596 2931 2775 2993 Aliud,
2823 2930 3070 2999 inquit",
3100 2929 3297 2983 cecidit
3327 2942 3415 2982 se-

1823 3035 1919 3074 cus
1942 3020 2106 3085 viam,
2138 3029 2192 3074 et
2227 3021 2508 3075 venientes
2556 3036 2684 3075 aves
2721 3022 2843 3075 cceli
2890 3021 3151 3089 diripiunt
3206 3020 3356 3072 illud.
3390 3038 3411 3072 ι

1825 3113 1977 3179 Quod
2023 3113 2137 3180 ipse
2185 3113 2237 3166 in
2288 3114 2677 3182 posterioribus
2733 3115 3117 3183 interpretatus
3167 3113 3305 3166 dixit
3337 3111 3361 3144 ⁸
3400 3130 3413 3166 :

1828 3221 1847 3254 σ
1895 3203 1994 3269 Qui
2027 3212 2205 3258 autem
2238 3219 2397 3259 secus
2426 3205 2566 3258 viam
2607 3204 2855 3261 setninati
2902 3216 3053 3272 sunt,
3086 3206 3121 3258 ii
3166 3212 3291 3259 sunt
3327 3203 3416 3271 qui

1823 3294 2045 3347 audiunt
2069 3294 2289 3348 verbum
2320 3303 2375 3347 et
2417 3310 2536 3347 cum
2572 3295 2752 3350 laetitia
2801 3296 3075 3365 accipiunt
3104 3313 3117 3350 τ
3148 3295 3293 3350 venit
3324 3310 3418 3347 au-

1823 3396 1932 3441 tem
1959 3386 2224 3450 Zabulus,
2254 3396 2311 3441 et
2337 3387 2476 3441 tollit
2500 3387 2567 3441 de
2592 3387 2761 3442 corde
2784 3401 2973 3442 eorum
3008 3390 3150 3457 quod
3178 3386 3420 3441 semina-

1829 3489 1939 3533 tum
1965 3488 2066 3534 est.
2090 3497 2109 3531 ι
2131 3479 2221 3534 Sic
2238 3493 2370 3549 ergo
2398 3491 2453 3533 et
2476 3480 2564 3533 iSti
2599 3488 2723 3533 tunc
2749 3481 2970 3535 veniunt
2994 3480 3061 3535 ad
3079 3493 3264 3534 semen
3298 3480 3415 3545 Dei,

1827 3579 1880 3624 et
1915 3570 2099 3625 volunt
2140 3570 2269 3623 illud
2299 3570 2485 3625 tollere
2512 3575 2577 3624 de
2603 3571 2768 3625 corde
2808 3587 2995 3628 eorum
3030 3573 3082 3625 in
3113 3573 3308 3641 quibus
3331 3587 3418 3627 se-

1828 3663 2088 3717 minatum
2122 3672 2227 3725 est,
2258 3664 2383 3729 quia
2414 3662 2700 3717 inveniunt
2722 3679 2816 3719 eos
2843 3664 2894 3719 in
2930 3665 3161 3719 vallibus
3188 3664 3417 3733 positos,

1828 3758 1882 3802 et
1915 3751 2018 3803 ima
2049 3766 2273 3819 quaeque
2310 3760 2604 3806 sectantes.
2639 3752 2712 3807 De
2743 3753 2847 3808 illis
2878 3765 3003 3807 sunt
3028 3756 3171 3808 enim
3198 3755 3287 3823 qui
3329 3755 3421 3807 ltu-

1830 3838 2029 3893 tniliter
2061 3848 2117 3892 et
2154 3839 2391 3907 indigne,
2425 3852 2500 3905 et,
2530 3850 2586 3894 ιιι
2622 3844 2691 3895 ita
2722 3843 2922 3908 dicant,
2955 3842 3184 3897 Iudaico
3216 3843 3421 3897 intelle-

1830 3944 1917 3986 ctu
1952 3934 2255 4001 suscipiunt
2280 3932 2503 3985 verbum
2538 3934 2653 3999 Dei,
2686 3942 2739 3987 et
2774 3935 2894 3989 ideo
2919 3945 3143 4005 possunt
3168 3935 3294 3988 illud
3324 3951 3418 3989 ra-

1831 4039 1958 4094 pere
1997 4026 2270 4081 darmoncs
2292 4027 2358 4080 de
2391 4029 2555 4081 corde
2579 4041 2790 4082 eorum.
2821 4026 2920 4091 Qui
2945 4037 3120 4080 autem
3146 4027 3212 4079 ab
3246 4026 3422 4079 humi-

1832 4117 1985 4170 litate
2027 4118 2229 4172 littera:
2273 4121 2338 4173 ad
2371 4120 2594 4188 spiritus
2628 4119 2841 4173 excelsa
2879 4120 3217 4180 conscendit,
3246 4128 3301 4172 et
3337 4118 3420 4171 in-

1832 4209 2183 4279 telligentiam
2218 4210 2818 4281 refugienscarnalem,
2860 4221 3103 4265 sectatur
3136 4212 3185 4265 in
3217 4212 3421 4265 altiori-

1820 4303 1932 4356 bus
1960 4318 2081 4372 qua:
2117 4314 2244 4358 sunt
2287 4303 2524 4372 Spiritus
2570 4304 2704 4368 Dei,
2748 4306 2813 4358 de
2866 4304 2967 4359 isto
3008 4305 3143 4359 nihil
3193 4314 3420 4374 possunt

1832 4399 2026 4463 rapere
2049 4394 2358 4450 Madianita:
2382 4411 2559 4464 neque
2586 4395 2923 4461 Amalecitze,
2959 4396 3050 4451 sed
3076 4410 3143 4449 ne
3175 4396 3277 4465 ipsi
3306 4398 3426 4466 qui-

297 4479 619 4550 allegoricis
651 4483 920 4546 sensibus,
955 4484 1078 4552 quia
1112 4484 1205 4537 ﬁlii
1247 4482 1558 4540 Occidentis
1599 4498 1725 4540 sunt
1756 4526 1801 4581 Β
1832 4487 1954 4541 dem
2016 4488 2254 4543 Orientis
2315 4488 2409 4542 ﬁlii
2458 4489 2758 4557 depraedari
2807 4503 2930 4542 eum
2978 4497 3231 4558 poterunt
3285 4489 3421 4559 (80),

122 4567 213 4622 ﬁlii
252 4572 615 4627 tenebrarum
649 4580 704 4628 et
740 4573 839 4642 ipsi
864 4573 1168 4642 junguntur
1199 4573 1305 4629 illis
1335 4574 1613 4644 gentibus,
1638 4576 1722 4629 vel

121 4678 237 4728 quae
266 4674 430 4719 extra
486 4664 751 4732 judicium
792 4666 885 4719 Dei
925 4674 1073 4730 sunt,
1114 4666 1198 4720 vel
1245 4682 1364 4735 quae
1415 4668 1588 4722 ventri
1627 4669 1721 4723 de-

122 4754 242 4808 dita:
290 4756 623 4825 impugnant
668 4771 762 4811 eos
816 4756 908 4825 qui
957 4765 1137 4811 mente
1184 4755 1355 4811 Deum
1384 4758 1568 4812 videre
1598 4774 1723 4812 con-

122 4847 375 4901 tendunt.
410 4848 570 4903 Nunc
600 4857 780 4902 autem
822 4864 943 4903 cum
985 4850 1199 4903 dicatur
1239 4849 1362 4918 quia
1402 4850 1495 4903 lilii
1527 4850 1721 4906 Orien-

119 4939 186 4989 tis
228 4949 508 4992 venerunt
554 4953 679 4992 cum
712 4937 1023 4992 Madianitis
1074 4948 1127 4992 et
1169 4938 1411 5005 Amalec,
1444 4942 1717 5009 quomodo

121 5027 231 5083 haec
263 5039 502 5098 possunt
523 5039 896 5099 competenter
922 5031 1153 5100 exponi?
1182 5030 1468 5086 Videamus
1503 5048 1632 5103 ergo
1666 5033 1713 5089 si

119 5139 416 5190 possumus
448 5126 500 5177 in
533 5134 637 5178 tam
669 5123 974 5179 diIIicilibus
997 5124 1293 5193 Scriptura:
1319 5126 1456 5180 locis
1494 5128 1712 5197 dignutn

119 5216 357 5287 aliquem
416 5220 473 5271 in
525 5219 611 5273 his
660 5230 876 5272 sensum
934 5217 1132 5271 divinis
1181 5217 1393 5289 paginis
1446 5219 1710 5274 invenire.

118 5314 310 5370 Omnis
344 5316 443 5385 qui
486 5330 648 5383 super
696 5330 755 5369 se
807 5329 1025 5384 quoquo
1060 5313 1219 5368 modo
1253 5328 1449 5368 nomen
1488 5314 1713 5383 suscipit

186 5411 207 5440 ’
240 5415 417 5479 Apoc.
451 5426 525 5470 vr,
562 5412 646 5467 I0.
726 5414 745 5443 ³
784 5411 886 5467 Isa.
920 5428 1068 5476 Lxut,
1101 5412 1153 5464 I.

124 5477 205 5544 19,
236 5477 325 5536 15.
410 5484 430 5513 ⁹
456 5481 577 5538 Jtnl.
611 5499 685 5549 vt,
713 5482 804 5537 54.

198 5576 316 5644 (77)
347 5577 695 5640 Madianitw,
714 5577 801 5644 qui
824 5576 1237 5641 interpretantur
1260 5584 1410 5629 extra
1434 5576 1718 5643 judicium.

124 5647 162 5698 Α
188 5655 263 5732 ἴῃ
293 5666 311 5697 ι
352 5662 580 5718 praeter.
612 5659 789 5711 extra,
820 5665 835 5697 ι
883 5657 938 5700 et
962 5654 1045 5732 τντ
1080 5665 1097 5695 ι
1130 5646 1414 5713 judicium.
1456 5667 1473 5699 ι

195 5742 312 5813 (78)
357 5744 596 5807 Amalec,
611 5740 888 5813 quietipse
910 5741 1285 5813 interpretatur
1306 5737 1530 5813 populus
1554 5740 1721 5796 ablin-

124 5805 271 5880 9m.
312 5813 403 5867 Ab
428 5820 515 5874 ειν
549 5805 860 5882 (populus,
895 5830 912 5865 ι
957 5818 1011 5865 et
1041 5818 1156 5881 12:1
1186 5828 1202 5861 ι
1234 5805 1410 5863 tinxit.
1434 5829 1453 5862 ι

1833 4579 1885 4634 iu
1938 4583 2157 4637 excelso
2208 4581 2579 4651 intelligentia:
2632 4580 2892 4649 spiritalis
2956 4584 3157 4636 vertice
3214 4586 3422 4637 consti-

1832 4680 2031 4725 tutum.

1903 4765 1956 4817 5.
2020 4764 2098 4817 Illi
2152 4780 2281 4835 ergo
2338 4773 2518 4820 castra
2556 4765 2607 4819 in
2656 4763 2882 4820 vallibus
2920 4767 3210 4821 collocant.
3252 4784 3271 4816 ι
3314 4765 3421 4819 Sed

1836 4857 2085 4927 Spiritus,
2124 4858 2303 4928 inquit
2342 4861 2386 4924 θ,
2420 4859 2513 4913 Dei
2562 4860 2895 4915 confortavit
2933 4860 3175 4919 Gedeon,
3208 4868 3261 4911 et
3292 4859 3418 4911 tuba

1828 4947 2043 5012 cecinit,
2071 4956 2125 5002 et
2150 4948 2360 5001 vocavit
2384 4957 2502 5016 post
2527 4964 2585 5003 se
2613 4949 2867 5006 Abiezer.
2890 4967 2908 5001 ι
2930 4948 3272 5002 Continentia
3310 4947 3424 5014 qui-

1826 5039 1948 5093 dem
1971 5039 2371 5109 explanationis
2406 5042 2570 5095 alium
2592 5042 2841 5095 ordinem
2869 5040 3205 5109 requirebat,
3232 5052 3418 5092 verum

1825 5133 1951 5202 quia
2000 5148 2098 5188 nos
2155 5149 2261 5189 non
2305 5144 2414 5188 tam
2459 5133 2769 5204 Scripturas
2801 5142 3231 5187 commentantes
3278 5144 3420 5182 nunc

1825 5223 2121 5291 loquimur,
2150 5240 2314 5294 quam
2352 5225 2609 5295 populum
2653 5226 2718 5279 de
2755 5226 2821 5279 iis
2848 5240 2969 5293 qua:
3002 5226 3229 5277 recitata
3270 5229 3415 5283 sunt,

1824 5316 2181 5371 consolantes
2210 5358 2223 5383 ,
2269 5319 2501 5387 sparsim
2569 5333 2689 5388 qua:
2739 5326 3033 5371 occurrunt
3085 5316 3149 5370 de
3189 5314 3423 5383 singulis

1244 5409 1266 5439 δ
1306 5410 1462 5465 Rom.
1492 5427 1552 5474 ιι,
1587 5412 1674 5467 12.

1827 5413 1985 5470 Zaclt.
2016 5431 2091 5479 vt,
2118 5415 2205 5469 12.
2294 5417 2313 5445 ⁵
2335 5414 2459 5473 Jud.
2490 5431 2566 5481 vr,
2589 5416 2677 5469 55.
2757 5414 2775 5444 ⁷
2806 5411 2936 5467 Luc.
2964 5426 3077 5475 vttt,
3107 5411 3159 5464 5.
3196 5409 3203 5415 ’
3238 5410 3259 5441 ⁸
3289 5410 3418 5464 ibid.

1907 5580 2018 5644 (79)
2061 5580 2366 5635 Invenimus
2399 5590 2573 5636 autem
2614 5583 2954 5647 iulerpre:nri
2984 5578 3192 5631 λεαντιθί
3244 5591 3419 5629 semen

1833 5652 1950 5705 Dei.
1983 5652 2022 5703 A
2052 5662 2158 5714 3:11
2188 5670 2205 5701 ι
2239 5666 2443 5716 semen,
2483 5672 2501 5703 ι
2538 5662 2591 5706 et
2614 5647 2690 5722 5N
2717 5670 2734 5702 ι
2768 5652 2929 5705 Deus.
2966 5668 2981 5699 ι
3386 5680 3389 5681 ν

1904 5745 2017 5815 (80)
2060 5744 2208 5813 Mss.,
2241 5762 2258 5799 t
2291 5754 2568 5816 poterunt.
2609 5764 2628 5797 ι
2670 5745 2839 5812 Editi,
2874 5763 2894 5795 (
2934 5752 3242 5813 potuerunt.
3283 5758 3303 5791 ι
