3870 6536
453 356 558 414 .983

1920 350 2245 406 ORIGENIS
3603 359 3692 414 9st

452 473 758 544 quibusque
816 479 1134 527 tractamus.
1176 491 1196 524 ι
1240 471 1493 538 Voeavit,
1541 474 1752 541 inquit,
1807 481 1929 542 post
1973 485 2030 524 se
2057 473 2109 531 Α
2137 479 2315 524 autem
2363 479 2580 526 maneat
2625 471 2877 534 siccitas,
2920 489 2938 523 ι
2995 471 3150 541 cujus
3184 471 3259 524 rei
3299 471 3426 525 tatis
3467 479 3690 538 qua-oar-

450 565 684 620 Abiezer
721 580 734 616 :
769 582 788 615 ›
819 564 909 633 qui
949 563 1135 632 utique
1159 579 1424 632 nusquam
1454 574 1594 619 erat.
1635 564 2022 632 Interpretatur

449 665 632 712 autem
668 655 895 710 Abiezer
932 657 1098 724 patris
1133 660 1229 710 mei
1273 657 1532 710 auxilium
1569 657 1702 727 (8|).
1745 655 1857 710 Non
1893 670 2021 725 ergo

450 747 721 802 hominem
749 746 1004 815 aliquem,
1039 749 1132 801 sed
1169 749 1339 816 patris
1361 751 1443 803 sui
1482 748 1696 804 Gedeon
1741 750 2024 803 invocasse

426 837 664 898 .videlur
695 839 981 892 auxilium.
1020 838 1185 895 Mittit
1223 841 1450 908 interea,
1488 851 1542 896 et
1582 843 1785 897 auxilia
1823 858 2023 898 convo-

447 940 557 984 cat.
591 931 931 987 Conveniunt
966 935 1170 1004 populi,
1203 944 1256 990 et
1287 951 1474 991 omnes
1511 938 1576 991 ad
1616 937 1835 994 Gedeon
1864 955 2023 995 exer-

445 1020 588 1076 citus
621 1035 1040 1094 congregantur.

513 1111 570 1166 4.
618 1131 637 1163 ι
682 1112 747 1169 Et
780 1126 926 1183 tunc,
967 1118 1141 1187 inquit
1197 1119 1258 1183 ’°,
1292 1119 1510 1176 Gedeon
1542 1122 1678 1176 dixit
1712 1124 1776 1178 ad
1811 1126 2018 1178 Deum:

444 1201 506 1258 Si
545 1204 750 1260 salvum
806 1206 937 1262 facis
970 1209 1021 1264 in
1076 1227 1234 1265 manu
1275 1229 1392 1267 mea
1433 1214 1629 1279 Israel,
1667 1218 2019 1285 quemadmo—

443 1296 573 1348 dum
615 1295 822 1352 loculus
851 1312 936 1365 es,
967 1315 1096 1356 ecce
1137 1319 1237 1372 ego
1269 1319 1505 1368 sumam,
1534 1315 1588 1360 et
1631 1321 1824 1375 ponam
1853 1307 2020 1361 vellus

444 1386 580 1441 lana:
619 1389 672 1442 in
700 1405 823 1444 area
865 1409 877 1444 :
909 1400 960 1447 et
994 1395 1258 1463 siquidem
1304 1412 1393 1451 ros
1431 1398 1687 1451 ceciderit
1710 1412 1872 1464 super
1907 1398 2019 1452 vel-

442 1476 548 1543 lus,
577 1487 632 1533 et
665 1495 830 1549 super
863 1500 1084 1541 onmem
1134 1497 1333 1542 terram
1387 1489 1605 1543 siccitas
1641 1489 1822 1551 luerit,
1851 1504 2020 1558 agno-

439 1581 588 1622 scam
613 1573 867 1640 quoniam
887 1574 1091 1628 salvum
1114 1575 1277 1629 facies
1298 1577 1348 1629 in
1371 1592 1529 1630 manu
1555 1592 1670 1629 mea
1693 1577 1852 1631 Israel
1879 1578 2018 1630 sicut

440 1655 650 1712 locutus
666 1674 745 1713 es.
776 1659 1056 1716 Etfactum
1087 1672 1168 1718 est
1191 1665 1323 1720 sic.»
1342 1666 1476 1720 Cum
1503 1675 1612 1719 tam
1644 1665 1809 1719 multa
1834 1665 1944 1718 sint
1963 1674 2016 1718 et

440 1745 724 1804 innumera
750 1753 901 1822 signa
939 1756 1018 1809 vel
1059 1756 1322 1826 prodigia,
1343 1773 1464 1825 quae
1489 1766 1676 1827 petere
1702 1759 1962 1827 potuisset
1984 1772 2010 1809 a

439 1838 550 1894 Deo
577 1840 798 1897 Gedeon
838 1844 902 1898 ad
954 1849 1383 1900 confirmandam
1417 1847 1861 1916 pollicitationem
1896 1848 2009 1914 Dei,

433 1929 598 2002 475
630 1934 756 2001 quid
800 1935 852 1989 ei
886 1937 1058 1990 visum
1099 1951 1182 1992 est
1231 1951 1350 2008 pOst
1391 1941 1690 2004 angelicam
1724 1956 1909 1995 vocem
1947 1957 2011 1996 ac

434 2023 882 2088 pollicitationem
925 2028 1207 2084 caelestem
1250 2040 1437 2100 petere
1484 2033 1630 2088 istud
1668 2043 1774 2088 tam
1813 2049 2010 2088 novum

433 2113 644 2183 signum
679 2131 706 2169 a
743 2117 850 2174 Deo
873 2115 1008 2174 ?Ait
1035 2124 1182 2176 enim
1211 2142 1224 2180 :
1259 2143 1276 2176 ι
1310 2125 1517 2181 Ponam
1561 2129 1734 2184 vellus
1779 2129 1916 2184 Ianm
1957 2132 2010 2184 in

431 2222 592 2271 area,
625 2211 747 2265 etsi
781 2211 943 2266 fuerit
994 2229 1157 2285 supra
1201 2219 1371 2274 vellus
1401 2220 1742 2277 solummodo
1786 2239 1904 2287 ros,
1957 2232 2012 2278 et

429 2313 592 2370 super
619 2317 833 2358 onmem
867 2313 1066 2361 terram
1119 2309 1371 2376 siccitas,
1407 2329 1500 2368 ero
1547 2316 1833 2370 conlidens
1875 2333 2012 2386 quo-

428 2393 572 2448 niam
605 2403 658 2448 tu
700 2395 907 2468 salvum
956 2400 1122 2455 facias
1171 2403 1335 2457 Israel
1393 2407 1444 2458 iu
1492 2422 1651 2460 manu
1701 2424 1840 2463 mea.
1881 2428 1898 2460 ι
1945 2411 2012 2465 Ει

426 2500 550 2539 eum
581 2488 921 2556 poposcisset
966 2491 1183 2548 Gedeon
1216 2512 1243 2548 a
1283 2497 1390 2550 Deo
1420 2497 1633 2568 signum
1683 2501 1852 2565 istud,
1901 2519 2012 2556 me-

426 2576 536 2630 ruit
562 2576 834 2634 effectum.
885 2581 990 2637 Sed
1039 2598 1186 2651 esto,
1244 2587 1629 2657 impetraveris
1664 2592 1799 2657 hoc,
1833 2609 1866 2650 0
1905 2594 2011 2650 Ge-

423 2671 565 2727 deon
600 2674 713 2745 (82)
749 2693 762 2728 :
795 2677 924 2744 quid
975 2687 1030 2730 et
1065 2679 1268 2746 accipis
1298 2680 1468 2734 vellus
1500 2681 1637 2736 lanae
1669 2685 1720 2737 in
1755 2699 1915 2746 area,
1956 2696 2011 2741 et

425 2768 685 2834 exprimis
718 2768 770 2823 in
797 2769 1040 2838 pelvim?
1081 2770 1218 2836 Quid
1263 2782 1314 2826 te
1342 2777 1610 2842 permovit
1642 2777 1743 2832 hoc
1787 2779 2009 2834 facere?

426 2851 532 2910 Sed
571 2867 725 2921 esto,
771 2858 1154 2927 impetraveris
1200 2864 1434 2930 primmn
1467 2865 1718 2936 signum,
1771 2871 1900 2940 quid
1951 2879 2005 2925 ut

424 2949 719 3001 secundum
775 2952 936 3003 etiam
996 2953 1207 3019 signum
1263 2967 1577 3021 permutato
1628 2973 1693 3014 ac
1752 2977 2006 3030 perverso

427 3029 616 3084 ordine
671 3036 955 3100 posceres?
1008 3037 1274 3095 Fortassis
1327 3043 1472 3097 enim
1527 3045 1658 3099 dicit
1704 3029 1894 3118 aliquis
1929 3066 1996 3108 ex

427 3121 511 3234 iis),
542 3123 632 3191 qui
671 3127 930 3183 attentius
979 3131 1204 3186 audiunt
1251 3149 1370 3202 qute
1417 3137 1696 3208 leguntur,
1731 3145 1854 3213 quia
1888 3161 1994 3200 non
2026 3172 2072 3234 ρ

425 3212 677 3269 videntur
733 3221 1021 3276 convenire
1072 3225 1188 3280 haec
1238 3228 1305 3282 ad
1355 3229 1496 3284 istud
1549 3236 1691 3302 quod
1735 3212 1992 3307 scriptum

423 3314 506 3358 est
534 3306 572 3336 ”
602 3324 614 3360 :
648 3325 665 3358 ι
697 3307 815 3364 Non
837 3314 1070 3368 tentabis
1094 3316 1379 3373 Dominum
1404 3322 1573 3376 Deum
1601 3334 1771 3390 tuum,
1806 3347 1824 3379 ι
1846 3306 1995 3399 quod

421 3399 509 3455 lex
539 3405 815 3473 praecepit.
866 3406 975 3463 Sed
1003 3411 1182 3466 exitus
1214 3414 1288 3466 rei
1325 3416 1484 3470 docet
1515 3431 1620 3470 non
1650 3431 1772 3474 esse
1811 3430 2004 3474 contra

425 3493 734 3582 mandatum
759 3495 984 3553 factum.
1023 3500 1206 3573 Neque
1234 3506 1376 3558 enim
1432 3509 1713 3564 exaudiret
1745 3511 1884 3566 Deus
1912 3527 2003 3582 pe-

424 3580 670 3638 titionem
716 3596 908 3644 contra
962 3590 1133 3662 legem
1172 3593 1373 3662 aliquid
1401 3597 1807 3667 deposcentem.
1850 3580 2002 3658 Nunc

419 3682 601 3764 autem
647 3692 769 3730 cum
821 3679 1104 3737 videamus
1141 3684 1266 3752 quia
1309 3695 1364 3741 et
1404 3689 1455 3741 iu
1502 3690 1676 3759 primo
1710 3694 1864 3764 signo
1914 3711 1998 3748 ros

417 3762 615 3818 cecidit
670 3783 837 3837 super
886 3771 1059 3828 vellus
1102 3773 1273 3840 laute,
1339 3777 1392 3834 in
1439 3782 1584 3835 omni
1645 3762 1824 3838 autem
1856 3795 1998 3841 terra

417 3855 562 3910 facta
594 3870 677 3913 est
715 3863 966 3928 siccitas,
997 3864 1125 3920 etin
1161 3870 1404 3925 secundo
1444 3887 1612 3941 super
1642 3889 1856 3931 omnem
1889 3887 1998 3933 ter-

419 3962 532 4003 ram
569 3949 764 4005 cecidit
794 3967 883 4006 ros
915 3971 932 4021 ,ε
966 3953 1189 4011 siccitas
1221 3968 1406 4016 autem
1437 3961 1538 4016 fuit
1572 3964 1625 4017 in
1676 3966 1907 4032 vellere,
1944 3970 1995 4024 in

416 4055 526 4108 quo
569 4051 624 4096 et
671 4042 922 4097 lidueiam
971 4044 1169 4114 accipit
1216 4049 1432 4106 Gedeon
1471 4055 1597 4123 quia
1653 4055 1908 4114 Dominus
1945 4060 1994 4114 iu

418 4144 581 4184 manu
627 4131 744 4200 ejus
775 4134 980 4190 salvum
1023 4138 1229 4195 faceret
1269 4141 1382 4211 (8'5)
1417 4142 1611 4209 Israel,
1649 4145 1878 4202 videnda
1913 4159 1997 4204 est

416 4221 576 4292 hujus
620 4227 861 4296 mysterii
901 4230 1075 4294 ratio,
1106 4233 1172 4288 de
1198 4247 1304 4302 qua
1342 4235 1563 4290 memini
1595 4237 1758 4291 etiam
1806 4255 1996 4308 quem-

416 4313 538 4368 dam
563 4330 633 4371 ex
658 4319 1154 4386 prmdecessoribus
1181 4326 1382 4381 nostris
1411 4327 1463 4381 in
1495 4329 1690 4384 libellis
1724 4333 1857 4398 suis,
1883 4335 1995 4388 vel-

415 4406 499 4461 lus
543 4409 682 4466 lanae
719 4413 975 4484 populum
1021 4417 1224 4474 dixisse
1280 4419 1477 4489 Israel,
1515 4421 1778 4492 reliquam
1815 4435 1994 4480 autem

2126 566 2265 621 ratio
2321 564 2762 634 deprehenditur.
2809 561 2944 618 Vide
2987 577 3200 618 onmem
3257 565 3411 618 hunc
3453 566 3691 632 populum

2124 658 2217 727 qui
2253 671 2348 726 per
2400 669 2613 709 omnem
2671 665 2869 709 terram
2917 670 2983 709 ex
3022 654 3276 723 gentibus
3347 668 3696 725 congregatus

2123 759 2242 812 est,
2296 749 2584 802 habentem
2627 761 2772 801 nunc
2826 747 2878 800 in
2933 762 2994 801 se
3032 762 3208 800 rorem
3260 747 3540 800 divinum.
3583 748 3696 803 Vide

2123 856 2245 894 eum
2272 838 2435 910 Moysi
2475 853 2599 893 rore
2648 836 2898 900 infundi,
2949 839 3338 906 prophetarum
3381 838 3590 893 litteris
3636 841 3697 892 ir-

2123 931 2317 984 rorari.
2377 929 2507 985 Vide
2562 945 2684 982 eum
2737 929 2902 983 etiam
2953 930 3004 982 in
3043 930 3358 1000 evangelica
3396 940 3454 983 et
3496 943 3694 996 aposto-

2123 1021 2228 1073 Iico
2257 1021 2482 1074 humore
2523 1020 2885 1084 viridantem;
2928 1020 3057 1072 illud
3091 1029 3273 1074 autem
3311 1021 3527 1083 vellus,
3559 1022 3607 1074 id
3631 1034 3695 1076 est

2121 1107 2405 1165 Judaicum
2457 1111 2733 1180 populum,
2785 1110 3090 1165 siceitatem
3123 1121 3177 1166 et
3212 1112 3537 1166 ariditatem
3569 1115 3694 1166 verbi

2122 1203 2449 1270 patientem,
2481 1200 2776 1255 secundum
2820 1202 2965 1269 quod
3015 1202 3279 1271 scripturn
3326 1211 3417 1258 est
3471 1203 3540 1265 ”,
3589 1207 3694 1272 quia

2127 1310 2145 1342 ε
2181 1300 2340 1346 erunt
2391 1291 2483 1346 lilii
2522 1291 2685 1346 Israel
2723 1291 2890 1346 multo
2942 1303 3188 1362 tempore
3223 1292 3348 1347 sine
3399 1307 3569 1363 rege,
3600 1295 3696 1348 sine

2121 1386 2381 1454 propheta
2401 1425 2417 1450 ,
2448 1401 2552 1442 non
2580 1386 2680 1439 erit
2709 1385 2886 1440 altare
2906 1424 2922 1449 ,
2947 1400 3121 1454 neque
3163 1387 3344 1439 hostia
3368 1429 3382 1450 ,
3420 1400 3603 1454 neque
3627 1401 3695 1438 sa-

2121 1479 2407 1532 crilicium.
2450 1497 2468 1530 ι
2503 1478 2734 1533 Intueris
2763 1487 2965 1546 quanta
2995 1481 3135 1547 apud
3165 1478 3288 1532 illos
3312 1478 3549 1532 siccitas
3587 1495 3692 1545 per-

2119 1578 2334 1633 manet,
2370 1579 2572 1638 quanta
2612 1570 2691 1624 eis
2724 1570 2951 1623 ariditas
2977 1569 3142 1622 divini
3179 1570 3467 1624 sermonis
3507 1571 3692 1622 evenit.

2120 1662 2244 1716 Ilirc
2270 1662 2482 1730 quidem
2517 1660 2668 1715 nobis
2690 1701 2704 1723 ,
2731 1662 2872 1714 sicut
2906 1659 3061 1715 fateri
3094 1660 3293 1725 decet,
3331 1675 3404 1714 ex
3441 1658 3692 1726 majorum

2121 1754 2303 1808 labore
2336 1753 2536 1808 collata
2571 1760 2720 1817 sunt,
2765 1767 2952 1806 verum
2996 1754 3255 1821 quoniam
3299 1751 3473 1804 etiam
3509 1766 3578 1805 ex
3611 1769 3667 1805 an

2121 1847 2234 1901 dito
2271 1848 2437 1900 verbo
2469 1861 2498 1898 a
2532 1843 2894 1913 sapientibus,
2931 1845 3075 1900 sicut
3119 1845 3394 1913 scriptum
3433 1853 3557 1906 est,
3595 1847 3690 1898 cot-

2121 1937 2345 1992 laudare
2373 1938 2662 2003 debemus,
2710 1947 2762 1990 et
2810 1937 3049 2006 adjicere
3102 1938 3170 1992 ad
3219 1938 3390 2002 illud,
3429 1939 3692 1992 videamus

2120 2031 2247 2102 quid
2274 2032 2437 2085 etiam
2471 2029 2908 2099 superaedilicare
2941 2029 3213 2097 possimus
3241 2031 3294 2083 in
3325 2030 3553 2084 talibus.
3576 2028 3687 2082 Cum

2120 2124 2570 2193 septuagesimum
2599 2122 2829 2190 primum
2850 2120 3114 2188 psalmum
3137 2118 3283 2189 apud
3315 2121 3681 2188 memelipsuai

2121 2233 2261 2285 saepe
2309 2215 2674 2274 discuterem,
2729 2212 2895 2266 movit
2927 2227 3012 2266 me
3057 2212 3109 2265 iu
3171 2213 3318 2266 hanc
3373 2227 3532 2275 rem,
3565 2215 3684 2281 quod

2119 2325 2240 2364 cum
2294 2309 2583 2363 adventum
2616 2307 2817 2362 Christi
2854 2308 2906 2361 in
2963 2322 3027 2362 eo
3077 2307 3456 2369 describeret,
3497 2308 3550 2361 in
3591 2310 3687 2376 ipso

2117 2401 2282 2455 etiam
2332 2400 2434 2454 hoc
2458 2399 2652 2454 asserit
2683 2408 3001 2452 eventurum
3041 2417 3055 2453 :
3091 2416 3110 2449 ι
3157 2399 3220 2452 Et
3254 2399 3592 2460 descendet,
3619 2401 3684 2451 ia-

2117 2492 2238 2562 quit
2270 2492 2336 2556 ‘5,
2369 2491 2512 2544 sicut
2538 2490 2718 2560 pluvia
2751 2489 2802 2542 in
2832 2488 3022 2555 vellus,
3051 2498 3108 2544 et
3144 2489 3287 2543 sicut
3310 2489 3579 2543 stillantia
3605 2506 3680 2544 sa-

2118 2601 2213 2655 per
2267 2595 2487 2638 terram.
2537 2600 2555 2634 ι
2597 2581 2777 2636 Vellus
2809 2581 2895 2635 hic
2931 2581 3277 2645 nominatur,
3326 2581 3506 2635 vellus
3545 2594 3594 2636 et
3635 2583 3677 2635 in

2118 2676 2349 2731 Psalmis
2387 2675 2744 2730 describitur.
2792 2675 3082 2729 Descendit
3111 2676 3258 2728 enim
3291 2677 3444 2730 sicut
3487 2675 3677 2743 pluria,

2117 2771 2292 2839 inquit
2360 2784 2553 2838 ,super
2582 2767 2769 2823 vellus.
2797 2768 3080 2821 Descendit
3102 2783 3234 2838 ergo
3265 2769 3318 2821 in
3367 2768 3503 2820 illud
3535 2769 3678 2821 vellus

2115 2862 2294 2932 populi
2343 2861 2813 2924 circumcisionis,
2849 2870 2902 2916 et
2937 2863 3074 2915 sicut
3113 2861 3398 2915 stillicidia
3441 2862 3675 2915 stillanti;

2115 2970 2274 3024 super
2303 2963 2502 3008 terram
2535 2969 2549 3007 :
2589 2955 2690 3008 hoc
2729 2962 2812 3007 est
2855 2968 3021 3024 super
3062 2955 3325 3022 reliquam
3377 2963 3578 3008 terram
3601 2954 3676 3006 de-

2113 3045 2324 3099 scendit
2380 3043 2636 3098 Dominus
2691 3052 2877 3098 noster
2923 3041 3081 3097 Jesus
3137 3042 3436 3103 Christus,
3489 3043 3673 3096 stillans

2111 3137 2273 3192 etiam
2316 3150 2479 3204 super
2522 3149 2655 3197 nos,
2685 3142 2740 3187 et
2777 3143 2956 3203 guttas
2987 3132 3145 3189 nobis
3196 3147 3424 3202 quoque
3467 3133 3675 3187 aﬂereiis

2112 3229 2253 3283 roris
2279 3227 2516 3282 cmlestis
2538 3265 2554 3290 ,
2590 3235 2649 3279 ut
2676 3235 2732 3280 et
2756 3240 2854 3279 nos
2882 3225 3128 3279 bibamus
3157 3223 3249 3294 qui
3275 3240 3507 3278 eramus
3536 3240 3674 3292 Super

2109 3336 2323 3376 onmem
2360 3329 2561 3374 terram
2599 3318 2713 3388 jugi
2758 3317 3010 3372 ariditate
3049 3316 3265 3372 siccati.
3324 3315 3487 3371 Huric
3533 3318 3673 3384 igitur

2111 3414 2354 3485 mysterii
2387 3413 2633 3467 ordinem
2684 3410 2904 3466 Gedeon
2954 3418 3175 3465 sanctus
3227 3410 3556 3480 prophetico
3584 3411 3674 3477 spi-

2108 3505 2215 3559 ritu
2248 3515 2542 3567 contuens,
2579 3516 2682 3557 non
2721 3501 2895 3556 solum
2928 3502 3163 3571 primum
3199 3503 3422 3572 signum
3454 3502 3675 3573 poposcit

2109 3612 2138 3649 a
2171 3597 2315 3660 Deo,
2363 3595 2458 3651 sed
2495 3604 2550 3650 et
2591 3594 2888 3650 secundum
2928 3607 3194 3649 converso
3233 3594 3433 3649 ordine
3479 3595 3669 3662 repetit.

2109 3689 2322 3744 Sciebat
2353 3688 2497 3743 enim
2525 3702 2700 3741 rorem
2724 3686 2968 3741 divinum
2989 3725 3003 3749 ,
3037 3685 3128 3754 qui
3165 3694 3249 3740 est
3276 3686 3548 3741 adventus
3570 3684 3671 3738 Filii

2108 3782 2222 3844 Dei,
2255 3795 2363 3836 non
2395 3781 2571 3835 solum
2603 3779 2834 3845 Judteis,
2885 3781 2978 3835 sed
3018 3790 3072 3837 et
3109 3777 3470 3847 postmodum
3525 3780 3670 3833 etiam

2107 3874 2357 3942 gentibus
2394 3887 2518 3928 esse
2565 3883 2853 3928 venturum
2879 3913 2895 3938 ,
2925 3873 3178 3941 quoniam
3217 3874 3445 3941 quidem
3497 3889 3562 3928 ex
3602 3874 3673 3926 in-

2106 3967 2423 4022 credulitate
2454 3965 2620 4020 Israel
2647 3965 2792 4020 salus
2822 3965 2880 4019 lit
2907 3967 3179 4034 gentibus.
3210 3967 3277 4021 Et
3311 3968 3418 4022 hoc
3440 3967 3670 4035 estquod

2103 4074 2201 4127 pro
2231 4057 2486 4113 ariditate
2532 4056 2750 4112 velleris
2802 4057 3052 4112 universa
3091 4067 3235 4112 terra
3290 4060 3476 4129 gratia
3522 4058 3668 4111 divini

2105 4151 2245 4206 roris
2279 4149 2600 4205 infunditur.
2634 4149 2739 4204 Sed
2771 4157 2825 4204 et
2858 4150 2985 4204 illud
3016 4151 3069 4204 in
3099 4151 3201 4205 hoc
3233 4150 3384 4205 facto
3428 4152 3528 4206 viri
3555 4152 3669 4204 lide-

2102 4243 2294 4298 Iissimi
2321 4242 2592 4297 Gedeonis
2617 4244 3051 4312 praetereundum
3088 4244 3316 4298 minime
3344 4254 3480 4314 puto
3500 4289 3515 4308 ,
3545 4242 3666 4312 quod

2105 4335 2260 4390 nobis
2283 4336 2348 4390 ad
2381 4334 2610 4389 formam
2643 4344 2818 4403 potest
2848 4336 3073 4389 cautela:
3096 4335 3362 4405 spiritalis
3403 4337 3666 4391 accedere.

2101 4425 2359 4494 Angel'um
2384 4424 2556 4488 vidit,
2590 4426 2682 4479 sed
2714 4425 2795 4479 vir
2813 4426 3056 4480 eruditus
3089 4434 3144 4480 et
3185 4427 3400 4482 habens
3417 4428 3530 4495 jam
3557 4428 3663 4482 Jesn

413 4508 620 4556 terram
655 4505 896 4576 reliquas
941 4517 1132 4578 gentes
1176 4511 1454 4580 posuisse,
1485 4523 1542 4568 et
1582 4529 1755 4568 rorem
1779 4519 1868 4584 qui
1908 4533 1995 4572 ce-
2031 4533 2076 4586 ι)
2105 4517 2447 4587 praecessoris
2482 4517 2819 4586 exernplmn,
2861 4518 3076 4571 cautius
3109 4517 3244 4587 agit.
3277 4517 3503 4574 Sciebat
3538 4522 3661 4572 enim

412 4592 547 4648 cidit
575 4610 738 4664 super
767 4599 939 4655 vellus
961 4641 976 4666 ,
1005 4603 1231 4658 verbum
1269 4605 1361 4660 Dei
1396 4620 1518 4662 esse
1538 4646 1553 4671 ,
1597 4609 1739 4677 quod
1789 4609 1867 4663 illi
1897 4611 1998 4665 soli

412 4686 610 4754 p0pulo
638 4690 856 4746 caelitus
898 4692 1089 4750 fuisset
1121 4695 1412 4753 indultum.
1439 4699 1614 4767 Supra
1639 4701 1810 4755 solum
1844 4717 1998 4757 nam-

411 4792 518 4846 que
558 4778 726 4834 Israel
768 4798 860 4839 ros
895 4785 1093 4842 divina:
1134 4787 1270 4858 legis
1316 4789 1633 4846 advenerat.
1680 4791 1994 4847 Siccitatem

413 4877 596 4922 autem
641 4870 914 4928 habebant
941 4890 1130 4933 omnes
1161 4889 1349 4948 gentes
1380 4898 1394 4934 :
1426 4885 1552 4950 quia
1588 4882 1767 4938 nullus
1810 4885 1859 4938 ei
1899 4885 1994 4938 huc

411 4973 530 5011 mor
572 4961 738 5016 divini
768 4964 1150 5023 inlundebatur
1177 4971 1393 5042 eloquii.
1427 4973 1661 5029 Secundi
1695 4989 1824 5030 vero
1857 4979 1992 5034 ratio

409 5051 551 5120 signi
587 5055 641 5109 in
681 5059 1013 5114 contrarium
1047 5074 1408 5130 permutatur,
1434 5067 1488 5121 in
1523 5083 1630 5138 quo
1662 5069 1739 5122 ait
1765 5070 1807 5100 ¹²
1835 5089 1848 5124 :
1879 5089 1897 5123 ι
1923 5071 1992 5126 Ut

407 5156 578 5213 supra
628 5163 844 5204 onmem
874 5160 1076 5206 terram
1132 5169 1221 5209 ros
1273 5156 1595 5224 descendat,
1629 5175 1792 5232 supra
1824 5165 1993 5222 vellus

2098 4607 2356 4677 possibile
2394 4621 2516 4662 esse
2541 4607 2704 4660 etiam
2739 4607 2960 4676 angelos
2995 4609 3342 4662 tenebrarum
3397 4611 3662 4678 transﬁga-

2098 4714 2220 4752 rare
2257 4715 2316 4754 se
2351 4699 2404 4753 in
2449 4699 2672 4768 angelos
2719 4698 2855 4753 lucis
2887 4701 2931 4731 ”‘
2964 4717 2978 4753 :
3007 4710 3060 4754 et
3111 4701 3231 4756 ideo
3278 4705 3661 4756 examinatione

2097 4792 2448 4856 cautissima,
2493 4792 2645 4858 volo,
2677 4792 2851 4860 inquit
2882 4795 3113 4860 probare
3140 4793 3398 4862 spiritum
3432 4795 3476 4847 si
3513 4810 3540 4846 a
3571 4794 3659 4846 Deo

2102 4885 2288 4949 est”,
2335 4885 2459 4953 quia
2508 4902 2528 4934 ‹
2569 4883 2831 4952 spiritalis
2875 4886 3150 4938 examinat
3196 4887 3381 4939 omnia
3416 4889 3478 4939 ”.
3522 4906 3540 4937 ι
3584 4886 3657 4938 Szc

2103 4988 2341 5043 namque
2369 4989 2666 5043 pracessor
2699 4972 2815 5042 ejus
2860 4972 3061 5028 fecerat
3107 4972 3234 5028 Jesu
3263 4975 3414 5031 Nave
3444 4977 3517 5038 η.
3547 4993 3650 5029 cum

2100 5068 2395 5135 principem
2419 5067 2626 5122 militiae
2664 5068 2900 5123 cmlestis
2928 5066 3189 5123 vidisset:
3229 5068 3454 5138 inquirit
3491 5072 3651 5123 etd;s.-

2101 5162 2256 5226 cutit,
2299 5163 2342 5216 si
2391 5169 2578 5216 noster
2613 5161 2719 5225 sit,
2766 5175 2837 5214 an
2871 5159 3329 5216 adversariorum.
3369 5160 3481 5215 IIoc
3511 5164 3646 5214 Inmiti

487 5330 531 5415 ξ’
553 5331 692 5415 .Jnd.
722 5347 797 5398 vr,
835 5333 924 5415 5_6,
1105 5338 1165 5415 ,ξ’
1195 5336 1349 5392 Deut.
1378 5355 1455 5415 vi,
1482 5341 1584 5415 I6_._
1622 5343 1692 5415 _“
1717 5343 1836 5399 Jud.
1869 5362 1944 5415 vr,
1975 5351 2003 5404 5

2146 5348 2187 5378 ⁸³
2215 5345 2341 5402 Ose.
2373 5360 2430 5400 Ill
2453 5385 2467 5409 ,
2502 5343 2557 5399 4.
2637 5345 2680 5375 ’⁵
2708 5342 2850 5398 Psal.
2889 5357 2980 5409 xx,
3005 5341 3060 5398 6.
3141 5343 3186 5376 ³⁵
3217 5342 3256 5396 II
3289 5345 3413 5398 Cor.
3439 5358 3543 5405 xxx,
3571 5341 3634 5395 II.

415 5398 461 5431 "
489 5400 509 5454 I
541 5401 697 5460 Joan.
727 5420 802 5469 IV,
846 5403 900 5460 I.
977 5407 1017 5436 ¹⁷
1049 5405 1064 5458 l
1098 5406 1223 5462 Cor.
1275 5424 1343 5473 ιι,
1378 5398 1464 5464 15.
1547 5412 1588 5442 ¹⁸
1611 5411 1724 5470 Jos.
1751 5398 1939 5482 v,715_.'

441 5608 452 5619 .
485 5538 1022 5619 (SH-interpretatur
1060 5554 1232 5598 autem
1272 5545 1487 5601 Abiezer
1504 5551 1672 5614 patris
1707 5552 1807 5604 mei
1838 5554 1993 5606 auxi-

414 5606 564 5681 lium.
593 5610 667 5663 Ex
696 5606 827 5678 73R,
863 5631 882 5662 ι
919 5623 1070 5681 pater
1105 5631 1276 5677 meus,
1323 5637 1340 5668 ι
1387 5627 1443 5670 et
1469 5606 1572 5680 ’ἦν
1599 5637 1615 5668 t
1652 5622 1930 5675 auxilium.
1964 5642 1984 5676 ι

418 5675 614 5761 Ibidem
649 5675 823 5761 mssa,
848 5701 885 5761 ς’
906 5675 1008 5761 non
1023 5699 1154 5756 ergo
1175 5675 1446 5740 hominem
1482 5675 1740 5756 aliquem,
1779 5693 1870 5744 sed
1898 5675 1987 5761 pa-

417 5747 515 5803 tris
551 5752 766 5805 summi.
799 5772 816 5803 ι
849 5753 1006 5820 Editi,
1044 5774 1061 5808 ι
1087 5747 1219 5812 Ἷιοιι
1269 5773 1398 5828 ergo
1433 5747 1691 5815 humilem
1726 5747 1985 5832 aliquem,

2099 5555 2190 5610 sed
2219 5553 2392 5622 patris
2418 5553 2524 5607 sui.
2558 5573 2577 5605 ι

2170 5619 2280 5694 (8-2)
2311 5623 2440 5677 Mss.
2477 5643 2495 5675 ι
2535 5622 2912 5693 impetraveris
2958 5621 3250 5679 ellicaciam
3291 5623 3508 5694 signi,o
3538 5619 3626 5677 Ge—

2096 5696 2452 5836 dcagl’ﬂss.
2493 5781 2511 5816 ι
2551 5764 2773 5822 laceret.
2808 5783 2826 5818 ι
2865 5763 3028 5832 Editi,
3075 5782 3094 5818 ι
3125 5764 3308 5821 faciat.
3343 5782 3362 5819 ι
