3870 6530
157 335 248 395 935
1182 335 1249 391 ΙΝ
1284 337 1542 396 LIBRUM
1579 339 1878 400 JUDICUM
1915 341 2197 400 HOMILIA
2227 345 2318 404 IX.

3285 355 3386 412 986

157 451 302 506 etiam
351 441 725 497 sanctissimus
769 441 986 500 Gedeon
1029 448 1254 504 discutit
1299 457 1597 523 angelicam
1627 461 1707 510 vl-
1735 463 1780 519 Α
1809 459 2021 528 accipio
2052 475 2248 528 aquam
2281 468 2336 514 et
2389 460 2582 515 naurio
2615 461 2679 517 de
2704 461 2939 518 fantibus
2990 462 3186 530 Israel,
3223 484 3385 537 quam

155 545 369 601 sionem,
394 536 709 590 diversitate
730 547 781 591 et
815 539 1189 595 imtnutatione
1215 543 1511 612 signorum.

215 633 264 688 5.
299 630 398 683 Sed
452 639 507 682 et
575 630 703 683 illud
745 634 884 698 quod
929 633 1001 685 ait
1057 633 1310 703 Gedeon,
1348 638 1552 692 Ponant
1594 639 1699 694 vel~

152 729 230 782 lus
281 738 380 777 non
437 722 766 791 ubicunque,
841 741 945 778 non
1006 727 1056 780 in
1128 743 1320 796 campo
1362 768 1378 792 ,
1427 746 1600 799 neque
1654 732 1705 785 in

154 819 313 877 saltu,
347 814 438 866 sed
469 815 520 867 itt
546 831 671 868 area
694 856 708 877 ,
739 818 898 884 quale
943 819 1035 872 tibi
1069 819 1314 874 videtur?
1348 821 1405 874 In
1444 837 1570 876 area
1616 823 1705 877 ubi

151 907 323 962 messis
356 913 473 958 est:
509 923 526 955 ι
577 905 766 960 Messis
788 909 1003 975 quidem
1040 909 1241 977 multa,
1271 913 1706 980 operariiautem

149 997 293 1069 pauci
327 994 386 1048 ".
418 994 619 1048 I’onam
644 1037 658 1057 ,
693 996 868 1067 inquit
898 998 964 1062 '°,
1001 997 1172 1053 vellus
1199 999 1287 1053 ubi
1337 1002 1529 1056 messis
1546 1013 1649 1058 est.
1683 1023 1703 1056 ι

145 1089 271 1156 Quid
313 1095 554 1140 moverat
583 1099 834 1141 sanctum
874 1089 1047 1142 virum
1094 1089 1334 1158 Gedeon,
1371 1092 1453 1145 vel
1497 1096 1625 1162 quid
1657 1095 1708 1149 ei

148 1185 306 1236 visunt
354 1180 532 1233 fuerat
567 1190 622 1232 ut
653 1182 754 1235 hoc
787 1181 1034 1236 faceret?
1065 1182 1564 1240 Prasvidebatenim
1612 1203 1710 1256 per

142 1277 412 1347 spiritum,
456 1275 582 1343 quia
629 1273 882 1330 Christus
936 1276 986 1328 in
1016 1290 1199 1329 aream
1262 1293 1413 1331 suam
1451 1279 1706 1347 populum

143 1382 286 1422 suum
333 1374 627 1437 eongregat
662 1374 717 1420 et
743 1366 816 1420 ibi
848 1381 971 1420 eum
1013 1378 1310 1437 expurgat,
1355 1377 1548 1422 tenens
1582 1385 1712 1422 vcn-

143 1461 383 1513 tilahrum
422 1458 474 1510 in
507 1474 667 1512 manu
699 1474 822 1522 sua,
846 1469 901 1511 et
941 1457 1010 1511 ibi
1044 1457 1225 1527 paleas
1268 1470 1487 1528 separat
1517 1477 1545 1512 a
1591 1461 1710 1513 fru-

143 1562 313 1608 mento
343 1551 409 1604 ".
444 1549 560 1606 Non
591 1567 723 1622 ergo
759 1552 876 1606 sine
909 1567 1074 1606 eausa
1103 1552 1187 1604 vir
1219 1560 1405 1606 tantus
1447 1563 1502 1606 et
1550 1553 1671 1606 talis
1694 1594 1708 1617 ,

141 1642 289 1713 cujus
333 1651 388 1694 et
437 1652 664 1696 sanctus
704 1642 996 1710 Apostolus
1047 1644 1113 1696 ad
1167 1641 1420 1698 Hebraeos
1468 1644 1713 1698 scribens

139 1735 259 1788 facit
281 1733 331 1786 in
361 1734 748 1801 pr0phetarum
781 1733 1032 1803 catalogo
1064 1737 1393 1788 mentionem
1427 1735 1493 1799 “,
1525 1750 1707 1788 areant

136 1826 312 1894 elegit,
345 1825 413 1877 ad
437 1823 605 1878 vellus
633 1826 944 1893 ponendum
978 1842 992 1877 :
1021 1840 1122 1880 nec
1149 1825 1266 1879 sine
1289 1841 1452 1880 causa
1482 1841 1708 1895 expres-
1742 1821 1780 1875 Β

134 1918 198 1970 sit
224 1915 390 1968 vellus
437 1914 488 1967 in
519 1913 748 1984 pelvim,
781 1915 998 1983 quando
1047 1925 1101 1968 et
1137 1915 1364 1984 replevit
1391 1931 1510 1970 eam
1543 1932 1704 1986 aqua.

134 2005 488 2072 Ileqniramus
521 2013 573 2057 et
604 2005 670 2057 de
703 2005 803 2058 hoc
836 2005 887 2057 in
915 2002 1213 2073 Scripturis
1233 2005 1439 2059 sanctis
1461 2046 1477 2071 ,
1513 2006 1554 2060 si
1588 2020 1708 2074 qum.

145 2098 292 2143 notus
335 2097 500 2142 etiam
538 2092 699 2156 ltugus
746 2092 1112 2163 intelligentia:
1154 2105 1438 2165 praestatur
1475 2099 1704 2154 occasio.

143 2187 433 2242 Veniamus
470 2188 536 2241 ad
576 2189 940 2261 Evangelium.
986 2192 1296 2248 Invenimus
1333 2195 1403 2249 ibi
1445 2196 1489 2226 ’³
1527 2197 1710 2249 Domi-

140 2303 262 2340 num
301 2295 356 2340 et
401 2284 731 2342 Salvatorem
772 2301 1018 2345 nostrum
1058 2305 1343 2348 exuentem
1383 2295 1708 2350 vestimenta

139 2398 249 2444 sua,
281 2391 335 2436 et
373 2381 546 2436 linteo
582 2385 928 2453 prtecinctum
969 2388 1184 2443 mittere
1222 2390 1382 2461 476
1419 2409 1609 2462 aquam
1651 2393 1706 2452 in

123 2479 310 2548 pelvim
334 2519 349 2542 ,
379 2477 564 2534 lavare
595 2480 758 2549 pedes
791 2480 1186 2550 discipulorum
1237 2499 1482 2539 suorum.
1543 2483 1708 2542 Vides

125 2586 247 2640 ergo
270 2571 395 2639 quia
430 2571 545 2625 haec
578 2572 975 2626 adumbrabant
1010 2575 1305 2644 prophetae,
1337 2589 1452 2643 quae
1477 2587 1630 2630 erant
1652 2578 1706 2632 in

123 2663 432 2719 novissimis
467 2666 796 2733 temporibus
823 2665 1092 2732 implenda
1133 2681 1228 2734 per
1266 2667 1571 2723 Dominum.
1612 2668 1704 2724 Illa

120 2771 244 2824 ergo
272 2771 412 2824 aqua
450 2771 615 2824 quam
655 2759 904 2811 mittebat
929 2756 1089 2813 Jesus
1135 2760 1188 2813 in
1235 2760 1433 2827 pelvim
1468 2776 1554 2816 ros
1588 2773 1706 2817 erat

119 2851 299 2919 gratia:
340 2851 593 2904 cmlcstis
640 2864 706 2904 ex
737 2867 845 2920 quo
875 2851 1088 2906 lavabat
1116 2853 1280 2922 pedes
1311 2853 1701 2924 discipulorum

118 2960 359 2998 suorum.
395 2942 557 2998 Unde
599 2954 656 2998 et
693 2944 888 2999 merito
920 2945 1135 3000 dicebat
1177 2936 1242 3000 ad
1277 2961 1373 3001 cos
1410 2949 1455 2977 “
1486 2967 1500 3000 :
1535 2967 1552 2998 ι
1599 2948 1704 3002 Vos

113 3046 290 3090 autem
342 3039 534 3091 mundi
584 3038 716 3092 estis
747 3047 969 3109 propter
1017 3039 1240 3093 verbum
1290 3041 1431 3108 quod
1487 3039 1702 3094 locutus

1807 550 2054 619 exprime
2081 551 2146 605 de
2197 551 2492 606 Israelitico
2517 553 2739 612 vellere.
2771 554 3027 624 Elprimo
3055 561 3198 612 enim
3229 563 3388 614 modo

1807 657 2003 710 aquam
2045 656 2076 696 e
2121 641 2320 696 vellere
2379 643 2500 697 libri
2556 643 2837 710 Iudicum,
2888 658 2945 700 et
2988 648 3095 704 alio
3150 660 3389 718 tempore

1809 748 2003 801 aquam
2040 734 2106 787 de
2151 734 2348 788 vellere
2387 734 2728 806 Regnorum,
2763 748 2818 791 et
2851 755 3046 808 aquam
3085 742 3151 796 de
3191 743 3389 797 vellere

1811 825 1986 889 Isaiae,
2025 825 2108 880 vel
2141 824 2433 880 Jeremiae:
2476 838 2531 882 et
2565 829 2719 883 mitto
2762 843 2880 882 eam
2933 831 2986 884 in
3034 830 3229 900 pelvim
3275 831 3389 883 ani-

1811 936 1913 975 ma:
1935 962 1952 987 ,
1987 922 2300 990 concipiens
2342 937 2564 977 sensum
2619 927 2670 977 in
2698 927 2863 981 corde
2907 942 3028 981 meo
3057 941 3072 981 :
3105 939 3158 981 et
3181 928 3389 996 accipio

1810 1001 1972 1081 pede's
2006 1029 2192 1068 eorum
2224 1015 2399 1083 quise
2442 1016 2684 1083 prmbent
2713 1025 2768 1070 et
2804 1029 3113 1086 praaparant
3155 1019 3220 1073 ad
3271 1034 3387 1074 cm-

1811 1105 2088 1168 nandum,
2127 1113 2180 1157 et
2210 1104 2529 1173 inquantum
2559 1106 2860 1174 praevaleo,
2886 1108 3069 1162 lavare
3101 1109 3260 1177 cupio
3291 1124 3388 1176 pe-

1810 1198 1905 1250 des
1959 1194 2187 1250 fratrum
2225 1212 2468 1251 meorum
2525 1205 2578 1251 et
2613 1199 2890 1268 complere
2931 1203 3246 1254 mandatum
3281 1200 3387 1253 Do-

1812 1295 1942 1349 tnini
1983 1312 1996 1348 :
2035 1305 2092 1348 ιιι
2143 1295 2195 1349 in
2241 1296 2406 1350 verbo
2441 1296 2703 1371 doctrinm
2727 1305 3026 1367 purgentur
3052 1297 3328 1350 auditores
3359 1311 3386 1348 a

1810 1388 2064 1444 sordibus
2089 1397 2472 1458 peccatorum,
2496 1397 2551 1444 et
2588 1389 2849 1460 abjiciant
2877 1403 2904 1442 a
2949 1404 3008 1444 se
3042 1404 3258 1443 omnem
3290 1389 3393 1442 im-

1809 1480 2131 1534 munditiam
2158 1481 2411 1535 vitiorum
2429 1521 2445 1545 ,
2470 1490 2524 1535 et
2551 1484 2780 1536 mundos
2811 1482 3049 1536 habeant
3084 1482 3247 1553 pedes
3271 1484 3388 1551 qui-

1813 1569 1914 1625 bus
1951 1580 2098 1625 recte
2133 1572 2509 1642 ingrediantur
2542 1574 2608 1626 ad
2655 1575 3110 1643 prmparationem
3143 1574 3385 1643 Evange-

1813 1659 1870 1714 lii
1895 1663 2045 1730 pacis
2081 1681 2094 1716 :
2136 1675 2194 1718 ut
2242 1681 2434 1720 omnes
2484 1665 2646 1720 simul
2684 1667 2735 1720 in
2809 1667 3026 1721 Christo
3073 1666 3201 1722 Jesu
3239 1666 3391 1736 puri-

1817 1753 1959 1807 licati
1992 1768 2087 1824 per
2111 1757 2354 1822 verbum,
2375 1773 2480 1812 non
2506 1757 2827 1824 abjiciamur
2847 1759 2915 1812 de
2945 1759 3184 1813 thalamo
3207 1759 3388 1828 sponsi

1810 1860 1908 1914 pro
1950 1847 2184 1903 sordidis
2250 1850 2612 1915 indumentis;
2662 1852 2757 1906 sed
2816 1852 3061 1906 candidis
3116 1851 3387 1918 vestibus,

1808 1938 1936 1994 lotis
1968 1941 2195 2008 pedibus
2216 1981 2232 2005 ,
2261 1943 2444 1996 mundi
2481 1945 2667 2009 corde,
2696 1946 3079 1998 recumbamus
3113 1944 3164 1997 in
3201 1944 3389 1998 convi—

1812 2032 1899 2087 vio
1929 2034 2112 2102 sponsi
2138 2033 2308 2102 ipsius
2341 2034 2550 2090 Domini
2581 2035 2752 2089 nostri
2778 2035 2903 2090 Jesu
2929 2033 3152 2098 Christi,
3185 2034 3268 2088 cui
3307 2041 3395 2090 est

1809 2124 1978 2196 gloria
2003 2135 2060 2180 et
2083 2126 2370 2196 imperium
2411 2126 2463 2181 in
2492 2128 2688 2182 saecula
2721 2127 3064 2182 saeculorum.
3101 2127 3298 2180 Amen.

2398 2259 2675 2315 IIOIIILIA
2708 2259 2797 2314 IX.

1852 2366 1928 2422 De
1955 2370 2138 2439 prazlio
2175 2372 2311 2440 quod
2343 2367 2552 2425 Cedeon
2583 2389 2699 2425 cum
2736 2341 2981 2426 trecentis
3009 2373 3136 2426 viris
3167 2373 3342 2428 electis

2507 2445 2688 2512 gessit.

1886 2576 1935 2628 I.
1962 2575 2154 2646 Ingens
2179 2585 2293 2630 erat
2314 2577 2602 2632 multitudo
2625 2593 2744 2647 qur'e
2767 2578 3049 2632 adversum
3076 2578 3239 2632 Israel
3263 2593 3386 2632 con-

1814 2676 2030 2736 gregata
2060 2677 2162 2728 est,
2199 2668 2270 2721 ita
2306 2676 2363 2721 ut
2396 2669 2619 2723 locustis
2652 2685 2760 2738 pne
2795 2669 3137 2723 multitudine
3172 2668 3386 2722 confer-

1810 2770 2019 2814 rentur.
2063 2778 2081 2811 ι
2115 2762 2179 2816 Et
2221 2761 2459 2827 cameli,
2495 2763 2675 2830 inquit
2699 2763 2775 2825 ’⁸,
2822 2779 3011 2816 eorum
3054 2764 3196 2816 sicut
3228 2777 3393 2816 arena

1806 2867 1928 2922 qua:
1959 2862 2040 2907 est
2081 2854 2150 2908 ad
2183 2869 2340 2908 oram
2380 2854 2549 2908 maris
2583 2854 3024 2910 innumerabilis.
3059 2872 3077 2907 ι
3114 2855 3396 2921 Quomodo

1805 2959 1936 3008 ergo
1971 2945 2086 2998 haec
2109 2947 2346 3014 potuerit
2373 2955 2480 2999 tam
2513 2945 2800 3000 immmera
2834 2947 3125 3001 multitudo
3157 2946 3394 3000 hostium

1806 3037 2081 3106 superari,
2118 3037 2440 3092 videamus:
2477 3038 2756 3103 Exierunt,
2805 3040 2998 3108 inquit,
3043 3038 3247 3094 duo-et
3299 3038 3396 3090 tri-

115 3145 228 3181 stitit
264 3131 330 3182 ad
366 3145 491 3183 vos.
529 3148 547 3180 ι
598 3130 707 3186 Sed
763 3133 864 3186 hoc
921 3147 1021 3186 nos
1061 3135 1221 3185 modo
1260 3133 1304 3186 si
1360 3131 1698 3201 prmbeamus
1726 3162 1768 3219 ο
1807 3131 1954 3198 ginta
1989 3129 2154 3184 millia
2180 3140 2512 3184 armatormn
2537 3146 2602 3184 ex
2632 3130 2756 3185 (iliis
2784 3130 2947 3184 Israel
2984 3145 3106 3184 cum
3132 3127 3398 3183 Gedeone'

113 3222 271 3288 pedes
315 3231 576 3285 nostros,
626 3232 847 3290 paralus
891 3233 975 3278 est
1021 3223 1282 3278 Dominus
1315 3223 1473 3278 Iesus
1519 3224 1700 3278 lavare

113 3313 277 3378 pedes
308 3303 518 3366 anima:
551 3325 753 3369 nostra:
777 3355 791 3380 ,
823 3325 877 3370 et
919 3329 1154 3386 purgare
1183 3330 1278 3369 eos
1311 3331 1434 3371 rore
1462 3316 1702 3372 cmlestis

108 3405 298 3473 gratia:
335 3407 588 3474 Spiritus
622 3408 830 3473 sancti,
881 3409 1050 3463 verbo
1090 3409 1373 3462 doctrinm.
1404 3406 1519 3462 Non
1555 3408 1701 3462 enim

106 3499 248 3552 solos
280 3500 570 3567 apostolos
602 3503 832 3556 mundos
857 3516 979 3556 esse
1010 3501 1216 3564 voluit,
1247 3503 1340 3556 sed
1382 3515 1574 3555 omnes
1607 3502 1700 3570 qai

108 3593 346 3646 credunt
390 3607 498 3662 per
526 3594 749 3647 verbum
783 3593 946 3648 illius.
980 3594 1042 3646 Et
1075 3593 1329 3647 onmibus
1353 3593 1704 3650 credentibus

103 3684 233 3738 dicit
259 3683 395 3738 illud
423 3683 573 3754 quod
616 3695 669 3738 ct
697 3684 858 3738 Petro
893 3684 1030 3738 dixit
1057 3685 1102 3715 ’⁵
1139 3702 1152 3738 :
1198 3703 1216 3735 ι
1251 3684 1362 3740 Nisi
1395 3686 1580 3740 lavero
1612 3696 1700 3752 te,

100 3793 201 3831 non
258 3777 506 3831 habebis
556 3785 763 3846 partem
805 3791 1039 3831 mecum.
1079 3796 1098 3828 ι
1145 3777 1363 3831 Certum
1414 3788 1500 3831 est
1555 3779 1701 3832 enim

98 3871 222 3938 quia
273 3883 445 3923 nemo
497 3869 665 3922 habet
701 3878 911 3936 partem
959 3883 1081 3922 eum
1136 3869 1356 3924 Christo
1393 3868 1498 3923 nisi
1544 3869 1706 3924 fuerit

97 3961 236 4014 lotus
292 3971 348 4017 et
392 3961 654 4014 mundus.
691 3958 848 4022 Veni.
896 3975 1112 4029 precor,
1166 3961 1394 4016 Domine
1446 3958 1572 4016 Jesu
1627 3962 1702 4016 fili

93 4053 304 4119 David,
361 4069 514 4109 exue
573 4064 624 4107 te
657 4053 980 4108 vestimenta
1013 4069 1134 4122 qtne
1190 4064 1281 4119 tu,
1340 4054 1706 4118 Domine,in-

91 4149 252 4202 duisti
313 4157 555 4217 propter
603 4163 712 4211 me,
759 4158 814 4202 et
871 4149 1160 4218 accingere
1215 4159 1437 4218 propter
1479 4164 1598 4215 me,
1650 4158 1705 4204 et

89 4245 242 4296 mitte
282 4258 503 4312 aquam
559 4242 612 4293 in
652 4242 878 4309 pelvim,
922 4251 976 4295 et
1025 4241 1143 4294 lava
1203 4243 1366 4308 pedes
1423 4255 1703 4296 servorum

91 4344 341 4400 tuorum,
403 4343 467 4388 et
529 4334 674 4389 dilue
705 4335 892 4388 sordes
932 4334 1168 4387 filiorum
1223 4343 1276 4386 et
1306 4332 1539 4386 filiarum
1583 4341 1705 4388 tua—

89 4444 228 4481 rum.
256 4427 412 4481 Lava
444 4427 615 4494 pedcs
639 4427 834 4479 animm
863 4437 1060 4480 nostrae
1079 4467 1092 4489 ,
1119 4435 1174 4478 ιιι
1206 4441 1304 4479 nos
1347 4433 1398 4478 te
1429 4424 1706 4480 imitantes

1803 3223 2067 3277 adversus
2113 3237 2328 3277 omnem
2383 3223 2540 3277 istam
2579 3223 2975 3282 multitudinem
3012 3236 3290 3290 pugnare.
3331 3220 3411 3274 Et.

1808 3315 1948 3370 Deus
1981 3329 2236 3382 responsa
2268 3314 2420 3368 dedit
2473 3315 2537 3368 ad
2568 3314 2788 3369 Gedcon
2821 3315 3008 3369 dicens
3035 3315 3077 3346 ²⁹
3109 3332 3120 3366 :
3157 3332 3176 3365 ι
3219 3313 3398 3367 Gran-

1808 3408 1893 3461 dis
1918 3406 2207 3461 multitudo
2251 3415 2337 3461 est
2379 3415 2583 3461 tecum.
2620 3426 2639 3458 ι
2681 3407 2748 3460 Ει
2801 3407 2930 3474 quid
2962 3407 3006 3460 si
3050 3408 3277 3474 grandis
3314 3415 3400 3460 est

1809 3500 2134 3555 multitudo?
2184 3498 2373 3554 Nonne
2410 3501 2462 3552 in
2512 3500 2670 3554 bellis
2732 3500 3078 3554 numerosior
3121 3499 3398 3553 exercitus

1809 3597 2004 3649 tutiora
2043 3602 2264 3663 praestat
2297 3592 2536 3647 subsidia
2567 3592 2719 3662 (ειη
2751 3590 3106 3661 Nequaquam
3133 3630 3148 3654 ,
3187 3590 3391 3658 inquit,

1806 3689 1932 3758 quia
1963 3704 2068 3742 non
2101 3696 2229 3741 sunt
2261 3688 2496 3740 humana
2530 3685 2714 3754 pr:elia
2741 3703 2756 3739 :
2793 3701 2898 3738 non
2926 3686 3073 3740 enim
3105 3687 3246 3738 sicut
3295 3684 3393 3736 ltu-

1790 3797 2004 3846 inana,
2059 3781 2132 3834 ita
2173 3790 2228 3835 et
2261 3778 2440 3832 divina
2482 3777 2669 3848 pra-lia
2723 3787 3080 3848 peraguntur.
3119 3776 3235 3830 Non
3279 3776 3397 3831 elli-

1807 3874 1948 3926 citur
1993 3871 2200 3926 clarum
2233 3869 2430 3925 divina:
2459 3869 2679 3924 virtutis
2713 3885 2883 3940 opus,
2925 3869 2968 3924 si
3022 3869 3272 3922 humanis
3303 3869 3400 3922 ad-

1809 3963 2081 4018 miniculis
2136 3962 2414 4027 fulciatur,
2451 3964 2582 4032 quia
2621 3982 2639 4014 ι
2686 3978 2791 4016 ιιοιι
2844 3963 2905 4016 fit
2956 3961 3142 4017 salvus
3190 3977 3286 4016 rex
3341 3962 3395 4015 in

1809 4055 2153 4110 multitudine
2207 4054 2420 4108 virtutis
2455 4070 2567 4108 suae
2589 4053 2656 4109 ³ο.
2695 4073 2714 4105 ι
2769 4051 2846 4108 Ne
2876 4053 3015 4108 forte
3044 4067 3174 4122 ergo
3199 4051 3399 4121 gloria-

1811 4159 1959 4204 retur
1990 4149 2154 4204 Israel
2199 4159 2256 4204 et
2283 4149 2547 4218 jactantia
2575 4148 2820 4202 victoria:
2857 4157 3068 4215 partem
3100 4160 3398 4214 praesume-

1811 4253 1923 4309 ret,
1961 4249 2248 4314 propterea
2285 4241 2420 4296 dicit
2464 4241 2724 4296 Dominus
2756 4240 2823 4293 ad
2846 4238 3066 4292 Gedeon
3090 4236 3134 4268 ³¹
3163 4251 3178 4288 :
3209 4253 3226 4287 ι
3265 4235 3400 4290 Mul-

1811 4343 1896 4387 tus
1922 4344 2004 4387 est
2035 4331 2269 4402 populus
2307 4340 2486 4386 tecum
2525 4345 2539 4384 :
2577 4345 2684 4384 non
2718 4328 2926 4382 tradam
2954 4327 3164 4380 Itladian
3199 4326 3252 4379 in
3284 4341 3400 4379 ma-

1813 4441 1914 4480 nus
1973 4441 2200 4491 eorum,
2231 4439 2301 4479 ue
2352 4425 2491 4479 forte
2523 4423 2760 4478 exsultet
2793 4422 3078 4475 adversum
3117 4433 3202 4472 me
3231 4416 3397 4470 Israel

87 4530 138 4572 et
160 4530 457 4575 sectantes
493 4534 758 4572 exuamus
783 4534 881 4573 nos
906 4527 1088 4572 vetera
1114 4519 1458 4581 vestimenta,
1478 4527 1532 4570 et
1553 4518 1702 4572 dica-
1739 4514 1780 4567 Ι)
1811 4518 2021 4580 dicens,
2052 4518 2179 4587 quia
2207 4531 2402 4570 manus
2429 4531 2547 4570 mea
2569 4514 2778 4570 salvum
2813 4529 2897 4564 tne
2927 4512 3074 4566 fecit.
3103 4508 3396 4578 Propterea

82 4631 205 4668 mus
251 4615 300 4644 ’°
344 4635 358 4669 ;
404 4632 425 4664 ι
472 4611 648 4664 Nocte
720 4611 845 4663 exui
909 4627 992 4663 me
1043 4611 1430 4664 vestimentum
1480 4625 1701 4674 meum,

79 4707 366 4772 quomodo
432 4706 660 4759 induam
723 4705 891 4758 illud?
929 4724 947 4756 ι
1017 4703 1083 4758 Ει
1139 4705 1335 4757 iterum
1393 4705 1637 4758 dicamus
1687 4720 1700 4756 :

81 4817 99 4846 ι
142 4800 274 4852 Lavi
317 4799 504 4869 pedes
532 4813 702 4861 meos,
733 4798 1006 4867 quomodo
1037 4797 1331 4852 sordidabo
1360 4797 1497 4850 eos?
1524 4815 1542 4846 ι
1573 4797 1702 4849 Sta-

79 4892 174 4943 tim
224 4907 490 4960 namque
522 4901 578 4944 ut
608 4890 808 4945 laveris
839 4891 1007 4960 pedes
1043 4905 1193 4945 meos
1215 4931 1231 4955 ,
1281 4890 1444 4944 etiam
1496 4906 1702 4944 recum-

73 4984 206 5038 bere
261 5001 354 5039 me
408 4984 592 5038 facias
637 4992 818 5038 tecum
859 4993 914 5037 ιιι
949 4984 1166 5038 audiam
1193 4984 1290 5037 abs
1320 4993 1370 5037 te
1401 4983 1443 5013 ’7
1483 4999 1496 5035 :
1538 4999 1556 5033 ι
1599 4983 1704 5036 Vos

74 5078 288 5131 vocatis
350 5091 449 5132 me
507 5079 849 5145 magisteret
901 5075 1151 5142 Domine,
1197 5086 1253 5130 et
1288 5084 1434 5130 recte
1475 5075 1699 5129 dicitis:

71 5182 192 5220 smn
245 5169 507 5222 eteniin.
538 5166 594 5222 Si
624 5183 753 5237 ergo
791 5182 891 5236 ego
925 5166 1186 5221 Dominus
1215 5178 1270 5221 ct
1296 5168 1552 5237 magister
1594 5167 1698 5219 lavi

72 5264 241 5326 pedes
289 5274 561 5324 vestros,
619 5269 672 5314 et
697 5277 790 5314 vos
843 5260 1165 5314 alterutrum
1219 5261 1386 5330 pedes
1433 5259 1633 5313 lavate.
1675 5279 1692 5310 ι
1753 5251 1756 5254 ’

77 5351 210 5407 Volo
261 5369 408 5422 ergo
453 5363 513 5406 et
545 5368 644 5423 ego
677 5353 861 5406 lavare
912 5354 1075 5421 pedes
1129 5352 1359 5405 fratrum
1412 5368 1694 5416 meorum,

73 5445 265 5500 lavare
293 5448 482 5515 pedes
499 5445 1000 5514 condiscipulorum
1029 5460 1294 5498 meormn.
1324 5445 1384 5497 Et
1415 5454 1696 5513 prapterea

148 5560 193 5590 ¹⁹
225 5557 437 5612 Matth.
495 5572 584 5620 ut,
611 5557 702 5609 57.
795 5557 840 5585 ²⁰
881 5554 1004 5609 Jud.
1031 5571 1102 5620 vt,
1136 5555 1224 5607 57.

72 5630 117 5659 ³⁸
149 5629 318 5684 Joan.
367 5643 506 5690 λιιι,
543 5630 593 5681 8.
667 5627 712 5657 ’⁸
739 5626 895 5681 Cant.
935 5641 984 5692 ν,
1008 5627 1063 5680 5.

75 5699 113 5729 ³⁸
167 5700 302 5754 Jud.
347 5714 452 5752 vtt.
483 5699 548 5760 ‘2,
575 5698 629 5750 5.

1303 5557 1342 5587 ¹¹
1381 5555 1572 5608 Matth.
1632 5571 1721 5618 Ill,
1774 5556 1861 5609 1'2.

1136 5627 1175 5656 ³⁷
1209 5624 1366 5680 Joan.
1399 5626 1753 5693 attt,13,l.i.
1819 5629 1863 5658 ³³
1893 5626 2017 5682 .lud.
2051 5643 2120 5691 ιι,
2150 5628 2202 5681 5.

1813 4610 2035 4679 loquere
2099 4611 2155 4664 in
2205 4610 2432 4664 auribus
2482 4605 2702 4676 populi,
2751 4604 2937 4658 dicens
2976 4620 2990 4655 :
3036 4602 3134 4667 Qui
3181 4602 3402 4655 timidus

1811 4714 1895 4758 est
1945 4714 2002 4756 et
2049 4703 2438 4756 formidolosus
2470 4701 3028 4762 corde,'revertatur.
3077 4696 3143 4750 Et
3194 4694 3398 4748 reversi

1811 4806 1939 4850 sunt
1964 4797 2030 4850 de
2059 4803 2240 4848 tnonte
2267 4792 2469 4848 Galaad
2515 4792 2582 4846 de
2617 4790 2816 4860 popqu
2853 4787 3042 4857 viginti
3086 4788 3192 4840 duo
3231 4785 3402 4839 millia

1812 4889 1939 4950 viri,
1990 4895 2044 4940 et
2104 4891 2488 4938 remanserunt
2537 4886 2725 4934 decem
2786 4877 2978 4932 millia.
3037 4895 3055 4928 ι
3112 4875 3402 4929 Videamus

1812 4995 1943 5046 ergo
1980 4979 2155 5045 primo
2184 4975 2312 5044 qttid
2357 4982 2441 5028 est
2470 4973 2614 5041 quod
2652 4971 2784 5027 dicit
2823 4987 2837 5022 :
2869 4987 2888 5020 ι
2925 4967 3172 5022 Timidus
3205 4978 3258 5020 et
3290 4965 3402 5019 fur-

1815 5067 2114 5120 midolosus
2169 5063 2366 5128 corde;
2404 5081 2424 5114 ι
2458 5063 2567 5115 duo
2596 5061 2743 5114 enim
2784 5059 2929 5114 dicta
2980 5067 3109 5112 sunt
3151 5057 3401 5109 humana:

1815 5158 2120 5229 fragilitatis
2152 5157 2348 5210 indicia
2372 5195 2387 5218 ,
2419 5153 2621 5223 quibus
2667 5153 2914 5222 arguitur
2952 5153 3190 5205 humana
3237 5147 3401 5216 fragi-

1810 5251 2049 5316 litas,id
2073 5260 2156 5304 est
2203 5247 2376 5303 timidi
2425 5256 2481 5301 et
2524 5245 2866 5300 formidolosi
2915 5245 3102 5298 corde.
3158 5240 3408 5295 Timidus

1809 5353 1988 5413 potest
2041 5342 2212 5396 videri
2257 5351 2312 5417 et
2341 5340 2429 5396 ille
2459 5340 2549 5410 qui
2583 5341 2759 5408 printo
2791 5346 3014 5406 aspectu
3049 5335 3284 5404 trepidat
3333 5334 3402 5388 ad

1807 5453 2196 5507 congressum,
2244 5451 2352 5490 non
2395 5444 2574 5488 tamen
2611 5445 2726 5488 toto
2765 5431 2932 5487 corde
2983 5440 3252 5490 terretur,
3308 5429 3403 5481 sed

1941 5556 1986 5585 "
2030 5553 2162 5609 IIeb.
2195 5570 2266 5616 xu,
2292 5550 2382 5605 32.
2471 5549 2517 5580 ³³
2549 5547 2708 5604 Joan.
2736 5562 2853 5601 xm.
2887 5615 2891 5616 ί
2946 5545 2990 5576 ’³
3025 5543 3184 5599 Joan.
3221 5559 3316 5603 xv,
3352 5544 3397 5593 7».

2281 5626 2325 5656 ³³
2360 5621 2488 5676 Iud.
2529 5636 2625 5687 vn,
2660 5621 2717 5672 2.
2792 5620 2836 5648 ³ο
2880 5615 3024 5671 I’sal.
3081 5631 3268 5679 usu,
3317 5616 3399 5667 lii.

143 5819 264 5889 χει)
300 5817 479 5874 Ltbb.
523 5817 673 5885 editi,
708 5837 725 5870 ί
761 5819 1036 5875 exercitus
1065 5827 1285 5890 praestat
1313 5827 1367 5874 et
1393 5828 1472 5876 est
1503 5818 1668 5874 tutior
1698 5817 1764 5872 ad
1790 5817 2055 5874 subsidia.
2093 5836 2112 5870 ι
2149 5816 2278 5873 Mss.
2315 5825 2371 5870 ut
2405 5815 2454 5870 in
2499 5820 2690 5869 nostro
2719 5818 2892 5866 textu.
