3870 6544
444 371 547 427 987

1923 374 2247 435 ORIGENIS

3602 369 3696 424 988

446 487 689 555 reparari
726 497 776 542 et
809 487 1036 541 animari
1065 487 1244 542 denuo
1275 497 1476 559 potest.
1508 489 1914 548 Formidolosns
1948 503 2030 547 est
2059 498 2100 554 Α
2134 494 2186 547 in
2216 494 2302 547 his
2331 492 2420 562 qui
2455 491 2689 545 militant
2713 490 2952 554 veritati,
2985 489 3079 544 sed
3107 497 3162 543 et
3194 487 3287 557 qui
3317 478 3557 540 militant
3582 487 3695 548 Dee,

447 591 626 633 autent
665 580 754 647 qui
781 581 890 648 jam
924 581 1078 648 quasi
1109 579 1445 636 inolescente
1482 584 1613 636 vitio
1635 623 1650 648 ,
1681 584 1844 638 etiam
1875 593 2026 638 aute—

447 683 610 735 quam
644 668 822 721 videat
862 668 999 721 mala
1023 711 1038 734 ,
1077 669 1188 723 sola
1225 671 1558 741 cogitatione
1603 681 1860 737 terretur,
1890 673 2025 743 geli-

447 762 573 816 dam
620 778 716 832 per
749 765 986 816 membra
1034 763 1378 820 formidinem
1419 766 1676 830 volvens,
1708 765 1778 818 ita
1815 777 1874 819 ut
1922 780 2026 819 non

451 865 558 908 tam
600 867 889 924 conspectu
932 857 1234 922 malorum,
1266 873 1426 926 quam
1471 859 1588 927 ipso
1619 859 1808 912 auditu
1844 869 1900 914 et
1929 876 2026 914 ex-

449 947 788 1013 spectatione
831 949 1094 1015 solvatur,
1143 961 1197 1004 et
1250 951 1370 1004 ideo
1409 949 1657 1005 addidit:
1693 969 1710 1001 ι
1742 951 2027 1006 Formido-

449 1036 597 1091 lesus
621 1041 804 1094 corde.
843 1061 861 1094 ι
896 1041 950 1094 ln
983 1045 1151 1098 corde
1191 1044 1462 1112 enimjam
1498 1044 1601 1098 hoc
1630 1055 1683 1097 et
1719 1045 1769 1097 in
1802 1045 2028 1097 interie-

449 1129 600 1182 ribus
639 1131 803 1184 animi
841 1132 1076 1187 defixum
1128 1134 1316 1189 vitium
1350 1145 1551 1189 manet.
1589 1135 1721 1189 Num
1754 1151 1882 1205 ergo
1913 1134 2026 1206 (85)

448 1221 681 1277 dicimus
708 1225 833 1292 quia
879 1235 1005 1280 tunc
1045 1230 1418 1285 tantummodo
1451 1229 1668 1285 Gedeen
1704 1229 1918 1286 dicebat
1960 1231 2026 1284 ad

448 1313 703 1380 populum
729 1333 743 1369 :
779 1317 834 1370 Si
862 1319 984 1386 quis
1005 1329 1089 1374 est
1113 1322 1332 1377 timidus
1350 1332 1404 1377 et
1426 1322 1814 1379 formidolosus
1842 1324 2024 1388 corde,

449 1404 696 1459 discedat
735 1421 797 1460 ex
834 1408 1046 1475 populis
1069 1449 1084 1473 ,
1113 1409 1250 1464 bella
1282 1412 1531 1475 deserat,
1557 1414 1856 1468 certamina
1883 1413 2027 1467 vire-

450 1509 570 1548 rum
620 1496 843 1552 fortium
889 1483 1270 1571 derelinquat?
1319 1504 1453 1558 Nam
1506 1513 1559 1560 et
1593 1504 1752 1559 hodie
1777 1506 2028 1574 princeps

451 1586 660 1642 militiae
700 1601 900 1646 nostra:
927 1592 1189 1650 Dominus
1226 1606 1281 1651 et
1306 1595 1560 1651 Salvator
1582 1596 1741 1653 Jcsus
1780 1597 2028 1654 Christus

449 1675 648 1732 clamat
689 1680 757 1734 ad
802 1683 1001 1738 milites
1041 1698 1169 1740 suos
1197 1684 1308 1757 (86)
1347 1697 1402 1741 et
1429 1688 1601 1743 dicit:
1631 1689 1688 1744 Si
1732 1690 1854 1760 quis
1887 1690 2028 1744 timi-

447 1766 551 1822 dus
580 1780 634 1823 et
665 1770 1047 1830 formidolosus
1093 1778 1258 1831 corde
1303 1789 1418 1845 est,
1468 1781 1534 1833 ad
1578 1796 1696 1835 mea
1746 1781 1881 1835 bella
1920 1797 2024 1836 non

2131 597 2236 636 non
2267 582 2534 648 corporis,
2574 581 2666 635 sed
2703 579 2870 632 animi
2921 580 3185 633 fortitudo
3217 578 3517 647 requiritur
3547 599 3557 629 :
3586 591 3698 644 quia

2132 670 2458 741 nonjaculis
2518 671 2732 734 ferreis,
2791 670 2885 724 sed
2933 670 3244 724 orationum
3302 667 3427 722 telis
3485 665 3698 719 victoria

2130 767 2413 834 quaeritur,
2445 775 2498 819 ct
2528 765 2658 820 fides
2685 775 2768 820 est
2797 779 2918 833 quae
2958 765 3010 818 in
3037 765 3342 819 certamine
3368 763 3697 815 tolerantiam

2131 847 2352 926 praebet.
2386 857 2538 912 Unde
2568 866 2620 911 et
2651 867 2871 911 sanctus
2898 857 3190 926 Apostolus
3241 858 3305 909 ad
3333 855 3698 922 hujuscemodi

2131 945 2264 999 bella
2297 947 2463 999 armis
2487 944 2942 1000 convenientibus
2977 945 3202 999 instruit
3262 944 3469 997 milites
3519 942 3612 996 Dei
3636 945 3702 996 di-

2129 1052 2258 1091 cens
2291 1037 2375 1088 '5:
2416 1056 2434 1087 ι
2472 1036 2624 1091 State
2679 1052 2810 1106 ergo
2863 1039 3034 1092 induti
3085 1037 3309 1091 loricam
3359 1035 3613 1103 justitiaz,
3658 1047 3703 1089 et

2131 1129 2394 1184 succincti
2431 1129 2642 1184 lmnbes
2673 1140 2884 1184 vestros
2913 1129 2965 1182 in
3002 1129 3259 1194 veritate,
3297 1128 3394 1183 sed
3423 1136 3482 1182 et
3509 1128 3700 1197 galea-

2131 1222 2321 1276 salutis
2346 1208 2688 1291 accipite,let
2734 1223 2976 1294 gladium
3023 1223 3248 1291 spiritus
3285 1241 3299 1276 :
3338 1236 3513 1286 super
3542 1221 3700 1273 omnia

2130 1324 2310 1370 autem
2334 1327 2544 1369 scutum
2581 1316 2702 1370 fidei
2736 1317 3018 1382 assumite,
3045 1319 3097 1370 in
3128 1331 3239 1384 quo
3269 1314 3507 1385 possitis
3546 1313 3703 1382 iacula

2131 1408 2347 1478 maligni
2377 1409 2542 1479 ignita
2568 1410 2932 1479 exstinguere,
2965 1410 3060 1465 sed
3107 1419 3162 1463 et
3193 1407 3434 1462 calceati
3469 1405 3636 1474 pedes
3663 1406 3704 1457 in

2129 1501 2520 1568 prmparatione
2547 1500 2817 1570 Evangelii
2855 1500 3040 1569 pacis;
3078 1519 3096 1552 ι
3131 1509 3186 1554 et
3211 1500 3317 1554 hoc
3348 1499 3521 1551 modo
3546 1511 3704 1549 arma-

2132 1599 2216 1646 tos
2246 1592 2434 1648 tollere
2488 1593 2744 1648 vexillum
2782 1593 2962 1648 crucis
3020 1593 3254 1655 Christi,
3287 1604 3347 1646 et
3382 1591 3546 1660 sequi
3577 1605 3702 1644 eam.

2130 1685 2280 1740 Licet
2305 1695 2481 1742 tamen
2507 1688 2668 1741 etiam
2699 1689 2801 1741 hee
2833 1688 2884 1740 in
2914 1685 3106 1740 militia
3129 1683 3367 1747 Christi,
3421 1693 3485 1736 ut
3514 1684 3560 1736 si
3587 1681 3706 1736 forte

2129 1777 2418 1846 aliquando
2450 1777 2760 1833 inferiorem
2813 1787 2864 1833 te
2897 1777 3103 1832 viribus
3147 1775 3404 1831 senseris
3439 1775 3498 1827 in
3535 1788 3702 1841 perse-

447 1856 611 1928 477
643 1863 843 1916 veniat.
871 1863 982 1919 lloc
1013 1866 1154 1920 enim
1186 1875 1270 1922 est
1297 1868 1441 1938 quod
1472 1872 1691 1939 quidem
1729 1872 1852 1926 aliis
1904 1887 2027 1926 ver-
2062 1851 2104 1906 Β
2134 1870 2461 1934 cutionibus,
2491 1879 2548 1924 et
2574 1885 2679 1924 non
2709 1868 2920 1938 aequum
2955 1870 3052 1924 tibi
3084 1869 3384 1924 adversum
3410 1864 3699 1921 crudelita-

443 1949 532 2030 bis
561 1949 751 2005 eodem
790 1962 968 2009 tamen
1001 1971 1163 2012 sensu
1199 1958 1251 2012 in
1277 1958 1574 2030 Evangelio
1607 1963 1800 2017 dicit"
1841 1979 1896 2016 τ(
1924 1963 2025 2030 Qui

448 2053 556 2093 non
592 2042 727 2096 tollit
749 2060 968 2100 crucem
999 2062 1151 2102 suam
1186 2059 1240 2104 et
1271 2052 1523 2120 sequitur
1548 2067 1656 2121 me,
1700 2069 1805 2110 non
1835 2064 1918 2109 est
1943 2071 2028 2109 me

446 2131 672 2200 dignus;
711 2153 729 2186 ι
759 2145 861 2188 et:
903 2155 922 2188 ‹
958 2139 1058 2204 Qui
1115 2156 1220 2195 non
1283 2144 1458 2198 oderit
1508 2156 1718 2213 patrem
1771 2161 1926 2201 suum
1976 2157 2030 2202 et

446 2234 674 2279 matrem
704 2236 759 2281 et
791 2227 992 2285 fratres
1025 2248 1155 2287 suos
1188 2243 1242 2288 et
1280 2251 1522 2300 sorores,
1569 2237 1791 2308 insuper
1822 2249 1878 2294 et
1910 2239 2030 2293 ani-

447 2331 589 2369 mam
622 2333 796 2386 suam,
832 2337 937 2376 non
970 2333 1054 2378 est
1085 2341 1168 2380 me
1195 2328 1410 2397 dignus.
1451 2350 1468 2382 ι
1508 2329 1574 2383 Ει
1608 2331 1836 2386 iterum:
1873 2349 1893 2384 ί
1926 2332 2028 2400 Qui

446 2420 552 2460 non
584 2412 979 2468 renuntiaverit
1035 2417 1284 2472 omnibus
1320 2434 1440 2488 qua:
1491 2422 1753 2490 possidet,
1797 2439 1900 2478 non
1934 2439 2028 2493 po-

363 2514 365 2516 ·
448 2504 557 2552 test
589 2515 739 2556 meus
793 2518 914 2560 esse
941 2505 1258 2576 discipulus.
1297 2529 1315 2562 ι
1356 2509 1546 2567 Nonne
1596 2512 1650 2566 in
1701 2514 1788 2569 his
1848 2515 2029 2572 verbis

445 2590 731 2647 evidenter
784 2596 1002 2652 timidos
1047 2611 1102 2653 et
1152 2601 1533 2659 formidolosos
1585 2620 1615 2660 e
1665 2607 1860 2662 castris
1916 2608 2030 2664 suis

447 2681 695 2740 Christus
726 2699 944 2756 separat
971 2700 1027 2746 et
1051 2694 1324 2747 secernit?
1354 2696 1555 2752 Omnes
1606 2698 1771 2767 igitur
1805 2701 1896 2770 qui
1931 2701 2029 2756 mi-

451 2775 622 2830 litiam
651 2777 851 2834 Christi
888 2783 1040 2851 sequi
1071 2785 1254 2851 vultis,
1285 2789 1376 2856 qui
1409 2789 1462 2842 in
1490 2790 1688 2846 castris
1719 2792 1888 2861 ipsius
1909 2808 2029 2849 esse
2065 2847 2068 2850 Α

449 2870 795 2938 desideratis,
834 2877 1021 2942 procul
1059 2891 1088 2930 a
1116 2878 1270 2932 vobis
1307 2879 1554 2936 timorem
1587 2884 1806 2950 mentis,
1837 2887 2028 2955 procul

445 2961 627 3016 cordis
648 2963 904 3032 expellite
925 2965 1292 3034 formidinem,
1315 2980 1372 3024 ut
1389 2985 1512 3024 cum
1538 2971 1860 3027 confidentia
1883 2974 2029 3029 dicat

446 3051 604 3106 miles
621 3053 819 3108 Christi
842 3055 915 3110 ":
941 3077 959 3108 ί
981 3057 1037 3112 Si
1062 3060 1365 3114 consistant
1393 3061 1679 3117 adversum
1710 3078 1796 3119 me
1825 3073 2024 3130 castra,

2134 1962 2486 2032 tem-tyranni
2521 1975 2617 2030 per
2648 1961 2998 2030 fragilitatem
3052 1960 3301 2030 corporis
3357 1957 3573 2012 videris
3603 1971 3702 2011 esse

2131 2063 2432 2113 certamen.
2475 2053 2604 2107 dare
2636 2051 2811 2107 locum
2837 2052 2953 2116 ira}.
2985 2062 3040 2108 et
3066 2052 3258 2122 fugere
3281 2051 3352 2105 de
3388 2049 3516 2103 loco
3540 2048 3602 2100 ad
3643 2049 3702 2100 lo-

2131 2160 2250 2198 cum
2276 2162 2290 2200 :
2320 2161 2414 2199 nec
2438 2145 2530 2198 tibi
2560 2145 2613 2199 in
2639 2145 2739 2199 hoc
2757 2144 3052 2198 ascribitur
3075 2144 3315 2198 militare
3339 2139 3700 2194 commissura.

2133 2237 2456 2306 Designatur
2484 2237 2584 2291 hoc
2613 2237 2774 2290 etiam
2805 2236 2858 2289 in
2887 2235 3098 2303 legibus
3127 2232 3333 2289 Christi
3369 2230 3609 2286 dicentis
3629 2230 3699 2283 ’τε

2138 2345 2157 2378 r
2195 2325 2254 2381 Si
2275 2342 2372 2382 ves
2405 2328 2677 2397 persecuti
2709 2325 2908 2379 fuerint
2957 2325 3010 2378 in
3042 2324 3144 2378 hac
3169 2323 3423 2385 civitate,
3473 2319 3635 2388 fugite
3659 2320 3700 2370 in

2133 2420 2310 2474 aliam.
2342 2439 2361 2472 ι
2390 2419 2615 2474 Summa
2642 2432 2874 2488 namque
2899 2418 2978 2473 rei
3008 2425 3111 2483 est,
3139 2415 3331 2470 lesum
3361 2428 3530 2482 quem
3556 2413 3699 2465 semel

2132 2510 2413 2566 confessus
2444 2526 2521 2576 es,
2583 2525 2688 2564 non
2744 2523 2960 2579 negare.
3010 2509 3235 2564 Certum
3281 2516 3372 2562 est
3403 2505 3553 2561 enim
3583 2508 3701 2574 quod

2132 2602 2406 2657 Christum
2439 2600 2732 2656 confitetur
2792 2600 2903 2663 ille,
2955 2599 3047 2669 qui
3095 2607 3396 2668 prepterea
3448 2595 3606 2664 fugit,
3652 2609 3702 2648 oe

2135 2704 2318 2766 neget.
2380 2693 2440 2749 Si
2485 2693 2608 2762 quis
2656 2706 2788 2762 ergo
2841 2691 3067 2746 timidus
3118 2701 3202 2744 est
3242 2700 3298 2744 et
3341 2687 3703 2742 formidolosus

2131 2789 2314 2857 corde,
2349 2768 2591 2842 discedat
2614 2799 2643 2838 a
2667 2785 2884 2847 castris,
2928 2791 3244 2838 revertatur
3283 2781 3518 2835 domum
3547 2795 3700 2838 suam,

2133 2893 2199 2932 ne
2221 2876 2528 2946 exemplum
2556 2873 2766 2928 timoris
2794 2883 2849 2929 et
2875 2871 3184 2926 formidinis
3210 2872 3438 2925 caeteris
3465 2868 3698 2938 pmbcat.

2138 2970 2228 3025 Vis
2251 2978 2430 3024 autem
2463 2969 2648 3024 videre
2679 2967 2865 3039 quanti
2891 2962 3140 3020 criminis
3166 2963 3242 3017 sit
3272 2963 3510 3016 timidus
3534 2968 3586 3014 et
3611 2959 3702 3012 for-

2133 3061 2462 3118 midolosus?
2488 3061 2543 3115 In
2567 3056 2892 3129 Apocalypsi
2921 3054 3012 3109 ubi
3035 3061 3445 3108 enumerantur
3487 3052 3525 3106 ii
3553 3051 3635 3119 qui
3659 3049 3700 3101 ia

449 3152 557 3198 non
586 3145 796 3201 timebit
825 3163 922 3202 cor
950 3165 1148 3204 meum.
1181 3150 1238 3206 Si
1266 3161 1521 3222 exsurgat
1547 3154 1600 3208 in
1633 3169 1719 3210 me
1750 3155 2019 3226 praelium,
2057 3187 2100 3245 c
2134 3165 2385 3225 stagnum
2416 3153 2557 3223 ignis
2583 3149 2829 3206 mittendi
2860 3157 2989 3202 sunt
3013 3146 3079 3210 ³⁸,
3126 3145 3198 3200 ibi
3239 3155 3372 3200 ante
3435 3144 3702 3245 omn-esti-

447 3237 504 3291 in
530 3237 631 3292 hoc
652 3253 753 3308 ego
780 3245 1029 3311 sperabo.
1065 3264 1084 3298 ι
1112 3243 1464 3302 Confldenter
1491 3248 1637 3304 dicat
1661 3249 1707 3281 ”
1735 3267 1750 3303 :
1787 3267 1806 3302 ‹
1846 3249 2031 3305 Domi-

443 3339 555 3384 ‘nus
589 3329 912 3391 illuminalie
963 3351 1079 3391 mea
1115 3346 1169 3392 et
1217 3339 1364 3396 salus
1404 3355 1547 3405 mea,
1600 3357 1762 3411 quem
1797 3341 2032 3397 timebo?

448 3417 710 3477 Dominus
734 3433 1005 3492 protector
1055 3429 1183 3484 vitae
1214 3445 1366 3495 meae,
1404 3447 1433 3485 a
1466 3447 1575 3504 quo
1633 3433 1961 3502 trepidabo?
2005 3454 2024 3487 ι

447 3513 558 3570 Sed
592 3531 659 3571 ne
695 3532 791 3571 nos
827 3519 1100 3576 deterreat
1157 3522 1279 3577 talis
1312 3524 1414 3578 ista
1446 3524 1661 3590 militia,
1691 3525 1827 3579 nihil
1882 3525 1933 3580 in
1974 3541 2032 3581 se

447 3607 684 3676 difficile,
711 3611 842 3665 nihil
875 3615 1127 3680 arduum,
1160 3623 1252 3668 aut
1274 3615 1615 3685 impossibile
1640 3618 1906 3674 continet.
1938 3616 2032 3672 Vis

447 3701 593 3757 scire
623 3719 784 3771 quam
821 3705 976 3760 facile
1003 3708 1074 3760 sit
1102 3707 1330 3777 implere
1359 3709 1473 3764 lucc
1509 3709 1560 3763 in
1616 3710 1720 3764 fide
1751 3711 2031 3764 militanti-

446 3793 586 3848 bus?
618 3794 804 3850 Selcnt
850 3799 900 3849 in
953 3797 1072 3852 istis
1119 3800 1318 3853 castris
1371 3815 1512 3870 saepe
1556 3801 1722 3855 etiam
1777 3801 2032 3856 mulieres

448 3889 690 3952 vincere,
723 3890 849 3960 quia
879 3906 982 3944 non
1011 3895 1260 3962 corporis
1299 3896 1509 3959 robore,
1549 3897 1641 3950 sed
1675 3896 1796 3950 fidei
1831 3897 2033 3949 virtute

449 3989 741 4048 pugnatur.
792 3979 847 4033 In
893 3983 1268 4049 superioribus
1299 3988 1350 4040 in
1391 3987 1491 4040 hoc
1516 3987 1635 4056 ipso
1672 3985 1852 4040 lihelle
1883 3985 2035 4040 Jndi.

449 4087 570 4123 rum
605 4071 832 4141 legimus
873 4075 939 4128 de
969 4075 1228 4130 Debbora:
1274 4078 1520 4132 mulieris
1567 4078 1883 4148 trimnphis,
1934 4096 2033 4136 nec

443 4161 742 4244 femineam
803 4175 1035 4220 mentem
1087 4167 1368 4221 muliebris
1407 4167 1516 4239 (87)
1566 4167 1797 4223 formido
1849 4170 2034 4224 turba-

455 4255 549 4308 vit.
587 4256 725 4320 Quid
773 4273 872 4327 ego
919 4260 1060 4313 illam
1113 4260 1449 4331 magnificam
1498 4271 1553 4316 et
1583 4264 1821 4317 omnium
1871 4265 2028 4320 femi-

453 4364 644 4402 narum
692 4352 1087 4406 nobilissimam
1133 4368 1431 4406 memerem
1479 4353 1704 4408 Judith?
1749 4372 1868 4424 quae
1919 4358 2025 4428 iam

452 4441 676 4507 perditis
707 4458 844 4510 pene
904 4444 1065 4515 rebus
1106 4459 1218 4497 non
1249 4443 1514 4498 dubitavit
1545 4445 1655 4498 sola
1688 4460 2023 4509 succurrere,

2136 3247 2310 3300 mides
2333 3254 2388 3301 et
2412 3243 2794 3298 formidolosos
2819 3238 2990 3310 ponit,
3022 3251 3145 3293 cum
3170 3237 3377 3306 quibus
3399 3245 3458 3289 et
3482 3235 3704 3289 inﬁdeles

2133 3346 2188 3392 et
2213 3337 2576 3392 fornicatores
2601 3344 2656 3390 et
2677 3331 2917 3387 vinarios
2941 3330 3188 3398 deputat.
3244 3328 3341 3382 Sic
3370 3328 3519 3382 inter
3542 3329 3702 3396 ingen-

2137 3431 2208 3484 tia
2235 3438 2292 3484 et
2318 3427 2552 3483 nefanda
2579 3425 2808 3481 crimina
2853 3419 3072 3477 timeris
3093 3431 3152 3474 et
3179 3419 3500 3476 formidinis
3522 3419 3700 3473 crimen

2132 3523 2379 3592 ponitur.
2408 3521 2535 3574 llaec
2562 3529 2744 3574 autem
2773 3517 3010 3571 diximus
3033 3524 3259 3586 propter
3306 3528 3408 3568 eos
3433 3514 3524 3582 qui
3555 3512 3700 3581 primo

2135 3617 2282 3671 velut
2329 3613 2501 3669 timidi
2554 3622 2606 3667 et
2653 3608 2992 3665 formidolosi
3037 3608 3203 3663 corde
3252 3607 3604 3661 dimittuntur
3647 3605 3699 3656 de

2133 3706 2352 3761 castris.

2204 3797 2256 3850 2.
2285 3796 2391 3850 Sed
2423 3805 2773 3866 posteaquam
2825 3795 2925 3848 ista
2953 3791 3144 3862 viginti
3189 3793 3304 3846 duo
3331 3791 3502 3845 millia
3525 3789 3698 3844 disces—

2135 3897 2343 3957 serunt,
2382 3888 2529 3944 addit
2558 3890 2732 3941 adhuc
2757 3901 2941 3942 sermo
2989 3883 3227 3949 divinus,
3256 3893 3311 3938 et
3358 3884 3494 3937 dicit
3526 3883 3585 3935 ad
3609 3881 3694 3934 Gc-

2135 3983 2272 4037 deon
2301 3997 2314 4034 :
2349 4000 2368 4032 (
2402 3980 2613 4046 Adhuc,
2643 3981 2814 4049 inquit
2855 3979 2923 4041 ³⁸,
2963 3975 3195 4046 populus
3250 3975 3460 4028 multus
3503 3975 3694 4034 est,dt-

2134 4089 2273 4144 pone
2297 4089 2392 4129 eos
2416 4077 2481 4128 ad
2509 4089 2703 4142 aquam
2732 4083 2788 4126 et
2813 4073 2883 4126 ibi
2909 4087 3002 4127 eos
3031 4070 3277 4141 probabo
3321 4067 3448 4121 tibi.
3492 4087 3508 4117 ι
3545 4067 3602 4120 Ut
3631 4067 3694 4117 ri-

2135 4168 2266 4235 deo,
2297 4168 2371 4222 illi
2402 4169 2492 4237 qui
2523 4167 2682 4236 primi
2739 4165 3012 4236 reprebati
3064 4172 3227 4227 sunt,
3274 4176 3378 4215 nec
3427 4162 3479 4214 in
3529 4173 3694 4227 aquam

2135 4258 2549 4322 descenderant,
2579 4256 2671 4312 sed
2697 4256 2874 4310 adhuc
2915 4269 2974 4310 se
3001 4257 3432 4309 catechumenos
3473 4252 3696 4320 designa-

2134 4351 2286 4416 bant,
2314 4358 2369 4404 et
2395 4349 2666 4403 intantum
2699 4347 3005 4402 formidinis
3030 4347 3167 4400 vitio
3193 4344 3454 4399 deterriti
3482 4353 3618 4400 sunt,
3647 4349 3693 4391 ut

2140 4459 2237 4499 nec
2260 4443 2325 4496 ad
2379 4441 2658 4496 lavacrum
2709 4439 2948 4494 salutare
2995 4439 3449 4492 descenderent:
3500 4435 3695 4502 illiergo

455 4539 622 4594 seque
645 4543 915 4600 suumque
939 4544 1102 4601 caput
1131 4534 1892 4607 immanissimillelophernis
1917 4538 2033 4593 neci
2066 4530 2112 4586 D
2143 4536 2224 4589 sic
2250 4533 2524 4602 reprehati
2579 4541 2726 4586 sunt.
2758 4529 2850 4584 lsti
2880 4544 3006 4582 vero
3036 4529 3267 4582 secundi
3299 4527 3366 4580 ad
3418 4541 3601 4594 aquam
3629 4539 3700 4575 ve-

454 4615 566 4667 sola
593 4617 880 4687 subjicere,
907 4633 961 4677 et
987 4624 1261 4692 processit
1289 4626 1354 4680 ad
1384 4626 1586 4682 bellum
1619 4643 1722 4681 non
1765 4627 1816 4681 in
1847 4629 2036 4694 armis,

459 4721 632 4775 neque
658 4709 709 4762 in
734 4714 888 4780 equis
916 4714 1149 4783 bellicis,
1201 4727 1295 4770 aut
1323 4718 1374 4771 in
1420 4719 1686 4773 subsidiis
1714 4720 2038 4777 militarilms

456 4795 618 4862 freta,
653 4803 744 4854 sed
773 4804 973 4858 virtute
1003 4808 1194 4873 animi,
1224 4818 1276 4864 et
1303 4811 1628 4864 confidentia
1659 4812 1804 4876 fidei,
1855 4813 2036 4868 consi-

455 4888 528 4941 lio
553 4891 714 4946 simul
740 4903 792 4948 et
817 4898 1044 4952 audacia
1075 4901 1286 4955 hostem
1319 4903 1540 4971 perimit
1564 4906 1608 4938 ³⁸
1627 4923 1640 4960 :
1662 4911 1716 4958 et
1737 4917 1899 4974 quam
1929 4907 2029 4960 viri

397 5025 410 5038 .
454 4983 823 5050 perdiderant,
852 4988 1051 5043 femina
1095 4992 1323 5047 reddidit
1369 4995 1678 5050 libertatem
1712 4999 1918 5066 patriae.
1967 4999 2034 5053 Et

453 5074 584 5142 quid
612 5084 719 5130 tam
759 5076 919 5146 longe
954 5081 1111 5136 nobis
1139 5085 1484 5153 antiquormn
1533 5088 1778 5156 exempla
1806 5089 2034 5143 revolvi-

454 5169 616 5222 mus?
677 5169 731 5224 In
763 5171 934 5226 oculis
970 5175 1172 5229 nostris
1229 5191 1368 5245 saepe
1414 5178 1651 5233 vidimus
1701 5180 1958 5235 mulieres
1983 5188 2038 5234 et

453 5259 695 5329 virgines
723 5263 912 5331 primae
938 5265 1116 5320 adhuc
1135 5268 1312 5320 :etatis
1337 5285 1436 5338 pro
1463 5271 1726 5340 martyrio
1754 5272 2032 5341 tyrannica

453 5355 742 5418 pertulisse
791 5365 1082 5421 tormenta,
1122 5361 1319 5426 quibus
1356 5361 1422 5415 ad
1455 5361 1827 5416 infirmitatem
1872 5378 2035 5418 sexus

454 5447 679 5502 novella:
732 5450 910 5504 adhuc
959 5452 1082 5504 vita:
1107 5451 1368 5520 fragilitas
1423 5453 1748 5508 addebatur.
1789 5454 1880 5509 Sic
1905 5469 2035 5526 ergo

525 5570 569 5601 “
604 5569 736 5624 Luc.
796 5587 906 5634 xw,
959 5571 1048 5635 26,
1095 5573 1185 5636 27,
1234 5573 1322 5627 ⁵55.

1423 5572 1467 5604 ⁸³
1515 5573 1655 5626 Psal.
1687 5591 1835 5639 xxvi,
1873 5576 1927 5629 5.

454 5634 500 5667 ³⁷
529 5639 716 5694 Matth.
749 5658 800 5702 x,
834 5643 924 5696 9.5.
1002 5644 1045 5675 ³⁸
1083 5634 1252 5714 Apoc.
1288 5660 1403 5699 xm.

1483 5645 1526 5676 ³³
1558 5643 1679 5698 Jud.
1710 5663 1808 5712 vu,
1839 5648 1893 5700 4.

529 5751 640 5830 (ξξδ)
673 5754 796 5830 hlss.
819 5757 957 5822 duo,
991 5779 1006 5808 ε
1038 5760 1164 5829 quid
1195 5775 1343 5830 ergo.
1372 5779 1389 5811 ι

531 5823 642 5894 (δυ)
684 5826 837 5882 Libb.
885 5823 1070 5896 cditi,’
1101 5850 1120 5883 ι
1159 5833 1225 5887 ad
1258 5823 1482 5889 "milites
1522 5847 1651 5889 suos
1694 5841 1750 5888 ut
1795 5835 2037 5890 veniant.

2035 5579 2080 5610 ³⁸
2114 5577 2268 5642 illitl.,
2307 5577 2357 5629 1.
2429 5644 2432 5645 γ

1975 5650 2018 5681 ⁸ο
2042 5648 2166 5705 Jud.
2198 5663 2292 5714 vu,
2327 5647 2380 5711 5,
2413 5643 2466 5709 6,
2497 5646 2551 5695 7.

2141 4628 2320 4691 niunt,
2349 4636 2408 4680 ut
2435 4625 2505 4679 ibi
2537 4625 2856 4694 probentur.
2907 4621 2972 4676 Et
2999 4621 3276 4692 quomodo
3303 4619 3613 4689 probentur,
3636 4619 3698 4665 ri-

2139 4720 2368 4774 deamus
2396 4733 2410 4771 :
2443 4735 2460 4768 ι
2493 4718 2558 4771 Et
2580 4716 2738 4779 dixit,
2766 4716 2943 4783 inquit
2968 4714 3034 4780 ”,
3063 4712 3328 4766 Dominus
3351 4710 3419 4763 ad
3458 4709 3657 4763 Cedeon
3685 4727 3692 4756 .-

2137 4813 2366 4868 Omnem
2419 4809 2735 4879 quicunque
2783 4807 2983 4862 lamhet
3025 4821 3222 4874 aquam
3256 4804 3308 4856 in
3343 4805 3544 4871 lingua,
3581 4801 3696 4852 sicut

2132 4901 2323 4957 lambit
2348 4899 2522 4964 canis,
2554 4906 2761 4951 statues
2788 4910 2911 4950 eum
2942 4910 3190 4949 seorsum
3225 4913 3238 4947 :
3290 4901 3343 4947 et
3385 4905 3593 4945 omnem
3621 4886 3694 4954 qni

2142 4991 2651 5059 curvaveritgenua
2679 5005 2774 5043 sua
2823 4997 2883 5042 ut
2928 4987 3095 5050 bibat,
3145 4985 3450 5040 transferes
3481 4997 3617 5036 eum.
3643 4978 3696 5032 Et

2144 5086 2322 5139 factus
2349 5093 2453 5149 εει,
2485 5083 2679 5153 inquit,
2713 5096 2969 5136 numerus
2992 5095 3182 5135 eorum
3211 5080 3305 5148 qui
3338 5078 3629 5131 lambcrunt
3653 5074 3694 5122 in

2145 5194 2304 5233 manu
2331 5192 2527 5246 aquam
2555 5175 2636 5229 vel
2665 5175 2868 5243 lingua,
2900 5174 3134 5228 trecenti
3171 5171 3298 5225 viri.
3323 5168 3516 5224 Caeteri
3539 5176 3690 5218 autem

2145 5285 2334 5326 onmes
2363 5277 2732 5324 curvaverunt
2759 5281 2929 5336 genua
2956 5282 3076 5327 sua,
3107 5273 3164 5318 ut
3191 5264 3440 5318 biberent
3472 5271 3646 5325 aquam
3675 5270 3686 5303 :

2144 5377 2197 5420 et
2226 5365 2364 5419 dixit
2393 5363 2650 5417 Dominus
2673 5362 2738 5414 ad
2763 5360 2982 5416 Cedeen
3015 5376 3030 5413 :
3069 5359 3124 5412 ln
3154 5357 3417 5411 trecentis
3446 5354 3567 5405 viris
3587 5347 3687 5401 istis

2144 5457 2232 5528 qui
2262 5455 2568 5509 lamberent
2598 5452 2652 5506 in
2685 5467 2845 5505 manu
2879 5465 3098 5520 aquam,
3150 5448 3332 5503 salvos
3371 5461 3461 5498 vos
3491 5442 3681 5497 faciam,

2436 5571 2480 5604 ³³
2508 5570 2694 5626 Judith
2727 5585 2844 5622 xm.
2977 5567 3022 5599 ³⁵
3057 5566 3260 5636 Ephes.
3302 5581 3377 5628 vi,
3400 5563 3479 5625 ll,
3508 5559 3578 5623 l5,
3605 5556 3676 5608 f6.

2143 5763 2255 5818 Hoc
2295 5760 2439 5813 enim
2471 5769 2574 5814 est.
2610 5775 2629 5808 ι
2660 5756 2788 5810 Mss.
2814 5765 2871 5809 ut
2903 5756 2953 5809 in
2996 5762 3180 5808 nostro
3208 5762 3374 5807 textu.

2222 5832 2338 5904 (87)
2365 5829 2664 5885 Muliebris.
2696 5827 2844 5883 Unus
2878 5826 3044 5882 cedes
3072 5840 3198 5893 ms.,
3239 5842 3257 5876 ι
3299 5816 3521 5877 infidelis.
3557 5832 3575 5865 ι
