3870 6514
154 416 244 476 939
1151 399 1216 454 IN
1255 395 1517 452 LIBRUM
1558 387 1854 449 JUDICUM
1889 387 2173 444 IIOMILIA
2203 384 2340 441 VIII.
3282 374 3388 430 990

154 546 202 590 et
227 530 421 587 tradam
459 527 666 582 Madiaa
716 524 768 578 in
804 539 1024 577 manum
1080 529 1243 575 luant.
1288 540 1305 571 ι
1339 521 1394 574 In
1451 519 1702 574 omnibus
1734 521 1774 574 A
1807 526 1926 564 mus
1955 508 2068 581 (88)
2097 518 2155 561 ttt
2179 507 2343 560 etiam
2372 518 2470 558 nos
2515 513 2822 554 mereamur
2847 494 3064 550 ascribi.
3103 491 3386 558 Quomodo

154 642 276 696 pene
306 632 542 675 veterum
572 619 736 687 gestis
765 615 1020 685 mysteria
1056 615 1408 683 designantur
1438 612 1699 678 ingentia,
1810 615 1986 657 tamen
2027 602 2113 656 isti
2161 596 2445 669 pugnant?
2494 593 2724 664 l-Iydrias
2752 631 2767 655 ,
2827 589 3025 657 inquit,
3077 595 3293 651 portant
3330 592 3384 640 et

154 718 278 771 sicut
303 712 458 765 etiam
505 710 556 762 in
609 709 711 761 hoc
740 706 856 758 loco
889 705 1000 758 ﬁeri
1035 705 1297 768 videmus,
1345 703 1471 770 quia
1518 702 1554 754 ii
1613 701 1704 762 qui
1809 691 2087 761 lampadas
2115 701 2168 744 et
2200 688 2457 742 huccinas
2487 698 2716 738 corneas
2758 682 2811 734 in
2862 678 3111 732 manibus
3149 680 3279 741 suis,
3332 687 3388 733 et

154 804 463 862 descendunt
494 802 560 854 ad
590 815 805 868 aquam,
846 797 897 850 id
951 807 1033 849 est
1060 796 1149 864 qui
1189 795 1252 848 ad
1305 793 1551 861 baptismi
1585 807 1706 861 gra-
1808 786 1905 849 sic,
1934 787 2129 852 inquit,
2165 780 2390 836 veniunt
2414 777 2478 829 ad
2511 775 2630 828 illas
2662 775 2976 826 innumeras
3009 769 3385 824 multitudines

153 899 270 951 tiam
297 893 532 956 veniunt,
563 908 666 944 non
693 891 892 953 debent
936 887 1219 955 procidere
1269 887 1318 939 in
1354 868 1574 949 terram,
1607 898 1708 939 nec
1811 879 2064 944 hostium,
2097 877 2148 929 in
2178 871 2373 942 quibus
2409 875 2564 922 erant
2592 864 2781 918 cameli
2820 864 2960 917 sicut
2997 877 3160 915 arena
3199 862 3383 914 maris.

152 990 350 1042 flectere
375 999 546 1051 genua
572 998 689 1045 sua,
717 991 771 1035 et
798 979 989 1034 cedere
1025 978 1415 1032 tentationibus
1445 977 1706 1041 venturis,
1809 969 1875 1024 Et
1903 985 2021 1022 cum
2052 965 2327 1019 venissent
2360 959 2424 1011 ad
2458 955 2677 1020 bellmn,
2727 954 2987 1019 buccinis,
3037 951 3230 1020 inquit,
3263 965 3388 1003 cor-

149 1080 232 1133 sed
263 1087 404 1129 stare
437 1075 665 1128 ﬁrmiter
688 1084 738 1128 et
772 1081 1109 1138 constanter,
1149 1071 1291 1126 sicut
1342 1079 1396 1124 et
1445 1069 1706 1138 propheta
1811 1060 1926 1116 neis
1963 1061 2334 1112 insonuerunt.
2373 1049 2440 1104 Et
2462 1046 2818 1108 demiserunt,
2851 1044 3042 1112 inquit,
3076 1043 3296 1112 hydrias
3319 1043 3386 1094 de

154 1168 349 1223 dicebat
387 1165 430 1196 “
471 1182 483 1217 :
523 1184 540 1215 ι
584 1166 856 1219 Demissas
887 1179 1100 1230 manus,
1139 1172 1194 1218 et
1225 1161 1482 1216 dissoluta
1531 1175 1707 1228 genua
1812 1152 2082 1208 manilius.
2114 1155 2166 1201 et
2197 1143 2444 1199 contrita:
2477 1145 2626 1192 sunt.
2653 1135 2804 1189 Tunc
2835 1150 2961 1188 vero
2992 1133 3221 1201 arreptis
3250 1133 3388 1185 latn-

147 1259 358 1328 esigile;
419 1274 437 1307 ι
468 1267 521 1308 et
549 1256 594 1285 ⁶²
630 1273 644 1310 :
679 1275 696 1308 ι
731 1255 987 1310 Cressnm
1044 1263 1251 1309 rectum
1304 1252 1464 1306 facite
1498 1251 1710 1304 semitis
1812 1241 2043 1311 padibus
2073 1243 2334 1308 proruunt
2363 1231 2415 1283 in
2453 1225 2813 1287 adversarios,
2845 1222 3004 1277 simul
3047 1233 3101 1276 et
3143 1221 3388 1276 buccinis

148 1349 356 1404 vestris.
394 1367 412 1400 ι
441 1346 649 1401 Venisti
687 1349 752 1400 ad
784 1363 976 1416 aquam
1009 1345 1282 1414 baptismi,
1321 1344 1449 1397 illud
1477 1353 1560 1397 est
1587 1356 1710 1398 cer-
1814 1336 2165 1400 concrepant.
2197 1325 2330 1378 Vide
2371 1312 2493 1389 quia
2550 1312 2703 1369 electi
2735 1313 2932 1368 milites
2965 1312 3053 1366 Dei
3108 1329 3229 1368 cum
3260 1313 3389 1366 lam-

150 1441 356 1495 taminis
380 1450 434 1494 et
458 1455 649 1511 pugna:
673 1406 934 1509 spiritalis
965 1406 1199 1503 initi-um,
1247 1406 1374 1492 nine
1403 1437 1494 1491 tibi
1524 1436 1712 1490 θάνεν-
1814 1421 2040 1492 padibus
2070 1423 2328 1488 pugnant.
2356 1413 2448 1468 Sic
2478 1412 2620 1466 enim
2663 1425 2758 1466 eos
2811 1406 3058 1463 Christus
3085 1411 3388 1458 armaverat

146 1547 256 1586 sum
282 1530 540 1585 Zabulum
574 1531 813 1584 nascitur
837 1544 1028 1599 pugnae
1053 1529 1402 1599 principium.
1431 1529 1487 1582 Si
1517 1528 1674 1582 remis

1859 1514 2002 1567 iceus
2031 1509 2073 1542 ⁸⁷
2100 1529 2113 1564 :
2152 1527 2172 1562 ι
2206 1508 2325 1561 Sint
2355 1504 2521 1559 lumbi
2558 1503 2722 1557 vestri
2752 1498 3123 1570 praecincti,et
3153 1497 3387 1550 lucernae

145 1622 251 1674 sior
273 1617 463 1683 fueris,
489 1621 532 1673 si
563 1619 704 1674 ﬂecti
733 1584 889 1673 facile
909 1584 1183 1686 potueris,
1210 1584 1483 1688 quomodo
1512 1631 1714 1686 pugna-
1816 1612 2011 1656 vestrm
2041 1601 2313 1654 ardentes.
2353 1617 2371 1650 ι
2405 1595 2470 1650 Et
2499 1596 2694 1650 iterum
2724 1591 2770 1623 ⁸⁸
2803 1608 2816 1642 :
2857 1609 2877 1642 ‹
2919 1588 3009 1644 Sic
3049 1586 3251 1656 fulgeat
3296 1584 3386 1636 lux

145 1716 261 1770 his?
311 1714 595 1780 Quomodo
647 1713 818 1768 stabis
879 1715 1142 1768 adversus
1200 1713 1430 1765 astutias
1483 1709 1669 1764 Zabnli

1859 1703 1998 1748 astra
2049 1706 2232 1746 coram
2263 1687 2594 1752 hominibus,
2632 1695 2690 1740 ut
2729 1685 2949 1739 videant
2992 1695 3156 1749 opera
3209 1685 3387 1731 vestra

145 1808 428 1876 Propterea
472 1815 525 1860 et
568 1806 858 1874 Apostolus
887 1767 1090 1860 clarum
1117 1803 1203 1856 ηε
1239 1821 1256 1854 ι
1293 1803 1446 1858 siam
1482 1818 1634 1872 ergo,
1661 1809 1714 1855 ρι
1753 1857 1791 1876 h
1823 1785 1984 1848 bona,
2010 1792 2065 1838 et
2115 1780 2420 1851 gloriﬁcent
2462 1777 2680 1832 Patrem
2713 1782 2952 1830 vestrum
2994 1771 3085 1842 qui
3137 1771 3191 1824 in
3231 1767 3390 1822 caelis

145 1899 300 1953 nolite
344 1897 515 1969 478
561 1857 755 1952 iterum
797 1898 925 1966 jngo
972 1895 1255 1951 servitutis
1299 1857 1715 1949 “ﬁatﬁat
1748 1857 1792 1914 Β
1821 1885 1926 1930 est.
1967 1893 1985 1925 ι
2034 1871 2252 1926 Talibus
2283 1885 2410 1937 ergo
2454 1867 2793 1936 lampadibus
2841 1863 3121 1924 accensis,
3149 1873 3390 1930 pugnare

143 1953 566 2046 “animiin;si
595 2006 609 2042 :
643 2009 662 2042 (
705 1953 933 2044 διειῖέξη
962 1989 1214 2044 nomino,
1252 2007 1269 2039 ι
1303 1987 1367 2041 Et
1414 1987 1576 2040 terno
1627 1985 1712 2039 di.
1816 1967 1968 2021 decet
2001 1965 2200 2019 milites
2231 1961 2470 2024 Christi,
2520 1960 2641 2013 luce
2673 1972 2894 2023 operum
2939 1953 3283 2022 refulgentes,
3334 1959 3385 2003 et

143 2085 213 2138 cit
244 2083 284 2114 δ’
314 2098 328 2133 :
359 2101 378 2134 ι
417 2082 678 2148 Quoniam
712 2090 838 2136 tunc
860 2080 1115 2145 vivimus,
1145 2080 1189 2133 si
1215 2094 1310 2134 vos
1341 2078 1499 2134 smus
1526 2076 1715 2129 ίη,ι)ο..
1823 2058 2109 2128 splendore
2137 2064 2428 2126 gestorum.
2453 2050 2582 2117 Quae
2611 2057 2734 2104 sunt
2786 2057 2961 2102 autem
2993 2045 3234 2099 buccinae
3269 2057 3389 2096 cor—

143 2178 300 2231 mino.
337 2195 355 2227 ι
393 2176 488 2231 llle
540 2176 706 2245 igitur
731 2174 1052 2245 probabitis,
1110 2172 1197 2227 ille
1227 2172 1434 2227 electus
1473 2178 1578 2231 est,
1622 2168 1711 2236 qui
1817 2167 1955 2230 neve,
1987 2166 2052 2205 ex
2086 2150 2282 2218 quibus
2312 2147 2439 2200 tuba
2474 2144 2712 2200 canum?
2747 2141 2846 2210 Qui
2879 2142 2944 2195 dc
2970 2137 3282 2195 coelestibus
3307 2136 3390 2187 ιο-

139 2277 490 2335 posteaquam
526 2266 593 2319 ad
615 2280 785 2334 aquas
817 2262 1068 2332 baptismi
1112 2271 1331 2316 ventum
1359 2268 1462 2326 est,
1487 2229 1667 2313 "CCII-:1

1863 2244 2018 2307 uitur,
2051 2240 2138 2310 qui
2169 2241 2232 2295 de
2260 2237 2592 2308 spiritalibus
2617 2234 2857 2300 disserit,
2894 2233 2985 2302 qui
3018 2229 3272 2300 mysteria
3307 2243 3391 2281 re-

142 2357 496 2410 uecessitates
525 2365 770 2410 terrenas
792 2363 848 2409 et
877 2368 1167 2423 corporeas
1194 2352 1400 2417 nescit,
1430 2352 1520 2420 qui
1569 2350 1662 2404 viti

1861 2338 1905 2390 ni
1939 2335 2201 2390 crelorum
2231 2331 2458 2398 revelat,
2497 2331 2586 2385 ille
2609 2329 2860 2383 -huccina
2908 2323 3175 2389 concinit,
3206 2322 3292 2375 ille
3325 2322 3389 2374 de

139 2464 237 2504 non
265 2450 532 2520 indulget,
560 2464 738 2519 neque
768 2449 838 2503 ob
869 2447 1076 2518 peccati
1110 2447 1257 2500 5mm
1301 2445 1568 2501 sternitur
1597 2460 1716 2513 pro.
1816 2429 1944 2483 tuba
1979 2426 2235 2496 loquitur,
2271 2415 2360 2493 q'ui
2387 2425 2453 2478 de
2493 2422 2703 2491 magnis
2741 2427 2795 2473 et
2842 2417 3092 2472 maximis
3128 2415 3390 2483 loquitur,

140 2557 254 2595 nus.
285 2541 398 2596 Sed
426 2503 480 2597 ξι
506 2510 807 2612 φιρᾶᾟξςὴ
836 2503 930 2595 εᾉέ
956 2554 1143 2604 manu,
1171 2538 1252 2592 νει
1295 2537 1477 2607 lingua
1515 2503 1710 2605 aqéam
1817 2519 1906 2587 qui
1940 2517 2225 2571 scientiam
2259 2514 2462 2569 Christi
2498 2511 2749 2566 humanis
2774 2508 2994 2563 auribus
3016 2506 3225 2575 pandit.
3280 2503 3388 2558 Sed

136 2633 402 2698 lambere,
453 2648 558 2686 non
600 2633 808 2700 absque
856 2630 1183 2686 sacramenti
1220 2630 1451 2699 quadam
1509 2628 1664 2699 signil

1861 2625 1916 2692 ur
1947 2616 1995 2662 et
2027 2623 2224 2662 cornea
2277 2605 2475 2660 dicitur
2523 2600 2793 2658 buccina?
2843 2598 2978 2665 Quia
3006 2606 3055 2652 et
3087 2596 3154 2650 de
3198 2603 3389 2649 sancto

136 2679 402 2698 -υ---υνννν
455 2679 558 2686 --ν--
601 2679 807 2700 -η-«ι--ν
856 2679 1183 2686 "ww-wn
1510 2679 1685 2699 -νοηω
1872 2679 1886 2692 .

136 2725 305 2778 cautia
332 2724 442 2778 hoc
481 2723 612 2777 mihi
648 2724 862 2778 videtur
889 2724 1176 2793 scriptum,
1226 2721 1436 2776 scilicet
1477 2720 1620 2790 quod
1663 2727 1717 2774 et
1816 2699 2014 2754 diem"
2036 2699 2080 2732 ⁸³
2113 2715 2132 2752 ³
2175 2717 2194 2750 ⁸
2243 2696 2423 2752 com“
2473 2693 2590 2763 elus
2633 2691 2963 2748 exallablm“
3011 2688 3064 2743 in
3111 2687 3304 2758 ειοτῖειι
3362 2703 3383 2737 ³

133 2831 290 2870 manu
315 2825 371 2870 et
411 2815 591 2884 lingua
620 2817 838 2885 operari
867 2816 1068 2871 debent
1110 2815 1312 2870 milites
1353 2779 1576 2878 Christi,
1615 2813 1661 2867 Ili

1859 2794 1975 2849 inde
2021 2802 2076 2847 et
2117 2791 2541 2860 uniuscujusque
2582 2784 2809 2841 buccina
2849 2782 3044 2837 dicitur
3073 2796 3300 2842 cornea,
3334 2779 3387 2831 in

131 2913 211 2960 cst
235 2918 412 2974 opere
454 2914 508 2958 et
552 2878 762 2959 verbo:
792 2905 918 2974 quia
966 2922 985 2956 ‹
1021 2905 1109 2975 qui
1139 2905 1298 2960 docet
1344 2912 1398 2958 et
1448 2901 1598 2965 facit,
1630 2903 1718 2957 hic
1823 2910 1887 2949 eo
1935 2893 2077 2962 quod
2126 2888 2479 2960 multiplicem
2525 2884 2802 2940 scientiam
2843 2880 3080 2945 Christi,
3123 2888 3176 2933 et
3214 2878 3391 2932 crucis

134 3013 356 3068 magnus
405 2997 692 3053 vocabitur
740 2997 794 3051 in
850 3012 1017 3068 regno
1059 2996 1321 3052 cmlorum
1372 2994 1436 3047 “.
1492 3013 1510 3046 ι
1563 2991 1718 3060 Quod
1823 2992 1958 3064 ejus,
1997 3005 2117 3062 quae
2147 2989 2201 3044 in
2236 3003 2404 3043 cornu
2432 2982 2763 3054 designatur,
2794 2978 3007 3034 disserit
3034 2982 3389 3032 sacramenta.

135 3099 308 3144 autem
333 3091 505 3144 etiam
531 3089 942 3145 similitudinem
975 3089 1127 3144 canis
1152 3088 1442 3143 lambentis
1466 3085 1717 3155 Scriptu-
1823 3090 1959 3147 Cum
1998 3091 2101 3143 hac
2147 3101 2273 3155 ergo
2300 3082 2527 3139 buccina
2565 3079 2880 3142 militantes,
2912 3084 2968 3130 et,
2999 3089 3121 3129 cum
3153 3074 3254 3127 hac
3288 3087 3391 3142 pu-

138 3197 194 3235 ra
227 3181 437 3252 posuit,
495 3182 712 3238 videtur
758 3180 889 3235 mihi
931 3179 1072 3235 istud
1123 3178 1325 3234 animal
1379 3179 1482 3236 hoc
1515 3179 1568 3233 in
1598 3177 1718 3233 loco
1750 3207 1794 3265 ε
1826 3189 2078 3251 gnantes,
2113 3177 2380 3232 vincimus
2413 3175 2766 3245 alienigenas,
2793 3180 2848 3226 et
2880 3170 3062 3224 hostes
3107 3165 3161 3218 in
3209 3162 3392 3230 fugam

139 3283 422 3342 propterea
475 3275 835 3338 nominatum,
883 3272 1026 3342 quod
1071 3287 1232 3342 super
1283 3272 1466 3327 omnia
1519 3279 1717 3326 caztera
1754 3253 1794 3265 v
1827 3272 2106 3338 vertimus,
2144 3268 2355 3324 etiamsi
2381 3267 2548 3322 fuerit
2576 3262 2865 3320 multitudo
2913 3273 3101 3315 eorum
3147 3255 3286 3309 sicut
3317 3253 3396 3305 lo-

137 3367 387 3422 animalia
423 3383 668 3424 amorem
722 3367 919 3421 dicitur
964 3367 1167 3436 proprii
1214 3365 1421 3420 domini
1475 3379 1714 3430 servare,
1829 3375 2015 3420 cusuc.
2045 3361 2297 3418 Locustis
2318 3359 2461 3415 enim
2486 3365 2798 3427 comparata
2827 3363 2908 3409 est
2931 3353 3232 3408 daemonum
3259 3343 3397 3399 mul-

137 3473 233 3513 nec
261 3467 532 3528 tempore,
561 3475 660 3514 nec
685 3460 897 3529 injuriis
920 3459 1225 3514 oblitterari
1253 3459 1305 3512 in
1335 3473 1399 3512 eo
1432 3457 1606 3513 fertur
1632 3457 1716 3510 af-
1831 3455 2022 3519 titudo,
2054 3453 2248 3522 quibus
2281 3464 2452 3520 neque
2485 3449 2539 3504 in
2575 3447 2739 3517 etelo,
2792 3459 2968 3513 neque
3017 3441 3070 3494 in
3106 3436 3266 3492 terris
3314 3443 3398 3488 est

135 3551 329 3608 iectus.
382 3551 640 3606 Trecenti
690 3567 818 3621 ergo
863 3551 989 3617 soli,
1034 3551 1126 3620 qui
1170 3552 1499 3605 sacramenti
1562 3550 1720 3620 hujus
1827 3547 2002 3601 sedes.
2037 3545 2312 3600 Praccedat
2342 3558 2468 3614 ergo
2499 3551 2553 3596 et
2582 3555 2680 3595 nos
2706 3539 2807 3593 hoc
2856 3534 2996 3589 bello
3025 3544 3245 3602 cperam
3277 3527 3396 3591 lux,

137 3645 430 3715 imaginem
486 3646 928 3715 praeformabant,
990 3646 1074 3700 isti
1127 3645 1313 3708 electi,
1367 3644 1454 3698 isti
1481 3644 1717 3713 probati,
1829 3637 2071 3692 scientia:
2104 3637 2292 3700 virtus,
2327 3621 2494 3691 divini
2523 3631 2672 3686 verbi
2723 3627 3052 3699 praedicatio.
3091 3622 3398 3691 Pugnemus

141 3737 226 3791 isti
272 3740 339 3792 ad
385 3739 671 3794 victoriam
729 3739 1057 3804 consecrati,
1099 3739 1187 3808 qui
1235 3753 1299 3791 ex
1344 3738 1460 3806 ipso
1508 3737 1718 3790 numeri
1829 3741 1885 3788 et
1917 3746 2016 3786 nos
2040 3731 2092 3784 in
2131 3729 2346 3800 hymnis
2374 3738 2428 3781 et
2455 3722 2676 3795 psalmis
2723 3726 2778 3773 et
2806 3716 3033 3774 canticis
3065 3709 3399 3783 spiritalibus

139 3839 493 3883 sacramento
518 3829 766 3883 obtinere
796 3830 1140 3883 adversarios
1164 3837 1412 3897 possunt.
1464 3826 1719 3880 Trecenti
1829 3826 2182 3882 concinentes
2229 3831 2284 3877 et
2317 3820 2616 3876 clamantes
2648 3813 2715 3868 ad
2743 3811 2932 3876 Deum,
2991 3817 3048 3862 ut
3079 3808 3146 3860 ab
3173 3807 3288 3874 ipso
3321 3803 3401 3856 vi—

137 3919 338 3972 etenim
385 3929 540 3980 sunt,
589 3920 678 3986 qui
726 3919 886 3972 tertio
940 3929 1171 3972 centena
1224 3917 1609 3988 multiplicant,
1666 3925 1722 3971 et
1831 3916 2059 3970 ctoriam
2092 3911 2350 3980 consequi
2386 3918 2693 3963 mereamur
2734 3902 2786 3955 in
2816 3899 3031 3953 Christo
3057 3894 3181 3950 Jesu
3216 3891 3400 3946 Domi-

133 4009 391 4077 perfeetze
420 4010 707 4064 Trinitatis
735 4026 1018 4065 numerum
1047 4009 1248 4076 ferunt,
1273 4011 1371 4064 sub
1394 4025 1502 4080 quo
1538 4023 1726 4062 nume-
1834 4023 1906 4062 no
1953 4017 2162 4067 nostro,
2211 4004 2298 4059 cui
2337 4009 2419 4056 est
2451 3996 2623 4068 gloria
2676 4002 2730 4049 et
2759 3991 3050 4061 imperium
3103 3987 3158 4041 in
3207 3983 3403 4040 saecula

133 4116 193 4154 ro
219 4106 408 4156 omnis
439 4101 644 4156 Christi
679 4112 936 4157 censetur
979 4105 1273 4158 exercitus.
1324 4101 1381 4156 In
1428 4116 1536 4172 quo
1567 4110 1724 4171 opta-
1834 4097 2172 4154 saaculorum.
2198 4095 2391 4148 Amen.

177 4257 3366 4296 Μ

774 4427 1102 4514 ΡΟΥΘ.

2437 4415 2815 4508 RUTH.

195 4613 314 4687 (89)
345 4616 468 4672 Καὶ
499 4614 684 4686 ὄνομα
710 4613 784 4684 τῇ
811 4614 1058 4679 δευτέρᾳ
1102 4611 1295 4665 Ῥούθ.
1365 4611 1520 4664 Ῥοὺο
1564 4608 1723 4662 τύπον

1916 4606 1980 4661 Et
2034 4621 2217 4658 nomen
2276 4602 2519 4656 semusta:
2572 4596 2711 4649 Ruth
2756 4595 2820 4646 '°.
2870 4590 3122 4646 Gentium
3181 4586 3407 4655 ﬁguram

128 4676 432 4780 Cpé‘pEtl'Cth
462 4676 633 4761 si)va
651 4725 663 4734 ·
691 4676 813 4777 ﬁci;
841 4676 1099 4760 κατέλιέτε
1126 4701 1195 4754 τὰ
1227 4701 1451 4773 πάτρια,
1482 4702 1573 4754 καὶ
1596 4704 1656 4770 ἡν

1875 4699 1977 4752 erit
2014 4697 2315 4763 liuth,qu:e
2359 4691 2561 4746 relictis
2585 4687 2791 4756 patriis,
2818 4681 3122 4737 Israeliticae
3151 4677 3295 4746 genti
3319 4676 3403 4728 in-

127 4771 290 4873 dq'rﬁ
337 4771 880 4874 Ἱσραηλιτικῖίὲξει.
903 4794 1170 4867 Ζητητὲον
1195 4795 1252 4848 δὲ
1287 4771 1422 4857 πῶς,
1450 4791 1542 4845 τοῦ
1572 4792 1655 4862 νόρ

1879 4801 1973 4845 :rta
2004 4799 2104 4843 est.
2143 4783 2498 4851 Quzercndum
2553 4788 2639 4833 est
2667 4785 2843 4830 autem
2878 4789 2974 4827 cur
3019 4771 3136 4839 lege
3189 4775 3407 4819 vetante

127 4857 586 4967 ἁτταξορεύοντος
639 4857 715 4964 μῆ
776 4857 1046 4946 έίσελοέῖκί
1087 4887 1366 4958 Μοαϐίτην
1393 4887 1470 4948 εἰς
1509 4857 1655 4937 Ἑκκ)

1878 4899 1903 4938 e
1935 4881 2198 4936 Moabites
2251 4875 2592 4945 ingrediatur
2627 4872 2678 4925 in
2725 4867 3024 4923 Ecclesiam
3085 4862 3199 4924 Dei,
3265 4857 3406 4912 Ruth

259 4949 270 4964 .
323 4949 335 4967 .
567 4949 583 4957 -
639 4949 651 4963 .
703 4949 713 4964 .
1323 4949 1334 4958 .

126 4988 252 5040 dictv
273 4987 446 5052 Θεοῦ,
475 4988 508 5056 ἡ
547 4984 702 5037 Ῥοὺθ
737 4982 1001 5044 Μοαὸίτις
1029 4974 1162 5032 οὖσα
1191 4975 1423 5046 εἰσῆλθε.
1446 4975 1554 5028 Καὶ
1580 4974 1654 5028 τοὶ

1874 4973 2089 5029 loahitis
2117 4970 2354 5025 intrarit.
2386 4965 2500 5020 l-loc
2527 4962 2811 5034 inquirens
2839 4968 2992 5012 utere
3020 4957 3102 5010 his
3127 4949 3402 5007 verbis“:

125 5078 314 5149 ζητῶν
360 5079 576 5150 χρῆσαι
612 5075 710 5145 τῷ·
752 5092 769 5125 ι
794 5073 998 5142 Δικαίῳ
1021 5070 1078 5122 δὲ
1106 5069 1268 5139 νόμος
1290 5067 1351 5120 οὐ
1385 5069 1578 5130 κεῖται,
1605 5065 1653 5118 ἀ]

1891 5065 2042 5120 Justo
2068 5064 2153 5119 lex
2179 5077 2287 5118 non
2319 5067 2404 5116 est
2447 5057 2643 5129 posita,
2671 5054 2766 5110 sed
2800 5050 3014 5122 injustis
3057 5056 3119 5101 et
3147 5060 3252 5099 non
3280 5039 3405 5096 sub-

123 5171 341 5233 ἀδίκοις
372 5171 480 5224 καὶ
511 5168 927 5228 ἀνυποτάκτοις.
956 5182 974 5216 ι

517 5168 927 5228 ἀνυποτάκτοις.
956 5182 974 5216 ι
1837 5158 1986 5214 ditis.
2027 5176 2045 5208 ι

198 5333 246 5365 ⁸⁸
280 5332 395 5386 lsa.
426 5347 594 5394 xxxv,
625 5329 680 5388 5.
758 5329 802 5361 ’⁸⁸
829 5329 990 5382 Ilebr.
1021 5340 1118 5390 χιι,
1156 5323 1272 5394 15..
1334 5320 1378 5394 ‘_'
1406 5318 1527 5394 Gal.
1556 5329 1612 5378 ν,
1642 5314 1701 5394 l2

2094 5328 2165 5394 tv,
2202 5312 2296 5394 l.“
2327 5309 2448 5394 ’ξξνΙ
2479 5307 2671 5394 Thess.
2705 5320 2786 5372 ttt,
2821 5305 2874 5362 8.
2949 5301 2990 5332 “
3023 5297 3209 5353 Malllh
3251 5291 3413 5350 v.19-

120 5405 164 5436 ⁵⁷
779 5378 1069 5458 Μξίιῖᾗίῆ
1099 5378 1185 5451 l6.
1261 5391 1306 5424 ⁶⁹
1339 5390 1482 5446 Psal.
1511 5402 1645 5444 cxn.

1131 5398 1185 5451 6.
1261 5391 1306 5424 ⁸⁹
1339 5390 1482 5446 Psal.
1511 5402 1645 5444 cxn.
1672 5383 1726 5438 9.
1808 5385 1855 5415 ⁸ο
1883 5378 2027 5437 Rulli
2056 5399 2094 5451 t,
2123 5382 2176 5437 4.
2256 5383 2342 5437 “l
2373 5380 2513 5435 Tim.
2536 5378 2651 5446 t,9.

203 5549 328 5622 (88)
352 5545 523 5622 2155.,
551 5562 571 5596 ι
592 5552 874 5622 optamus.
893 5560 919 5622 χ
1135 5535 1290 5622 editi,
1311 5553 1329 5585 ι
1355 5532 1731 5622 υμξηέἷῐῖιιξξηξ

355 5596 656 5672 ἶῖείιοιιῖέ
680 5611 992 5670 Comheﬁsii
1019 5596 1359 5679 desumptum
1385 5611 1468 5658 est
1502 5602 1605 5655 hoc
1634 5596 2019 5663 fragmentum.
