3870 6512
88 372 178 434 995

1215 349 1520 408 SELEC'I‘A
1556 345 1621 400 lN
1662 345 1791 400 LIB.
1825 345 1845 400 1
1891 344 2154 404 REGUM.

3211 347 3318 403 994

87 477 360 553 ἀπληστίας
394 474 487 528 καὶ
519 475 951 546 φιλοχρηματίας
996 473 1056 526 τὸ
1102 472 1291 536 πάθος.
1342 471 1423 524 Τὰ
1473 469 1632 522 πίονα

1775 465 2060 520 tsatiabilis
2089 465 2334 520 avaritiae
2361 463 2606 521 allectus.
2647 464 2921 535 Quidquid
2949 464 3092 521 enim
3119 465 3320 538 pingue

88 579 184 648 γὰρ
202 569 302 623 τῶν
327 565 588 635 ποιμνίων
616 567 1040 635 περιεποιήσατο
1067 561 1264 633 ἑαυτῷ.

148 660 248 718 Kal
269 656 445 721 αὐτὸς
466 655 793 724 πυρῤάκης.
847 656 905 708 '0
937 655 1033 725 μὲν
1061 650 1154 707 οὖν
1191 651 1361 706 Ἥσαῦ
1395 670 1413 702 ι
1433 651 1636 724 πυρράν

1741 569 1858 612 erat
1895 559 1950 611 in
1977 558 2232 627 gregibus
2255 560 2457 622 nvium,
2491 559 2618 613 illud
2649 561 2750 614 sibi
2783 559 3100 614 reservavit.

1808 650 1876 702 Et
1925 649 2036 716 ipse
2070 648 2222 718 rufus
2246 648 2314 702 ⁸³.
2358 648 2496 702 Esau
2524 650 2741 718 quidem
2774 667 2793 699 ι
2824 648 2979 703 rufus
3005 659 3143 716 eral,
3177 649 3322 704 sicut

89 774 179 828 κης
201 751 282 825 ἦν,
330 750 458 802 ὡσεὶ
499 750 661 821 δορὰν
701 749 898 812 δασύς·
932 767 950 798 ι
986 747 1084 818 τὴν
1114 747 1171 813 ἐξ
1201 747 1473 818 ἁμαρτίας
1499 745 1638 816 ἔχων

1775 741 1898 794 ιιιιιίε
1927 741 2153 810 pilosus,
2183 760 2202 792 ι
2237 741 2472 795 habebat
2510 743 2709 811 quippe
2732 757 2798 796 ex
2829 753 3053 811 peccato
3083 743 3321 796 mortali-

88 847 380 919 νεκρὸτητα,
416 842 510 896 καὶ
537 842 696 912 φόνον
721 841 858 895 κατὰ
895 842 988 894 τοῦ
1031 839 1245 894 Ἰακώϐ.
1287 840 1345 894 'U
1377 841 1434 893 δὲ
1475 838 1639 893 Δαυὶδ

92 963 108 993 ι
132 937 398 1010 πρῤάκης
429 933 568 1005 μετὰ
599 932 826 997 κάλλους
868 932 1182 1004 ὀφθαλμῶν,
1210 932 1308 985 καὶ
1342 930 1544 999 ἀγαθὸς
1571 933 1636 1001 τῇ

85 1036 255 1108 ὁράσει
308 1029 534 1102 Κυρίου,
562 1048 581 1082 ι
645 1028 734 1082 ἵνα
791 1027 854 1081 τὸ
915 1024 1220 1098 διορατικὺν
1271 1024 1486 1096 δηλώσῃ
1544 1023 1638 1076 τοῦ

85 1126 249 1183 Δαυίδ.

146 1217 249 1272 Kal
274 1213 388 1269 νῦν
416 1216 465 1267 εὶ
492 1213 654 1268 εἰσὶν
687 1210 808 1266 ὑπὸ
848 1209 962 1278 τὴν
987 1207 1156 1279 χεῖρά
1181 1225 1298 1263 σου
1332 1207 1513 1262 πέντε
1541 1213 1642 1276 αρ-

84 1328 181 1364 τοι.
222 1304 524 1378 Προὺδήλου
567 1304 624 1358 δὲ
671 1305 768 1358 καὶ
813 1303 894 1357 ὅτι
925 1305 959 1375 ἡ
993 1301 1244 1372 βασιλικὴ
1285 1301 1424 1372 φυλὴ
1472 1300 1567 1354 καὶ
1605 1301 1639 1371 ἡ

85 1398 310 1473 ίερατικὴ
358 1396 546 1468 ἔμελλε
593 1394 958 1450 συνάπτεσθαι
1008 1395 1066 1447 ἐν
1117 1392 1338 1464 Χριστῷ
1381 1392 1460 1464 τῷ
1509 1394 1643 1464 ἱερεῖ

82 1491 204 1565 ὁμοῦ
242 1489 331 1543 καὶ
371 1488 601 1559 βασιλεῖ.

148 1584 260 1636 Οὐκ
284 1581 441 1634 εἰσὶν
461 1580 625 1649 ἄρτοι
641 1579 913 1649 βέϐηλοι.
956 1578 1244 1650 Βεϐήλους,
1275 1579 1334 1631 οὐ
1359 1579 1486 1640 τοὺς
1509 1577 1642 1630 ἀκα-

82 1677 295 1748 θάρτους
321 1674 490 1744 λέγει,
522 1673 657 1728 ἀλλὰ
689 1676 816 1736 τοὺς
845 1673 943 1745 οὑχ
970 1672 1156 1742 ἁγίους
1177 1689 1190 1704 ·
1221 1671 1336 1736 καὶ,
1371 1672 1446 1736 ὡς
1487 1669 1644 1724 Ἀκύ-

81 1771 169 1832 λας
208 1767 457 1833 ἐξέδωκε,
505 1766 758 1830 λαῖκούςο
808 1767 905 1837 οὐχ
936 1767 1016 1820 ὅτι
1053 1763 1267 1836 βέϐηλοι
1295 1765 1344 1816 οἱ
1371 1763 1446 1834 μὴ
1475 1762 1640 1830 ἆγιοι,

81 1857 182 1911 ἀλλ’
211 1859 287 1910 ὅτι
309 1856 448 1927 πρὸς
479 1856 540 1909 τὸ
570 1856 722 1924 ἅγιον
756 1855 1194 1927 συγκρινόμενοι.
1235 1853 1330 1919 Ἓξ
1367 1853 1422 1905 δέ
1451 1853 1650 1921 ἄρτους

81 1948 211 2022 εἶχεν
238 1953 270 2021 ἡ
294 1949 546 2022 τράπεζα
573 1951 659 2004 ἀεὶ
689 1947 1122 2020 άλλασσομένους
1146 1947 1285 2017 ὑπὲρ
1306 1945 1413 1999 τῶν
1441 1944 1649 1998 δώδεκα

81 2043 266 2112 φυλῶν,
290 2042 385 2107 οὓς
418 2041 678 2106 ἐνωπίους
707 2042 934 2095 ἐκάλουν
952 2055 966 2071 ·
998 2039 1074 2104 ὼς
1105 2040 1334 2092 ἕκαστον
1363 2039 1427 2091 ἐκ
1448 2037 1541 2090 δύο
1561 2053 1654 2106 φυ-

81 2136 175 2188 λῶν
206 2135 632 2208 προσφέρεσθαι.
672 2134 745 2188 Τὸ
769 2133 880 2206 γὰρ
905 2136 969 2189 ἐκ
1001 2133 1189 2187 τούτου
1221 2130 1424 2196 καλεῖν,
1459 2129 1518 2183 τὸ
1553 2129 1652 2193 τὰς

79 2227 237 2296 φυλάς
277 2227 496 2300 Ἰσραὴλ
542 2229 622 2291 είς
665 2227 918 2298 ὁμόνοιαν
962 2223 1347 2280 συνάπτεσθαι.
1406 2222 1652 2292 Προεση-

83 2323 287 2393 μαίνετο
318 2321 376 2374 δὲ
411 2322 505 2375 καὶ
529 2322 609 2382 τὸ,
651 2320 755 2375 άνά
782 2320 876 2373 δύο
899 2318 1213 2390 πέμπεσθαι
1243 2317 1369 2380 τοὺς
1403 2314 1652 2387 μαθητὰς

81 2416 174 2467 ὑπὸ
199 2413 438 2486 Χριστοῦ
473 2413 769 2486 κηρύσσειν
803 2413 861 2465 ἐν
897 2415 1022 2476 ταῖς
1064 2410 1257 2482 φυλαῖς
1297 2407 1544 2480 Ἰσραήλ’
1573 2403 1652 2459 εἷ·-

78 2509 154 2562 ναί
177 2526 234 2561 τε
271 2509 396 2579 ἅμα.
422 2507 530 2561 τῶν
559 2507 764 2561 δώδεκα
797 2505 1059 2578 μαθητῶν
1081 2502 1335 2576 ἀριθμόν.

138 2684 242 2739 Kal
263 2682 404 2736 ἐκεῖ
422 2679 497 2753 ἦν
519 2682 589 2736 ἓν
618 2680 738 2734 τῶν⁹
767 2679 1113 2747 παιδαρίων.
1155 2676 1317 2749 Δηλοῖ
1341 2676 1424 2728 ὅτι
1454 2673 1543 2728 διὰ
1570 2671 1654 2726 νό-

79 2797 180 2843 σον,
226 2778 256 2849 ἢ
302 2778 370 2830 δι’
430 2777 705 2847 ἁμαρτίαν
749 2775 1048 2845 παρέμεινε
1094 2771 1252 2841 Δωὴκ
1302 2773 1329 2823 6
1363 2768 1655 2839 Ἰδουμαῖος

75 2871 290 2924 ἐνώπιον
346 2870 561 2939 Κυρίου
607 2868 1039 2940 θεραπευόμενος
1084 2864 1178 2918 καὶ
1229 2859 1656 2933 ἐξομολογούμε-

74 2979 185 3026 νος·
225 2962 256 3033 ῆ
290 2961 595 3030 δαιμόνων,
626 2959 702 3023 ὡς
730 2959 758 3010 6
784 2955 980 3020 Σαοὺλ,
1026 2950 1088 3009 οὗ
1120 2953 1218 3017 τὰς
1258 2952 1514 3023 ἡμιόνους
1539 2951 1657 3004 E60-

77 3072 216 3107 σκεν.

140 3145 245 3198 Kal
280 3143 488 3198 Σαοὺλ
519 3143 773 3209 ἐκάθητο
801 3142 870 3195 ἐν
898 3139 978 3206 τῷ
1001 3136 1228 3204 βουνῷ.
1284 3138 1340 3190 '0
1366 3135 1537 3189 Σαοὺλ
1561 3133 1654 3187 τοῦ

79 3235 303 3306 πονηροῦ
338 3235 655 3306 πνεύματος
690 3234 862 3288 τύπον
908 3233 1083 3305 φέρει,
1134 3231 1394 3303 ἄρξαντος
1422 3229 1516 3282 τοῦ
1559 3231 1660 3282 Ἰσ-

83 3328 230 3398 ραὴλ,
263 3329 388 3382 τότε
434 3328 717 3386 εἰπόντος’
771 3345 790 3378 ι
816 3325 931 3378 Οὑκ
974 3324 1169 3394 ἔχομεν
1211 3321 1455 3392 βασιλέα.
1485 3340 1503 3372 ι
1552 3323 1661 3375 Καὶ

77 3421 178 3490 γάρ
205 3421 233 3472 6
257 3421 432 3473 πάλαι
455 3420 585 3483 λαὸς
611 3417 968 3484 ἐξουδενώσας
1002 3417 1092 3468 τὸν
1118 3414 1282 3466 Δαυὶδ
1314 3413 1662 3484 βασιλεύοντα

78 3513 255 3575 αὑτοῦ,
284 3514 462 3584 ᾔτησε
489 3513 578 3565 τὸν
602 3511 773 3564 Σαοὺλ
798 3511 1032 3582 ἄρχοντα
1058 3507 1207 3578 αύτῷ
1239 3507 1482 3577 δοθῆναι.

86 3622 181 3678 Ἕκ
221 3623 342 3678 τῶν
393 3622 735 3697 Ὠριγένους
766 3625 851 3746 εἰς
880 3619 1001 3700 τὴν
1038 3617 1324 3686 δευτέραν
1344 3616 1462 3671 τῶν
1485 3620 1663 3671 Βασι-

770 3733 792 3746 .
813 3709 970 3746 ειων.

770 3709 970 3747 νιειων.

145 3789 271 3841 Ὀτι
313 3787 711 3853 ἀντέστησαν
739 3788 791 3838 οὶ
822 3781 1040 3851 τυφλοὶ
1070 3779 1170 3834 καὶ
1213 3781 1267 3833 ol
1308 3779 1510 3847 χωλοί.
1565 3778 1663 3831 Ἰε-

77 3879 310 3932 ϐουσαῖοι
340 3880 686 3950 φιλόπτωκον
708 3878 798 3930 τὸν
821 3875 982 3929 Δαυὶδ
1007 3872 1274 3927 ὑπέϐαλον
1297 3873 1406 3926 ἀπὸ
1433 3871 1525 3925 τοῦ
1556 3871 1668 3924 τεί-

76 3990 198 4041 χους
227 3972 484 4045 ὑϐρίζειν
526 3972 688 4025 αὑτὸν
716 3973 841 4036 τοὺς
867 3971 1073 4042 χωλοὺς
1109 3971 1202 4023 καὶ
1221 3965 1474 4036 τυφλούς.
1514 3965 1572 4018 Ὀ
1609 3965 1668 4018 δέ

77 4067 359 4136 κρατήσας
404 4067 511 4137 τὴν
554 4064 931 4137 Ἰερουσαλὴμ,
971 4063 1033 4115 οὐ
1070 4062 1228 4133 μόνον
1262 4060 1362 4112 οὑκ
1390 4058 1668 4111 ἐκάκωσεν

75 4158 268 4222 αὐτούς
289 4176 304 4189 ·
341 4159 466 4213 ἀλλ’
496 4157 716 4228 ἔννομον
748 4156 1042 4218 ἔθετοτοῖς
1083 4153 1245 4207 αὑτοῦ
1275 4149 1631 4222 στρατιώταις
1652 4165 1664 4178 ·

81 4266 97 4296 ι
125 4250 187 4301 Εἴ
209 4267 295 4313 τις
341 4250 532 4303 ἀνέλοι
577 4249 774 4318 τυφλὸν
810 4247 1153 4310 Ἰεϐουσαῖον,
1190 4244 1222 4316 ἢ
1266 4243 1456 4314 χωλὸν,
1503 4241 1670 4294 άπτέυ

77 4339 184 4392 σθω
217 4342 277 4394 ὲν
323 4341 688 4412 παραξιφίδι’
717 4360 737 4392 ι
775 4340 942 4411 ἤγουν
992 4358 1010 4389 ι
1036 4335 1380 4408 ἀναιρείσθω.
1409 4353 1427 4385 ι
1471 4334 1536 4386 El
1561 4331 1672 4402 γὰρ

76 4434 168 4484 καὶ
205 4435 448 4503 ἐμίσουν
479 4434 579 4503 τὴν
607 4432 784 4504 ψυχὴν
819 4429 1002 4494 Δαυὶδ,
1035 4428 1172 4482 ἀλλὰ
1215 4427 1430 4496 φείδους
1459 4425 1667 4494 ἔτυχον.

87 4544 177 4601 Ἐκ
212 4546 338 4602 τῶν
386 4547 729 4617 Ὠριγένους
773 4547 860 4669 εἰς
887 4543 1014 4623 τὴν
1057 4542 1265 4612 τρίτην
1319 4538 1441 4593 τῶν
1482 4541 1664 4593 Βασι-

779 4656 794 4669 .
821 4631 978 4668 ειων.
1271 4667 1274 4669 ς

779 4631 978 4670 λείων.
1271 4667 1274 4669 μ

140 4712 252 4766 Kal
277 4712 502 4781 σφῦρα
534 4709 632 4763 καὶ
664 4708 927 4773 πέλεκυς
970 4705 1070 4760 καὶ
1099 4703 1223 4759 πᾶν
1248 4703 1472 4767 σκεῦος
1499 4700 1671 4767 σιδή-

67 4821 199 4871 ρου.
235 4800 410 4868 Οἶκος
435 4803 496 4857 δέ
518 4799 858 4874 ἡἘκκλησία
882 4798 976 4852 τοῦ
998 4795 1156 4850 Θεοῦ⁴
1183 4797 1242 4850 ὲν
1323 4795 1384 4847 ού
1404 4795 1486 4847 δεῖ
1508 4794 1676 4846 ἀκου-

78 4898 269 4969 σθῆναι
301 4898 416 4967 σφύ
427 4914 548 4968 ραν.
578 4895 766 4969 Σφύρα
797 4895 854 4948 δὲ
879 4895 1062 4963 πάσης
1084 4891 1208 4962 γῆς,
1231 4891 1260 4942 6
1282 4886 1526 4950 διάϐολος
1544 4901 1557 4915 ·
1580 4885 1675 4938 καὶ

74 4991 219 5047 ἔστιν
247 4994 278 5046 6
333 4993 416 5064 μὴ
449 4989 750 5062 φροντίζων
792 4989 981 5058 αὐτῆς,
1026 4985 1193 5039 οἱονεί
1235 4999 1320 5045 τις
1345 4980 1445 5050 ὕλη
1477 4995 1676 5031 τυπτο-

76 5084 209 5155 μένη
254 5085 393 5157 παρ’
426 5083 601 5153 αὑτῆς
626 5082 717 5134 καὶ
749 5079 824 5152 μὴ
849 5079 1153 5148 πάσχουσα.
1203 5092 1222 5125 ι
1244 5073 1375 5127 Ἰδοὺ
1408 5070 1538 5141 γὰρ,
1566 5084 1674 5138 φη·-

73 5181 157 5232 σὶν
194 5179 414 5250 Ἀμὼς,
467 5177 608 5246 ἀνὴρ
647 5170 895 5245 ἑστηκὼς
931 5171 1024 5224 ἐπὶ
1051 5169 1262 5239 τείχους
1290 5162 1673 5235 ἀδαμαντίνου,

75 5275 168 5323 καὶ
196 5273 254 5325 ἐν
281 5274 353 5342 τῇ
395 5270 547 5340 χειρὶ
576 5263 742 5321 αὑτοῦ
779 5263 1024 5334 ἀδάμαςο
1051 5279 1069 5312 ι
1105 5259 1164 5323 ὃς
1204 5258 1419 5327 άδάμας
1465 5254 1672 5308 ὑπόὑ-

73 5366 265 5435 Callia;
316 5361 749 5433 συντριϐήσεται
780 5356 1007 5428 σφύρας.
1040 5352 1158 5408 Κᾶν
1202 5350 1496 5419 ἐφεστήκει
1539 5345 1672 5416 γοῦν

73 5461 100 5509 6
125 5459 384 5520 διάϐολος
423 5454 630 5525 σφύρα,
673 5453 767 5505 καὶ
804 5447 1156 5517 ὑποκείμενος
1195 5446 1222 5497 6
1254 5442 1467 5513 δράκων
1488 5439 1672 5510 ὥσπερ

74 5553 271 5621 ἄκμων
297 5549 601 5620 ἁνήλατος,
639 5543 793 5598 οὐδὲν
815 5543 844 5594 ὁ
869 5543 928 5594 ἐν
952 5542 1018 5610 τῇ
1051 5537 1195 5608 χειρὶ
1225 5534 1429 5604 Κυρίου
1454 5531 1548 5585 καὶ
1571 5528 1676 5582 ὑπὸ

148 5770 194 5801 ⁵³
225 5770 238 5820 1
269 5768 417 5834 Reg.
452 5778 563 5817 tm.
588 5760 711 5834 l9..__
749 5755 834 5808 l"l
863 5753 992 5822 Reg.
1022 5765 1133 5834 xx_t,
1162 5748 1213 5800 5.

80 5840 126 5870 ⁸⁸
154 5838 216 5891 lli
250 5823 396 5906 ιιυέῖ
439 5850 520 5898 Vl,
546 5834 598 5886 7.
674 5831 714 5861 ⁸⁸
755 5833 920 5881 Alnos
963 5839 1052 5884 \‘ll,
1082 5823 1134 5875 7.

1311 5746 1355 5776 ⁵⁵
1384 5741 1515 5796 ibid.
1541 5738 1594 5792 4.
1673 5736 1716 5768 ⁵⁸
1742 5734 1870 5790 ibid.
1896 5732 1948 5784 7.
2025 5727 2068 5758 ⁸⁷
2093 5725 2110 5778 l
2137 5723 2268 5790 Reg.
2298 5731 2433 5780 uti,
2459 5709 2508 5765 6.
2576 5707 2621 5738 ⁵⁸
2646 5705 2683 5758 Il
2709 5701 2837 5770 Reg.
2865 5711 2917 5758 Vt

1747 842 1908 887 tatem
1941 845 1996 887 et
2026 832 2227 888 caedem
2261 843 2451 886 contra
2479 831 2671 888 Iacob.
2713 833 2880 888 David
2905 843 3086 888 autem
3123 852 3141 885 ι
3169 831 3321 888 rufus

1746 940 1868 979 cum
1896 923 2296 993 pulchritudine
2326 923 2632 988 oculorum,
2678 932 2731 977 et
2762 925 2935 979 bonus
2965 933 3184 994 aspectu
3217 923 3323 979 Do-

1748 1019 1912 1082 mino,
1942 1036 1963 1070 ι
2001 1025 2059 1070 ιιι
2088 1017 2418 1086 perspicacia
2449 1016 2668 1076 Davidis
2694 1017 3095 1072 ostenderetur.

1816 1193 1884 1248 Et
1923 1212 2065 1250 nunc
2090 1196 2136 1250 si
2171 1205 2291 1249 sunt
2314 1195 2408 1250 sub
2438 1211 2596 1249 manu
2634 1195 2861 1267 quinque
2885 1211 3043 1264 panes
3065 1195 3134 1249 “.
3174 1193 3316 1250 Prte-

1747 1285 2092 1354 signilicabat
2139 1286 2340 1355 regiam
2381 1285 2580 1340 tribum
2613 1295 2669 1340 et
2715 1285 3108 1340 sacerdotalem
3154 1285 3326 1342 coali-

1752 1383 1903 1430 turas
1940 1389 2060 1430 esse
2096 1377 2148 1429 in
2179 1374 2396 1430 Christo
2423 1375 2706 1430 sacerdote
2729 1374 2892 1430 simul
2921 1383 2976 1430 et
3007 1391 3156 1446 rege.

1818 1553 1944 1608 Non
1971 1564 2090 1608 sunt
2121 1571 2281 1624 panes
2304 1555 2516 1625 profani
2539 1556 2612 1612 ".
2653 1556 2936 1619 Prolanos.
2965 1571 3072 1612 non
3096 1555 3331 1611 immun-

1750 1648 1848 1701 dos
1875 1646 2028 1711 dicit,
2059 1649 2152 1702 sed
2187 1664 2292 1703 non
2339 1658 2575 1710 sanctos.
2610 1658 2666 1706 et
2700 1660 2760 1704 ut
2786 1648 2978 1718 Aquila
3009 1650 3191 1714 vertit,
3222 1646 3327 1703 lai-

1751 1753 1845 1793 eos
1879 1756 1892 1791 :
1922 1755 2029 1792 non
2065 1739 2207 1806 quod
2258 1739 2490 1808 profani,
2534 1742 2626 1810 qui
2655 1756 2762 1795 non
2815 1740 3011 1806 sancti,
3061 1741 3156 1795 sed
3185 1740 3325 1809 quod

1683 1830 1875 1886 Bcum
1926 1839 2116 1883 sancto
2162 1830 2483 1900 comparati.
2543 1829 2650 1886 Sex
2703 1839 2884 1886 autem
2933 1844 3102 1899 panes
3140 1830 3328 1885 habuit

1753 1933 1940 1974 mensa
1967 1919 2058 1989 qui
2088 1933 2305 1989 semper
2325 1921 2696 1986 mutabantur,
2723 1934 2860 1990 quos
2887 1931 2943 1976 et
2965 1922 3232 1976 vocabant
3259 1936 3325 1976 ex

1753 2015 1982 2068 adverso
2007 2012 2212 2083 positos
2235 2028 2334 2084 pro
2355 2013 2640 2069 duodecim
2669 2013 2948 2078 tribubus;
2978 2013 3050 2067 ita
3081 2023 3141 2067 ut
3172 2029 3330 2068 unus-

1753 2105 1987 2175 quisque
2038 2119 2069 2158 a
2115 2103 2326 2159 duabus
2359 2103 2606 2158 tribubus
2658 2103 2968 2160 offerretur.
3024 2101 3154 2158 [nde
3182 2105 3326 2158 enim

1754 2198 1862 2252 illis
1892 2213 2113 2263 nomen,
2149 2201 2292 2267 quod
2341 2199 2512 2252 tribus
2557 2197 2720 2251 Israel
2767 2199 2821 2250 iu
2869 2197 3114 2252 eamdem
3162 2195 3328 2249 animi

1754 2291 2079 2345 sententiam
2099 2289 2487 2345 convenirent.
2528 2286 2985 2359 Prtesiguilicatur
3025 2290 3193 2342 etiam
3214 2286 3334 2342 fore

1757 2394 1815 2438 ut
1847 2383 1954 2440 bini
2002 2394 2058 2440 et
2094 2384 2204 2439 bini
2251 2398 2279 2437 ιι
2331 2383 2552 2438 Christo
2597 2382 2844 2452 discipuli
2881 2381 3228 2434 mitterentur
3259 2377 3328 2432 ad

1757 2479 1929 2534 tribus
1966 2476 2128 2532 Israel
2159 2485 2214 2531 et
2243 2475 2410 2532 simul
2442 2484 2589 2531 esset
2627 2473 2913 2529 duodecim
2962 2470 3331 2542 apostolorum

1757 2587 2036 2628 numerus.

1828 2661 1896 2716 Et
1945 2663 2016 2714 ibi
2054 2671 2166 2715 erat
2207 2677 2344 2715 imus
2378 2675 2661 2729 puerorum
2700 2657 2764 2709 ⁸⁸.
2810 2654 3089 2727 Signiﬁcat
3119 2661 3337 2724 propter

1756 2763 2039 2824 peccatum
2089 2753 2171 2808 vel
2222 2755 2290 2807 ob
2335 2751 2586 2807 morbum
2642 2749 2967 2803 remansisse
3015 2744 3159 2813 Doeg
3211 2743 3335 2796 Idu-

1756 2861 1951 2901 mteum
2003 2855 2062 2900 ut
2109 2845 2340 2900 serviret
2380 2853 2435 2898 et
2472 2840 2830 2896 conﬁteretur
2874 2851 3057 2892 coram
3085 2835 3336 2901 Domino,

1757 2938 1839 2993 vel
1885 2952 2071 2993 coram
2121 2934 2479 3000 dtemonibus,
2530 2930 2986 3003 quemadmodum
3019 2926 3148 2982 Saul
3184 2924 3339 2996 cujus

1759 3033 1932 3084 tuulos
1968 3029 2248 3098 pascebat.

1832 3121 1899 3175 Et
1927 3119 2064 3176 Saul
2088 3120 2300 3174 sedebat
2329 3119 2384 3172 iu
2416 3115 2545 3171 colle
2567 3115 2635 3169 ⁵⁷.
2679 3111 2808 3168 Saul
2839 3121 3016 3183 typum
3047 3109 3150 3164 fert
3180 3107 3337 3162 mali-

1763 3216 1848 3284 gni
1871 3213 2094 3283 spiritus
2114 3211 2203 3280 qui
2237 3209 2544 3265 dominatus
2566 3216 2650 3262 est
2677 3203 2840 3259 Israel
2870 3201 3072 3258 dicenti
3108 3215 3124 3254 :
3164 3219 3185 3250 ι
3222 3196 3336 3252 Non

1763 3306 2028 3359 habemus
2059 3316 2259 3371 regem.
2293 3320 2313 3352 ι
2353 3299 2488 3353 Nam
2519 3297 2728 3368 priscus
2770 3293 2998 3365 pepulth
3027 3299 3340 3361 contempto

1764 3397 1965 3452 Davide
1990 3408 2116 3464 rege
2141 3408 2239 3448 suo
2263 3391 2420 3462 petiit
2450 3389 2670 3444 Saulem
2706 3401 2884 3456 regem
2913 3383 3016 3438 sibi
3049 3382 3193 3437 dari.

1767 3599 1851 3652 Ea:
1885 3592 2272 3651 commentariis
2319 3587 2562 3659 Origenis
2603 3585 2657 3638 in
2704 3582 2895 3636 librant
2927 3579 3214 3634 secundum
3243 3574 3343 3632 Re-

2435 3671 2678 3728 guorum.

1840 3759 1984 3825 Quia
2031 3752 2296 3810 adversati
2342 3761 2461 3802 sunt
2510 3747 2635 3801 cauti
2681 3753 2728 3797 et
2785 3739 2962 3794 claudi
2988 3737 3055 3792 ³⁸.
3114 3735 3342 3791 Jebusati

1767 3866 2063 3926 pauperum
2091 3857 2389 3902 amatorem
2425 3839 2596 3893 David
2642 3853 2672 3892 a
2710 3850 2864 3889 muro
2893 3839 3346 3887 eomtnonueruut

1769 3923 2064 4005 conviciari
2098 3944 2196 4012 ipsi
2231 3954 2403 3996 caecos
2433 3945 2486 3990 et
2537 3931 2778 3987 claudos.
2833 3927 2929 3982 llic
2961 3936 3140 3979 autent
3171 3923 3347 3994 captis

1769 4039 2122 4110 Jerosolymis
2155 4052 2259 4090 non
2295 4033 2468 4089 solum
2501 4028 2632 4082 nihil
2671 4026 2751 4080 eis
2781 4021 2906 4076 tuali
2944 4019 3214 4090 rependit,
3249 4018 3344 4071 sed

1772 4145 2036 4201 militibus
2064 4141 2200 4194 hanc
2232 4136 2402 4205 legem
2440 4131 2562 4186 tulit
2582 4129 2627 4160 δ’
2667 4145 2680 4181 :
2720 4145 2738 4176 ι
2765 4124 2822 4178 Si
2855 4125 2975 4193 quis
3016 4117 3348 4175 interfecerit

1771 4251 1972 4292 caecum
1998 4232 2326 4291 Jchusasum,
2353 4225 2436 4279 vel
2466 4221 2741 4284 claudum,
2771 4227 3021 4283 tangatur
3050 4211 3298 4281 pugione,
3321 4227 3346 4266 ι

1776 4332 1878 4386 hoc
1906 4337 1990 4382 est
2023 4343 2042 4378 ι
2072 4321 2370 4379 occidatur.
2395 4337 2413 4369 ι
2459 4315 2718 4382 Quamvis
2756 4309 2902 4365 enim
2932 4307 3056 4362 odio
3091 4305 3351 4358 baberent

1776 4421 2012 4474 animam
2045 4413 2235 4476 David,
2267 4410 2348 4465 eis
2378 4407 2646 4479 parcitutn
2677 4410 2780 4457 est.

1704 4517 1750 4572 θ
1778 4529 1940 4603 481
1987 4525 2072 4580 Ex
2106 4518 2493 4603 commentariis
2525 4513 2771 4582 Origenis
2800 4510 2858 4562 in
2897 4507 3091 4559 librum
3132 4501 3349 4556 tertium

2405 4588 2728 4656 Ileguomm.

1853 4689 1922 4744 Et
1947 4685 2168 4741 malleus
2195 4692 2242 4738 et
2266 4679 2464 4735 securis
2491 4689 2534 4730 et
2569 4689 2718 4728 omne
2749 4687 2840 4725 vas
2886 4668 3114 4738 ferreum
3147 4663 3213 4717 ⁸⁸.
3249 4661 3356 4716 Do-

1781 4797 1923 4847 mus,
1951 4790 2034 4834 est
2069 4775 2309 4832 Ecclesia
2354 4771 2470 4832 Dei,
2505 4768 2557 4820 in
2605 4779 2711 4835 qua
2759 4776 2865 4816 non
2921 4753 3220 4811 audiendus
3268 4759 3356 4806 est

1782 4843 2029 4930 malleus.
2058 4868 2336 4924 Universae
2367 4871 2545 4915 autem
2581 4867 2738 4911 terra:
2784 4849 3009 4906 malleus
3050 4854 3130 4900 est
3169 4843 3353 4898 diabo-

1778 4972 1897 5028 lus:
1928 4969 1996 5025 de
2019 4982 2126 5036 quo
2153 4961 2245 5032 qui
2272 4973 2378 5012 nou
2421 4962 2598 5013 curat,
2623 4958 2706 5004 est
2734 4944 2900 4999 veluti
2935 4938 3161 5036 materia
3207 4951 3353 5036 qua:-

1782 5025 1906 5119 αξη»
1935 5025 2054 5129 quae
2079 5053 2149 5109 ab
2172 5025 2288 5122 ipso
2315 5043 2614 5117 percutitur
2642 5048 2696 5094 et
2719 5035 2854 5091 nihil
2879 5031 3086 5102 patitur
3127 5045 3142 5081 :
3171 5045 3190 5078 ι
3216 5025 3358 5129 Ecce

1779 5115 1968 5215 enim;
1989 5145 2162 5214 inquit
2184 5115 2351 5194 Amos
2374 5137 2443 5201 ⁶¹,
2472 5135 2556 5188 vir
2575 5127 2754 5187 stabat
2788 5138 2951 5194 super
2985 5133 3196 5215 murum
3226 5115 3357 5169 ada-

1779 5207 2083 5298 mantinuui
2119 5241 2217 5290 :et
2256 5231 2312 5284 in
2350 5243 2508 5283 manu
2529 5223 2644 5292 ejus
2667 5220 2918 5282 adamas;
2959 5233 2978 5266 ι
3007 5211 3096 5281 qui
3131 5207 3356 5262 adamas

1780 5352 1812 5390 a
1844 5332 1992 5388 nullo
2018 5327 2215 5383 malleo
2263 5328 2600 5377 conteretur.
2657 5308 2919 5379 Quamvis
2972 5304 3135 5372 igitur
3186 5300 3357 5399 instet

2942 5693 2997 5747 6.
3072 5687 3118 5720 ⁸³
3143 5682 3272 5740 ibid.
3298 5678 3354 5736 3.
