3870 6506
505 332 613 389 995

1945 332 2270 390 ORIGENIS
3658 340 3740 395 996

504 450 626 520 ejus
655 450 895 515 adamas,
927 465 1030 504 non
1059 451 1233 506 cadet.
1273 450 1458 506 Murus
1483 451 1625 506 enim
1660 442 2038 506 atlatnantinus
2063 495 2075 519 ,

2184 454 2282 524 τὴν
2325 453 2630 525 ἐπισκοπὴν
2661 455 2824 509 αὑτοῦ
2858 456 3077 527 ἀδάμας
3118 456 3390 509 πεσεῖται.
3440 457 3626 524 Τεῖχος
3657 457 3742 526 γὰρ

506 543 597 611 qui
635 543 686 596 in
716 557 873 596 manu
900 541 992 595 Dei
1025 543 1456 612 imperturbatus
1490 552 1688 610 manet,
1722 553 1800 596 est
1827 552 2072 608 sanctus,

505 631 632 687 licet
657 633 861 686 medius
899 633 1338 702 apprehendatur
1366 636 1505 688 inter
1537 635 1784 689 malleum
1843 645 1900 690 ct
1954 637 2078 690 dra-

503 737 719 783 conem.
757 726 972 790 Quanto
1004 726 1234 791 amplius
1290 729 1621 795 verberatur,
1666 738 1816 783 tanto
1877 729 2078 784 clarior

504 815 675 870 virtus
718 816 834 886 ejus
857 819 1061 875 evadit.
1097 819 1352 874 Diabolus
1401 822 1546 874 enim
1593 831 1650 874 ut
1707 823 1797 890 qui
1840 821 2078 890 lapidum

507 908 714 976 ignorat
747 917 1016 972 naturam,
1046 910 1227 965 multis
1252 911 1449 965 ictibus
1473 913 1669 980 probat
1702 927 1826 966 eum
1876 913 1968 981 qui
1995 919 2078 968 est

503 1016 600 1054 ccu
630 1001 851 1054 adamas
875 1009 929 1054 et
955 998 1108 1068 cujus
1131 1003 1278 1056 solus
1314 1003 1454 1056 Deus
1481 1013 1729 1055 naturam
1766 1003 1931 1056 novit.

572 1108 657 1164 Ea;
707 1114 1100 1166 commentariis
1143 1111 1383 1182 Origenis
1427 1116 1480 1166 in
1528 1113 1720 1166 librum
1774 1123 2021 1182 quartum

1137 1183 1455 1252 Regnorum.

579 1271 713 1326 Ecce
750 1284 928 1327 autem
976 1291 1090 1328 cum
1139 1278 1314 1331 pueris
1367 1275 1469 1329 tuis
1525 1274 1912 1344 quinquaginta
1961 1272 2079 1334 viri,

506 1363 606 1432 ﬁlii
635 1366 838 1419 virtutis
869 1368 936 1419 θ’.
982 1366 1234 1421 Christus
1264 1369 1452 1431 virtus,
1486 1367 1588 1421 diei
1614 1367 1751 1420 filios
1782 1367 1929 1427 facit,
1952 1376 2006 1418 et
2033 1364 2082 1417 si

505 1459 628 1526 quis
655 1469 736 1512 est
755 1460 836 1513 vir
860 1461 1096 1525 virtutis,
1133 1461 1274 1514 filius
1299 1460 1501 1514 Christi
1527 1469 1630 1516 est.
1660 1460 1871 1514 Accidit
1897 1469 2077 1512 autem

507 1560 568 1602 ut
593 1565 713 1618 quae
743 1552 843 1605 sub
869 1551 1090 1606 Christo
1126 1562 1252 1606 sunt
1311 1552 1543 1606 virtutes
1613 1551 1751 1606 ﬁlios
1807 1561 2082 1620 nequeant

506 1639 722 1709 facere;
769 1643 814 1697 si
846 1654 1022 1698 autem
1055 1643 1274 1710 faciunt,
1312 1653 1367 1697 at
1397 1643 1570 1698 solum
1599 1643 1853 1698 infantes.

2178 545 2206 594 ὁ
2244 544 2397 611 ἆγιος
2426 544 2802 615 ἀδαμάντινον,
2827 549 2920 600 καὶ
2949 549 3177 618 ὲνχειρὶ
3202 547 3414 617 Κυρίου
3449 548 3608 616 μένον
3633 548 3745 599 ἁπι-

2181 633 2291 698 θὲς,
2318 633 2423 686 κᾶν
2451 638 2615 705 μέσος
2647 636 2824 708 ληφθῇ
2847 638 2947 707 τῆς
2979 654 3039 690 τε
3067 638 3278 708 σφύρας
3302 638 3524 691 καὶτοῦ
3557 637 3748 707 δράκον.

2178 743 2287 789 τος.
2322 727 2469 796 ’Όσῳ
2499 726 2554 778 δὲ
2579 727 2866 792 τύπτεται,
2902 729 3289 800 λαμπροτέραν
3321 727 3498 782 αὑτοῦ
3529 730 3626 798 τὴν
3650 731 3751 798 ἀρε-

2181 817 2277 887 τὴν
2313 818 2662 877 ἐπιδείκνυσι.
2701 821 2757 874 '0
2778 821 2886 893 γὰρ
2909 822 3150 886 διάϐολος
3172 817 3261 877 οἶά
3277 840 3364 885 τις
3384 821 3555 874 λίθων
3574 823 3750 889 ἁγνιῶ-υ

2185 907 2364 975 φύσιν,
2413 907 2499 961 διὰ
2528 909 2738 962 πολλῶν
2763 911 3047 981 δοκιμάζει
3095 913 3346 983 πληγῶν,
3377 914 3476 965 τὸν
3518 907 3628 965 ὡν

2188 1017 2381 1071 μαντα,
2415 1000 2548 1054 Θεοῦ
2585 1002 2744 1072 μόνου
2775 1003 2870 1075 τὴν
2901 1005 3094 1058 τούτου
3128 1007 3294 1076 φύσιν
3328 1006 3562 1067 εἰδὰτος,

2199 1112 2298 1167 Ἐκ
2334 1114 2452 1166 τῶν
2497 1113 2827 1182 Ὠριγένους
2863 1119 2948 1195 sic
2985 1116 3102 1195 ςὴν
3125 1119 3423 1187 τετάρτην
3454 1114 3578 1170 τῶν
3601 1120 3752 1171 Bac:-

2882 1192 3081 1241 λειῶν.

2273 1276 2416 1331 Ἰδοὺ
2458 1278 2525 1331 δὲ
2566 1278 2716 1348 μετά
2752 1277 2870 1330 τῶν
2909 1278 3138 1332 παίδων
3170 1294 3288 1334 σου
3332 1279 3382 1333 ν’
3411 1280 3633 1347 ἄνδρες
3667 1285 3752 1332 tiri

2187 1367 2512 1438 δυνάμεως.
2574 1371 2809 1442 Χριστὸς
2852 1370 3100 1440 δύναμις,
3140 1372 3357 1443 ἡμέρας
3403 1373 3557 1434 υἱοὺς
3607 1377 3748 1423 ποιεῖ·

2185 1462 2278 1513 καὶ
2304 1463 2355 1514 εἴ
2381 1481 2462 1525 τις
2499 1464 2645 1516 ἐστὶν
2683 1463 2821 1534 ἀνὴρ
2853 1463 3150 1532 δυνάμεως,
3191 1464 3340 1515 ἐστὶν
3369 1465 3486 1527 υἱὸς
3521 1464 3748 1533 Χριποζ.

2184 1553 2322 1605 Ιῐοτὲ
2347 1554 2402 1606 δὲ
2431 1557 2578 1618 υἱοὺς
2611 1557 2781 1606 ποιεῖν
2817 1556 2870 1606 αἱ
2910 1556 3014 1607 ὑπὸ
3037 1556 3271 1626 Χριστὸν
3315 1555 3586 1624 away-.4
3609 1556 3665 1606 οὐ
3691 1555 3752 1606 ἰύ-

2183 1664 2391 1702 νανται.
2433 1647 2495 1699 Εἰ
2524 1647 2578 1700 δὲ
2617 1648 2709 1700 καὶ
2742 1647 3012 1712 ποιοῦσιν,
3037 1647 3170 1700 ἀλλὰ
3203 1648 3457 1717 νηπίους.

747 1958 1327 2053 OBIGENIS
1398 1961 1976 2057 HOMILUE
2055 1964 2184 2054 IN
2263 1966 2730 2058 LIBRUM
2812 1967 3538 2062 REGNORUM.

2080 2163 2151 2175 .-

1015 2307 1297 2365 ΠΟΜῘΙΛΑ
1345 2310 1578 2368 PRIMA.

501 2398 583 2457 De
604 2398 876 2456 Helchana
930 2410 975 2474 et
1012 2400 1346 2474 “Pheneum,
1403 2415 1450 2458 et
1505 2404 1657 2459 Anna
1709 2413 1760 2460 et
1812 2405 2080 2474 Samuele,

917 2471 1061 2537 Heli,
1091 2482 1136 2526 et
1165 2469 1336 2541 Opimi
1359 2485 1404 2527 et
1435 2475 1680 2530 Phineu.

574 2587 626 2640 1.
651 2587 765 2642 Non
800 2595 926 2641 tunc
965 2585 1342 2641 tantummodo
1368 2587 1509 2643 Deus
1549 2589 1814 2659 plantavit
1868 2590 2086 2660 paradi-

513 2693 662 2742 sum,
693 2678 787 2734 scd
829 2677 1004 2732 donec
1048 2683 1159 2730 stat
1187 2675 1293 2729 vita
1337 2679 1671 2745 mortalium,
1727 2681 1901 2736 donec
1942 2680 2089 2736 salus

508 2770 788 2824 hominum
823 2769 1019 2824 divinis
1050 2767 1482 2825 institutionibus
1527 2781 1850 2840 procuratur
1873 2813 1888 2839 ,
1947 2788 2089 2828 sem-

507 2876 613 2929 per
653 2861 791 2915 liunt
831 2877 894 2916 ea
927 2878 1046 2932 quae
1081 2863 1212 2932 justi
1259 2880 1360 2919 vox
1395 2875 1516 2920 orat
1564 2864 1617 2918 in
1668 2863 1922 2931 Psalmis,
1961 2881 2084 2921 cum

503 2954 639 3008 dicit
671 2955 715 2986 ⁸³
743 2971 756 3007 :
796 2974 814 3007 ‹
843 2953 1109 3012 lnducens
1137 2959 1321 3028 planta
1352 2973 1445 3014 eos
1483 2958 1536 3013 in
1580 2968 1764 3012 monte
1793 2959 2082 3013 haeredita-

503 3042 575 3097 tis
605 3052 758 3098 tuae.»
787 3042 940 3099 Unde
972 3055 1026 3098 et
1047 3060 1240 3101 omnes
1266 3061 1491 3102 oramus
1516 3061 1636 3100 esse
1664 3046 1928 3116 plantatio
1954 3047 2079 3102 Dei:

502 3135 630 3204 quia
653 3136 699 3189 si
725 3136 846 3204 quis
867 3151 973 3191 non
998 3137 1161 3192 fuerit
1188 3137 1454 3206 plantatio
1481 3137 1598 3202 Dei,
1623 3138 1893 3193 sententia
1917 3139 2085 3193 semel

503 3241 534 3281 a
591 3226 772 3295 judice
829 3229 1071 3283 omnium
1127 3229 1413 3286 Salvatore
1465 3239 1649 3284 nostro
1715 3230 1818 3282 lata
1872 3239 1956 3283 est
2009 3229 2086 3283 di-

497 3333 634 3379 cens
656 3320 700 3351 “
731 3337 745 3374 :
782 3339 801 3372 ι
847 3321 1039 3376 Omnis
1062 3321 1323 3390 plantatio
1355 3337 1518 3390 quam
1549 3336 1652 3376 non
1691 3322 1954 3392 plantavit
1984 3320 2084 3374 Pa-

503 3421 587 3467 ter
620 3426 771 3467 meus
794 3412 1057 3481 cmlestis,
1089 3414 1478 3470 eradicabitur.
1535 3433 1554 3466 ι
1613 3413 1753 3468 Deus
1775 3427 1903 3482 ergo
1933 3414 2086 3481 plan-

499 3509 602 3572 tat,
636 3514 688 3559 et
712 3506 1064 3574 estquaadam
1103 3508 1318 3577 prepria
1349 3506 1442 3562 Dei
1486 3506 1844 3576 agricultura,
1880 3513 1936 3559 et
1988 3521 2082 3560 ne-

497 3608 654 3651 cesse
681 3605 766 3650 est
788 3598 935 3665 quod
959 3613 1091 3667 ager
1126 3598 1216 3652 ille
1240 3612 1402 3667 quem
1440 3597 1584 3652 Deus
1608 3598 1735 3652 colit
1761 3607 1813 3652 et
1847 3597 2077 3666 plantat,

2120 2325 2163 2379 Β
2193 2317 2310 2387 agri
2352 2316 3002 2387 plantaeessepossumus
3036 2325 3091 2371 et
3121 2325 3398 2386 optamus,
3446 2331 3556 2372 non
3602 2327 3744 2372 tamen

2191 2410 2441 2464 eumdem
2506 2423 2756 2478 saporem
2811 2408 3060 2464 reddere.
3125 2409 3186 2464 In
3234 2409 3513 2464 fructibus
3564 2411 3745 2477 quidem

2190 2502 2515 2556 confitemur
2537 2515 2636 2554 nos
2690 2499 2890 2554 habere
2918 2498 3120 2568 aliquid
3151 2500 3550 2555 amaritudinis
3601 2500 3652 2553 in
3683 2514 3749 2552 sa-

2189 2606 2339 2662 pore,
2369 2598 2461 2645 aut
2508 2589 2646 2645 forte
2688 2589 2833 2660 quod
2861 2589 3074 2644 videtur
3100 2590 3216 2660 (93)
3260 2592 3446 2660 magis
3505 2607 3665 2661 quam
3699 2593 3751 2644 sit

2189 2699 2435 2737 amarum
2468 2699 2480 2736 :
2519 2683 2645 2752 quia
2675 2698 2857 2739 sermo
2883 2683 3248 2752 correptionis
3295 2698 3532 2738 amarus
3563 2683 3746 2751 quidem

2189 2779 2403 2834 videtur
2425 2779 2706 2835 essedum
2765 2779 3016 2849 corripit,
3061 2778 3238 2834 dulcis
3297 2787 3490 2832 autem
3551 2777 3749 2832 efﬁcitur

2188 2885 2309 2924 cum
2339 2871 2612 2925 emendat.
2644 2869 2777 2925 Vide
2806 2870 2973 2924 etiam
2995 2868 3165 2938 ipsius
3199 2868 3422 2924 Domini
3455 2879 3513 2923 et
3536 2867 3750 2922 Salvatov

2192 2961 2268 3016 ris
2296 2962 2466 3017 nostri
2499 2975 2804 3024 sermones,
2832 2961 2956 3029 quia
2988 2974 3092 3015 non
3143 2973 3340 3014 omnes
3380 2959 3747 3013 beatitudinem

2189 3054 2495 3121 continent,
2531 3069 2630 3109 nec
2664 3067 2853 3108 omnes
2885 3053 2950 3107 de
2980 3054 3136 3106 venia
3168 3061 3222 3106 et
3257 3051 3611 3122 indulgentia
3653 3065 3746 3118 pm-

2189 3151 2483 3208 testantur,
2515 3143 2607 3198 sed
2644 3153 2771 3199 sunt
2799 3143 2851 3197 in
2886 3140 3065 3196 verbis
3093 3141 3258 3195 etiam
3290 3141 3552 3209 quaedam
3599 3153 3744 3193 auste-

2188 3251 2248 3291 ra
2276 3246 2328 3292 et
2358 3237 2557 3292 tristia.
2590 3236 2743 3291 Sicut
2771 3235 2913 3290 enim
2947 3234 3081 3290 dicit
3107 3253 3119 3288 :
3142 3233 3294 3288 Beati
3315 3235 3414 3304 qui
3444 3234 3562 3288 haec
3588 3243 3640 3288 et
3660 3234 3746 3284 hac.

2187 3339 2373 3402 agunt,
2406 3330 2478 3384 ita
2513 3329 2662 3392 dicit,
2693 3325 2786 3382 Vae
2816 3328 2918 3384 illis
2959 3328 3052 3398 qui
3081 3327 3197 3384 haec
3250 3339 3308 3381 et
3355 3329 3481 3382 haec
3530 3341 3742 3398 egerunt.

2186 3422 2300 3493 Ego
2322 3423 2423 3476 hoc
2445 3421 2610 3476 etiam
2645 3421 2696 3474 in
2721 3419 3000 3489 pr0phetis
3020 3427 3408 3488 perscrutatus
3439 3434 3584 3483 sum,
3607 3430 3655 3473 et
3679 3420 3743 3471 in-

2186 3512 2307 3565 veni
2338 3511 2522 3580 paucis
2544 3512 2936 3580 prophetarum
2970 3511 3110 3564 istud
3141 3524 3266 3565 esse
3311 3525 3673 3573 concessum,
3701 3519 3745 3562 at

2186 3617 2463 3670 nunquam
2493 3600 2698 3668 aliquid
2729 3599 2942 3670 populis
2975 3614 3222 3653 amarum
3251 3609 3351 3653 aut
3410 3599 3571 3654 triste
3597 3601 3744 3668 loque-

504 3701 610 3740 ηοη
640 3702 800 3740 "nam
837 3688 1035 3743 habet“
1069 3691 1328 3744 arborum
1375 3691 1639 3759 εροεῑθιιι,
1672 3688 1765 3743 50d
1821 3698 2076 3758 laminam
2105 3675 2148 3733 (ἶ
2186 3703 2394 3759 rentur,
2419 3692 2512 3747 sed
2547 3691 2725 3746 dulcia
2763 3706 2978 3761 semper
3003 3700 3057 3746 et
3088 3691 3254 3746 lenia.
3291 3691 3657 3746 Observatum
3682 3703 3740 3743 lar

499 3793 592 3831 rus
620 3777 805 3833 divitis
831 3788 884 3834 et
918 3781 1154 3850 potentis
1195 3782 1447 3851 agricola:
1478 3783 1543 3836 de
1569 3781 1814 3837 omnium
1860 3780 1928 3834 sit
1959 3779 2072 3832 vir-

499 3868 773 3938 gultorum
810 3885 1009 3938 genere
1041 3871 1324 3927 refertum.
1379 3873 1657 3940 Quomodo
1683 3881 1861 3927 autem
1896 3870 2076 3926 omnia

507 3958 819 4014 habeantur
848 3961 900 4015 in
942 3978 1072 4032 agro
1107 3965 1224 4030 Dei,
1254 3966 1663 4022 consideremus
1686 3980 1750 4020 ex
1778 3965 1935 4034 hujus
1967 3971 2077 4017 ter-

497 4065 573 4106 rae
599 4053 745 4122 agris
773 4069 910 4121 quos
942 4055 1187 4111 homines
1221 4057 1424 4112 colunt.
1459 4057 1712 4124 Nunquid
1736 4058 1786 4111 in
1817 4071 1948 4126 agro
1976 4069 2078 4110 suo

496 4142 884 4213 paterfamilias
916 4147 1154 4214 agricola
1189 4158 1355 4202 totum
1384 4149 1570 4204 vincas
1603 4149 1802 4214 habet,
1850 4155 1942 4201 aut
1998 4155 2077 4200 to-

497 4243 614 4291 tum
640 4237 796 4304 ficus,
831 4248 923 4292 aut
961 4248 1132 4293 totum
1159 4242 1322 4305 mala,
1349 4242 1432 4296 vel
1462 4242 1707 4311 palmas?
1739 4241 1845 4296 Sed
1874 4241 1964 4309 qui
1995 4241 2076 4294 di-

494 4326 669 4398 ligens
689 4339 744 4384 et
780 4331 1085 4386 industrius
1133 4339 1217 4386 est
1267 4332 1511 4400 colonus,
1560 4348 1627 4388 ex
1685 4333 1770 4388 his
1818 4333 2072 4387 omnibus

493 4435 682 4490 agrum
707 4423 976 4476 consitum
1002 4423 1164 4478 habet
1184 4431 1238 4478 et
1268 4422 1550 4482 refertum.
1591 4425 1683 4478 Sic
1714 4438 1845 4493 ergo
1876 4422 2075 4476 intelli-

493 4530 682 4582 gamus
719 4518 851 4570 etin
889 4531 956 4572 eo
985 4531 1114 4588 agro
1143 4531 1302 4585 quem
1351 4517 1493 4572 Deus
1517 4518 1746 4588 plantat,
1789 4517 1915 4586 quia
1964 4533 2066 4571 non

492 4621 598 4660 una
627 4608 741 4663 sola
766 4612 1023 4666 arborum
1055 4612 1264 4679 species
1313 4623 1416 4676 est,
1451 4587 1604 4682 qua}.
1628 4621 1839 4666 tantum
1892 4611 2070 4666 dulcia

497 4697 638 4753 ferat
661 4717 839 4770 poma,
869 4705 961 4758 sed
986 4703 1162 4774 aliqua
1189 4706 1394 4771 dulcia,
1441 4704 1618 4773 aliqua
1657 4717 1897 4769 auSIera,
1959 4716 2072 4756 sum

491 4798 674 4845 tamen
710 4796 1135 4865 unumquodque
1165 4798 1416 4852 utilitatis
1441 4809 1495 4850 et
1517 4797 1703 4866 gratiae
1734 4795 1869 4866 (90).
1894 4794 2071 4848 Nolite

488 4892 621 4950 ergo
659 4881 715 4935 in
741 4885 898 4940 nobis
938 4887 1068 4942 illud
1106 4891 1406 4956 requirere,
1455 4889 1596 4958 quod
1639 4887 1690 4941 in
1732 4903 1864 4956 papa
1905 4885 2069 4957 482

491 4971 804 5030 Alexandro
839 4976 951 5048 (9|)
989 4979 1216 5035 habetis.
1244 4979 1501 5036 Fatcmur
1523 4980 1669 5036 enim
1711 4978 1853 5048 quod
1875 4991 2066 5033 omnes

486 5081 584 5121 nos
606 5078 829 5137 superat
861 5070 913 5123 in
964 5071 1137 5140 gratia
1188 5072 1448 5128 lenitatis.
1487 5070 1654 5141 Cujus
1696 5071 1882 5142 gratiae
1952 5087 2058 5127 non

485 5159 629 5215 solus
661 5175 760 5231 ego
793 5161 1114 5230 praedicator
1151 5164 1380 5228 exsisto,
1427 5166 1520 5220 sed
1565 5181 1662 5220 vos
1721 5178 1910 5219 omnes
1960 5178 2060 5218 ex-

482 5252 619 5321 perti
642 5257 966 5323 cognoscitis
987 5265 1042 5310 et
1067 5258 1306 5326 probatis
1350 5257 1412 5311 Et
1437 5258 1557 5313 ideo
1575 5256 1812 5326 ejusdem
1839 5255 2056 5324 quidem

462 5427 464 5431 ν
549 5393 593 5424 ⁸³
622 5391 690 5449 1V
719 5393 1034 5464 383.15“).
1111 5397 1156 5428 ⁸³
1185 5397 1352 5452 Exod.
1385 5413 1473 5462 xv,
1507 5397 1591 5452 l'l.

550 5527 842 5605 (90)l_lnus
867 5533 1035 5588 codex
1077 5551 1234 5598 mss.,
1269 5554 1288 5587 ι
1324 5551 1423 5590 sua
1469 5545 1648 5590 tamen
1713 5537 2057 5605 unumquod-

481 5611 599 5672 que
617 5603 846 5656 utilitate
873 5614 928 5656 et
954 5607 1150 5672 gratia.
1190 5624 1207 5656 ι

683 5668 1008 5761 dissentire.
1043 5675 1410 5761 é‘lexandrnm
1440 5674 1681 5761 intelligo
1702 5673 2052 5761 Jerosolymi-

484 5746 663 5794 tanum
694 5743 1024 5816 episcopum,
1058 5744 1309 5818 Origettis
1356 5747 1614 5812 amicum,
1652 5747 1716 5802 de
1751 5762 1860 5818 quo
1892 5743 2062 5803 Eusc-

1691 5397 1734 5428 “
1763 5395 1957 5451 Matth.
1987 5411 2077 5462 xv,
2113 5396 2194 5449 l3.

2183 3798 2305 3839 men
2329 3791 2410 3838 est
2438 3797 2465 3835 a
2491 3781 2764 3850 prioribus
2795 3781 2996 3834 nostris
3024 3820 3039 3844 ,
3074 3780 3217 3850 quod
3264 3781 3323 3833 in
3358 3779 3599 3834 Psalmis
3650 3790 3740 3833 tal-

2183 3873 2466 3929 tummodo
2504 3873 2614 3926 illis
2641 3873 2732 3941 qui
2760 3872 3108 3927 attitulantur
3136 3891 3155 3923 ι
3195 3871 3353 3926 Filiis
3383 3873 3570 3926 Chore
3591 3913 3608 3937 ,
3637 3891 3653 3923 ι
3699 3874 3739 3922 ia

2179 3966 2316 4036 ipsis
2343 3965 2475 4018 solis
2526 3963 2660 4018 nihil
2689 3962 3075 4017 amaritudinis
3106 3963 3188 4017 vel
3225 3964 3578 4018 austeritatis
3620 3963 3736 4015 vide»

2181 4073 2265 4118 tttr
2293 4062 2502 4128 inferri,
2533 4061 2627 4116 sed
2654 4061 2755 4116 hoc
2775 4059 2855 4115 eis
2882 4059 3034 4128 quasi
3067 4059 3249 4115 divino
3270 4075 3512 4115 munere
3541 4073 3738 4113 conca-

2177 4171 2295 4210 sum
2325 4163 2427 4216 est,
2458 4161 2527 4218 ut
2561 4151 2796 4206 nominis
2851 4166 3041 4206 eorum
3095 4150 3304 4206 Psalmi
3363 4167 3586 4222 semper
3641 4152 3738 4204 lzta

2176 4261 2402 4318 qua-que
2434 4245 2773 4300 contineant.
2821 4244 2915 4298 Est
2955 4258 3089 4312 ergo
3117 4245 3288 4297 etiam
3344 4245 3401 4297 in
3467 4244 3598 4312 ipsis
3639 4258 3740 4310 pro-

2177 4339 2352 4408 phetis
2376 4338 2546 4391 multa
2577 4336 2890 4391 diversitas.
2921 4335 3023 4389 Alii
3050 4337 3250 4401 tristia,
3279 4337 3374 4392 alii
3404 4338 3530 4393 laeta
3563 4339 3742 4390 deuen-

2177 4431 2333 4486 tiant.
2364 4430 2469 4486 Sed
2504 4437 2559 4485 et
2601 4431 2717 4500 ipse
2747 4429 3023 4499 apostolus
3070 4429 3296 4491 Paulus,
3361 4433 3460 4500 qui
3525 4433 3740 4484 imitator

2173 4532 2255 4578 est
2283 4522 2506 4585 Christi,
2539 4521 2738 4576 habere
2766 4536 2825 4575 se
2855 4521 2991 4576 dicit
3026 4521 3230 4590 virgam
3259 4565 3274 4586 ,
3315 4522 3386 4575 ad
3429 4538 3524 4577 eos
3580 4524 3738 4590 utique

2172 4613 2262 4681 qui
2285 4612 2525 4679 indigent
2548 4608 2830 4679 disciplina
2866 4626 2878 4662 :
2913 4618 2968 4663 et
3006 4611 3060 4664 in
3089 4611 3288 4680 spiritu
3325 4610 3738 4665 mansuetudinis

2173 4702 2366 4755 venire
2395 4715 2455 4755 se
2491 4701 2644 4764 dicit,
2681 4700 2748 4754 ad
2777 4714 2871 4754 eos
2899 4701 3166 4768 proferto,
3209 4716 3451 4771 quorum
3487 4706 3594 4756 vita
3645 4703 3733 4754 cci-

2173 4794 2255 4860 pis
2283 4791 2525 4846 carebat.
2557 4790 2622 4844 Et
2655 4791 2727 4844 ita
2754 4791 3029 4846 invenitur
3063 4793 3118 4846 in
3147 4809 3251 4846 una
3287 4794 3597 4861 eademque
3635 4793 3732 4857 eius

2176 4881 2413 4950 Epistola
2459 4895 2640 4935 sermo
2688 4887 2741 4934 et
2796 4895 3015 4936 amarus
3046 4893 3099 4936 et
3157 4883 3354 4938 dulcis.
3407 4883 3561 4936 Sicut
3593 4894 3641 4937 et
3677 4887 3728 4930 att

2170 4970 2482 5027 Corinthios
2507 4971 2559 5024 iit
2598 4971 2773 5040 prima
2803 4983 2954 5041 parte
2988 4973 3189 5041 prioris
3221 4972 3480 5040 Epistula:
3526 4973 3653 5025 dicit
3671 4969 3726 5030 “.

2169 5065 2293 5134 quia
2327 5080 2347 5114 ‹
2382 5063 2434 5118 in
2456 5063 2707 5117 omnibus
2741 5062 2934 5117 divites
2952 5063 3080 5117 facti
3100 5065 3232 5120 estis
3258 5067 3312 5118 in
3348 5065 3489 5133 ipso,
3521 5068 3574 5117 in
3601 5062 3725 5115 omni

2168 5160 2374 5223 verbo,
2433 5165 2489 5211 et
2551 5157 2604 5210 in
2648 5158 2798 5212 omni
2854 5158 3121 5223 scientia,
3185 5160 3330 5213 sicut
3379 5158 3720 5214 testimonium

2167 5252 2372 5308 Christi
2394 5251 2776 5305 confirmatum
2807 5261 2892 5306 cst
2914 5253 2967 5307 in
3013 5253 3192 5320 vobis,
3218 5253 3294 5308 ita
3333 5261 3392 5307 ut
3422 5251 3555 5306 nihil
3590 5250 3718 5303 vobis

2276 5394 2322 5425 ⁵⁵
2357 5392 2373 5446 l
2401 5390 2527 5446 Cor.
2560 5390 2683 5457 1,,5,
2714 5390 2768 5457 6,
2798 5392 2850 5446 7.

2165 5537 2288 5590 bius
2323 5535 2581 5588 Historia:
2628 5536 2998 5590 ecclesiastica:
3059 5535 3154 5589 lib.
3181 5551 3258 5601 vt,
3305 5536 3482 5601 cap.8
3529 5543 3579 5587 et
3628 5529 3710 5584 ΞΤ.

2168 5607 2305 5676 [line
2343 5608 2507 5659 etiam
2554 5605 2748 5676 collige
2806 5610 2945 5660 hanc
2999 5607 3272 5662 homiliant
3331 5609 3559 5660 habitam
3597 5613 3710 5658 esse

2165 5674 2519 5746 Jerusolymis

2243 5747 2352 5817 (92)
2379 5742 2539 5814 Mss.,
2573 5765 2590 5800 ι
2623 5746 2856 5803 videtur.
2888 5762 2908 5800 ι
2951 5742 3118 5811 Editi,
3157 5764 3176 5798 ι
3204 5745 3484 5816 iudicatur.
3516 5762 3538 5795 ι
