3870 6548
81 379 165 439 997
1176 369 1243 425 IN
1288 368 1547 425 LIBRUM
1577 367 1818 424 REGUM
1846 365 2129 425 HOMILIA
2160 368 2201 424 Ι.

3212 380 3314 437 995

82 498 205 556 δεείι
235 495 283 548 in
306 488 407 545 ulla
435 489 603 559 gratia
627 491 1077 559 exspectantibus
1114 494 1503 547 revelationem
1524 492 1628 548 Do-
1658 496 1699 552 A
1734 490 2015 559 posuimus
2074 490 2362 569 iudicetur.
2421 493 2694 550 Fortassis
2750 496 2896 549 enim
2960 497 3106 554 dicet
3160 501 3316 556 nobis

82 587 198 647 mini
228 581 389 638 nostri
421 579 547 637 Jesu
582 584 811 638 Christi.
858 602 876 636 ›
913 584 979 638 Ει
1008 584 1166 652 paulo
1194 594 1313 652 post
1346 585 1622 653 gradiens,

80 680 187 735 vide
213 673 436 744 qualiter
456 687 636 728 sermo
658 674 775 743 ejus
812 687 1170 744 exasperatur
1204 691 1326 729 cum
1361 677 1494 730 dicit
1526 676 1571 707 “
1608 691 1621 727 :

83 792 99 826 ι
132 767 347 827 Omnino
374 764 596 819 auditur
622 765 675 819 in
703 767 857 820 vobis
890 766 1194 831 fornicatio,
1226 777 1281 822 et
1306 766 1430 821 talis
1462 766 1627 820 forni-

79 862 209 918 catio
241 854 412 925 qualis
444 868 543 909 nec
575 856 719 909 inter
760 866 971 925 gentes,
1007 857 1079 910 ita
1111 865 1169 911 ut
1200 871 1422 911 uxorem
1458 857 1626 925 patris

77 950 257 1021 aliquis
288 946 507 1001 habeat.
538 944 604 999 Et
639 961 736 1001 vos
769 945 935 1000 inﬂati
979 948 1130 1012 estis,
1169 957 1225 1002 et
1277 964 1381 1002 non
1456 948 1625 1016 magis

79 1040 294 1103 luxistis,
317 1046 373 1092 ut
410 1036 628 1091 tollatur
666 1041 729 1091 de
762 1038 940 1093 medio
975 1049 1214 1094 vestrum
1244 1040 1334 1108 qui
1365 1040 1466 1094 hoc
1490 1054 1626 1109 opus

74 1135 210 1190 fecit.
251 1151 269 1184 ›
306 1129 422 1184 lloc
450 1139 631 1183 autem
663 1129 785 1184 ideo
813 1130 1115 1195 scribebat,
1146 1132 1270 1199 quia
1304 1148 1409 1186 non
1435 1147 1624 1187 omnes

74 1226 131 1279 ad
170 1236 298 1292 quos
325 1232 510 1273 sermo
544 1219 660 1287 ejus
686 1220 1043 1289 dirigebatur,
1076 1221 1233 1276 laude
1264 1221 1411 1290 digni
1447 1231 1621 1285 erant,

73 1328 235 1384 neque
268 1328 460 1367 omnes
505 1312 775 1368 confutari
814 1316 895 1369 vel
954 1316 1157 1384 corripi
1218 1314 1565 1369 merebantur
1607 1331 1620 1367 :

69 1417 116 1459 et
147 1406 256 1459 ideo
286 1418 465 1457 amara
496 1403 747 1459 dulcibus
784 1406 993 1469 miscet,
1031 1416 1088 1459 ut
1134 1406 1252 1461 laus
1290 1407 1357 1459 ad
1392 1407 1624 1474 optimos

69 1512 314 1566 quosque,
338 1498 614 1565 correptio
635 1512 764 1551 vero
792 1495 1061 1550 referatur
1090 1497 1155 1550 ad
1182 1494 1465 1563 pessimos.
1500 1494 1624 1548 Haec

68 1589 255 1644 idcirco
287 1587 523 1642 diximus
561 1588 610 1641 in
634 1588 971 1657 praefatione,
992 1588 1114 1656 quia
1135 1590 1247 1642 scio
1274 1602 1368 1642 vos
1393 1602 1623 1642 consuc-

65 1678 196 1731 visse
228 1677 489 1731 lenissimi
527 1679 697 1748 patris
721 1679 908 1733 dulces
940 1694 1157 1748 semper
1190 1680 1381 1733 audire
1413 1694 1621 1733 sermo-

67 1785 176 1833 nes,
213 1777 411 1822 nostrae
439 1784 567 1824 vero
604 1770 957 1840 plantationis
990 1770 1277 1826 arbuscula
1323 1772 1486 1825 habet
1523 1771 1622 1825 ali-

60 1863 177 1930 quid
205 1861 548 1917 austeritatis
588 1864 639 1917 in
675 1873 859 1933 gustu,
889 1866 1032 1932 quod
1097 1873 1277 1918 tamen
1338 1864 1622 1919 orantibus

61 1953 200 2009 vobis
225 1956 314 2007 liet
341 1955 803 2010 medicamentum
832 1956 1023 2011 salutis
1057 1975 1069 2009 :
1106 1958 1231 2025 quia
1266 1966 1321 2011 et
1384 1956 1622 2011 medica-

60 2052 227 2098 menta
254 2045 507 2113 quaedam
537 2057 666 2101 sunt
698 2047 901 2114 dulcia,
939 2048 1184 2117 quaedam
1224 2064 1354 2103 vero
1377 2060 1619 2113 austera,

58 2150 432 2205 nonnunquam
462 2145 516 2191 et
545 2152 754 2205 amara,
795 2149 849 2195 et
882 2150 1061 2197 tamen
1105 2142 1155 2195 in
1219 2143 1333 2196 suis
1392 2155 1622 2211 quaeque

57 2226 176 2279 locis
202 2228 441 2282 remedia
472 2228 739 2296 tribuunt,
766 2232 811 2287 si
836 2247 962 2287 cum
995 2247 1250 2288 mensura
1283 2242 1338 2288 et
1364 2233 1623 2305 temporis

56 2319 457 2388 opportunitate
490 2332 801 2377 sumantur.

122 2412 172 2465 2.
203 2413 443 2468 Historia
500 2415 659 2471 nobis
709 2419 936 2473 recitata
984 2426 1067 2472 est
1119 2417 1184 2473 de
1252 2417 1426 2488 primo
1482 2418 1621 2475 libro

54 2503 381 2573 Regnorum,
419 2519 538 2573 quae
573 2506 645 2560 ita
678 2508 894 2562 videtur
921 2507 1177 2574 dilﬁcilis,
1207 2516 1265 2562 ut
1297 2510 1503 2578 absque
1541 2510 1621 2564 di-

51 2593 177 2646 time
205 2593 427 2649 virtutis
453 2595 626 2664 gratia
651 2595 959 2665 explanatio
983 2596 1100 2664 ejus
1138 2613 1247 2651 non
1292 2601 1463 2666 possit
1526 2612 1620 2653 ex-

48 2685 184 2753 poni.
220 2684 484 2741 Refertur
510 2702 639 2758 ergo
673 2688 747 2743 ibi
779 2690 822 2720 ⁶⁷
854 2704 867 2735 :
912 2706 931 2741 ι
976 2689 1107 2745 Erat
1136 2690 1222 2743 vir
1243 2704 1383 2745 unus
1410 2703 1474 2745 ex
1510 2690 1619 2745 Ra-

49 2775 290 2828 mathaim
348 2774 560 2847 SOphin
621 2777 688 2833 de
741 2786 927 2832 monte
980 2778 1260 2848 Ephraim,
1322 2789 1379 2835 et
1421 2795 1617 2836 nomen

45 2863 149 2930 ejus
178 2864 484 2922 llelchana.
523 2886 541 2920 ι
575 2867 791 2925 Etcum
831 2880 1209 2925 enumerasset
1258 2886 1476 2926 omnem
1528 2886 1620 2942 ge-

45 2961 371 3017 nerationem
414 2961 551 3031 ejus,
579 2963 710 3019 dicit
740 2981 754 3018 :
785 2982 805 3016 ι
838 2963 903 3018 Et
926 2964 1051 3019 huic
1073 2974 1251 3029 erant,
1277 2967 1473 3036 inquit,
1499 2966 1620 3020 duae

44 3068 252 3119 uxores,
278 3071 487 3111 nomen
523 3056 617 3111 uni
644 3057 820 3122 Anna,
847 3066 903 3112 et
931 3073 1126 3113 nomen
1170 3059 1423 3113 secundae
1476 3057 1619 3113 Phe—

1732 581 1930 650 aliquis
1963 583 2030 636 ad
2082 582 2411 637 audientiam
2479 585 2612 655 legis
2679 594 2879 642 nostra:
2942 605 3116 659 nuper
3164 606 3319 646 accc-

1730 672 1861 727 dens
1887 690 1901 726 :
1928 672 2235 727 Christiana
2268 674 2456 744 religio
2496 678 2808 745 pudicitiam
2854 680 3177 749 proﬁtetur,
3233 683 3318 736 ἱιμ

1732 772 1940 817 tantum
1979 773 2055 827 ut,
2090 765 2136 818 si
2174 764 2287 818 ﬁeri
2317 776 2512 833 potest,
2547 784 2645 823 nec
2673 772 3058 842 contingamus
3090 777 3314 829 omnino

1727 853 2033 907 mulierem.
2070 854 2159 907 Sic
2201 853 2349 909 enim
2387 857 2517 912 dicit
2549 860 2837 926 Apostolus
2866 863 2909 893 ⁸⁸
2959 881 2975 918 :
3036 882 3055 915 ε
3099 866 3312 921 Bonum

1726 950 1808 996 est
1835 943 2037 997 homini
2072 958 2177 999 non
2213 954 2435 1016 tangere
2467 948 2772 1005 mulierem.
2807 972 2826 1005 ›
2856 953 2963 1010 Iste
3015 966 3192 1011 autem
3228 959 3317 1025 ju-

1729 1047 1847 1090 Stus
1871 1045 1995 1091 tuus
2023 1036 2297 1093 llelchana
2344 1039 2433 1108 qui
2479 1042 2687 1096 nobisa
2729 1043 3006 1114 Scriptura
3052 1055 3314 1118 proponi-

1729 1137 1817 1180 tur
1851 1128 1918 1182 ad
1970 1129 2275 1198 exemplum
2310 1172 2325 1195 ,
2398 1132 2533 1186 duas
2581 1134 2742 1188 simul
2787 1153 2984 1195 uxores
3054 1142 3314 1197 habuisse

1727 1218 2053 1273 describitur
2085 1236 2096 1271 :
2130 1235 2195 1275 ex
2227 1221 2423 1289 quibus
2463 1223 2551 1277 illa
2601 1240 2720 1294 quae
2759 1229 2909 1297 prior
2968 1233 3307 1301 nominatur,

1727 1324 1833 1362 non
1866 1310 2028 1365 habet
2067 1311 2262 1377 ﬁlium,
2295 1314 2346 1367 id
2401 1325 2506 1378 est,
2536 1315 2727 1383 Anna;
2769 1320 3062 1376 Phencnna
3125 1334 3305 1380 autem

1726 1409 1781 1455 et
1850 1404 2049 1459 multos
2096 1405 2297 1461 habere
2343 1408 2482 1463 filios
2534 1409 2736 1464 dicitur
2788 1424 2845 1466 et
2897 1416 3093 1470 multas
3146 1432 3306 1473 acce-

1727 1492 1870 1562 pisse
1912 1496 2215 1562 portiones.
2279 1496 2368 1550 llla
2419 1508 2598 1554 autem
2669 1505 2819 1572 prior
2873 1521 3033 1559 unam
3082 1510 3306 1577 solam,

1725 1587 1852 1655 quia
1885 1588 1999 1656 ipsa
2034 1589 2148 1643 sola
2188 1597 2303 1655 est,
2349 1594 2559 1661 accepit
2590 1604 2823 1661 partem,
2876 1607 2930 1651 et
2986 1600 3051 1654 de
3107 1602 3307 1655 sterili-

1727 1689 1838 1734 tate
1873 1684 2243 1750 conqueritur.
2306 1681 2687 1753 Nunquidnam
2739 1698 2792 1743 et
2844 1706 2940 1745 nos
2992 1696 3305 1750 contristari

1726 1768 1990 1825 debemus
2017 1771 2144 1839 quia
2182 1771 2323 1828 ﬁlios
2354 1790 2459 1828 non
2483 1775 2764 1839 habemus,
2794 1787 2849 1832 et
2874 1781 3111 1849 virgines
3138 1784 3304 1855 483

1727 1869 1927 1915 nostra:
1972 1861 2289 1917 contristari
2323 1866 2519 1920 debent
2548 1870 2692 1934 quod
2737 1872 2854 1923 sine
2905 1871 3030 1926 ﬁliis
3076 1876 3306 1931 vivunt?

1729 1949 1855 2005 ﬂare
1891 1951 2002 2005 dixi
2036 1967 2321 2009 assumens
2350 1971 2637 2025 personam
2662 1974 2875 2027 eorum,
2917 1964 3006 2031 qui
3064 1969 3304 2022 nondum

1726 2044 1887 2113 plene
1921 2045 2172 2100 instructi
2207 2048 2271 2101 de
2306 2049 2390 2104 his
2430 2065 2547 2118 qua:
2596 2053 2647 2105 in
2701 2053 2999 2124 Scripturis
3026 2061 3304 2115 veteribus

1734 2135 2069 2206 recitantur,
2102 2138 2307 2193 moveri
2354 2141 2725 2209 scrupulosius
2777 2146 2970 2200 solent.
3029 2148 3306 2219 Deprecor

1722 2234 1903 2282 autem
1944 2241 2037 2282 vos
2080 2242 2304 2293 omnes,
2339 2239 2395 2282 ut
2433 2233 2690 2300 quoniam
2719 2248 2937 2290 sensum
2971 2245 3078 2289 tam
3108 2237 3303 2293 difﬁci-

1723 2316 1854 2372 lium
1904 2332 2084 2374 rerum
2118 2334 2377 2375 conamur
2423 2326 2634 2393 aperire
2657 2366 2673 2393 ,
2725 2336 2780 2379 et
2802 2340 2863 2381 ea
2893 2342 3011 2397 quae
3039 2328 3307 2385 velamine

1721 2408 1935 2466 obtecta
1960 2421 2085 2466 sunt
2122 2411 2382 2468 Ecclesia:
2409 2415 2635 2472 auribus
2676 2418 2914 2486 pandere
2945 2420 3020 2490 (in
3060 2419 3298 2477 lectione

1720 2503 1862 2557 enim
1896 2502 2104 2559 Veteris
2135 2504 2473 2561 Testamenti
2498 2546 2513 2571 ,
2550 2508 2691 2563 sicut
2735 2509 2869 2564 dicit
2902 2514 3193 2581 Apostolus
3217 2515 3288 2577 ",

1720 2594 1963 2649 velamen
1996 2605 2081 2651 est
2106 2598 2368 2668 positum)
2390 2600 2643 2667 precibus
2671 2617 2699 2653 a
2732 2601 2961 2657 Domino
2985 2605 3296 2673 postuletis,

1722 2695 1778 2741 ut
1806 2688 2056 2759 dignetur
2105 2690 2260 2746 nobis
2288 2692 2353 2744 ad
2386 2706 2445 2748 se
2495 2693 2775 2748 conversis
2806 2694 3022 2751 auferre
3052 2696 3299 2753 velamen

1719 2779 1883 2832 etiam
1910 2778 1978 2833 de
2008 2780 2110 2835 hac
2142 2780 2378 2836 lectione
2400 2795 2564 2851 quam
2595 2782 2929 2839 habemusin
2951 2786 3301 2847 manibus,et

1720 2870 1932 2939 plenius
1980 2871 2140 2928 nobis
2186 2888 2435 2929 reserare
2479 2888 2597 2942 quae
2643 2884 2780 2930 tecta
2830 2883 2985 2943 sunt,
3031 2884 3172 2930 utet
3204 2890 3307 2931 nos

1719 2962 1989 3030 possimus
2020 2963 2256 3019 revelata
2291 2962 2431 3020 facie
2473 2966 2525 3018 in
2570 2964 2656 3020 his
2688 2980 2807 3034 quae
2840 2976 2979 3023 tecta
3005 2976 3132 3021 sunt
3173 2968 3296 3037 glo-

1722 3051 1859 3105 riam
1889 3051 2105 3107 Domini
2136 3053 2427 3122 speculari.

48 3160 211 3199 nenna
239 3163 253 3199 :
281 3157 337 3202 et
368 3149 487 3201 nati
517 3159 645 3203 sum
701 3147 1010 3204 Phenennw
1042 3149 1161 3215 ﬁlii,
1201 3158 1255 3203 et
1298 3150 1466 3205 Anna:
1508 3166 1615 3205 non
1645 3173 1687 3230 ο
1791 3145 1847 3198 4.
1880 3164 1898 3197 ι
1939 3145 2092 3210 Erat,
2127 3146 2321 3215 inquit,
2350 3148 2432 3200 vir
2453 3162 2589 3201 unus
2617 3146 2686 3203 de
2715 3147 2975 3203 llamatha
3011 3152 3078 3206 de
3115 3161 3303 3208 monte

46 3248 154 3292 erat
191 3239 351 3295 ﬁlius.
387 3241 458 3295 Et
495 3241 819 3296 ascendebat
846 3242 931 3295 vir
963 3241 1051 3296 ille
1096 3244 1162 3296 de
1202 3242 1426 3297 civitate
1454 3258 1548 3297 sua
1589 3258 1620 3297 a

48 3332 225 3386 diebus
258 3332 310 3386 in
341 3334 490 3399 dies,
519 3342 576 3387 ut
616 3334 871 3388 adoraret
916 3343 974 3388 et
1031 3334 1342 3389 immolaret
1392 3336 1621 3392 Domino

49 3424 294 3479 virtutum
336 3427 393 3480 in
430 3426 573 3481 Silo.
603 3426 681 3481 lbi
714 3437 873 3481 erant
905 3426 1020 3482 Heli
1056 3436 1112 3480 et
1163 3426 1268 3481 duo
1318 3427 1411 3482 ﬁlii
1465 3429 1616 3498 ejus,

44 3514 207 3586 Ophni
226 3529 281 3573 et
296 3518 558 3585 Phinees,
578 3521 889 3576 sacerdotes
910 3519 1141 3575 Domini.
1159 3519 1223 3573 Et
1241 3520 1378 3575 facta
1400 3530 1482 3577 est
1505 3523 1621 3578 dies

44 3606 90 3660 in
115 3623 213 3677 qua
244 3610 559 3666 immolavit
583 3611 883 3677 Helchana,
911 3623 964 3667 et
992 3613 1139 3668 dedit
1158 3610 1463 3668 Phenennaa
1487 3630 1622 3670 uxo-

46 3701 85 3752 ri
108 3716 236 3765 suae,
264 3712 321 3757 et
353 3703 615 3759 omnibus
653 3705 781 3761 ﬁliis
804 3706 933 3774 ejus
994 3718 1049 3762 et
1101 3708 1319 3765 ﬁliabus
1388 3720 1617 3778 partes:

41 3790 198 3845 Annae
224 3801 411 3849 autem
442 3795 593 3849 dedit
620 3812 780 3850 unam
813 3807 1045 3866 partem.
1067 3798 1181 3854 Non
1206 3801 1352 3856 enim
1387 3800 1620 3855 habebat

41 3883 193 3948 filios,
252 3888 386 3954 quia
447 3888 798 3943 concluserat
848 3889 1108 3947 Dominus
1159 3892 1370 3945 vulvam
1424 3893 1560 3959 ejus.
1594 3910 1613 3943 ι

43 3973 166 4029 Tum
191 3978 390 4033 deinde
424 3978 596 4034 refert
645 3979 953 4050 Scriptura,
1004 3984 1129 4052 quia
1190 3984 1515 4039 contristata
1539 3993 1621 4039 est

38 4067 205 4133 Anna,
241 4073 391 4139 quod
426 4086 555 4125 cum
588 4073 1173 4141 acceperitPhenenna
1209 4074 1471 4144 plurimas
1496 4090 1619 4144 por-

40 4158 205 4215 tiones
242 4177 369 4217 cum
406 4164 563 4229 filiis,
600 4164 713 4232 ipsa
767 4180 927 4219 unam
964 4165 1135 4221 solam
1168 4168 1441 4235 acceperit
1497 4183 1621 4235 par-

37 4260 159 4317 tem,
189 4262 242 4308 et
262 4255 395 4324 quia
445 4256 553 4309 hoc
587 4255 773 4312 dolore
830 4257 1079 4324 perculsa
1111 4257 1365 4327 templum
1410 4258 1616 4313 Domini

38 4344 268 4414 ingressa
298 4348 593 4403 deileverit
634 4361 689 4404 et
725 4351 963 4405 oraverit
998 4365 1123 4405 cum
1155 4350 1377 4407 silentio
1405 4391 1418 4417 ,
1458 4352 1530 4406 ita
1564 4360 1622 4405 ut

36 4450 132 4489 non
159 4439 455 4494 audiretur
489 4456 589 4495 vox
643 4440 805 4508 ejus:
856 4453 910 4497 et
940 4444 1067 4512 quia
1108 4452 1303 4513 putans
1336 4459 1455 4499 eam
1502 4443 1618 4498 Heli

36 4531 287 4586 sacerdos
318 4548 451 4588 esse
482 4532 716 4596 ebriam,
761 4534 1127 4603 increpaverit
1155 4551 1297 4601 eam,
1346 4537 1457 4606 ipsa
1493 4549 1621 4588 vero
1652 4517 1696 4571 D

35 4634 149 4672 cum
188 4621 517 4675 humilitate
567 4622 898 4689 respondens
939 4620 1272 4676 satisfecerit
1329 4621 1625 4685 sacerdoti,

34 4712 262 4767 oraverit
306 4712 426 4783 (9'5)
475 4722 656 4769 autem
713 4714 781 4767 ad
839 4713 1152 4776 Dominum,
1199 4723 1258 4769 ut
1314 4712 1629 4781 conciperet

34 4801 216 4871 ﬁlium,
249 4807 592 4875 promittens
620 4819 679 4859 se
711 4806 820 4860 Deo
851 4817 1290 4860 consecraturam
1346 4806 1628 4873 quodcun-

34 4909 131 4961 que
187 4897 503 4965 genuisset.
582 4897 647 4951 Et
692 4912 818 4954 cum
880 4913 946 4953 ex
994 4895 1417 4967 repromissione
1454 4896 1627 4949 ﬁlium

32 4987 389 5057 suscepisset,
424 4987 665 5043 refertur
692 4989 837 5058 quod
871 5004 901 5043 a
928 4990 1067 5045 lacte
1095 4987 1378 5058 depulsum
1408 4989 1623 5043 obtule-

35 5077 99 5128 rit
124 5092 247 5131 eum
280 5080 544 5135 Domino.
569 5078 687 5135 Non
723 5082 868 5134 enim
908 5090 1123 5151 poterat
1151 5080 1346 5135 oﬁ‘erre
1393 5081 1625 5136 Domino

33 5168 176 5235 prius
197 5188 325 5227 eum
355 5188 531 5242 quam
560 5188 589 5227 a
621 5174 761 5229 lacte
788 5174 1098 5244 depelleret.
1125 5172 1295 5229 Oll‘ert
1343 5189 1472 5244 ergo
1502 5188 1624 5228 eum

34 5263 84 5314 in
115 5268 372 5322 oratione
403 5270 649 5337 quadam
690 5270 1023 5339 propheticis
1044 5270 1295 5325 distincta
1327 5269 1624 5340 mysteriis.

30 5352 501 5413 Abbreviavimus
555 5370 816 5429 quantum
900 5362 1174 5429 potuimus
1229 5360 1624 5416 continentiam

36 5446 311 5503 lectionis.

98 5543 152 5597 5.
190 5542 504 5600 Videamus
539 5561 682 5601 nunc
706 5546 836 5616 quid
863 5547 1027 5602 etiam
1057 5561 1152 5615 per
1190 5548 1306 5602 haec
1354 5562 1473 5616 quae
1501 5560 1625 5616 pro-

101 5677 147 5709 “
179 5677 198 5732 l
228 5678 364 5735 Cor.
401 5696 458 5743 v,
492 5681 619 5768 1,2.
715 5684 756 5713 °"
793 5681 810 5734 l
838 5683 968 5755 Reg.
996 5702 1032 5749 ι,
1061 5685 1196 5748 1,-5.

102 5816 215 5887 (93)
260 5815 422 5871 Unus
445 5817 640 5882 codex,
675 5836 691 5867 ι
728 5819 924 5870 oravit.
968 5839 985 5869 ι

1275 5685 1320 5716 ⁸⁸
1345 5684 1362 5739 l
1390 5685 1513 5739 Cor.
1542 5698 1634 5749 vn,
1670 5681 1719 5735 i.

1723 3236 2007 3304 Epitraim.
2053 3257 2073 3291 ι
2129 3236 2242 3291 Non
2279 3254 2364 3292 me
2399 3239 2529 3293 latet
2558 3240 2732 3308 primo
2766 3240 2886 3295 loco
2927 3244 3067 3309 quod
3102 3243 3154 3296 in
3205 3244 3307 3298 ali-

1723 3331 1920 3398 quibus
1941 3329 2348 3399 exemplaribus
2378 3332 2615 3385 habetur
2641 3351 2653 3386 :
2686 3348 2705 3381 t
2735 3331 2868 3386 Erat
2894 3333 2978 3386 vir
3004 3334 3247 3403 quidam,
3282 3353 3303 3385 ι

1723 3423 1816 3476 sed
1846 3422 1895 3475 in
1932 3423 2016 3476 his
2047 3421 2456 3492 exemplaribus
2486 3438 2607 3494 qua:
2637 3424 3009 3479 emendatiora
3046 3425 3303 3494 probavi-

1725 3530 1844 3570 mus
1873 3515 1945 3568 ita
1997 3515 2270 3569 habetur:
2308 3532 2327 3565 ‹
2367 3515 2500 3571 Erat
2528 3516 2611 3570 vir
2640 3530 2799 3570 unus.
2843 3535 2862 3568 ο
2896 3516 2955 3570 1η
3007 3532 3116 3587 quo
3148 3518 3308 3573 nobis

1723 3606 1888 3661 etiam
1927 3606 2156 3670 Hebraei,
2192 3607 2286 3677 qui
2317 3606 2705 3663 contradicunt
2732 3608 2784 3661 in
2810 3609 3044 3674 caeteris,
3078 3610 3306 3679 acquie-

1724 3708 1900 3753 scunt.
1931 3699 2061 3753 Erat
2089 3714 2218 3769 ergo
2253 3700 2337 3755 vir
2385 3715 2544 3756 unus.
2580 3700 2710 3754 Vide
2751 3701 2795 3754 si
2829 3716 2937 3755 non
2986 3702 3089 3756 hoc
3135 3702 3309 3771 ipsum

1724 3792 1962 3859 pertinet
1992 3792 2059 3846 ad
2092 3791 2307 3847 laudem
2332 3790 2465 3862 justi
2495 3792 2639 3861 quod
2665 3791 2870 3846 dicitur
2901 3793 2966 3847 de
2987 3807 3090 3847 eo:
3125 3811 3143 3844 ι
3178 3794 3311 3847 Erat

1723 3884 1808 3937 vir
1836 3898 1993 3937 unus.
2034 3902 2052 3935 ι
2092 3881 2202 3938 Nos
2240 3883 2333 3953 qui
2380 3885 2561 3939 adhuc
2608 3896 2925 3954 peccatores
2961 3900 3147 3939 sumus
3200 3900 3309 3940 non

1723 3990 2009 4046 possumus
2029 3976 2189 4031 istum
2220 3977 2435 4031 titulum
2465 3976 2638 4032 laudis
2658 3979 2967 4047 acquirere,
2989 3976 3116 4044 quia
3143 3992 3311 4030 unus-

1722 4069 1951 4138 quisque
1983 4081 2232 4124 nostrum
2278 4083 2385 4124 non
2431 4078 2514 4123 est
2545 4085 2715 4136 unus,
2749 4071 2841 4124 sed
2879 4078 2963 4124 est
3008 4069 3183 4123 multi.
3219 4070 3308 4123 ln-

1726 4170 1878 4216 tuere
1903 4176 2137 4230 namque
2166 4159 2397 4229 alicujus
2427 4160 2631 4215 vultum
2664 4176 2804 4215 nunc
2832 4160 2981 4224 irati,
3034 4176 3175 4215 nunc
3213 4161 3310 4213 ite-

1726 4269 1846 4309 rum
1879 4254 2074 4318 tristis,
2102 4254 2263 4323 paulo
2291 4263 2414 4323 post
2446 4269 2659 4308 rursum
2692 4252 2996 4324 gaudentis,
3022 4260 3075 4307 et
3109 4252 3305 4307 iterum

1726 4346 1950 4412 turbati,
1988 4355 2041 4400 et
2066 4360 2283 4400 rursum
2322 4345 2478 4410 lenis,
2512 4346 2564 4399 in
2600 4345 2708 4401 alio
2759 4355 3004 4413 tempore
3053 4344 3110 4398 ie
3147 4343 3310 4398 rebus

1728 4437 1927 4493 divinis
1974 4447 2028 4492 et
2066 4438 2185 4492 vitae
2227 4447 2445 4492 aeternae
2475 4438 2687 4493 actibus
2737 4436 3072 4492 consulentis
3097 4475 3112 4499 ,
3150 4435 3314 4504 paulo

1728 4538 1848 4600 post
1877 4545 2005 4585 vero
2037 4529 2122 4583 vel
2151 4545 2270 4600 qua:
2294 4529 2360 4583 ad
2399 4530 2709 4596 avaritiam,
2732 4528 2812 4583 vel
2840 4543 2961 4597 quae
2988 4527 3053 4581 ad
3077 4526 3308 4597 gloriam

1729 4622 1910 4678 szeculi
1945 4625 2217 4693 pertinent
2243 4622 2541 4676 molientis.
2579 4620 2740 4676 Vides
2784 4620 3056 4690 quomodo
3101 4619 3188 4673 ille
3216 4620 3309 4688 qui

1728 4724 1953 4783 putatur
1976 4729 2113 4768 unus
2142 4729 2282 4777 esse,
2312 4728 2416 4767 non
2448 4723 2530 4767 est
2565 4727 2725 4777 unus,
2758 4712 2849 4766 sed
2882 4720 2963 4765 tot
3002 4711 3055 4765 in
3088 4725 3154 4764 eo
3187 4726 3309 4777 per-

1729 4821 1874 4862 sonae
1901 4806 2158 4861 videnlur
2187 4818 2308 4860 esse
2346 4812 2478 4873 quot
2511 4819 2689 4858 mores
2710 4844 2726 4869 ,
2755 4804 2879 4871 quia
2914 4812 2969 4857 et
3013 4802 3309 4857 secundum

1732 4896 2042 4967 Scripturas
2077 4915 2095 4949 ‹
2126 4897 2385 4965 insipiens
2412 4895 2552 4950 sicut
2582 4895 2707 4949 luna
2734 4904 2977 4949 mutatur
3000 4895 3069 4948 ⁷ο.
3101 4912 3121 4947 ι
3151 4892 3310 4949 Unde

1730 4999 1784 5046 et
1816 4990 1941 5046 luna
1970 5004 2091 5045 cum
2123 4991 2373 5045 videatur
2404 5004 2508 5043 una
2536 5003 2660 5044 esse
2699 5003 2799 5057 per
2848 4986 3169 5042 substantiae
3204 4987 3307 5039 im-

1734 5083 2084 5137 mutationem
2112 5126 2125 5151 ,
2172 5092 2349 5137 tamen
2400 5096 2617 5151 semper
2659 5096 2689 5134 a
2734 5080 3029 5149 semetipsa
3082 5079 3186 5132 alia
3227 5087 3311 5131 est

1732 5188 2052 5245 semperque
2100 5175 2316 5229 diversa
2355 5192 2371 5230 :
2421 5184 2478 5230 et
2511 5175 2589 5229 sic
2643 5173 2808 5227 etiam
2860 5172 2912 5227 in
2951 5172 3065 5241 ipsa
3099 5179 3314 5224 constat

1731 5266 1873 5335 quod
1897 5280 2001 5319 una
2036 5265 2215 5319 multae
2240 5265 2369 5322 sint.
2405 5266 2498 5321 Sic
2529 5281 2659 5334 ergo
2686 5274 2741 5320 et
2768 5278 2865 5318 nos
2897 5265 2988 5333 qui
3024 5262 3197 5316 adhuc
3225 5262 3311 5314 in-
3350 5314 3355 5317 χ

1731 5358 1991 5427 sipientcs
2018 5372 2204 5413 sumus
2234 5367 2286 5412 et
2320 5358 2621 5429 imperfecti
2653 5397 2665 5421 ,
2717 5358 2840 5425 quia
2887 5369 3103 5423 semper
3134 5362 3311 5406 muta-

1734 5466 1854 5504 mus
1883 5449 2204 5513 sententias,
2239 5458 2292 5503 et
2322 5464 2541 5518 semper
2571 5449 2790 5502 diversa
2833 5448 3081 5513 cupimus
3109 5453 3164 5497 et
3190 5456 3316 5496 sen-

1737 5542 1919 5605 timus,
1955 5554 2095 5594 unus
2146 5554 2251 5594 non
2302 5554 2591 5610 possumus
2640 5539 2767 5593 dici.
2817 5536 2892 5592 De
2940 5535 3103 5605 justis
3129 5541 3315 5589 autem

1819 5682 1862 5713 ⁶⁹
1893 5679 1933 5734 ll
1966 5680 2089 5736 Cor.
2122 5697 2201 5735 Ill.
2272 5681 2316 5712 ⁷⁰
2344 5679 2509 5734 Eccli.
2544 5693 2714 5742 xxvu,
2749 5686 2834 5742 12,
