3870 6500
541 335 646 393 999

1991 331 2317 390 ORIGENIS

3688 349 3793 405 ιαμ

541 475 648 516 non
679 456 852 514 solum
883 469 981 526 per
1011 454 1256 526 singulos
1285 469 1426 509 unus
1455 453 1679 520 dicitur,
1705 467 1896 508 verum
1925 460 1981 509 et
2005 469 2124 507 om-
2151 461 2197 518 Α
2227 455 2453 512 collibus
2483 457 2724 528 quidem.
2772 456 2847 511 De
2896 467 3083 515 monte
3109 499 3125 524 ,
3181 460 3403 531 inquit,
3454 472 3560 518 est.
3603 464 3674 520 De
3713 484 3793 535 qu

540 569 638 608 nes
658 558 1034 620 competenter
1070 563 1214 602 unus
1248 547 1526 602 dicuntur.
1573 547 1638 600 Et
1665 561 1764 602 cur
1795 562 1900 600 non
1933 559 2124 600 omnes

539 658 678 696 unus
706 641 991 702 dicantur,
1035 652 1266 708 quorum
1305 651 1402 691 cor
1433 644 1488 690 et
1521 636 1703 690 anima
1734 652 1840 690 una
1867 650 1992 690 esse
2025 637 2124 689 de~

538 732 840 788 scribitur?
874 730 1046 786 Unam
1093 745 1312 800 semper
1353 743 1544 783 omnes
1587 729 1908 798 sapientiam
1951 729 2124 782 medi-

538 835 742 888 tantur,
776 841 942 878 unum
975 824 1221 893 sapiunt,
1255 839 1420 877 tinum
1455 825 1719 886 sentiunt,
1755 839 1916 876 unum
1956 822 2122 876 Deunt

538 926 866 970 venerantur
888 956 900 976 ,
935 930 1100 968 unum
1136 913 1421 968 Dominum
1455 912 1642 968 Jesum
1683 913 1958 969 Christum
1987 930 2121 968 cou-

536 1009 782 1071 litentnr,
815 1022 922 1060 uno
948 1005 1154 1075 Spiritu
1186 1006 1277 1059 Dei
1311 1007 1610 1076 replentur.
1653 1006 1805 1060 Unde
1847 1007 2039 1059 merito
2064 1015 2119 1060 et

534 1101 634 1167 ipsi
660 1114 871 1163 omnes,
894 1115 999 1153 non
1025 1099 1202 1153 solum
1236 1115 1426 1164 unum,
1458 1100 1630 1154 sedet
1664 1113 1804 1151 unus
1840 1099 2118 1164 dicuntur,

531 1193 674 1248 sicut
699 1203 754 1247 et
784 1191 1076 1260 Apostolus
1103 1191 1410 1262 designavit
1439 1233 1452 1254 ,
1487 1193 1677 1246 dicens
1715 1193 1760 1223 “
1802 1211 1816 1245 .-
1864 1211 1883 1243 σ
1918 1191 2122 1246 Omnes

530 1283 750 1352 quidem
790 1291 1038 1348 currunt,
1067 1283 1160 1336 sed
1191 1299 1329 1336 unus
1360 1283 1558 1350 accipit
1589 1284 1848 1350 palmam.
1899 1302 1918 1335 ι
1956 1281 2119 1336 Vides

533 1373 819 1429 manifeste
837 1375 962 1443 quia
992 1389 1180 1430 onmes
1201 1376 1354 1443 justi,
1388 1391 1525 1428 unus
1557 1386 1637 1430 est
1666 1376 1758 1444 qui
1786 1376 1978 1444 accipit
2003 1376 2135 1445 pal-'

533 1481 698 1520 mam.
734 1464 869 1521 Vere
895 1465 1041 1520 enim
1072 1466 1321 1520 imitatur
1343 1465 1526 1531 justus
1558 1467 1648 1536 qui
1685 1467 1808 1521 talis
1843 1477 1928 1522 est
1955 1484 2119 1522 unum

534 1557 842 1612 Dominum.
880 1557 1013 1612 Nam
1053 1567 1112 1612 ιιι
1154 1573 1255 1627 ego
1292 1557 1568 1622 arbitror,
1596 1568 1653 1614 et
1687 1559 1814 1613 illttd
1845 1561 1988 1630 quod
2023 1576 2122 1629 per

532 1653 848 1721 prOphetant
875 1652 1072 1706 dicitur
1094 1653 1138 1682 τ’
1165 1665 1180 1704 :
1215 1669 1234 1702 ι
1271 1651 1432 1714 Audi,
1461 1650 1650 1717 Israel,
1688 1653 1949 1708 Dominus
1978 1653 2120 1706 Dens

534 1753 659 1796 tuus
694 1742 837 1797 Deus
876 1758 1015 1796 unus
1054 1753 1170 1808 est,
1239 1760 1258 1793 ι
1303 1758 1408 1795 nam
1454 1751 1662 1798 tantum
1706 1759 1931 1800 munero
1981 1759 2120 1798 unus

531 1839 888 1908 designatur,
941 1839 1035 1906 qni
1096 1838 1286 1908 utique
1337 1853 1500 1906 supra
1558 1855 1775 1895 omnem
1831 1859 2114 1898 numerum
2148 1872 2193 1927 Β

529 1943 654 1984 esse
691 1929 992 1984 credendus
1027 1940 1108 1984 est
1145 1947 1159 1984 :
1206 1931 1300 1985 sed
1341 1945 1438 2000 per
1475 1933 1580 1987 hoc
1616 1934 1788 2003 magis
1827 1950 1967 1989 unus
2007 1936 2115 1990 dici

531 2022 909 2093 intelligendus
934 2032 1036 2088 est,
1070 2027 1218 2093 quod
1249 2041 1529 2095 nunquam
1568 2043 1596 2080 a
1639 2029 1938 2097 semetipso
1979 2029 2118 2084 alter

529 2113 778 2182 efﬁcitur,
823 2116 924 2170 hoc
963 2127 1069 2180 est,
1112 2132 1386 2185 nunquam
1442 2129 1699 2186 mutatur,
1746 2137 2018 2192 nunquam
2062 2122 2118 2177 in

527 2207 671 2261 aliud
709 2211 958 2273 vertitur,
983 2212 1131 2265 sicut
1174 2221 1229 2264 et
1267 2211 1332 2266 de
1368 2227 1432 2265 eo
1470 2212 1634 2267 David
1669 2224 2001 2283 protestatur
2033 2215 2115 2269 di-

526 2315 659 2379 cens
685 2301 775 2355 ":
821 2320 839 2354 ι
874 2303 954 2356 Tu
994 2314 1175 2358 autem
1218 2305 1358 2359 idem
1397 2307 1512 2374 ipse
1550 2320 1629 2372 es,
1655 2315 1710 2360 et
1741 2307 1866 2360 alllli
1905 2307 1978 2360 tui
2008 2322 2116 2362 non

527 2390 799 2447 deﬁcient.
848 2411 867 2444 ι
915 2393 1021 2448 Sed
1061 2403 1116 2449 et
1157 2393 1288 2448 illud
1329 2396 1381 2449 in
1426 2396 1568 2450 hunc
1612 2412 1834 2450 sensum
1891 2397 2116 2464 respicit

527 2488 669 2552 quod
709 2488 969 2555 scriptum
1010 2498 1095 2543 est
1135 2489 1184 2520 "
1224 2504 1240 2542 :
1298 2507 1317 2539 ι
1365 2489 1632 2557 Ego'sum
1674 2489 1933 2545 Dominus
1976 2491 2118 2544 Deus

528 2587 746 2644 vester,
783 2589 839 2634 et
898 2596 1004 2634 non
1063 2582 1347 2636 immutor.
1401 2603 1418 2634 ι
1477 2583 1829 2636 lmmutabilis
1865 2598 1997 2652 ergo
2032 2592 2117 2638 est

531 2671 670 2724 Deus
713 2688 726 2723 :
768 2682 821 2725 et
856 2687 950 2740 per
991 2673 1091 2728 hoc
1130 2688 1271 2728 unus
1311 2673 1512 2727 dicitur
1542 2713 1554 2736 ,
1595 2674 1737 2743 quod
1779 2689 1886 2728 non
1928 2683 2116 2728 muta-

529 2771 637 2815 tur.
677 2762 769 2817 Sic
798 2779 930 2834 ergo
971 2775 1026 2819 et
1065 2766 1306 2821 imitator
1341 2765 1432 2820 Dei
1465 2766 1644 2832 justus
1679 2765 1770 2834 qui
1812 2766 1876 2818 ad
1921 2765 2114 2833 imagi-

530 2851 651 2908 nem
694 2855 785 2909 Dei
827 2856 1002 2912 factus
1040 2867 1124 2912 est
1165 2875 1303 2914 unius
1355 2869 1410 2914 et
1464 2859 1578 2926 ipse
1631 2873 1754 2912 ctnu
1809 2858 1876 2911 ad
1930 2857 2113 2926 perfe-

527 2957 672 3000 ctum
695 2949 900 3002 venerit
922 2951 1244 3018 appellatur,
1274 2951 1401 3018 quia
1432 2960 1486 3005 et
1518 2951 1630 3018 ipse
1657 2965 1782 3002 cum
1814 2950 1866 3003 in
1894 2950 2114 3004 virtutis

526 3056 738 3094 summa
771 3043 1115 3109 constiterit,
1145 3059 1251 3096 non
1295 3051 1570 3109 mutatur,
1603 3043 1698 3097 sed
1729 3058 1868 3096 unus
1898 3058 2113 3111 perma-

527 3140 619 3184 net
649 3146 885 3200 semper.
924 3131 1057 3185 Nam
1095 3135 1222 3187 dum
1267 3133 1319 3186 in
1351 3133 1552 3187 malitia
1594 3143 1677 3189 est
1719 3135 2110 3202 unusquisque,

2230 549 2446 604 monte?
2484 549 2556 603 De
2583 557 2768 604 monte
2797 548 3055 620 Ephraim
3081 592 3095 614 ,
3140 553 3230 621 qui
3285 555 3682 624 interpretatur
3705 563 3792 626 [r1-

2225 642 2477 710 cti/icatia
2532 640 2665 711 (94).
2711 641 2851 711 Ergo
2913 646 2981 697 de
3039 659 3224 701 monte
3273 645 3603 712 fructifero,
3653 663 3701 705 et
3739 657 3792 706 io-

2227 749 2327 788 cus
2379 734 2496 804 ejus
2545 733 2817 789 it‘uctifer.
2849 735 2984 791 Vide
3024 747 3079 791 el
3105 738 3451 808 Scripturam
3475 782 3489 804 ,
3519 756 3676 810 quam
3706 746 3793 799 las.

2226 826 2347 879 dem
2391 825 2664 880 montibus
2690 826 2867 880 dicit:
2903 845 2923 878 α
2963 829 3127 891 Deus,
3165 831 3341 900 inquit
3373 832 3442 896 ⁷⁷,
3503 833 3643 888 Deus
3675 851 3790 889 moi:-

2226 917 2358 970 tium
2405 924 2507 979 est,
2557 926 2613 972 et
2656 933 2762 972 non
2818 929 2901 973 est
2930 921 3282 976 convallium.
3325 945 3344 975 ι
3383 925 3494 979 Sed
3543 937 3600 980 et
3637 944 3788 982 nomen

2219 1007 2352 1078 justi
2403 1009 2565 1079 hujus
2588 1019 2674 1064 est
2716 1010 2987 1067 ilclchana
3038 1015 3174 1083 (95),
3230 1017 3383 1085 quod
3437 1017 3786 1088 interpretata:

2224 1102 2485 1164 possessio
2531 1102 2646 1158 Dei.
2694 1105 2916 1158 Certum
2961 1109 3045 1160 'est
3085 1110 3213 1176 quia
3253 1109 3344 1162 ille
3375 1109 3444 1164 de
3472 1126 3588 1180 quo
3631 1113 3785 1165 άιωει

2224 1205 2308 1246 est
2339 1197 2482 1262 quod
2531 1211 2671 1249 unus
2721 1206 2868 1250 esset
2907 1199 3010 1262 vir,
3049 1203 3324 1266 possessio
3369 1201 3468 1258 Dei
3509 1215 3596 1255 est
3630 1215 3679 1256 et
3713 1221 3784 1256 tua:

2225 1284 2498 1354 possessio
2541 1287 2865 1340 dmmonum.
2917 1292 3087 1353 Quem
3137 1291 3283 1343 enim
3337 1293 3626 1344 dazuiones

2223 1377 2370 1442 dent,
2411 1385 2636 1434 nonest
2688 1392 2850 1441 unus,
2893 1378 2987 1432 Sed
3033 1379 3190 1431 multi
3234 1397 3247 1433 :
3290 1380 3441 1434 sicut
3474 1389 3538 1433 et
3593 1382 3685 1448 ipsi
3712 1384 3784 1433 ἀπε

2226 1485 2414 1524 mones
2460 1471 2526 1524 de
2575 1485 2639 1524 eo
2686 1485 2847 1539 quem
2893 1473 3244 1540 possidebant
3301 1476 3702 1541 responderunt
3727 1479 3782 1526 t—

2224 1569 2433 1624 centes,
2471 1561 2597 1628 quia
2630 1559 2772 1630 legio
2805 1577 2999 1616 nomen
3028 1575 3109 1615 est
3142 1563 3213 1616 ei.
3245 1562 3404 1618 Unus
3430 1580 3564 1618 vero
3593 1577 3668 1619 est
3697 1566 3784 1619 lle!-

2225 1651 2398 1706 chana
2420 1693 2435 1719 ,
2469 1652 2560 1720 qui
2588 1663 2668 1706 ρει
2700 1654 2975 1722 possessio
3007 1654 3098 1707 Dei
3124 1696 3139 1715 ,
3170 1656 3262 1723 qui
3294 1666 3351 1708 et
3402 1656 3575 1709 habet
3601 1661 3782 1724 patriae

2224 1752 2460 1796 montem
2491 1742 2776 1812 Ephraim,
2825 1755 3065 1798 montem
3111 1745 3500 1800 fructiferum.
3532 1745 3784 1818 mlas

2223 1849 2356 1906 ergo
2393 1844 2504 1890 tant
2538 1835 2830 1891 laudabilis
2859 1836 2940 1890 vir
2975 1835 3167 1889 habuit
3191 1838 3332 1890 duas
3359 1852 3594 1891 uxores.
3627 1837 3783 1892 Non

2221 1931 2313 1984 uni
2339 1931 2512 1996 Anna,
2547 1941 2600 1984 et
2631 1945 2828 1985 nomen
2865 1933 3119 1988 secunda:
3145 1931 3480 1985 Phenenna.
3512 1931 3700 1985 Habuit
3719 1948 3785 1985 ιι-

2221 2030 2330 2076 tetu
2362 2021 2500 2076 lilios
2529 2024 2596 2078 de
2627 2025 2867 2079 secunda
2893 2024 3191 2078 Phenenua
3236 2042 3253 2077 :
3292 2025 3513 2078 sterilis
3548 2040 3678 2076 uxor
3701 2038 3784 2078 erat

2219 2115 2369 2185 prior
2400 2115 2512 2178 illa,
2545 2130 2666 2183 quae
2693 2126 2749 2169 et
2775 2115 3008 2169 nobilior
3044 2124 3186 2169 erat.
3225 2115 3451 2168 Similia
3505 2115 3784 2169 inuenit-set

2220 2207 2273 2261 in
2302 2206 2524 2262 Genesi.
2554 2205 2795 2275 Cognata
2829 2206 3029 2275 quippe
3053 2217 3140 2260 est
3165 2206 3271 2260 sibi
3298 2206 3603 2275 Scriptura
3625 2208 3778 2258 divitis.

2219 2298 2468 2354 Invenies
2507 2299 2583 2353 ibi
2619 2300 2849 2367 primam
2895 2316 3120 2355 uxorem
3156 2301 3404 2353 Abrahae
3445 2299 3645 2354 Saram
3677 2302 3784 2350 nehi-

2220 2393 2447 2456 liorem,
2479 2393 2778 2446 secundam
2817 2405 2946 2445 vero
2974 2391 3290 2461 Egyptian)
3333 2391 3493 2460 Agar
3537 2390 3780 2460 ignobilem

2217 2483 2406 2552 fuisse,
2441 2477 2496 2538 et
2535 2493 2662 2538 ante
2705 2493 2916 2552 patrem
2959 2483 3214 2537 ellectum
3261 2486 3557 2537 Abraham
3591 2486 3782 2550 deign-\-

2217 2575 2336 2642 bili,
2365 2591 2526 2646 qnam
2563 2576 2628 2628 de
2654 2575 2820 2628 nobili
2843 2574 2908 2626 ⁷⁸.
2941 2573 3020 2628 Fit
3059 2584 3242 2629 autem
3281 2575 3640 2644 postmodum
3659 2577 3778 2629 etiam

2217 2667 2284 2721 de
2315 2669 2476 2721 nobili
2507 2669 2736 2737 conjuge
2773 2677 2947 2736 pater.
2986 2665 3062 2720 lta
3105 2682 3240 2736 ergo
3271 2679 3328 2720 et
3369 2684 3523 2721 nunc
3550 2668 3778 2722 ilelchm

2219 2759 2306 2813 hic
2335 2760 2426 2828 qui
2459 2769 2541 2814 est
2582 2762 2852 2829 possessio
2898 2761 3025 2824 Dei,
3075 2761 3232 2830 prius
3261 2761 3335 2816 de
3373 2765 3619 2814 secunda
3655 2777 3780 2813 uix-vr.

2218 2851 2449 2906 ellicitur
2474 2863 2627 2919 pater
2648 2895 2663 2914 ,
2695 2854 2952 2921 quoniam
3003 2856 3230 2922 quidem
3288 2855 3647 2908 concluserat
3679 2855 3780 2905 Deus

2217 2945 2430 2997 vulvam
2462 2943 2630 2997 Sane.
2664 2945 2787 2999 Post
2838 2945 3100 3015 plurimos
3149 2961 3285 3000 vero
3342 2957 3545 3015 partus
3579 2944 3779 2999 Ρικτεαρ

2217 3051 2320 3100 naz,
2353 3046 2404 3089 et
2428 3036 2598 3090 Anna:
2629 3037 2784 3088 vulva
2811 3037 3157 3090 orationibus
3183 3046 3240 3090 et
3265 3038 3538 3106 precibus
3562 3039 3777 3104 aperire,

2216 3136 2270 3183 ct
2298 3127 2532 3182 edicitur
2581 3139 2634 3184 et
2686 3131 2800 3197 ipsa
2849 3139 3038 3183 mater“
3072 3129 3167 3182 lilii
3227 3129 3354 3198 ejus
3408 3144 3575 3198 quem
3625 3130 3778 3180 oblata

527 3224 810 3294 permulta
835 3224 1097 3279 dividitur
1121 3235 1176 3280 et
1204 3226 1256 3280 in
1284 3227 1498 3280 diversa
1522 3225 1891 3296 dispergitur:
1917 3227 2110 3279 etdum
2141 3240 2182 3298 ο
2221 3221 2346 3276 Deo.
2386 3221 2529 3287 Quid
2563 3237 2690 3290 ergo
2724 3222 2837 3276 hcce
2887 3221 2939 3276 in
2990 3218 3050 3276 se
3094 3222 3441 3274 sacramenti
3483 3222 3772 3276 continuat.

526 3317 580 3371 in
606 3317 789 3371 multis
809 3327 894 3371 est
919 3317 1140 3372 malitia:
1167 3319 1601 3386 generibus,dici
1628 3333 1733 3371 non
1754 3328 1930 3386 potest
1953 3334 2112 3371 unus.

528 3405 699 3475 Igitur
757 3406 884 3475 quia
939 3389 1241 3460 secundum
1291 3408 1596 3463 mirabilem
1650 3408 1790 3462 hanc
1853 3409 2114 3462 unitatem

527 3513 667 3552 unus
694 3507 779 3554 est
800 3497 1004 3568 justus,
1030 3499 1140 3556 imo
1174 3508 1229 3554 et
1253 3500 1434 3568 plures
1458 3501 1588 3568 justi
1619 3516 1759 3555 unus
1790 3510 1914 3555 sunt
1937 3539 1952 3563 ,
1996 3501 2117 3554 ideo

521 3599 578 3645 et
610 3600 832 3646 sanctus
869 3591 1161 3660 Apostolus
1199 3607 1418 3647 onmem
1449 3594 1774 3647 cohortatur
1813 3592 2114 3646 Ecclesiam

521 3682 710 3738 dicens
729 3685 816 3738 ἠε
857 3701 877 3735 t
921 3683 989 3738 Ut
1025 3684 1166 3738 idem
1197 3685 1394 3740 dicatis
1423 3699 1636 3748 omnes,
1677 3695 1731 3739 et
1774 3701 1881 3738 non
1919 3685 2027 3738 sint
2057 3684 2112 3737 in

527 3773 678 3828 vobis
705 3775 1028 3839 schismata,
1054 3777 1172 3831 sitis
1195 3787 1375 3830 autem
1398 3777 1620 3845 perfecti
1650 3776 1701 3830 in
1726 3776 1915 3830 eodem
1952 3791 2114 3830 sensu

520 3877 580 3920 et
611 3867 662 3921 in
701 3870 891 3923 eadem
922 3869 1180 3927 scientia.
1208 3887 1227 3920 ι
1257 3868 1550 3939 Propterea
1581 3878 1636 3924 et
1661 3869 1714 3922 in
1739 3867 1964 3923 Actibus
1986 3883 2117 3937 apo-

523 3957 785 4010 stolorum
830 3972 926 4012 cor
966 3967 1022 4013 et
1065 3960 1250 4013 anima
1299 3959 1646 4014 credentium
1681 3973 1787 4013 una
1826 3972 1947 4012 esse
1975 3957 2115 4012 dici-

526 4057 615 4099 tur
644 4049 711 4101 ⁷⁸.
757 4049 814 4102 Si
867 4061 1047 4104 autem
1102 4060 1159 4105 et
1206 4051 1459 4106 subtilius
1507 4051 1715 4121 aliquid
1758 4049 2116 4106 considerare

526 4138 794 4206 velimus,
849 4141 1098 4197 invenire
1150 4157 1442 4210 possumus
1490 4156 1548 4197 et
1595 4144 1756 4197 aliam
1815 4143 2110 4197 unitatem.

526 4230 685 4288 Verbi
718 4234 930 4302 gratia,
967 4235 1013 4290 si
1055 4236 1126 4289 ita
1164 4236 1581 4291 mortiﬁcavero‘
1601 4238 1847 4292 membra
1881 4250 2020 4302 mea,
2054 4243 2113 4288 ut

515 4323 626 4392 jam
663 4342 769 4381 non
805 4329 1160 4396 concupiscat
1189 4342 1320 4383 caro
1349 4329 1613 4384 adversus
1639 4329 1910 4399 spiritum,
1938 4341 2112 4397 neque

523 4419 747 4486 spiritus
777 4419 1042 4474 adversus
1063 4436 1313 4486 carnem,
1341 4422 1386 4476 si
1413 4423 1524 4491 jam
1558 4437 1662 4476 non
1692 4423 1763 4476 sit
1801 4421 1907 4474 alia
1936 4420 2021 4475 lex
2054 4421 2106 4474 in

528 4511 786 4566 tnembris
812 4514 947 4568 meis
971 4529 1093 4584 qua:
1119 4525 1319 4586 pugnet
1342 4515 1450 4584 legi
1489 4513 1688 4568 mentis
1715 4527 1877 4576 meae,
1918 4521 1974 4568 et
2012 4527 2107 4567 ca-

2223 3315 2498 3368 videamns
2533 3333 2545 3368 :
2585 3315 2882 3369 Phenenna
2927 3313 3329 3382 interpretatur
3382 3316 3648 3367 conrersio
3677 3315 3770 3378 19h“:

2219 3408 2370 3459 Anna
2403 3416 2584 3460 autem
2618 3407 3011 3476 interpretatur
3043 3408 3221 3477 gratia
3255 3406 3399 3476 (97).
3436 3405 3775 3474 Unusquisqae

2217 3510 2349 3567 ergo
2379 3508 2624 3552 nostrum
2654 3500 2745 3567 qui
2771 3499 2884 3552 vult
2912 3496 3049 3552 efﬁci
3084 3501 3367 3567 possessio
3404 3498 3524 3558 Dei,
3559 3499 3680 3552 istas
3699 3497 3772 3550 siti

2219 3587 2562 3660 duasjungat
2595 3606 2822 3655 uxores,
2855 3601 2906 3646 et
2936 3607 3059 3646 cum
3094 3591 3227 3660 ipsis
3273 3591 3384 3646 sibi
3417 3594 3631 3661 nuptias
3659 3593 3771 3644 celes

2219 3681 2360 3738 hret.
2393 3682 2624 3735 Primam
2651 3683 2752 3736 sibi
2779 3681 2992 3753 jungat,
3026 3698 3150 3752 qua:
3185 3683 3429 3738 nobilior
3461 3696 3546 3738 est
3575 3695 3626 3737 et
3645 3699 3770 3752 gene-

2220 3778 2418 3842 rosior,
2451 3779 2705 3847 gratiam.
2739 3776 2864 3832 llaec
2895 3777 3052 3832 nobis
3074 3793 3171 3846 per
3193 3778 3364 3833 fidem
3391 3779 3571 3846 prima
3594 3778 3770 3842 majus-

2218 3868 2386 3937 gitur,
2426 3869 2567 3923 sicut
2595 3878 2648 3924 et
2675 3870 2966 3941 Apostolus
2997 3870 3131 3924 dicit
3157 3871 3204 3902 ⁷⁹
3233 3887 3248 3924 :
3280 3891 3298 3922 ι
3338 3870 3535 3924 Gratia
3567 3871 3684 3924 salvi
3709 3871 3766 3918 (.-

2217 3961 2289 4014 cti
2339 3963 2470 4015 estis
2515 3976 2609 4031 per
2653 3963 2834 4016 Iidem.
2877 3982 2896 4015 ›
2959 3962 3228 4018 Secunda:
3280 3977 3417 4018 vero
3456 3965 3770 4033 conjungztc:

2218 4051 2542 4114 Phenennm,
2598 4053 2649 4107 td
2677 4063 2780 4118 est,
2817 4053 3164 4108 conversioni
3203 4067 3220 4106 :
3260 4055 3394 4120 quia
3428 4067 3553 4124 post
3576 4056 3766 4122 gratias

2215 4144 2548 4198 credulitatis
2575 4145 2895 4200 emendatio
2921 4145 2978 4197 lit
3009 4159 3220 4198 morum
3246 4154 3300 4198 et
3332 4145 3464 4199 vita:
3498 4145 3764 4199 conversi".

2216 4236 2321 4290 Sed
2357 4251 2479 4289 cum
2523 4237 2626 4290 iste
2667 4238 2738 4290 sit
2786 4239 2922 4290 ordo
2955 4237 3266 4305 nuptiarum
3296 4277 3309 4301 ,
3341 4236 3490 4290 alius
3514 4237 3638 4288 ordo
3671 4249 3766 4301 pm-

2215 4329 2510 4383 creationis
2537 4328 2786 4383 ellicitur.
2824 4329 3001 4382 Prima
3033 4343 3269 4397 namque
3304 4330 3472 4382 nobis
3499 4331 3629 4397 parit
3657 4329 3762 4377 ibes

2215 4420 2530 4484 Phenenna,
2563 4420 2689 4488 quia
2727 4419 2936 4489 primos
2967 4420 3177 4472 fruetus
3200 4421 3269 4471 de
3298 4419 3652 4471 conversione
3669 4431 3760 4476 pro-

2217 4513 2464 4578 ferimus,
2504 4525 2558 4567 et
2591 4513 2764 4581 prima
2809 4511 3040 4580 justitite
3083 4510 3332 4578 germina
3393 4513 3462 4562 de
3498 4511 3689 4562 actibus
3723 4517 3762 4555 et

525 4604 730 4671 ptivum
760 4620 845 4660 me
871 4608 1038 4661 ducat
1068 4607 1120 4661 in
1147 4607 1318 4678 legem
1350 4608 1580 4678 peccati,
1606 4609 1647 4664 si
1671 4607 1852 4661 omnia
1881 4622 2001 4676 qua:
2031 4607 2116 4660 in-
2147 4602 2198 4663 D
2223 4604 2484 4673 operibus
2539 4614 2908 4672 procreamus.
2972 4597 3212 4652 Primttm
3281 4611 3526 4666 namque
3579 4594 3760 4663 justiti:

529 4702 614 4746 tra
649 4709 734 4748 me
762 4707 890 4750 sunt
920 4699 970 4750 in
1019 4714 1124 4752 uno
1165 4710 1330 4769 atque
1366 4700 1418 4754 in
1455 4699 1646 4754 eodem
1673 4713 1832 4754 sensu
1867 4698 2107 4768 perfecta

524 4783 653 4850 sint,
680 4796 736 4841 et
759 4803 864 4842 una
893 4801 1058 4860 atque
1085 4792 1278 4848 eadem
1302 4793 1574 4848 sententia
1606 4799 1951 4855 moveantur,
1978 4799 2110 4844 tunc

527 4891 621 4931 ero
645 4886 698 4932 et
725 4893 825 4949 ego
857 4881 940 4934 vir
963 4875 1124 4939 tinus.

599 4970 654 5024 5.
681 4969 780 5026 Hic
807 4973 970 5044 igitur
994 4974 1286 5032 laudabilis
1314 4979 1540 5032 duarum
1562 4990 1790 5030 uxorum
1814 4975 1898 5028 vir
1928 4973 2106 5043 primo

524 5060 768 5115 omnium
814 5064 955 5117 unde
1002 5065 1075 5119 sit
1119 5065 1436 5121 videamus:
1478 5085 1497 5118 ι
1536 5067 1612 5120 De
1658 5073 1859 5129 monte,
1910 5065 2102 5133 inquit,

524 5153 803 5222 prraim.
842 5174 862 5208 ι
912 5155 1054 5224 Ergo
1100 5172 1204 5212 non
1247 5157 1429 5225 justus
1481 5161 1548 5214 de
1591 5159 1864 5223 vallibus,
1905 5172 2005 5212 nec
2035 5157 2104 5212 de

523 5246 762 5316 campis,
793 5262 894 5302 nec
921 5251 989 5304 de
1020 5249 1143 5304 ullis
1178 5249 1528 5307 inferioribus
1567 5251 1703 5306 locis
1725 5291 1740 5317 ,
1780 5251 1876 5305 sed
1907 5264 2005 5306 nec
2037 5250 2104 5304 de

594 5387 638 5417 ⁷⁸
669 5385 686 5438 l
712 5386 840 5448 Cor.
873 5405 953 5452 ιχ,
978 5388 1071 5442 24.

523 5455 568 5494 ⁷⁷
604 5457 733 5526 lieg.
773 5475 868 5524 xx,
912 5462 1003 5516 28.

1162 5391 1206 5422 "
1239 5391 1392 5444 Deut.
1424 5407 1497 5456 vt,
1529 5391 1583 5445 4.

1080 5460 1126 5492 ⁷⁸
1157 5459 1294 5516 Gen.
1325 5476 1412 5514 xvn
1448 5473 1502 5515 et
1550 5477 1660 5516 xxi.

597 5571 709 5644 (94)
743 5574 1033 5647 _Epltraim,
1064 5579 1156 5646 qui
1208 5579 1585 5647 interpretatur
1642 5577 2004 5647 fructiﬁcalio.
2062 5577 2109 5632 A

523 5651 641 5699 31"!)
675 5661 693 5691 σ
737 5643 1101 5702 fructiﬁcavit.
1138 5667 1157 5700 ι

601 5712 708 5778 (93)
749 5713 1038 5776 "etc/rana,
1061 5719 1200 5787 quod
1241 5719 1620 5789 interpretatur
1670 5720 1928 5789 possessio
1980 5717 2100 5773 Dei.

530 5781 568 5831 Α
616 5794 723 5866 mp
757 5803 775 5835 ι
811 5781 1179 5856 posseditotet
1217 5794 1318 5849 ’,κε
1344 5781 1537 5846 Deus.»

1683 5391 1729 5422 ⁷⁸
1755 5390 1898 5444 Psal.
1930 5406 2000 5445 cn
2022 5429 2037 5454 ,
2064 5387 2153 5444 28.

1737 5462 1782 5494 ⁷³
1814 5461 2009 5531 Ephes.
2039 5477 2100 5526 tt,
2130 5459 2184 5514 8.

2213 4710 2350 4766 opus
2382 4704 2465 4750 est
2494 4693 2736 4748 converti
2769 4708 2799 4744 a
2833 4689 3072 4760 peccatis
3114 4707 3128 4743 :
3159 4690 3289 4758 quia
3340 4691 3446 4742 nisi
3499 4698 3620 4741 ante
3656 4700 3753 4738 crn-

2213 4799 2492 4844 vertamur
2517 4796 2571 4840 et
2597 4783 2932 4840 declinemus
2961 4798 2990 4837 a
3023 4785 3166 4836 malo
3186 4821 3202 4846 ,
3237 4795 3341 4836 nec
3371 4782 3437 4835 de
3474 4783 3622 4835 Anna
3653 4778 3756 4832 eis

2213 4890 2437 4951 patres,
2489 4892 2588 4932 nec
2634 4877 2700 4931 de
2744 4877 2922 4946 gratia
2967 4875 3270 4943 poterimus
3326 4873 3468 4928 filios
3509 4885 3754 4940 generare.

2217 4973 2510 5027 Videamus
2559 4985 2692 5038 ergo
2745 4984 2888 5022 nunc
2946 4966 3381 5035 uniuscujusque
3435 4962 3754 5020 diﬂemtias.

2212 5065 2378 5120 Filios
2414 5063 2574 5118 habet
2608 5062 2926 5126 Phenenna,
2958 5061 3052 5115 sed
3088 5060 3181 5128 qui
3228 5075 3337 5112 non
3371 5059 3625 5112 assistunt
3651 5054 3750 5107 De).

2213 5155 2400 5226 Neque
2431 5156 2576 5209 enim
2615 5153 2753 5208 tales
2778 5167 2903 5208 esse
2938 5161 3166 5221 possunt
3201 5151 3299 5204 lilii
3336 5148 3692 5204 conversionis
3711 5151 3755 5191 ει

2210 5251 2472 5306 assistant
2499 5257 2557 5304 et
2599 5247 2913 5303 adhaereant
2955 5247 3084 5300 Deo.
3135 5244 3246 5299 Nec
3288 5254 3467 5298 tamen
3506 5244 3677 5297 inanes
3709 5245 3754 5287 ει

2259 5388 2307 5419 ⁷⁸
2332 5385 2563 5442 Malacb.
2611 5400 2697 5451 tn,
2724 5383 2780 5440 6.
2874 5384 2919 5416 ⁷⁸
2960 5383 2978 5437 l
3011 5381 3140 5438 Cor.
3176 5399 3214 5437 t.
3256 5381 3343 5437 10.
3455 5381 3500 5412 ⁷⁸
3539 5381 3650 5434 Act.
3689 5389 3747 5430 ﬂ.

2289 5574 2402 5646 (96)
2465 5573 2745 5628 Phenenna
2805 5575 3177 5640 interpretatur
3235 5569 3518 5625 conversio.
3563 5566 3602 5616 Δ
3657 5569 3742 5620 πεῖ

2222 5666 2238 5698 t
2269 5645 2496 5712 aspexit,
2535 5647 2716 5709 vertit,
2747 5645 3029 5698 convertit.
3068 5662 3086 5694 ι

2287 5705 2411 5796 (97).
2448 5717 2600 5768 Anna
2653 5705 2825 5770 autem
2893 5719 3270 5782 interpretatur
3332 5710 3514 5780 gratia.
3563 5705 3637 5759 Ab
3691 5710 3740 5774 T-

2219 5805 2236 5836 ι
2277 5797 2470 5857 gratia.
2512 5804 2530 5837 ι
