3870 6520
206 387 314 445 ιυθι

1279 386 1345 440 IN
1384 386 1638 441 LIBRUM
1678 384 1913 440 REGUM
1954 382 2234 438 llOillllJA
2272 382 2309 434 Ι.

3271 384 3410 439 1082‘!

204 504 385 573 penitus
413 501 573 558 alieni
601 508 727 557 sunt
753 514 780 552 a
826 498 988 554 rebus
1021 499 1133 555 Dei.
1177 500 1463 570 Accipiunt
1503 514 1734 567 namque
1764 506 1807 558 A
1841 512 1987 553 retur
2022 501 2073 553 in
2105 499 2429 556 Jerusalem.
2460 498 2516 551 lu
2540 498 2639 553 hoc
2672 512 2803 569 ergo
2830 498 2951 553 loco
2983 500 3072 570 qui
3104 501 3408 570 appellatur

203 606 351 663 partes
378 596 442 651 de
466 595 752 650 sacriﬁciis
785 592 1003 657 divinis,
1031 602 1085 647 et
1106 594 1275 649 edunt
1304 594 1370 648 de
1399 594 1592 648 hostiis
1616 593 1730 649 Dei.

204 690 548 759 Unusquisque
598 704 728 758 ergo
782 686 1026 746 nostrum
1092 687 1265 757 primo
1305 689 1643 743 convertitur
1702 702 1731 741 a

198 791 420 849 peccato,
449 791 502 834 et
534 796 599 834 ex
636 780 992 835 conveniette
1026 788 1250 851 generat
1281 794 1446 850 opera
1487 778 1732 845 justitire.

200 870 362 926 Postea
398 886 523 926 vero
561 872 795 927 excitata
843 856 1088 926 in'nobis
1126 872 1279 925 Anna
1328 885 1422 940 per
1461 871 1636 925 zelum
1680 881 1736 925 et

194 961 563 1016 inundationem
598 961 754 1027 boni,
788 980 1007 1034 precem
1041 961 1217 1015 fundit
1256 960 1319 1014 ad
1358 962 1523 1015 Deum
1548 1002 1562 1025 ,
1593 971 1653 1014 ut
1680 970 1734 1014 et

197 1046 295 1115 ipsa
324 1048 457 1103 ﬁlios
487 1060 730 1119 generet.
769 1052 967 1117 Quales
992 1066 1119 1121 ergo
1145 1052 1317 1115 Anna,
1350 1063 1468 1117 qnte
1501 1058 1583 1105 est
1609 1065 1734 1119 gra-

194 1141 278 1204 tia,
299 1140 426 1195 ﬁlios
452 1142 716 1211 genuerat?
742 1142 842 1207 Qui
875 1143 1145 1199 assideant
1176 1142 1305 1197 Deo.
1341 1160 1361 1193 r
1382 1140 1571 1197 Gratia
1588 1142 1731 1198 enim

188 1241 243 1285 et
272 1232 453 1286 veritas
496 1246 593 1299 per
636 1229 821 1286 Jesum
849 1232 1127 1288 Christum
1164 1232 1308 1287 facta
1346 1240 1430 1287 est
1465 1234 1530 1287 ⁸ο.
1573 1251 1591 1285 ι
1634 1232 1734 1288 llic

186 1335 303 1389 ergo
333 1331 411 1375 est
441 1322 581 1376 ﬁlius
613 1322 832 1391 gratiae,
865 1322 954 1391 qui
1006 1324 1115 1377 Deo
1146 1332 1302 1378 vacat
1332 1334 1387 1379 et
1419 1326 1585 1379 verbo
1617 1326 1728 1381 Dei.

188 1410 450 1467 Visautem
474 1414 861 1468 evidentiorem
897 1414 990 1469 tibi
1012 1416 1293 1469 ostendam
1315 1424 1367 1470 et
1400 1416 1452 1470 in
1481 1416 1732 1486 Evange-

185 1496 267 1552 liis
300 1497 598 1565 hujnsmodi
652 1498 1023 1567 intelligentia
1074 1500 1328 1565 formam,
1364 1515 1487 1571 qua!
1517 1503 1572 1557 itt
1618 1504 1733 1573 lege

181 1588 380 1657 quidem
406 1588 758 1642 adumbratur
784 1603 879 1656 per
916 1604 1136 1656 uxores,
1176 1591 1229 1644 in
1266 1591 1571 1662 Evangeliis
1603 1607 1732 1648 vero

173 1680 280 1748 jam
304 1695 535 1748 prmsens
559 1679 883 1735 describitur
904 1695 1002 1747 per
1024 1683 1280 1737 sorores?
1309 1680 1439 1737 Vide
1467 1684 1730 1738 Martham

176 1778 230 1823 et
262 1768 469 1822 Mariam
494 1770 537 1800 ⁸¹
565 1787 579 1823 :
611 1784 676 1823 ex
706 1769 902 1837 quibus
932 1771 1148 1839 quidem
1192 1769 1403 1825 Martha
1437 1772 1731 1827 conturba-

1840 590 1976 652 Silo,
2008 592 2200 646 hostia:
2228 608 2323 661 pro
2353 594 2589 660 peccatis
2620 590 3017 656 offerebantur,
3055 603 3108 647 et
3136 593 3208 647 ibi
3242 596 3407 648 ﬁebat

1837 684 2084 752 purgatio
2140 695 2510 753 peccatorum.
2578 684 2692 739 Silo
2764 697 2945 741 autem
3016 686 3406 756 interpretatur

1836 775 2037 827 avulsio
2066 775 2147 829 vel
2184 776 2499 829 excalceatio
2526 776 2662 845 (99),
2697 778 2796 833 hoc
2824 788 2907 833 est
2936 780 3288 834 calceamenti
3318 794 3404 834 re-

1836 863 2063 925 solutio,
2111 875 2164 918 et
2214 875 2440 935 uterque
2486 879 2680 921 sensus
2722 872 3111 925 conveniettter
3167 881 3403 941 aptatur.

1836 954 2010 1010 Locus
2039 957 2180 1010 enim
2213 958 2265 1010 in
2296 972 2402 1026 qtto
2423 968 2641 1026 peccata
2673 974 2996 1030 purgantur,
3019 971 3169 1020 recte
3195 966 3407 1021 avulsio

1836 1047 2167 1112 nominatur,
2199 1048 2287 1104 ubi
2320 1048 2575 1103 avellitur
2602 1066 2697 1105 cor
2736 1052 3025 1121 lapideum,
3055 1063 3108 1111 et
3148 1058 3406 1113 inseritur

1835 1153 1928 1194 cor
1981 1155 2234 1195 carneum
2272 1158 2286 1195 :
2336 1141 2419 1196 vel
2467 1143 2830 1211 excalceatio,
2859 1145 2983 1215 quia
3018 1161 3207 1203 omnes
3234 1153 3406 1208 donec

1835 1229 1902 1282 ad
1948 1239 2192 1283 sanctum
2244 1230 2419 1286 locum
2472 1231 2795 1300 veniamus,
2849 1237 3145 1292 excalceati
3178 1255 3401 1294 sumus:

1834 1335 1953 1374 enm
1984 1332 2159 1375 autem
2188 1326 2594 1390 pervenerimus
2623 1327 2686 1380 ad
2713 1342 2861 1391 eum,
2897 1329 3216 1384 discalceari
3246 1331 3408 1395 jube-

1835 1428 1974 1465 mur.
2010 1412 2100 1467 Sic
2148 1414 2348 1469 dicitur
2378 1418 2443 1470 ad
2492 1418 2673 1474 Mosen
2713 1419 2758 1450 ⁸⁸
2800 1437 2812 1471 :
2850 1437 2867 1469 ι
2913 1418 3072 1474 Solve
3107 1423 3403 1490 corrigiam

1833 1504 2180 1560 calceamenti
2216 1508 2312 1559 tui.
2350 1508 2522 1564 Locus
2551 1511 2696 1563 enim
2741 1512 2794 1564 in
2828 1526 2935 1578 quo
2969 1519 3021 1563 ιιι
3057 1521 3171 1565 stas
3196 1551 3211 1575 ,
3259 1524 3402 1566 terra

1832 1603 2017 1648 sancta
2068 1604 2167 1650 est.
2216 1616 2233 1649 ι
2277 1597 2339 1651 Ει
2387 1600 2514 1668 quid
2569 1611 2819 1669 putamus
2866 1603 3005 1671 quod
3062 1604 3113 1656 in
3163 1604 3247 1659 bis
3298 1621 3403 1660 non

1834 1683 2037 1751 aliquid
2108 1688 2350 1755 mysterii
2413 1690 2685 1745 obtectum
2760 1692 2869 1757 sit,
2930 1693 3022 1746 sed
3084 1694 3210 1762 quia
3268 1694 3409 1750 Deus

1836 1773 1999 1847 5,85
2041 1780 2429 1835 exsecrahatur
2472 1783 2838 1840 calceamenta
2886 1786 3015 1841 Mosi
3059 1790 3357 1856 corporalia
3388 1829 3404 1853 .

177 1870 282 1924 tur,
310 1870 358 1916 et
388 1862 585 1931 satagit
614 1862 761 1918 circa
793 1864 1019 1918 multum
1048 1863 1433 1929 ministerium,
1464 1873 1518 1917 et
1548 1864 1730 1932 explet
1763 1851 1803 1904 Β
1833 1866 1953 1920 ideo
1999 1868 2114 1923 haec
2156 1870 2522 1938 jubebantur?
2572 1874 2677 1927 Aut
2725 1874 2851 1929 illud
2888 1878 3057 1946 magis
3105 1851 3403 1947 putandum

170 1970 324 2023 opera
355 1955 744 2021 conversionis,
786 1966 839 2013 et
882 1972 979 2026 per
1024 1957 1137 2010 hmo
1166 1955 1312 2009 velut
1355 1956 1731 2010 conversionis

171 2047 307 2101 ﬁlios
349 2056 585 2116 generat.
612 2047 780 2101 Maria
818 2064 965 2113 vero,
1022 2062 1184 2103 secus
1233 2046 1394 2115 pedes
1438 2044 1599 2102 Verbi
1636 2046 1729 2100 Dei

170 2136 389 2199 intenta,
428 2135 686 2204 optimam
724 2145 933 2205 partem
976 2136 1205 2206 elegisse
1253 2135 1476 2200 dicitur,
1526 2143 1581 2189 et
1638 2149 1733 2201 per

166 2225 284 2279 hme
312 2224 621 2295 intelligitur
648 2226 794 2281 velut
826 2227 1015 2298 gratire
1034 2226 1281 2297 germina
1302 2240 1615 2294 procreare.
1642 2226 1732 2279 Sic

162 2330 294 2385 ergo
324 2325 375 2370 et
408 2330 551 2371 nunc
589 2316 741 2369 Anna
789 2325 1014 2387 generat
1058 2316 1247 2370 ﬁlium.
1302 2316 1471 2382 Quem
1524 2314 1733 2369 ﬁlium?

164 2403 489 2470 Samnelem,
521 2406 713 2475 inquit,
741 2408 829 2474 qui
863 2406 969 2461 Deo
998 2408 1227 2470 assistit,
1256 2408 1320 2461 de
1348 2423 1458 2475 quo
1488 2407 1539 2461 itt
1578 2404 1731 2461 Pen!»-

160 2502 266 2554 mis
298 2501 490 2555 dicitur
516 2501 562 2532 ⁸²
595 2520 608 2555 :
643 2519 661 2553 ι
701 2499 874 2554 Moses
920 2510 972 2553 et
1027 2501 1204 2553 Aaron
1258 2500 1311 2552 iu
1362 2502 1733 2555 sacerdotibus

159 2592 304 2662 ejus,
333 2602 385 2648 et
426 2592 645 2647 Samuel
690 2592 743 2646 in
782 2591 867 2645 his
898 2592 987 2660 qui
1025 2593 1276 2645 invocant
1308 2607 1501 2647 nomen
1531 2592 1668 2659 ejus.
1709 2612 1724 2642 ι

159 2682 275 2738 Sed
308 2695 361 2739 et
398 2683 661 2747 Jeremias
702 2682 837 2738 dicit
873 2682 918 2713 ⁸³
956 2698 971 2735 :
1015 2700 1032 2731 ι
1073 2682 1128 2735 Si
1176 2683 1428 2736 steterint
1470 2680 1646 2736 Moses
1678 2690 1733 2736 et

157 2777 377 2832 Samuel
411 2778 462 2831 itt
505 2789 796 2847 conspectu
840 2790 981 2839 meo,
1018 2792 1124 2830 non
1171 2775 1435 2830 dimittam
1486 2776 1584 2829 eis.
1623 2794 1641 2827 ι
1676 2777 1733 2832 Si

153 2885 293 2941 ergo
323 2880 502 2924 tantus
530 2880 582 2924 et
614 2871 733 2924 talis
758 2878 835 2925 est
872 2870 1011 2923 ﬁlius
1040 2868 1247 2939 gratiae,
1280 2878 1335 2923 et
1361 2884 1459 2924 nos
1506 2868 1732 2941 festine-

153 2980 284 3018 Itttts
310 2966 523 3033 quidem
555 2963 620 3016 ad
653 2964 822 3018 Annae
854 2964 1068 3032 nuptias
1089 3001 1104 3027 ,
1149 2962 1245 3016 sed
1287 2961 1558 3030 patienter
1607 2977 1733 3032 aga-

152 3072 283 3111 mus
316 3066 369 3110 ttt
403 3057 549 3124 prius
590 3056 748 3109 nobis
793 3057 886 3109 ﬁlii
914 3058 979 3110 de
1008 3054 1370 3109 conversione
1400 3063 1729 3108 nascantur:

1830 1968 1935 2021 est,
1987 1960 2129 2028 quod
2176 1976 2298 2015 cum
2343 1964 2518 2019 exiret
2555 1966 2622 2020 de
2659 1974 2806 2021 terra
2858 1964 3076 2039 A‘Zgypti
3105 2010 3121 2033 ,
3172 1969 3408 2026 habebat

1833 2051 2201 2106 calceamenta
2234 2056 2302 2108 de
2326 2055 2558 2125 pellibus
2584 2059 2831 2125 mortuis,
2866 2069 2918 2113 et
2946 2071 3067 2116 erat
3091 2061 3235 2117 velut
3270 2078 3404 2132 qua-

1844 2142 1965 2198 dam
1978 2145 2299 2199 mortalitate
2310 2146 2656 2200 constrictus:
2675 2160 2797 2201 eum
2816 2161 2942 2203 vero
2958 2149 3121 2218 coepit
3150 2151 3347 2219 proﬁce
3355 2167 3409 2206 re

1845 2236 1910 2289 ad
1929 2236 2178 2289 virtutem
2210 2245 2263 2289 et
2293 2236 2583 2291 ascendere
2613 2246 2852 2293 montem
2884 2238 2998 2305 Dei,
3023 2250 3181 2309 atque
3211 2241 3281 2296 ibi
3309 2242 3406 2297 im-

1844 2328 2160 2383 mortalibus
2198 2329 2504 2385 ministrare
2533 2332 2817 2401 mysteriis,
2850 2341 2978 2387 tunc
3010 2333 3138 2389 dicit
3175 2336 3242 2390 ad
3284 2352 3423 2391 eum.

1847 2427 1906 2472 ut
1950 2418 2145 2475 indicia
2192 2421 2531 2476 mortalitatis
2579 2423 2870 2492 abjieerct,
2924 2440 3043 2493 quae
3098 2425 3151 2479 in
3197 2427 3409 2482 calcea-

1845 2511 2044 2565 mentis
2095 2511 2332 2580 pellieeis
2373 2513 2740 2583 designantur.
2784 2516 2894 2585 Ego
2935 2527 3065 2584 puto
3101 2519 3243 2586 quod
3284 2536 3409 2587 pro-

1844 2610 2027 2670 pterea
2064 2612 2114 2657 et
2158 2603 2415 2673 apostolis
2453 2604 2565 2658 suis
2602 2604 2847 2659 Salvator
2886 2607 3161 2676 praecepit,
3201 2624 3270 2662 ne
3310 2610 3408 2663 ha-

1842 2693 2033 2748 berent
2075 2694 2440 2750 calceamenta
2496 2695 2549 2747 in
2602 2696 2829 2764 pedibus
2884 2696 3023 2761 suis,
3064 2706 3122 2750 ut
3172 2698 3409 2766 ipsorum

1840 2786 2006 2856 pedes
2042 2785 2133 2856 qui
2173 2786 2463 2839 currebant
2498 2786 2565 2839 ad
2598 2786 3027 2841 annuntiandum
3057 2787 3221 2841 vitam
3249 2798 3409 2843 aeter-

1842 2894 1997 2940 nam,
2040 2878 2186 2931 omni
2240 2886 2491 2931 carerent
2544 2877 2884 2931 mortalitatis
2923 2877 3120 2932 indicio
3162 2897 3173 2931 :
3211 2881 3409 2951 quippe

1840 2966 1932 3036 qui
1980 2966 2126 3020 illam
2182 2966 2323 3020 viam
2377 2966 2711 3032 incederent,
2750 2983 2869 3036 qua:
2922 2970 3051 3023 dicit
3086 2971 3127 2999 ⁸⁷
3175 2989 3185 3022 :
3232 2990 3249 3020 ι
3298 2970 3408 3039 Ego

1836 3071 1954 3111 sum
2002 3056 2084 3108 via
2110 3097 2124 3121 ,
2158 3057 2360 3109 veritas
2403 3068 2457 3110 et
2503 3057 2631 3110 vita.
2661 3075 2679 3108 ι
2725 3057 2893 3110 Nemo
2926 3058 3071 3110 enint
3107 3057 3247 3110 viam
3287 3057 3408 3110 vitae

148 3148 311 3216 prius
350 3148 400 3202 iu
437 3146 597 3202 bonis
626 3148 881 3215 operibus
915 3145 1219 3215 placeamus
1239 3183 1254 3208 ,
1293 3153 1420 3198 tunc
1456 3144 1651 3198 deinde
1676 3151 1729 3198 et
1760 3183 1807 3244 Ο
1837 3160 1959 3199 cum
1990 3146 2336 3199 mortalitatis
2364 3146 2563 3200 iudicio
2597 3146 2815 3200 incedit.
2835 3146 2979 3201 Talis
2998 3162 3127 3217 ergo
3147 3156 3229 3201 est
3257 3146 3408 3201 locus

145 3241 223 3293 de
257 3238 447 3308 gratia,
495 3248 549 3290 et
592 3240 732 3291 dono
773 3237 997 3305 spiritus
1032 3236 1201 3288 ﬁlittm
1254 3248 1623 3303 procreemus.
1660 3234 1731 3289 Et

144 3331 373 3401 qualem
400 3330 609 3383 lilium?
638 3329 823 3396 Qualis
852 3330 937 3383 hic
968 3328 1106 3382 ﬁlius
1129 3336 1231 3394 est,
1260 3325 1503 3395 Samuel,
1533 3328 1728 3395 inquit,

144 3422 251 3488 qui
305 3421 689 3489 interpretatur
730 3420 815 3473 Ibi
860 3422 967 3486 ipse
1005 3419 1143 3473 Deus
1175 3418 1309 3490 (98).
1343 3418 1506 3475 Vides
1545 3418 1733 3488 quales

143 3513 300 3567 ﬁlios
332 3523 550 3581 generat
580 3514 798 3583 gratia?
833 3513 922 3566 Sic
955 3512 1100 3567 eniut
1130 3512 1392 3581 scriptum
1432 3521 1513 3567 est
1551 3513 1617 3565 de
1648 3510 1735 3566 his

140 3605 250 3673 ςιιί
299 3604 522 3672 spiritus
557 3605 787 3672 gratiam
833 3600 1111 3657 consecuti
1144 3612 1310 3667 sunt,
1344 3602 1556 3657 dicente
1587 3604 1732 3670 Apo-

141 3695 299 3749 stolo
324 3694 368 3723 ⁸³
397 3711 410 3748 :
445 3709 464 3745 ς
506 3692 561 3747 Si
596 3709 722 3747 vero
756 3695 1015 3763 propheta
1050 3695 1251 3759 intret,
1288 3700 1380 3745 aut
1423 3691 1731 3759 imperitus,

140 3796 251 3838 aut
302 3786 487 3848 idiota,
538 3787 587 3839 in
624 3796 945 3838 conventum
981 3798 1260 3851 vestrum,
1292 3784 1625 3838 discernitur
1667 3783 1734 3834 ab

138 3879 437 3941 omnibus,
454 3879 662 3931 Occulta
681 3893 895 3947 quoque
920 3878 1105 3933 cordis
1124 3877 1241 3943 ejus
1264 3875 1549 3930 manifesta
1578 3875 1732 3929 ﬁent:

136 3983 201 4025 et
252 3981 381 4024 tunc
424 3972 624 4024 cadens
674 3969 726 4023 in
766 3969 959 4023 facient
1012 3967 1263 4022 adorabit
1298 3966 1506 4031 Deum,
1546 3965 1737 4019 dicens

136 4064 286 4132 quia
328 4077 452 4116 vere
484 4062 625 4117 Dens
670 4063 721 4115 in
769 4062 918 4115 vobis
947 4070 1053 4115 est.
1100 4079 1119 4111 ι
1160 4058 1271 4112 lloc
1313 4066 1397 4112 est
1429 4071 1559 4126 ergo
1592 4058 1736 4126 quod

136 4156 556 4221 interpretator
586 4152 830 4216 Samuel,
857 4152 927 4207 ibi
958 4152 1069 4220 ipse
1114 4151 1279 4205 Deus.
1316 4149 1421 4205 Ubi
1456 4149 1599 4203 enim
1628 4149 1738 4216 spi-

138 4243 299 4297 ritus
333 4245 553 4313 gratiae,
596 4244 669 4297 ibi
716 4242 831 4313 ipse
873 4257 997 4296 esse
1036 4241 1236 4294 dicitur
1267 4240 1431 4293 Deus.
1480 4237 1586 4292 Sed
1640 4238 1739 4291 iste

135 4335 321 4390 nobis
369 4336 487 4389 talis
532 4336 671 4390 ﬁlius
720 4351 822 4389 non
872 4343 1045 4404 potest
1094 4332 1279 4395 nasci,
1334 4331 1440 4385 nisi
1489 4346 1735 4399 praeces-

131 4428 337 4481 seriut
380 4429 529 4497 prius
589 4428 682 4481 ﬁlii
729 4427 1039 4481 Pheneuna:
1088 4444 1102 4492 ;
1156 4425 1261 4479 nisi
1322 4424 1466 4477 enim
1533 4438 1736 4491 prince-

1841 3238 1940 3292 iste
1968 3236 2220 3292 similiter
2250 3238 2339 3291 ubi
2377 3246 2458 3291 est
2487 3236 2603 3290 lleli
2644 3238 2724 3290 vir
2766 3239 2943 3292 minus
2972 3238 3275 3294 laudabilis.
3306 3238 3410 3294 Pro

1839 3336 2065 3397 peccato
2093 3327 2238 3381 enim
2266 3336 2571 3381 retrorsum
2596 3342 2853 3381 corruens
2876 3329 3197 3397 exspiravit.
3210 3329 3277 3385 Et
3304 3346 3411 3384 non

1839 3427 2089 3489 putemus
2115 3420 2255 3487 quod
2296 3418 2398 3472 iste
2429 3420 2573 3473 solus
2609 3426 2902 3485 retrorsum
2929 3434 3190 3475 corruens
3225 3424 3411 3490 exspie

1839 3511 2062 3576 raverit,
2100 3510 2193 3565 sed
2230 3519 2284 3563 et
2322 3525 2465 3563 nunc
2512 3512 2556 3565 si
2594 3512 2715 3580 quis
2752 3518 3048 3564 retrorsum
3084 3513 3325 3575 corruit,
3364 3514 3412 3567 si

1840 3601 1963 3670 quis
2014 3610 2161 3655 retro
2215 3602 2550 3654 convertitur
2588 3617 2618 3655 a
2670 3601 2776 3656 ﬁde
2809 3610 2863 3653 ct
2897 3603 3154 3665 veritate,
3192 3617 3415 3657 necesse

1840 3702 1922 3749 est
1946 3702 2002 3746 ut
2021 3694 2200 3757 cadat,
2230 3702 2284 3745 et
2314 3702 2369 3746 ιιι
2393 3693 2647 3747 continuo
2673 3693 2953 3747 moriatur.
2985 3691 3089 3747 Sed
3114 3704 3167 3747 et
3193 3695 3245 3747 in
3271 3693 3412 3748 Deu-

1841 3785 2130 3838 teronomio
2156 3784 2505 3838 comminatio
2538 3785 2914 3854 peccatoribus
2938 3784 3254 3848 intentatur,
3287 3801 3411 3840 cum

1842 3875 2039 3929 dicitur
2068 3874 2113 3905 ⁸⁸
2150 3893 2161 3927 :
2194 3894 2210 3926 ι
2238 3874 2304 3928 Et
2331 3874 2711 3943 opisthotonus
2738 3872 3073 3929 insanabilis.
3106 3894 3125 3925 ι
3154 3874 3413 3943 Opistho-

1843 3974 2001 4020 tonus
2026 3975 2205 4019 autem
2241 3966 2372 4035 tergi
2409 3964 2786 4035 aegritudinem
2817 3975 2869 4017 et
2900 3965 3259 4036 posteriorum
3285 3981 3412 4033 par-

1842 4058 1975 4110 tinm
2012 4057 2325 4125 signiﬁcat,
2359 4068 2414 4111 et
2448 4058 2637 4127 utique
2667 4072 2771 4110 non
2812 4058 2929 4111 sine
2961 4071 3119 4111 causa
3141 4096 3157 4122 ,
3189 4072 3309 4110 cum
3340 4066 3415 4109 tot

1840 4164 2036 4219 genera
2077 4148 2353 4218 languoris
2400 4148 2705 4204 habeantur
2742 4149 2996 4214 lttttnani,
3038 4148 3143 4203 hoc
3198 4148 3416 4215 potis.i-

1843 4256 1988 4295 mum
2030 4255 2202 4309 genus
2230 4240 2504 4308 languoris
2540 4238 2836 4293 ascribitur
2863 4238 3157 4307 peccaturi.
3193 4237 3328 4292 Nam
3359 4246 3417 4291 et

1841 4334 1895 4387 in
1924 4332 2110 4388 Genesi
2144 4348 2279 4387 uxor
2323 4333 2442 4395 Lol,
2482 4348 2599 4401 qua:
2650 4341 2793 4385 retro
2826 4345 3087 4385 conversa
3141 4340 3244 4395 est,
3272 4329 3415 4383 divi-

1844 4443 1970 4479 nttm
1997 4426 2195 4479 dicitur
2224 4434 2560 4493 transgressa
2594 4432 2945 4491 praeceptum,
2977 4436 3083 4490 quo
3108 4422 3157 4476 ei
3191 4423 3418 4475 manda-

131 4519 288 4572 dant
334 4534 493 4589 opera
549 4520 962 4582 conversionis,
1016 4532 1119 4569 non
1172 4529 1447 4569 meremur
1501 4513 1728 4582 gratiam
1765 4532 1808 4585 ι)
1843 4526 1952 4569 ιιιιιι
2008 4516 2187 4569 fuerat
2235 4530 2301 4567 tte
2350 4524 2645 4567 retrorsum
2696 4513 3019 4581 respiceret,
3063 4527 3197 4567 neve
3245 4522 3420 4567 staret

129 4611 418 4681 Spiritus,
452 4626 549 4666 nec
580 4626 648 4665 ex
682 4610 794 4679 ipsa
829 4624 1115 4679 possumus
1145 4608 1343 4662 donum
1388 4605 1616 4673 spiritus
1645 4622 1737 4675 ge-

130 4718 381 4757 nerare.

220 4794 282 4847 6.
304 4812 305 4815 η
326 4793 619 4849 Videamus
648 4803 827 4849 autem
858 4802 911 4848 et
941 4791 1006 4845 ad
1038 4805 1197 4861 quem
1241 4790 1417 4846 locum
1445 4788 1738 4845 convenie-

126 4886 243 4940 bat
283 4885 561 4940 Helehana
604 4900 725 4939 cum
771 4883 1030 4938 uxoribus
1063 4881 1195 4938 suis.
1231 4898 1249 4932 ι
1289 4879 1609 4941 lmmolare,
1657 4877 1741 4930 in-

124 4980 272 5049 quit
300 4980 375 5047 ⁸⁸,
413 4980 643 5034 Domino
672 4981 723 5033 in
754 4976 888 5032 Silo.
920 4977 1089 5030 Erant
1129 4984 1308 5030 autem
1334 5015 1349 5041 ,
1386 4974 1577 5042 inquit,
1622 4970 1738 5025 lleli

120 5071 212 5125 ibi
246 5113 262 5137 ,
299 5081 359 5125 et
392 5073 499 5127 duo
544 5072 635 5125 ﬁlii
670 5072 787 5141 ejus
831 5068 1005 5141 Ophui
1046 5078 1100 5124 et
1130 5068 1392 5137 Phincos,
1429 5064 1744 5120 sacerdotes

122 5163 403 5217 Domini.
447 5183 465 5215 ι
506 5165 618 5220 Silo
659 5179 850 5219 nomen
892 5174 977 5218 est
1020 5163 1121 5218 loci
1150 5202 1165 5228 ,
1221 5162 1273 5215 in
1319 5175 1425 5230 quo
1469 5156 1740 5214 sacriﬁcia

124 5255 398 5311 Domino
429 5258 797 5314 ollerebantur
817 5298 832 5323 ,
868 5256 1186 5328 priusquam
1224 5253 1480 5325 templum
1510 5250 1743 5305 :ediﬁca-

210 5414 268 5445 ⁸ο
304 5410 503 5466 Joann.
537 5428 575 5475 ι,
633 5413 719 5465 ΓΙ.
785 5411 828 5442 ⁸¹
874 5410 1005 5463 Luc.
1059 5427 1114 5467 κ.

119 5500 166 5547 ι,
211 5484 279 5537 5.
367 5482 415 5515 ⁸⁸
445 5484 614 5537 Exod.
643 5498 726 5546 ιιι,
766 5480 819 5535 5.
895 5478 1117 5535 "Joan.
1148 5495 1257 5547 XIV,
1292 5479 1344 5533 6.

214 5647 351 5717 (98)
386 5644 696 5702 Samuel....
730 5646 819 5716 qui
862 5646 1239 5713 interpretatur
1288 5644 1369 5698 Ibi
1408 5644 1516 5712 ipse
1584 5642 1743 5699 Deus.

94 5728 222 5792 λιι
260 5750 375 5799 ειν
412 5758 429 5789 ι
467 5739 593 5800 ιω.»
627 5749 728 5797 mn
770 5758 787 5791 ι
830 5741 966 5807 ipse,
1001 5757 1019 5790 ι
1058 5748 1114 5792 et
1138 5736 1208 5797 Ἅι
1258 5757 1273 5788 ι
1319 5737 1477 5807 Dens.
1508 5754 1526 5785 ι

211 5811 349 5879 (99)
378 5808 495 5863 Silo
535 5822 709 5862 autem
744 5805 1116 5877 interpretatur
1146 5808 1347 5862 avulsio
1373 5806 1449 5860 vel
1470 5805 1741 5860 excalcea-

488 5901 761 5961 Ρηιιοι..
807 5903 923 5960 Gn.
970 5900 1111 5960 ΧΙΙ.

1187 5408 1231 5441 ⁸¹
1280 5406 1423 5462 Psal.
1473 5422 1560 5471 lC,
1589 5405 1642 5460 6.
1716 5403 1991 5458 8'Jeretn.
2024 5417 2115 5462 xv.
2159 5403 2206 5455 l.

1422 5477 1467 5509 ⁸⁸
1494 5478 1649 5532 Deut.
1688 5490 1879 5529 xxvttt.

1847 4609 1898 4661 in
1927 4608 2072 4662 omni
2122 4607 2362 4675 regione,
2406 4615 2461 4659 et
2505 4604 2623 4657 ideo
2656 4602 2851 4658 eﬁ‘eeta
2880 4612 2960 4659 est
2994 4603 3301 4660 staticulum
3331 4620 3409 4657 sar

1846 4698 1910 4751 lis
1942 4698 2008 4754 '9.
2034 4698 2295 4752 Dominus
2321 4710 2535 4765 quoque
2562 4703 2615 4748 et
2651 4693 2899 4749 Salvator
2928 4704 3113 4750 noster
3150 4696 3204 4751 in
3237 4694 3420 4750 Evan-

1846 4792 1987 4861 gelio
2017 4809 2031 4845 :
2072 4809 2089 4841 ι
2123 4788 2319 4853 Nemo,
2352 4787 2528 4856 inquit
2555 4786 2635 4850 νο,
2668 4785 2887 4839 mittens
2924 4800 3143 4840 manum
3182 4801 3336 4840 suam
3366 4785 3420 4840 in

1848 4891 2109 4946 aratrum,
2148 4890 2202 4932 et
2236 4887 2379 4932 retro
2415 4876 2711 4946 respiciens
2750 4885 2907 4946 iile
2945 4886 3029 4931 est
3060 4891 3226 4945 regno
3254 4876 3367 4929 Dei.
3396 4895 3415 4925 ι

1845 4970 2069 5041 Insuper
2109 4984 2325 5040 quoque
2356 4984 2478 5022 cum
2507 4968 2573 5022 de
2595 4966 2839 5037 pluribus
2870 4967 3165 5031 docuisset,
3193 4968 3340 5021 addit
3369 4974 3423 5019 rt

1848 5066 1971 5129 hoc,
2008 5063 2195 5117 dicens
2219 5062 2260 5092 ἰ
2296 5078 2309 5113 :
2342 5079 2359 5111 ι
2396 5057 2664 5113 Mentores
2690 5065 2866 5113 estote
2895 5058 3083 5113 uxoris
3107 5056 3229 5112 Lot.
3260 5075 3278 5107 ι
3311 5055 3421 5121 0p-

1849 5156 2037 5208 timnm
2078 5154 2244 5224 igitur
2286 5158 2369 5205 est
2394 5149 2636 5204 oblivisci
2685 5150 2886 5219 priora,
2925 5148 3168 5205 oblivisci
3200 5156 3420 5216 prtett‘r-

1847 5246 1944 5313 ita,
1969 5246 2044 5299 uti
2083 5260 2148 5300 ne
2175 5244 2603 5314 comprehendat
2632 5258 2729 5297 nos
2768 5241 3174 5311 episthotonus,
3205 5241 3422 5293 insana-

2290 5402 2333 5435 ⁸⁵
2383 5390 2397 5455 l
2430 5400 2677 5455 Corinth.
2718 5414 2809 5453 xrv
2834 5438 2849 5464 ,
2885 5397 2974 5459 94,
3004 5395 3094 5449 25.
3171 5385 3255 5436 ⁸³1
3287 5380 3421 5445 “9%-

1974 5472 2019 5503 ”
2053 5472 2186 5526 Gen.
2224 5487 2333 5526 χιχ.
2410 5472 2454 5503 ⁹⁰
2485 5470 2616 5526 Luc.
2649 5487 2725 5537 lx,
2755 5469 2843 5523 62.
2919 5468 2963 5499 ⁹¹
2990 5466 3122 5520 Luc.
3164 5478 3298 5533 xvrt,
3330 5464 3420 5519 52.

1852 5642 1947 5693 tio.
1986 5638 2031 5691 Α
2075 5620 2187 5697 5w:
2220 5638 2249 5687 ι
2287 5636 2514 5704 avulsit,
2541 5636 2795 5700 detraxit,
2823 5628 3189 5695 discalceavit,
3223 5626 3268 5681 si
3297 5626 3428 5696 jun-

1850 5720 2006 5780 gatur
2033 5724 2154 5764 cum
2176 5707 2376 5763 calceo.
2411 5726 2430 5758 ι

3024 5885 3103 5941 32
