3870 6522
461 367 489 420 1
501 367 608 423 οθδ

1943 354 2264 412 ORIGENIS

3593 370 3713 421 lunt

459 488 590 542 bilis
628 486 870 556 languor,
909 497 1078 554 neque
1112 485 1369 538 cadamus
1399 491 1696 538 retrorsum
1731 479 1870 534 sicut
1897 476 2032 540 Heli,
2066 479 2114 534 A
2145 475 2244 529 hoc
2277 477 2528 541 dicimus,
2561 481 2706 548 quod
2755 480 2801 534 is
2848 483 2938 551 qui
2988 482 3101 536 Deo
3151 482 3384 538 offertur
3415 501 3565 554 puer,
3604 501 3717 545 ante

463 592 521 636 et
549 583 859 636 moriamur.

537 676 588 730 7.
629 673 709 728 Ibi
743 684 920 727 autem
956 677 1111 724 erant
1145 671 1249 725 duo
1311 669 1402 723 ﬁlii
1439 667 1577 723 Heli.
1613 667 1727 722 Heli
1760 667 1837 738 (ι)
1872 667 2036 720 inter-

465 776 707 836 pretatur
750 765 939 826 Arabs,
980 765 1095 818 sive
1123 763 1408 818 extrarius.
1466 761 1749 814 Extrarius
1779 760 1978 829 quippe
2007 776 2036 811 a

464 861 576 917 Deo
618 871 699 916 est
724 861 816 931 qui
859 875 960 913 nott
1004 867 1149 913 tenet
1185 856 1553 925 disciplinam,
1591 854 1680 923 qui
1714 853 2035 924 delinquen-

461 963 573 1007 tcm
607 953 772 1006 ﬁlium
811 965 915 1005 non
949 951 1202 1019 castigat,
1241 961 1344 1000 non
1385 946 1627 1015 corripit,
1659 953 1716 998 ut
1741 943 1987 999 emendet
2019 958 2032 994 :

464 1047 555 1115 qui
610 1045 851 1115 indulget
880 1043 1045 1106 vitiis,
1076 1044 1166 1111 qni
1201 1039 1396 1094 delicta
1445 1054 1550 1094 non
1597 1036 1781 1107 punit,
1815 1037 1956 1090 sicut
1983 1042 2036 1088 et

463 1138 754 1208 Apostolus
775 1138 906 1191 dicit
927 1138 974 1168 θ’
1003 1154 1014 1189 :
1042 1154 1059 1183 ι
1081 1134 1232 1201 Quod
1260 1135 1303 1188 si
1331 1142 1484 1187 extra
1513 1129 1851 1199 disciplinam
1881 1128 2032 1190 estis,

462 1232 619 1298 cujus
649 1230 949 1299 participes
978 1229 1103 1284 laeti
1138 1235 1266 1279 sunt
1295 1241 1506 1290 omnes,
1555 1239 1684 1292 ergo
1715 1221 2032 1287 adulterini,

462 1331 517 1374 et
549 1335 657 1375 non
693 1319 788 1374 ﬁlii
818 1321 974 1375 estis.
1005 1338 1022 1370 ι
1068 1318 1175 1371 Iste
1215 1327 1299 1372 est
1331 1332 1460 1386 ergo
1504 1316 1643 1381 Heli,
1685 1315 1776 1383 qui
1813 1321 2035 1384 propter

461 1415 578 1468 iure
607 1415 829 1483 punitur
859 1427 887 1465 a
925 1412 1052 1465 Deo.
1105 1408 1395 1462 Videamus
1446 1417 1624 1461 autent
1672 1407 1761 1473 qui
1814 1413 1936 1458 sunt
1981 1411 2035 1456 et

462 1510 558 1563 ﬁlii
609 1509 747 1579 ejus.
796 1505 996 1575 Ophni,
1033 1505 1232 1576 inquit,
1263 1514 1314 1557 et
1353 1504 1606 1557 Phincos.
1644 1499 2034 1566 Interpretatur

462 1612 644 1656 autem
672 1599 848 1668 Ophni
874 1613 1114 1652 excessus
1142 1594 1491 1650 conversionis
1511 1591 1605 1662 (2).
1638 1589 1709 1645 De
1740 1589 2032 1643 Phenenna

461 1702 640 1746 autem
693 1689 857 1759 paulo
886 1697 1010 1741 ante
1040 1686 1279 1741 diximus
1321 1685 1462 1753 quod
1503 1692 1650 1737 esset
1701 1679 2028 1736 conversio:

462 1783 552 1836 hic
581 1790 757 1835 autem
797 1778 887 1846 qui
927 1775 1162 1840 excedit,
1195 1784 1248 1829 et
1291 1775 1448 1842 longe
1497 1772 1727 1826 efﬁcitur
1751 1770 1817 1822 ab
1846 1782 2030 1820 emen-

461 1871 702 1933 datione,
741 1883 842 1922 nec
877 1866 1121 1921 converti
1157 1864 1264 1917 vult
1299 1864 1363 1915 ad
1396 1860 1715 1920 Dominum,
1743 1865 2027 1926 propterea

459 1962 656 2030 impius
692 1967 992 2029 permanet.
1035 1957 1141 2012 Sed
1173 1964 1226 2010 et
1267 1954 1579 2024 quicunque
1609 1950 1696 2004 ille
1723 1959 1802 2002 est
1823 1989 1837 2010 ,
1867 1959 2026 2016 quem

456 2057 706 2110 videmus
735 2062 854 2123 post
884 2060 1165 2122 peccatum
1199 2063 1304 2102 non
1332 2043 1575 2100 converti
1609 2042 1676 2096 ad
1718 2040 2025 2102 Dominum,

457 2159 513 2203 et
545 2162 708 2218 agere
741 2144 1142 2216 paenitentiam,
1175 2156 1274 2194 nec
1314 2142 1553 2207 recipere
1581 2135 1830 2189 meritum
1863 2133 2025 2185 futuri

451 2241 662 2312 judicii,
701 2248 754 2293 et
784 2237 933 2292 verbi
966 2236 1133 2290 divini
1178 2231 1541 2302 praecipientis
1573 2245 1585 2281 :
1612 2248 1628 2279 ι
1656 2225 1903 2295 Nunquid
1934 2224 2024 2292 qui

457 2333 625 2396 cadit,
661 2347 766 2386 non
806 2329 1026 2397 adjiciet
1054 2337 1112 2383 ιιι
1140 2325 1434 2394 resurgat?
1468 2325 1572 2377 Aut
1604 2322 1691 2391 qtti
1735 2331 2027 2375 conversus

455 2435 561 2490 est,
586 2441 694 2480 non
724 2422 1068 2479 revertetur?
1100 2440 1117 2473 ι
1156 2429 1300 2474 recte
1321 2429 1373 2472 et
1396 2418 1463 2472 de
1495 2418 1608 2484 ipso
1637 2415 1866 2468 dicimus
1897 2411 2022 2480 quia

457 2519 524 2573 sit
559 2517 760 2586 Opbni,
804 2525 858 2570 et
898 2513 1168 2568 excedens
1201 2527 1229 2565 a
1267 2509 1642 2567 conversione.
1671 2507 1775 2560 Sed
1807 2513 1860 2556 et
1891 2504 2028 2556 alius

458 2608 605 2662 ﬁlius
637 2606 755 2676 ejus
786 2604 987 2660 dicitur
1020 2603 1278 2658 Phineas.
1316 2601 1462 2654 Duos
1493 2598 1744 2653 novimus
1780 2596 1832 2648 in
1882 2594 2029 2648 Scri-

457 2698 633 2768 pturis
669 2698 769 2752 hoc
789 2696 1006 2751 nomine
1036 2693 1346 2764 appellatos,
1367 2691 1621 2746 Phineem
1644 2689 1789 2742 illum
1817 2686 2025 2752 justum

454 2795 634 2845 Aaron
689 2789 879 2855 lilium,
915 2795 970 2842 et
999 2787 1142 2840 hunc
1172 2785 1427 2855 injustnm
1473 2782 1644 2835 ﬁlium
1696 2779 1832 2832 Heli.
1878 2777 2028 2832 Unde

455 2897 509 2939 ct
545 2892 917 2954 competenter
947 2879 1081 2934 dttas
1115 2877 1274 2946 lmjus
1294 2875 1527 2931 nominis
1551 2871 2028 2940 interpretationes

457 2975 784 3030 invenimus.
824 2971 1112 3041 Signiﬁcat
1145 2969 1289 3022 enim
1332 2966 1564 3020 Phinecs
1601 2963 1653 3016 in
1706 2963 1886 3030 lingua
1925 2974 2025 3014 no-

455 3080 591 3135 stra,
621 3068 726 3123 oris
780 3064 1067 3128 obturatio,
1121 3063 1205 3118 vel
1246 3063 1325 3114 ori
1375 3075 1591 3128 parcens
1624 3056 1722 3127 (5).
1767 3055 2028 3110 Peccator

2142 567 2322 622 oﬂ‘crri
2359 586 2463 624 non
2493 573 2684 641 potuit,
2714 589 2876 644 quam
2904 576 3273 645 depelleretur
3296 593 3323 627 a
3349 578 3516 632 lacte.
3544 579 3599 632 In
3623 599 3716 648 quo

2141 663 2449 716 ostenditur
2470 667 2782 720 consecrari
2812 669 2917 722 Deo
2941 669 3213 722 neminem
3241 686 3405 738 posse
3429 672 3524 738 qui
3557 674 3714 725 adhuc

2141 753 2281 807 lacte
2312 754 2494 819 alitur,
2525 765 2580 811 et
2614 772 2750 824 puer
2786 767 2870 812 est
2899 761 3170 821 sensibus,
3219 771 3392 828 atque
3421 777 3620 830 expers
3647 777 3718 815 est

2141 848 2410 902 sermonis
2430 847 2681 914 iustitiae,
2709 864 2807 903 nec
2831 837 3188 905 sacerdotalia
3215 863 3394 920 potest
3430 869 3718 921 proetmre

2139 951 2479 994 sacramenta
2513 941 2613 994 nisi
2662 942 2886 996 desistat
2925 959 2953 996 a
2993 945 3329 1012 puerilibus,
3366 955 3423 997 et
3465 946 3519 997 in
3561 948 3720 1015 ηυξ-3

2142 1034 2394 1086 ascendat
2439 1033 2507 1084 ab
2560 1033 2642 1087 his
2677 1035 2874 1103 quibus
2919 1034 3210 1103 Apostolus
3265 1037 3402 1092 dicit
3437 1039 3484 1069 ”
3523 1060 3534 1090 :
3571 1059 3590 1086 σ
3626 1038 3718 1091 Lac

2141 1124 2292 1178 vobis
2331 1134 2514 1194 potum
2543 1125 2688 1192 dedi,
2731 1142 2835 1179 non
2867 1143 3075 1182 escam.
3108 1128 3357 1183 Nondum
3394 1131 3550 1185 enim
3584 1145 3722 1198 pote-

2141 1219 2295 1272 ratis.
2329 1237 2347 1270 ι
2394 1217 2646 1287 Alioquin
2701 1219 2993 1274 scentulum
3038 1221 3277 1276 litteram
3323 1223 3460 1292 quid
3517 1223 3718 1276 vidi-tn.-

2137 1325 2314 1378 operae
2342 1312 2502 1380 pretii
2534 1313 2818 1380 puerulum
2852 1327 3024 1380 nuper
3057 1327 3085 1366 a
3119 1315 3259 1368 lacte
3289 1317 3586 1384 depulsum
3629 1318 3722 1370 Dio

2136 1402 2344 1468 offerri,
2375 1404 2461 1457 ubi
2495 1419 2599 1457 non
2635 1413 2809 1458 mater
2859 1406 3131 1470 intererit,
3166 1422 3272 1460 non
3299 1408 3560 1460 nutrices
3583 1408 3720 1458 [me-

2135 1494 2290 1559 bunt,
2337 1510 2512 1566 neque
2539 1497 2803 1552 educandi
2833 1499 2986 1567 pueri
3034 1499 3266 1552 aderunt
3301 1500 3413 1552 ulla
3443 1502 3720 1555 subsidia?

2137 1587 2241 1641 Sed
2274 1587 2397 1641 vide
2434 1588 2560 1658 quia
2595 1588 2891 1660 Scriptura:
2915 1605 3096 1645 sermo
3125 1593 3196 1644 ita
3229 1603 3394 1660 aptus
3421 1602 3529 1653 est,
3569 1603 3632 1644 ut
3669 1594 3719 1642 5.-

2135 1678 2395 1748 guralitet'
2439 1681 2631 1735 doceat
2676 1683 2818 1750 quod
2862 1683 3042 1737 omnis
3084 1684 3176 1752 qui
3221 1685 3402 1752 primo
3442 1685 3514 1735 ad
3574 1683 3717 1737 ﬁdem

2135 1772 2492 1851 convertitur,
2521 1773 2659 1828 lacte
2687 1784 2740 1829 et
2775 1791 2878 1828 non
2911 1775 3030 1830 cibo
3054 1775 3181 1830 forti
3213 1777 3406 1838 alitur,
3433 1775 3508 1829 de
3534 1778 3718 1845 quibus

2134 1866 2185 1920 in
2216 1866 2384 1921 altero
2420 1867 2537 1920 loco
2565 1869 2763 1922 dicitur
2789 1869 2872 1923 “z
2906 1887 2923 1918 ‹
2955 1869 3019 1922 Ει
3053 1869 3229 1924 etii-eti
3257 1869 3435 1941 486
3466 1872 3612 1926 estis
3641 1875 3715 1940 qni

2133 1957 2273 2014 laete
2308 1960 2577 2029 indigetis,
2613 1970 2668 2014 et
2724 1976 2829 2014 non
2877 1961 2999 2016 cibo
3042 1961 3190 2016 forti.
3233 1965 3517 2030 Quoniam
3553 1969 3716 2019 οηπιὲς

2131 2053 2222 2122 qui
2262 2053 2400 2108 lacte
2439 2053 2621 2118 alitur,
2677 2054 2885 2110 alienus
2938 2063 3019 2110 est
3069 2070 3098 2108 a
3151 2071 3422 2111 sermone
3477 2058 3710 2126 justitir.

2133 2143 2398 2199 Parvulos
2430 2154 2514 2199 est
2543 2146 2710 2199 enim.
2745 2145 3115 2201 Perfectorum
3154 2158 3237 2202 est
3283 2149 3445 2202 cibus
3500 2149 3712 2210 solidus,

2131 2236 2220 2305 qui
2261 2250 2358 2305 pro
2402 2236 2764 2305 possibilitate
2817 2239 3061 2292 sumendi
3119 2241 3467 2293 exercitatos
3530 2240 3712 2292 bat-eu

2130 2341 2324 2382 sensus
2372 2328 2437 2381 ad
2482 2328 2861 2383 discretionem
2899 2330 3021 2382 boni
3061 2345 3123 2384 ac
3157 2330 3307 2384 mali.
3333 2349 3352 2380 ι
3393 2330 3570 2400 Igitur
3603 2336 3710 2401 qui-

2131 2433 2346 2490 cunque
2368 2435 2394 2472 a
2422 2419 2561 2474 lacte
2589 2422 2823 2475 nondum
2855 2423 3161 2492 depellitur,
3195 2423 3290 2478 sed
3322 2423 3594 2493 parvulus
3619 2437 3703 2480 εει

2130 2526 2234 2564 non
2283 2517 2459 2580 potest
2504 2513 2800 2567 ascendere
2857 2513 2922 2566 ad
2976 2513 3232 2584 templum
3302 2514 3564 2580 Domini,
3617 2531 3708 2568 una

2130 2611 2305 2672 potest
2341 2604 2644 2659 ascendere
2667 2605 2732 2658 ad
2757 2603 3058 2658 ministeria
3084 2606 3470 2667 sacerdotum,
3504 2622 3602 2658 nec
3627 2622 3710 2656 sa-

2129 2695 2350 2751 criﬁciis
2384 2696 2670 2761 interesse,
2699 2699 2793 2751 sed
2821 2713 2885 2752 ne
2911 2706 3087 2752 mater
3117 2699 3342 2768 quidem
3382 2699 3506 2767 ejus
3536 2715 3712 2753 ascet-

2131 2788 2229 2853 dit,
2263 2804 2386 2843 cum
2435 2790 2606 2857 possit
2649 2791 2962 2844 ascendere.
2999 2789 3188 2846 Gratia
3226 2801 3314 2845 est
3354 2793 3507 2845 enim
3550 2807 3711 2848 mater

2130 2883 2247 2951 ejus
2281 2883 2430 2936 Anna
2457 2921 2472 2947 ,
2509 2897 2632 2951 quae
2664 2895 2844 2938 servat
2876 2896 2929 2939 et
2957 2886 3195 2940 custodit
3232 2902 3362 2940 eum
3412 2899 3470 2940 ct
3522 2891 3708 2940 enutrit

2129 2990 2275 3041 eum,
2305 2986 2363 3028 ut
2395 2984 2636 3045 tempore
2657 2988 2956 3045 opportuno
2985 2978 3189 3046 pariter
3218 2995 3344 3032 cum
3378 2980 3498 3048 ipso
3528 2997 3707 3036 ascen-

2130 3069 2243 3126 dat.
2281 3069 2410 3136 Quae
2443 3083 2562 3122 cum
2608 3069 2805 3124 viderit
2836 3071 2932 3140 ipsi
2967 3073 3160 3126 adesse
3199 3081 3449 3142 tempus,
3508 3086 3566 3127 ut
3608 3078 3706 3144 jam

456 3175 587 3231 ergo
626 3170 680 3214 et
715 3158 804 3228 qui
852 3155 1104 3212 duritiam
1156 3168 1262 3206 non
1317 3151 1522 3212 habet.
1576 3148 1642 3202 ad
1699 3146 2022 3215 loquendum

2135 3162 2393 3216 recedens
2425 3176 2453 3214 a
2485 3160 2626 3215 lacte
2677 3161 2864 3215 solidis
2898 3171 2952 3216 ct
2985 3161 3216 3218 fortibus
3246 3164 3393 3218 cibis
3427 3175 3632 3231 utatur,
3660 3178 3707 3219 at

455 3253 770 3308 obturatum
829 3247 994 3301 habet
1044 3260 1104 3299 os
1147 3259 1163 3298 :
1201 3243 1380 3313 justus
1413 3255 1540 3297 vero
1577 3241 1749 3308 parcit
1783 3238 1864 3291 ori
1899 3251 2020 3292 suo.

456 3341 736 3410 Hodieque
771 3339 823 3393 in
858 3337 1230 3394 sacerdotibus
1269 3334 1476 3388 Domini
1521 3332 1753 3386 habetur
1796 3338 2026 3397 uterque

455 3432 710 3496 Phinees,
741 3431 974 3485 habetur
1005 3437 1058 3482 et
1091 3427 1339 3488 Eleazar,
1369 3426 1460 3493 qui
1496 3425 1548 3477 in
1582 3422 1884 3491 Scripturis
1915 3419 2027 3489 pri-

453 3541 574 3580 mus
605 3525 894 3593 episcottus
947 3521 1258 3575 nominatus
1313 3527 1435 3582 est,
1487 3517 1625 3576 sicut
1679 3515 1731 3568 in
1775 3513 2028 3568 Nnmeris

453 3617 714 3685 scriptum
749 3624 852 3671 est.
891 3614 1032 3668 Sunt
1081 3627 1211 3683 ergo
1251 3610 1522 3680 hodieque
1558 3608 1612 3662 in
1647 3604 2026 3660 sacerdotibus

453 3711 765 3780 quicunque
798 3715 1031 3777 parcunt
1065 3706 1145 3761 ori
1179 3721 1296 3766 suo,
1329 3713 1382 3759 et
1408 3702 1590 3757 omnis
1643 3715 1822 3755 sermo
1853 3699 2025 3753 malus

455 3815 797 3870 nequaquam
834 3799 899 3852 de
929 3813 1024 3852 ore
1053 3812 1241 3852 eorum
1291 3793 1555 3866 procedit.
1602 3795 1738 3848 Sunt
1774 3791 2028 3847 sacerdo-

453 3903 535 3947 tes
565 3907 627 3946 ex
660 3906 892 3960 quorum
913 3905 1008 3944 ore
1043 3889 1248 3943 nullum
1274 3887 1614 3950 scandalum,
1647 3887 1852 3940 nullntn
1880 3902 2027 3940 men-

452 3982 694 4045 daciutn,
721 3980 902 4033 nullus
941 3980 1115 4044 dolus,
1166 3993 1340 4048 neque
1374 3976 1587 4032 falsitas
1615 3976 1723 4030 ulla
1755 3977 2028 4046 depromi-

456 4081 565 4137 tur,
598 4080 652 4124 et
686 4071 777 4124 isti
814 4070 1008 4124 merito
1046 4069 1279 4125 Phinees
1328 4070 1403 4124 illi
1436 4070 1615 4124 Aaron
1664 4070 1776 4123 ﬁlio
1811 4085 2028 4138 compa-

455 4171 667 4216 rantur.
707 4161 844 4216 Sunt
877 4172 1056 4214 autem
1090 4161 1255 4229 aliqui
1291 4171 1345 4214 et
1378 4162 1674 4216 secundum
1709 4162 1871 4215 istum
1901 4161 2029 4213 1⁵1ιί-

457 4268 612 4308 neem
647 4252 761 4306 Heli
802 4252 968 4304 ﬁlium
999 4253 1333 4316 sacerdotes,
1374 4255 1466 4321 qui
1497 4255 1806 4308 obturatum
1836 4269 1898 4308 os
1933 4256 2029 4308 ha-

452 4343 756 4410 bent,.sive
789 4342 1076 4412 imperitiae
1107 4343 1262 4407 vitio,
1306 4344 1421 4398 sive
1454 4346 1788 4399 conscientia
1839 4361 2028 4413 pecca-

452 4446 655 4491 torum.
703 4435 810 4491 Sed
843 4437 944 4491 hoc
973 4445 1052 4491 est
1085 4435 1228 4506 quod
1265 4437 1547 4506 deprecor,
1596 4446 1655 4491 ut
1701 4438 1743 4493 si
1784 4440 1907 4507 quis
1942 4449 2028 4492 est

2127 3253 2370 3322 possitet
2392 3252 2760 3308 sacerdotibus
2792 3254 3072 3318 interesse,
3099 3263 3155 3308 et
3207 3256 3278 3309 de
3337 3257 3540 3313 abaris
3571 3260 3706 3311 edere

2128 3345 2434 3408 sacriﬁciis,
2470 3354 2596 3399 tunc
2631 3359 2754 3398 eum
2786 3345 2894 3398 Deo
2940 3355 3248 3400 consecrat.
3284 3345 3430 3401 Vide
3463 3350 3509 3400 si
3543 3349 3592 3401 in
3619 3349 3704 3400 ale

2128 3435 2248 3488 loco
2281 3435 2332 3488 in
2360 3434 2656 3503 Seripturis
2681 3436 2890 3490 sanctis
2913 3436 3124 3490 invenis
3153 3435 3463 3505 signiﬁcari
3489 3439 3702 3507 aliquem

2129 3541 2157 3578 a
2194 3525 2330 3578 lacte
2365 3525 2663 3594 depulsum.
2689 3524 2800 3592 Ego
2834 3534 3036 3589 tamen,
3065 3537 3331 3594 quantum
3374 3529 3444 3579 ad
3479 3544 3699 3596 pI‘IPSr'nS

2129 3614 2388 3667 memoria
2433 3614 2694 3683 suggerit,
2729 3613 2877 3667 Isaae
2913 3614 3132 3667 Inetnitti
3165 3631 3178 3664 :
3211 3614 3280 3666 de
3312 3628 3430 3682 quo
3461 3614 3700 3680 scriptam

2129 3716 2210 3761 est
2237 3707 2285 3738 ”
2306 3747 2321 3774 ,
2354 3708 2496 3778 quod
2534 3708 2840 3762 convivium
2881 3722 3135 3776 magnum
3179 3707 3312 3761 fecit
3343 3710 3535 3762 Abrah
3559 3726 3619 3760 un
3648 3725 3698 3761 ea

2128 3799 2214 3852 die
2245 3813 2348 3868 qua
2381 3814 2411 3853 a
2438 3798 2576 3854 lacte
2608 3797 2863 3867 depulsus
2895 3807 2976 3852 est
3011 3797 3162 3852 Isaac
3199 3799 3347 3852 ﬁlius
3378 3816 3536 3853 suus.
3563 3799 3697 3866 Apud

2130 3888 2378 3942 homines
2417 3887 2632 3954 quidem
2687 3886 2869 3942 saeculi
2909 3886 3069 3955 lmjus
3109 3901 3374 3956 parentes
3407 3889 3586 3942 solent
3615 3907 3701 3942 na—

2130 3975 2450 4032 talemdiem
2482 3974 2757 4030 celebrare
2809 3975 3041 4028 ﬁliorum
3078 3992 3092 4028 :
3122 3977 3407 4031 Abraham
3446 3993 3575 4032 vero
3611 3995 3697 4032 non

2129 4070 2370 4124 celebrat
2400 4065 2633 4119 natalem
2664 4067 2803 4120 diem
2835 4066 2984 4120 Isaac
3012 4067 3104 4121 tilii
3133 4068 3239 4132 sui,
3267 4071 3365 4124 sed
3397 4071 3544 4123 illum
3572 4073 3692 4123 diem

2129 4160 2323 4213 festum
2357 4158 2486 4226 agit,
2521 4166 2575 4210 et
2610 4157 2810 4212 lzetitiae
2854 4159 3098 4227 deputat,
3159 4169 3214 4212 et
3261 4162 3516 4214 convivia
3568 4163 3695 4213 cele-

2127 4250 2270 4314 brat,
2308 4265 2428 4303 cnm
2463 4265 2582 4303 eum
2616 4264 2644 4301 a
2673 4248 2814 4302 lacte
2861 4249 3111 4318 depellit,
3146 4259 3202 4303 et
3236 4253 3306 4304 ad
3333 4253 3492 4305 cibos
3545 4251 3694 4306 fortes

2129 4351 2185 4396 et
2208 4341 2407 4396 solidos
2428 4339 2848 4409 applicat,quasi
2874 4341 2917 4394 si
2941 4355 3034 4408 per
3062 4341 3176 4395 inec
3205 4341 3421 4396 diceret
3450 4343 3596 4396 Isaac
3619 4344 3690 4394 κε

2137 4457 2155 4490 ι
2192 4438 2324 4493 Cum
2360 4436 2536 4491 factus
2574 4453 2690 4491 smn
2717 4438 2819 4501 vir,
2854 4439 3074 4505 deposui
3097 4454 3216 4506 qua:
3240 4452 3403 4492 erant
3426 4441 3641 4509 parvuli.
3673 4460 3691 4493 ι

453 4529 544 4597 qui
599 4529 652 4582 in
707 4528 1100 4583 sacerdotalem
1153 4529 1397 4583 ordinem
1453 4545 1512 4584 se
1566 4532 1794 4585 ascitum
1836 4533 2017 4596 videt,
2059 4498 2104 4556 Ι)
2132 4532 2355 4600 Oportet
2403 4545 2533 4598 ergo
2571 4529 2727 4583 talem
2764 4545 2887 4583 esse
2925 4531 3069 4584 hunc
3109 4531 3204 4598 qui
3243 4531 3478 4585 oﬁ‘ertur
3519 4533 3615 4586 Deo
3643 4542 3695 4584 ut

452 4619 714 4685 satisagat
737 4621 1029 4675 eruditioni
1059 4629 1108 4674 et
1138 4621 1503 4675 emendationi
1535 4637 1757 4691 operam
1787 4624 1936 4688 dare,
1971 4633 2026 4677 et

457 4711 677 4766 festinet
712 4711 848 4766 efﬁci
897 4714 962 4767 de
1007 4713 1098 4766 illo
1147 4727 1374 4766 numero
1411 4714 1720 4779 beatorum,
1776 4728 1844 4770 ne
1886 4714 2026 4770 forte

453 4799 765 4854 inveniatur
789 4817 851 4856 ex
882 4802 999 4855 istis
1025 4802 1400 4859 sacerdotibus
1428 4804 1520 4871 qui
1557 4813 1612 4858 et
1661 4805 2027 4876 reprobantur

454 4903 507 4946 et
544 4892 844 4959 puniuntur
875 4907 904 4946 a
937 4893 1068 4948 D00.

523 4983 576 5037 8.
604 4983 708 5036 Sed
734 4992 940 5051 tempus
971 4992 1053 5038 est
1076 4984 1182 5053 jam
1215 4994 1268 5038 et
1299 4987 1365 5039 de
1385 4987 1636 5042 oratione
1651 4989 2020 5060 Aunze,quam

451 5074 695 5145 profudit
731 5074 965 5131 o'ﬁ‘erens
1010 5075 1116 5129 Deo
1148 5077 1479 5145 Satnueletn,
1505 5096 1664 5150 quem
1700 5098 1728 5135 a
1762 5084 1903 5138 lacte
1931 5085 2024 5138 de-

449 5166 694 5234 pulerat,
733 5180 902 5234 pauca
952 5181 1272 5222 memorare.
1321 5167 1377 5222 In
1415 5186 1521 5239 qua
1575 5173 1753 5242 primo
1805 5175 2022 5242 quidem

559 5282 609 5352 ει
641 5279 818 5352 uel,“
855 5297 950 5352 με,
979 5281 1030 5337 8,
1108 5283 1152 5314 ⁸³
1189 5283 1201 5336 Ι
1239 5285 1366 5340 Cor.
1399 5302 1482 5352 ιιι,
1514 5288 1568 5342 2.

450 5351 640 5415 ιι,18.
735 5351 985 5421 "tlteg.
1052 5369 1090 5414 ι,
1135 5353 1221 5407 il.

522 5491 596 5575 (l_)
627 5491 772 5575 Heli,
801 5500 906 5547 etc.
925 5491 1204 5575 .Hebraice
1245 5494 1502 5574 scribitur
1545 5479 1637 5558 ’ὃν
1672 5497 1858 5575 τ-ιιιιιιθ
1886 5512 2024 5566 quo-

452 5563 612 5683 mgdo
641 5563 757 5616 erui
791 5563 966 5632 possit
1014 5581 1031 5613 ι
1057 5565 1217 5618 arabs
1240 5581 1258 5616 ι
1292 5565 1407 5619 sive
1461 5583 1479 5616 ι
1512 5566 1786 5621 extrarius
1815 5607 1830 5634 ,
1870 5563 2022 5622 {non

450 5643 504 5684 Vt
545 5645 628 5684 eo.

526 5685 601 5770 (ἐξ)
641 5699 1026 5772 Interpretatur
1067 5713 1239 5758 autem
1285 5703 1458 5772 Ophni
1513 5721 1752 5759 excessus
1807 5723 2025 5760 conuer-

462 5770 642 5828 sionis.
668 5770 827 5829 Forte
843 5773 909 5829 ab
927 5781 1034 5835 ειη-ι
1063 5792 1078 5826 ι
1105 5774 1274 5842 calor,
1292 5770 1479 5844 aestus,
1501 5792 1771 5845 excessus,
1801 5796 1818 5828 ι
1841 5787 1894 5834 et
1919 5787 2023 5839 me

1646 5289 1690 5320 ”
1733 5290 1866 5345 lleb.
1900 5291 2066 5360 v,12,
2097 5292 2185 5357 15,
2221 5292 2308 5346 14.

2134 4625 2342 4678 habitet
2375 4627 2426 4676 in
2451 4622 2680 4687 sanctis,
2707 4621 2798 4690 qui
2826 4623 2995 4690 possit
3019 4623 3164 4676 vesci
3194 4626 3457 4678 carnibus
3485 4626 3690 4686 Sanctis,

2132 4717 2196 4769 de
2221 4715 2418 4783 quibus
2442 4714 2700 4782 scriptum
2733 4724 2816 4768 est
2843 4715 2888 4745 ’⁷
2917 4731 2931 4769 :
2963 4731 2982 4765 σ
3014 4711 3455 4770 Sanctiﬁcamini
3483 4726 3539 4770 ut
3559 4730 3692 4768 nian-

2131 4807 2339 4862 ducetis
2370 4822 2585 4862 carnes.
2609 4826 2628 4858 ι

2201 4899 2253 4954 9.
2291 4898 2396 4952 Sed
2432 4899 2711 4953 videamus
2752 4896 2898 4967 quali
2945 4911 3068 4952 eum
3112 4912 3277 4968 prece
3320 4899 3475 4952 Anna
3500 4940 3514 4964 ,
3547 4900 3590 4952 id
3614 4907 3688 4952 est

2131 4993 2301 5060 gratia
2332 5031 2346 5054 ,
2387 5001 2680 5046 consecrat
2737 4993 2866 5046 Deo.
2923 4990 3130 5046 Novum
3172 4993 3374 5062 quippe
3420 4994 3607 5062 aliquid
3639 4994 3686 5046 in

2131 5085 2410 5155 principiis
2459 5084 2590 5153 ipsis
2641 5084 3077 5139 observabimus.
3125 5087 3220 5139 Ait
3273 5089 3418 5141 enim
3458 5089 3539 5138 ἐς
3578 5106 3594 5135 ι
3631 5085 3686 5137 Et

2132 5177 2312 5232 oravit
2341 5177 2519 5240 Anna,
2554 5185 2608 5230 et.
2639 5176 2797 5230 dixit.
2831 5193 2849 5227 ι
2888 5176 2954 5230 Ει
2986 5192 3254 5247 nusquam
3295 5194 3415 5233 eam
3443 5179 3583 5248 quasi
3624 5177 3684 5230 ad

2403 5293 2448 5323 ⁸⁵
2480 5291 2619 5346 Gen.
2659 5308 2775 5346 XXI.
2861 5291 2949 5346 “l
2991 5291 3116 5347 Cor.
3153 5309 3274 5359 χιιι,
3308 5294 3394 5348 ιι.
3467 5295 3510 5326 ’⁷
3536 5294 3682 5348 Nu.

2136 5517 2155 5549 ι
2197 5500 2453 5568 respexit,
2486 5498 2771 5554 convertit.
2799 5517 2818 5568 ξ

2203 5567 2594 5640 (5)ί8ἰ9ηἱῇςαι
2621 5570 2758 5640 enim
2797 5567 3016 5640 Phinees
3049 5568 3104 5620 in
3133 5567 3318 5638 lingua
3345 5580 3514 5622 nostra
3542 5582 3555 5595 ·
3576 5569 3678 5619 oris

2135 5638 2420 5702 obturutio,
2450 5639 2526 5693 uel
2553 5639 2636 5691 ori
2661 5653 2900 5706 parcens.
2928 5638 2973 5690 A
3002 5645 3079 5698 ΠΣ)
3117 5655 3137 5689 ι
3161 5653 3222 5694 os
3244 5658 3264 5691 ι
3294 5649 3471 5697 eiu“
3492 5657 3510 5688 ι
3529 5640 3679 5692 obta-

2129 5711 2289 5776 ravit,
2324 5730 2339 5760 ι
2373 5708 2455 5764 vel
2482 5717 2583 5770 mn
2616 5727 2633 5760 ι
2655 5707 2913 5778 pepercit.
2937 5725 2955 5759 ι
