3870 6514
150 349 268 405 1005

1359 354 1612 410 LIBRUM
1651 351 1888 408 uacua
1928 349 2211 404 llOMlLlA
2250 350 2290 404 ι.

3221 346 3243 400 l
3255 344 3359 401 006

146 471 296 524 Deum
331 472 575 522 orantem
614 467 856 536 invenio,
893 468 979 524 vel
1032 468 1342 538 loquentem
1367 505 1384 532 ,
1434 468 1535 522 nisi
1597 482 1690 536 per
1719 468 1765 523 Α
1794 461 2017 516 sterium
2073 461 2368 514 docebatur
2397 498 2410 523 ,
2444 473 2589 523 cum,
2621 456 2800 527 Moyse
2851 455 3092 511 elevante
3123 472 3312 510 manus
3341 497 3359 524 ,

145 561 238 615 duo
271 565 477 612 tantum
525 559 686 613 verba
711 601 726 622 ,
776 562 864 615 ubi
909 562 1040 616 dicit
1067 564 1149 615 θος
1191 579 1208 611 ι
1247 559 1449 613 Laztata
1487 574 1604 612 sum
1638 558 1689 610 in

143 647 350 704 salutari
377 659 485 714 luo,
522 668 540 703 ι
569 660 623 704 et
647 651 793 705 aliud
831 668 844 704 :
879 671 898 703 ι
928 651 1064 718 Quia
1100 665 1206 705 non
1238 661 1323 705 est
1351 659 1545 720 praeter
1577 657 1686 704 te.»

141 739 340 799 lnitium
369 749 550 794 autem
582 742 660 796 sic
707 743 872 798 habet
904 763 918 798 :
956 762 975 795 ι
1013 743 1317 798 Exsultavit
1367 757 1462 796 cor
1510 758 1688 797 meum

143 834 190 888 in
218 832 452 887 Domino.
478 853 495 883 ι
523 832 637 887 Non
662 834 821 897 dixit,
853 835 1156 889 Exsultavit
1192 849 1287 890 cor
1322 849 1498 888 meum
1526 835 1578 888 in
1616 846 1686 888 te.

141 925 194 980 Si
214 924 351 979 enim
375 933 519 980 esset
543 925 738 988 oratio,
775 925 844 978 ita
887 926 992 980 dici
1027 941 1366 994 consequens
1398 935 1557 980 erat:
1595 926 1692 979 Ex-

139 1017 343 1073 sultavit
367 1032 462 1074 eor
485 1031 661 1072 meum
695 1017 747 1071 in
777 1024 846 1072 te.
874 1019 939 1072 Et
963 1019 1156 1074 iterum
1179 1020 1233 1074 in
1257 1020 1504 1089 sequenti
1531 1034 1688 1073 versu

137 1109 244 1178 ejus
282 1108 413 1161 dicit
446 1129 457 1164 :
487 1127 506 1160 ι
545 1110 853 1165 Exaltatmn
889 1120 972 1166 est
1003 1127 1168 1166 conm
1207 1126 1382 1166 meum
1418 1111 1468 1165 in
1505 1111 1632 1166 Deo.
1667 1129 1684 1162 ι

137 1199 242 1256 Non
273 1199 406 1254 dixit
441 1219 454 1254 :
488 1200 788 1255 Exaltatmn
821 1214 904 1258 est
936 1219 1099 1258 cornu
1126 1217 1301 1257 meum
1332 1203 1382 1256 in
1412 1211 1480 1269 te,
1509 1203 1602 1256 sed
1638 1207 1688 1257 in

138 1291 259 1346 Deo.
299 1306 318 1342 ι
343 1288 636 1344 Dilatatum
670 1302 750 1345 est
777 1280 838 1347 es
875 1309 1050 1347 meum
1079 1309 1241 1362 super
1270 1293 1537 1357 inimicos,
1565 1293 1691 1363 quia

135 1382 304 1437 laetata
340 1396 458 1436 sum
490 1382 541 1436 in
573 1384 794 1439 salutari
828 1393 938 1440 tuo.
973 1403 990 1435 ι
1027 1383 1210 1449 Unus,
1254 1393 1314 1439 ut
1347 1384 1480 1449 dixi,
1509 1400 1691 1440 sermo

133 1471 426 1526 orationem
458 1475 698 1529 continet
724 1494 736 1530 :
767 1495 784 1526 ι
808 1475 1008 1530 Ltetata
1039 1491 1157 1530 sum
1189 1478 1241 1530 in
1274 1477 1498 1531 salutari
1531 1487 1639 1542 tuo,
1665 1497 1684 1531 ι

130 1573 183 1618 et
212 1563 261 1615 in
296 1566 761 1634 consequentibus
795 1581 897 1620 non
927 1566 1059 1619 dicit
1087 1567 1214 1635 quia
1241 1583 1344 1620 non
1367 1578 1450 1622 est
1473 1580 1690 1622 sanctus

127 1653 222 1708 nisi
250 1663 325 1717 tu,
349 1652 462 1716 sed,
493 1669 509 1700 ι
547 1649 663 1703 Non
697 1659 778 1704 est
806 1659 1024 1706 sanctus
1047 1659 1106 1706 ut
1137 1661 1218 1707 est
1250 1653 1528 1720 Dominus,
1563 1675 1580 1706 ι
1611 1666 1684 1724 et,

131 1763 148 1795 c
183 1744 296 1798 Non
327 1752 410 1796 est
435 1752 633 1811 printer
677 1751 746 1796 te.
790 1761 808 1793 ι
839 1742 939 1797 Hic
971 1757 1150 1798 sermo
1177 1761 1286 1800 non
1327 1746 1537 1800 videtur
1569 1763 1683 1801 ser-

129 1848 279 1887 vasse
297 1836 559 1890 orationis
581 1839 851 1894 ordinem.
880 1839 938 1892 In
974 1839 1284 1896 novissimis
1312 1852 1491 1896 autem
1519 1842 1688 1911 longa:

129 1924 543 1994 supplicationis
576 1931 777 1997 specie,
807 1929 971 1984 etiam
1007 1933 1404 1987 commotiones
1427 1932 1688 2001 quasdam

126 2018 453 2086 introducit,
503 2021 686 2076 dicens
719 2023 785 2076 ¹ε
838 2040 856 2072 ‹
891 2021 1067 2077 Nolite
1117 2024 1476 2094 multiplicare
1541 2024 1688 2092 loqui

124 2111 295 2174 mala,
330 2125 510 2180 neque
539 2122 694 2168 exeat
733 2115 1170 2184 maliloquaeitas
1226 2117 1291 2170 de
1335 2132 1432 2172 ore
1469 2127 1687 2182 vestro,

121 2203 244 2271 quia
280 2204 445 2260 fortis
482 2206 534 2259 in
575 2207 800 2262 scientia
836 2207 1118 2283 Dominus.
1143 2227 1162 2260 ι
1190 2208 1248 2266 ln
1279 2224 1383 2277 quo
1412 2223 1511 2266 nec
1541 2211 1690 2265 vide-

120 2301 206 2347 tur
227 2292 342 2361 jam
375 2298 441 2350 ad
479 2296 761 2352 Dominum
807 2297 976 2368 loqui.
1009 2299 1149 2367 Quid
1184 2313 1316 2368 ergo
1347 2300 1592 2356 dicemus
1624 2302 1691 2357 de

120 2383 241 2439 his?
271 2385 387 2455 Ego
414 2402 540 2441 eum
574 2387 816 2457 legerem
852 2391 1151 2459 aliquando
1199 2393 1339 2461 apud
1371 2392 1687 2462 Apostolum

115 2476 256 2544 quod
285 2476 428 2530 dixit
449 2481 469 2510 '
502 2496 516 2532 :
552 2498 570 2530 ι
599 2479 731 2534 Siue
768 2481 1173 2536 intermissione
1204 2492 1388 2546 orate,
1427 2502 1446 2535 ι
1479 2499 1690 2554 quer-

116 2562 238 2618 bam
267 2565 314 2620 si
351 2581 679 2644 praeceptum
710 2572 815 2627 hoc
839 2571 1094 2642 possibile
1123 2583 1265 2628 esset
1294 2575 1523 2644 impleri.
1561 2577 1691 2643 Quis

113 2656 256 2710 enim
289 2668 474 2727 potest
505 2678 778 2732 nunquam
823 2666 1072 2722 desinere
1112 2670 1178 2724 ab
1211 2669 1490 2735 oratione,
1524 2670 1594 2723 ita
1632 2681 1690 2726 ut

113 2763 289 2819 neque
320 2751 504 2807 cibum
532 2793 547 2817 ,
595 2769 770 2824 neque
804 2767 991 2826 potum
1039 2761 1287 2816 sumendi
1341 2771 1549 2830 tempus
1595 2762 1691 2816 ha-

109 2838 278 2894 beat?
301 2844 509 2914 quippe
542 2861 663 2900 cum
699 2848 742 2901 si
779 2849 892 2902 brec
925 2848 1075 2916 ﬁant,
1109 2851 1514 2907 intermittenda
1545 2854 1690 2908 vide-

109 2939 197 2985 tttr
249 2936 453 3014 oratio.
505 2935 606 2991 Sed
645 2954 745 2992 nec
782 2939 1086 2995 dormiendi
1143 2952 1236 2996 aut
1290 2943 1492 3013 aliquid
1545 2944 1688 2998 aliud

110 3022 336 3079 lmmani
377 3041 505 3080 usus
537 3030 729 3097 agendi
775 3032 986 3084 veniam
1020 3035 1318 3088 secundum
1367 3034 1508 3089 istud
1553 3050 1690 3104 pne-

107 3124 330 3184 ceptum
369 3120 544 3174 oratio
574 3122 933 3174 communiter
983 3122 1255 3178 intellecta
1294 3124 1564 3179 concedit.
1600 3126 1689 3180 Vi-
1716 3153 1760 3209 α

104 3206 335 3264 deamus
355 3225 575 3280 ergone
597 3212 736 3268 forte
763 3227 953 3269 omnes
979 3224 1129 3271 actus
1159 3215 1276 3286 ejus
1307 3218 1400 3285 qui
1429 3217 1481 3270 in
1506 3218 1689 3272 divino

103 3309 370 3355 versatur
396 3302 592 3369 oﬂicio,
651 3315 707 3359 et
761 3307 941 3360 omnia
975 3318 1123 3378 gesta
1163 3310 1245 3363 vel
1281 3309 1421 3364 dicta
1455 3325 1574 3379 qua:
1605 3326 1695 3366 se-

101 3392 351 3446 cundum
394 3393 561 3449 Deum
597 3396 734 3466 gerit
766 3406 821 3451 et
861 3397 1014 3462 dicit,
1073 3400 1139 3453 ad
1176 3401 1474 3455 orationem
1509 3417 1694 3470 repor-

103 3492 312 3540 tentur.
349 3486 413 3540 Si
454 3488 596 3542 enim
634 3489 808 3543 oratio
841 3490 944 3544 hoc
975 3490 1148 3545 solum
1182 3491 1517 3562 intelligatur
1547 3493 1690 3560 quod

98 3579 482 3632 communiter
538 3580 763 3646 scimus,
824 3595 996 3650 neque
1033 3585 1186 3635 Anna
1248 3584 1301 3636 in
1369 3585 1453 3638 his
1511 3584 1692 3640 verbis

97 3683 296 3724 orasse
325 3670 624 3737 videbitur,
659 3684 713 3727 et
744 3689 1016 3744 nunquam
1041 3675 1467 3746 ullusjostorum
1496 3691 1692 3732 secun-

100 3762 518 3832 dumApostoli
561 3778 895 3836 praeceptum
943 3768 1060 3822 sine
1103 3769 1505 3826 intermissione
1535 3786 1694 3826 orare

93 3862 312 3922 potest.
361 3855 420 3909 Si
465 3870 592 3910 vero
636 3858 811 3911 OllllllS
858 3869 1012 3913 actus
1053 3857 1185 3934 justi
1215 3901 1230 3924 ,
1285 3875 1445 3930 quem
1493 3875 1691 3916 secun-

97 3948 228 4000 dum
266 3947 448 4002 Deum
495 3949 606 4018 agit
635 3960 689 4006 et
719 3952 1013 4005 secundum
1057 3952 1368 4007 mandatum
1406 3953 1647 4010 divinum
1673 3997 1688 4023 ,

94 4039 286 4092 oratio
343 4049 659 4109 reputatur,
713 4045 838 4110 quia
888 4042 1070 4111 justus
1122 4043 1238 4097 sine
1284 4043 1692 4100 intermissione

93 4145 218 4198 qua:
272 4132 435 4202 justa
491 4142 621 4187 sunt
674 4135 820 4203 agit,
859 4151 955 4205 per
994 4135 1098 4189 hoc
1132 4138 1258 4191 ‘sine
1289 4138 1694 4193 intermissione

86 4220 274 4288 justus
325 4224 534 4288 orabit,
585 4240 684 4280 nee
731 4241 965 4294 unquam
1009 4229 1076 4282 ab
1117 4228 1364 4282 oratione
1409 4231 1688 4285 cessabit:

91 4315 200 4368 nisi
227 4314 432 4382 justus
462 4331 583 4370 esse
616 4317 866 4370 desistat.
895 4319 1028 4373 Cum
1085 4319 1230 4372 enim
1292 4319 1550 4387 injustum
1594 4321 1693 4375 ali-

85 4408 223 4476 quid
258 4409 493 4475 agimus
521 4419 612 4462 aut
638 4408 1020 4478 delinquimus,
1069 4419 1273 4463 certum
1298 4419 1397 4475 est
1447 4413 1588 4478 quod
1627 4426 1693 4466 eo

1797 548 2046 602 vincebat
2096 546 2261 601 Israel
2303 546 2352 613 ις
2403 547 2722 601 demittente
2781 561 2906 601 vero
2969 555 3023 600 et
3078 545 3360 613 dejicicute

1794 638 2045 691 deorsum
2073 679 2087 702 ,
2121 639 2369 692 vincebat
2401 637 2664 692 Amalec?
2709 639 2772 692 Et
2800 639 2843 693 si
2881 656 2900 690 ι
2937 639 3118 694 omnia
3153 640 3265 694 haec
3298 643 3356 694 ti-

1793 727 2054 795 guraliter
2070 727 2452 797 contingebant
2473 727 2599 791 illis,
2618 729 2820 798 scripta
2841 738 2965 783 sunt
2987 745 3116 784 vero
3140 741 3361 801 propter

1794 833 1912 885 nos,
1939 819 1988 872 in
2024 834 2159 888 quos
2193 818 2328 872 lines
2357 819 2678 874 smculorum
2721 811 3055 875 devenerunt
3078 821 3149 874 ⁸.»
3186 820 3362 887 Quare

1793 907 2096 976 intelligere
2131 908 2423 974 debemus,
2469 908 2594 976 quia
2635 909 2806 962 donec
2848 908 3083 965 famulus
3125 911 3218 966 Dei
3253 911 3362 967 cle-

1795 1010 1884 1054 vat
1923 1009 2078 1055 actus
2108 1015 2235 1056 suos
2266 1001 2335 1055 ad
2364 1000 2554 1065 Deum,
2585 1001 2746 1054 vincit
2778 1017 2910 1070 gens
2946 1001 3039 1056 Dei
3069 1019 3080 1055 :
3114 1019 3235 1056 cum
3267 1021 3361 1056 au-

1739 1137 1746 1142 .
1795 1099 1902 1144 tem
1945 1088 2207 1158 dcjeccrit
2258 1099 2311 1144 et
2362 1089 2638 1144 demiserit
2691 1105 2907 1155 manu:,
2955 1091 3006 1146 id
3045 1101 3167 1158 est,
3208 1101 3362 1146 actus

1795 1198 1943 1246 suos,
1983 1183 2152 1237 vincit
2188 1182 2412 1238 Amalec
2464 1183 2716 1237 inimicus
2754 1182 2869 1239 Dei.
2913 1185 3015 1237 Aut
3052 1186 3179 1253 quid
3211 1187 3361 1240 vidc-

1795 1274 1919 1328 tur?
1948 1273 2090 1345 (volo
2121 1272 2265 1328 enim
2321 1271 2599 1342 paululum
2650 1272 2928 1327 immorari
2975 1290 3093 1328 cum
3148 1277 3234 1329 bis
3269 1278 3359 1344 qui

1794 1364 1983 1419 nolunt
2035 1366 2148 1419 lucc
2204 1365 2562 1430 spiritaliter,
2617 1365 2710 1419 sed
2777 1365 3070 1419 secundum
3127 1367 3359 1423 litteram

1793 1453 2079 1525 intelligi,)
2119 1456 2490 1524 nnnquidnam
2550 1458 2844 1528 putandum
2894 1467 2974 1512 est
3007 1499 3020 1522 ,
3069 1461 3208 1527 quod
3245 1476 3363 1515 om-

1792 1549 2041 1616 nipotens
2087 1550 2230 1603 Deus
2262 1549 2327 1601 ad
2362 1564 2551 1602 manus
2583 1550 2883 1619 respiceret
2936 1549 3145 1621 Moysi,
3192 1561 3246 1605 et
3288 1553 3363 1607 si-

1791 1640 2006 1709 quidem
2054 1639 2258 1694 videret
2307 1655 2398 1695 eas
2448 1657 2662 1696 sursum
2717 1642 3000 1706 elevatas,
3058 1643 3220 1698 Israel
3280 1645 3359 1698 vi-

1793 1731 2020 1786 ctoriam
2067 1732 2264 1787 darct:
2303 1734 2345 1788 si
2388 1749 2516 1788 vero
2573 1735 2824 1789 deorsum
2883 1735 3119 1804 dejectas
3146 1777 3161 1802 ,
3201 1735 3364 1789 Ama-

1721 1815 2017 1877 Bleeitis?
2067 1823 2284 1878 Siccine
2343 1825 2559 1894 dignum
2608 1835 2690 1881 est
2751 1829 2816 1881 de
2880 1829 3053 1881 sancti
3125 1829 3362 1898 Spiritus

1793 1915 1997 1970 sentire
2047 1915 2434 1972 sermoaibus?
2490 1918 2573 1971 An
2624 1917 2753 1972 illttd
2819 1919 2996 1988 potius
3068 1921 3361 1988 putandum

1791 2016 1876 2060 est
1905 2046 1920 2073 ,
1967 2008 2107 2074 quod
2153 2006 2326 2061 tutura
2383 2009 2436 2063 in
2493 2007 2576 2063 bis
2623 2012 2880 2080 mysteria
2924 2013 3364 2082 praal'ormabat?

1792 2098 1921 2166 Quae
1960 2101 2180 2169 quidem
2239 2102 2304 2156 de
2373 2103 2553 2156 crucis
2603 2115 2946 2159 sacramento
3005 2115 3059 2161 et
3113 2106 3364 2161 allixione

1794 2207 2050 2246 manuum
2124 2193 2421 2249 Salvatoris
2485 2195 2710 2265 intelligi
2775 2200 2960 2251 tritum
3017 2197 3164 2268 jam,
3219 2208 3273 2254 et
3330 2222 3360 2254 ιι

1791 2285 1954 2357 [4,87
1971 2285 2151 2340 multis
2165 2301 2305 2356 Strpe
2323 2287 2608 2341 dissertum
2624 2297 2726 2342 est.
2744 2289 2849 2343 Sed
2867 2291 3124 2358 quoniam
3144 2293 3366 2346 innova-

1794 2379 1837 2432 ri
1857 2379 2299 2449 semperjubetur
2317 2380 2382 2442 is,
2402 2379 2490 2448 qui
2519 2367 2812 2436 secundum
2831 2383 3180 2454 Evangeliutn
3205 2385 3361 2449 vivit,

1794 2478 1846 2524 et
1879 2468 2087 2522 Novum
2121 2471 2525 2526 Testamentum
2560 2487 2775 2542 semper
2807 2475 2964 2529 debet
2995 2479 3150 2532 novis
3183 2480 3364 2533 seusi‘

1795 2560 1896 2615 bus
1935 2561 2213 2630 illustrari,
2250 2572 2306 2618 et
2358 2574 2580 2619 cantare
2633 2566 2860 2622 Domino
2904 2567 3157 2633 jubemur
3187 2571 3365 2625 canti-

1793 2666 1914 2705 cum
1974 2668 2192 2718 novum,
2237 2663 2292 2707 et
2342 2653 2569 2709 interior
2619 2656 2779 2711 homo
2828 2666 3013 2714 noster
3068 2675 3173 2714 non
3229 2661 3369 2718 dixit

1793 2742 1992 2799 Paulus
2023 2746 2146 2813 quia
2183 2756 2478 2800 renovatur
2509 2754 2562 2800 et
2598 2748 2766 2813 stetit,
2804 2751 2898 2804 sed
2937 2769 2955 2801 ‹
2980 2762 3275 2807 renovatur
3299 2756 3364 2808 de

1792 2836 1878 2890 die
1907 2837 1960 2890 in
1997 2837 2208 2903 diem“;
2232 2855 2250 2888 ι
2286 2840 2572 2907 oportebat
2596 2840 2762 2894 etiam
2797 2857 2896 2896 nos
2927 2852 2979 2896 et
3003 2843 3068 2897 de
3099 2845 3367 2900 orationis

1793 2926 1955 2981 tnodo
2006 2927 2240 2996 qualiter
2289 2929 2408 2985 sine
2447 2931 2848 2988 intermissione
2894 2936 3155 2991 orandum
3187 2938 3278 3002 sit,
3313 2950 3368 2993 et

1795 3021 1862 3075 de
1905 3020 2208 3076 elevatione
2259 3037 2538 3088 manuum,
2590 3027 2732 3095 quod
2782 3028 3111 3085 sacrificium
3164 3033 3368 3088 dicitur

1793 3113 2181 3182 vespertinum,
2216 3131 2321 3169 non
2359 3116 2530 3170 solum
2578 3118 2792 3173 usitatis
2824 3129 2876 3174 et
2912 3123 3132 3188 attritis,
3172 3126 3268 3179 sed
3301 3136 3358 3180 et

1795 3201 2191 3271 aliquantulum
2243 3206 2515 3262 innovatis
2574 3209 2993 3267 dissertionibus
3042 3215 3358 3283 explanare.

1866 3293 1951 3348 l0.
1987 3293 2278 3350 Videamus
2307 3311 2436 3364 ergo
2467 3297 2595 3365 quid
2635 3297 2744 3363 sibi,
2769 3299 2881 3352 vult
2915 3301 3054 3355 ratio
3102 3302 3204 3358 ista
3239 3319 3370 3358 ora—

1797 3385 1953 3439 tionis
2003 3386 2191 3450 Auum,
2225 3403 2384 3456 quam
2427 3388 2470 3442 si
2526 3388 2903 3456 didicerimus,
2955 3392 3209 3446 similiter
3258 3393 3370 3448 for-

1799 3477 1957 3532 tassis
1988 3487 2040 3532 et
2060 3493 2157 3532 nos
2190 3493 2347 3534 orare
2379 3483 2698 3549 poterimus.
2727 3498 2745 3532 ς
2772 3479 3098 3550 Exsultavit,
3124 3485 3300 3554 inquit
3321 3487 3368 3551 τ.

1796 3584 1892 3624 cor
1953 3583 2132 3623 meum
2178 3570 2232 3624 in
2281 3571 2572 3626 Domino.)
2615 3570 2939 3629 Necessario
2988 3576 3234 3633 addidit:
3267 3579 3365 3632 «lu

1797 3661 2044 3718 Domino.
2070 3683 2089 3716 ι
2146 3664 2240 3719 Est
2274 3665 2418 3719 enim
2453 3666 2742 3720 exsultatio
2768 3682 2887 3735 qua:
2915 3684 3023 3724 non
3054 3680 3135 3725 est
3164 3671 3215 3725 in
3257 3671 3363 3726 Do—

1796 3756 2124 3818 mino,sicut
2149 3767 2204 3811 et
2232 3757 2363 3812 illud
2384 3757 2650 3812 dicitur“:
2677 3776 2696 3809 ι
2718 3759 2960 3816 Gaudete
2992 3762 3043 3816 in
3078 3762 3362 3818 Βοιιιίιιο.»

1795 3847 1980 3902 Potest
2005 3849 2148 3902 cnim
2183 3849 2306 3918 quis
2337 3850 2572 3920 gaudere
2605 3849 2659 3904 in
2707 3852 3041 3919 carnalibus,
3074 3865 3128 3910 et
3165 3872 3271 3911 non
3315 3859 3366 3910 in

1798 3939 2046 3993 Domino.
2083 3939 2138 3994 Si
2175 3941 2317 3994 enim
2351 3942 2613 4010 gaudeam
2662 3943 2802 4012 quod
2837 3943 3018 3998 ittveui
3056 3947 3369 4003 thesaurum

1796 4029 2087 4094 visibilem,
2124 4031 2264 4085 istud
2296 4032 2547 4100 gaudium
2578 4035 2762 4089 carnis
2796 4043 2901 4099 est,
2937 4045 2990 4089 et
3034 4053 3139 4092 non
3181 4039 3234 4092 in
3265 4041 3374 4094 Do-

1799 4123 1966 4176 mino.
2002 4121 2059 4177 Si
2105 4123 2371 4192 gaudeam
2399 4125 2543 4191 quod
2587 4140 2672 4180 me
2704 4125 2950 4182 ltomhtes
3000 4129 3256 4199 laudant,
3320 4142 3375 4186 et

1800 4213 1939 4267 forte
1971 4228 2074 4267 non
2121 4229 2217 4283 pro
2250 4214 2464 4279 merito,
2509 4230 2612 4268 non
2647 4225 2730 4271 est
2765 4217 2866 4272 hoc
2897 4220 3134 4287 gaudere
3167 4221 3218 4274 iu
3262 4220 3372 4275 Do-

1798 4304 1966 4358 mino.
2007 4304 2062 4358 Si
2097 4304 2361 4374 gaudeam
2400 4305 2454 4359 in
2492 4309 2652 4361 rebus
2695 4306 2985 4378 fragilibus
3031 4320 3085 4364 et
3127 4313 3370 4376 caducis,

1802 4397 1914 4451 htec
1941 4397 2120 4450 omnia
2153 4412 2257 4451 non
2297 4397 2499 4452 habent
2550 4398 2818 4454 laudabile
2847 4403 3126 4470 gaudium.
3159 4401 3213 4456 Si
3245 4420 3374 4459 vero

88 4508 352 4566 tempore
401 4500 569 4554 etiam
628 4501 696 4554 ab
747 4502 990 4554 oratione
1045 4516 1337 4556 cessamus.
1387 4500 1524 4556 Puto
1551 4509 1686 4570 quod

1801 4489 2060 4556 gaudeam
2094 4489 2350 4558 quoniam
2391 4490 2584 4558 dignus
2625 4490 2841 4545 habitus
2872 4506 2988 4545 sum
3019 4508 3119 4562 pro
3153 4497 3375 4550 nomine

82 4590 192 4645 hoc
214 4591 534 4645 edocemur
563 4599 616 4643 ct
650 4591 700 4644 in
731 4588 958 4644 Psalmis
989 4607 1110 4645 cum
1136 4593 1334 4646 dicitur
1355 4594 1376 4625 ³
1404 4607 1419 4646 :
1451 4611 1468 4644 ι
1505 4594 1693 4649 Eleva-

83 4685 161 4738 tio
195 4700 482 4738 manuum
514 4698 752 4737 mearum
776 4682 1105 4737 sacriﬁcium
1133 4684 1547 4754 vespertiuunm
1571 4685 1689 4741 Non

78 4775 235 4831 enim
292 4783 447 4843 puto
494 4775 634 4842 quod
673 4774 714 4828 si
748 4775 870 4842 quis
920 4773 1211 4828 elevaverit
1263 4774 1346 4828 vel
1385 4777 1693 4830 extenderit

80 4882 291 4921 manus
327 4867 404 4920 ad
446 4864 643 4918 caelum
682 4865 760 4935 (ut
794 4865 1012 4919 habitus
1041 4866 1314 4918 orantium
1348 4880 1468 4938 esse
1506 4866 1686 4938 solet),

75 4960 368 5012 continuo
393 4954 730 5009 sacriﬁcium
749 4954 1006 5010 obtulerit
1033 4957 1162 5012 Deo.
1184 4958 1289 5012 Sed
1317 4959 1596 5013 videamus
1628 4969 1692 5012 ne

75 5045 232 5102 forte
269 5049 390 5103 hoc
436 5047 508 5102 sit
537 5048 677 5118 quod
711 5047 782 5102 ibi
830 5047 1036 5104 indicat
1079 5063 1262 5105 sermo
1294 5050 1408 5115 Dei,
1443 5050 1566 5119 quia
1600 5065 1695 5120 per

75 5156 294 5196 manus
327 5121 951 5214 operaintelliguntur.
982 5141 1170 5195 Elevat
1219 5156 1412 5196 manus
1445 5141 1556 5206 ille,
1602 5141 1695 5210 qui

74 5234 273 5288 elevat
310 5242 488 5288 actus
512 5247 638 5286 suos
664 5249 693 5286 a
725 5242 894 5297 terra,
923 5241 978 5286 et
1005 5231 1350 5287 conversatio
1375 5230 1490 5298 eius
1517 5231 1696 5285 adhuc

73 5323 131 5378 in
165 5333 331 5379 terra
363 5323 710 5376 ambulantis
745 5323 796 5376 in
832 5323 985 5377 cmlis
1013 5333 1116 5376 est.
1145 5321 1355 5376 Excelsi
1389 5337 1519 5388 ergo
1544 5332 1697 5375 actus

73 5426 133 5468 et
194 5415 518 5477 sublimes,
569 5429 708 5482 quos
759 5414 1008 5469 videntes
1044 5415 1293 5468 homines
1343 5414 1699 5482 magnitleant

73 5504 316 5559 Patrem
350 5501 671 5567 caelestem,
706 5503 936 5568 elevatip
967 5518 1223 5557 manuum
1258 5502 1478 5566 dicitur,
1514 5513 1567 5557 et
1601 5518 1692 5556 sa~

67 5598 372 5652 criticium
404 5579 797 5666 vespertinum.
831 5598 1022 5651 Annon
1050 5604 1105 5650 et
1129 5597 1182 5650 in
1207 5595 1323 5666 lege
1347 5595 1400 5649 id
1427 5609 1522 5666 per
1580 5609 1697 5664 my-

144 5714 196 5748 "
230 5712 252 5766 ι
291 5715 448 5782 Reg.
486 5727 547 5775 ll,
580 5713 628 5772 l,
659 5713 711 5766 2.
818 5712 832 5742 ⁸
867 5713 993 5765 ibid.
1030 5713 1086 5765 5.
1177 5713 1236 5763 ²1
1273 5711 1524 5774 Thess.v,
1559 5711 1644 5763 17.

69 5787 93 5817 ⁵
122 5785 190 5840 ll.
232 5781 404 5840 αυτ.
433 5797 514 5848 tv,
548 5785 632 5837 lli.
709 5785 770 5836 ⁷1
802 5783 932 5850 Reg.
971 5798 1030 5844 tt,
1070 5784 1120 5837 1.
1197 5782 1429 5851 8Philip.
1458 5797 1530 5847 tv,
1563 5781 1616 5834 4.

1761 5709 1781 5740 ³
1817 5708 1962 5764 Psal.
2010 5724 2155 5771 cxu,
2205 5709 2262 5764 ‘2.

1693 5783 1712 5812 θ
1734 5781 1855 5835 Aet.
1907 5796 1958 5835 v.

1803 4580 2013 4633 Domini
2075 4580 2326 4649 iujuriam
2373 4582 2530 4648 pati”,
2556 4580 2703 4634 istud
2752 4583 3006 4652 gaudium
3061 4584 3114 4638 in
3151 4587 3375 4641 Domino

1802 4679 1904 4735 cst,
1938 4670 2061 4739 quia
2099 4672 2211 4739 ipse
2233 4671 2366 4725 dixit
2388 4686 2548 4738 super
2579 4671 2757 4725 his”:
2792 4691 2809 4723 ι
2837 4673 3081 4729 Gaudete
3107 4685 3161 4730 et
3193 4679 3376 4732 exsul-

1805 4772 1932 4827 tate,
1982 4766 2107 4832 quia
2153 4779 2361 4818 merces
2409 4773 2589 4818 vestra
2635 4763 2800 4818 multa
2837 4776 2918 4821 est
2959 4769 3010 4821 in
3048 4769 3223 4824 oculis.
3254 4789 3271 4822 ι
3313 4771 3373 4826 Si

1804 4858 2068 4928 gaudeam
2116 4873 2236 4911 cum
2283 4856 2406 4910 odia
2451 4857 2501 4909 in
2555 4870 2640 4910 me
2684 4868 3014 4912 exercentur
3073 4861 3294 4929 iujusta,
3330 4865 3376 4916 si

1801 4952 2062 5020 gaudeam
2113 4965 2232 5003 cum
2275 4949 2562 5018 impuguor
2612 4958 2828 5018 propter
2889 4952 3113 5006 verbum
3169 4953 3286 5020 Dei,
3326 4969 3373 5008 Sl

1806 5045 2066 5115 gaudeam
2097 5058 2218 5097 cum
2253 5042 2490 5108 castigor
2519 5041 2571 5095 in
2606 5041 2978 5111 languoribus,
3017 5045 3070 5099 in
3117 5060 3375 5114 persecu-

1806 5135 2066 5202 tionibus,
2117 5134 2168 5187 in
2216 5133 2503 5202 angustiis,
2549 5133 2594 5188 si
2657 5135 2769 5188 haec
2822 5135 3002 5188 omnia
3037 5136 3190 5190 lzetus
3223 5137 3374 5191 exci-

1807 5227 1971 5294 piam,
2007 5226 2149 5279 istud
2191 5224 2441 5295 gaudium
2489 5225 2540 5278 in
2585 5225 2811 5280 Domino
2842 5235 2942 5280 est.
2998 5227 3063 5282 Et
3107 5229 3227 5282 ideo
3276 5244 3377 5282 nos

1807 5318 1964 5371 docet
1995 5316 2298 5385 Scriptura,
2330 5326 2388 5370 ut
2415 5315 2730 5386 abjicientes
2760 5318 2956 5386 gaudia
2993 5328 3232 5385 terrena,
3265 5320 3377 5372 tra-

1809 5411 1934 5480 gilia
1994 5419 2048 5463 ct
2077 5410 2300 5474 caduca,
2341 5409 2405 5464 de
2446 5411 2667 5465 arternis
2710 5411 2923 5480 gaudiis
2962 5411 3294 5466 exsultemus
3325 5413 3379 5465 in

1805 5502 2055 5568 Domino,
2121 5512 2178 5556 ut
2239 5502 2432 5557 merito
2485 5503 2730 5557 dicamus
2788 5503 2931 5572 quod
2982 5501 3136 5554 Anna
3194 5501 3379 5557 dixit:

1812 5613 1830 5644 ι
1863 5594 2166 5649 Exsultavit
2197 5609 2291 5649 cor
2324 5609 2503 5649 meum
2551 5595 2604 5649 in
2653 5593 2902 5649 Domino.
2925 5611 2943 5645 ι
2985 5593 3052 5647 Ει
3099 5594 3378 5662 quoniam,

2377 5707 2585 5761 ‘Exod.
2629 5721 2758 5761 xvu.
2875 5703 3087 5761 'lCor.
3161 5720 3218 5774 κ,
3288 5703 3384 5764 Η.

2039 5781 2082 5812 ³ο
2121 5778 2311 5835 Matth.
2357 5794 2412 5845 v,
2459 5777 2546 5830 12.
