3870 6520
488 386 623 442 1007

1955 381 2110 437 οιιιε
2120 379 2276 438 ENIS

3613 383 3729 439 Ιοεῆ

486 521 608 562 cum
652 506 766 561 haec
788 503 1071 570 dicuntur,
1107 503 1323 574 quidam
1359 502 1425 556 de
1471 500 1775 556 astantibus
1826 499 2059 570 repletus
2087 503 2130 561 A
2162 500 2331 556 micos
2355 515 2525 557 meos.
2550 518 2572 556 ι
2590 497 2646 555 Si
2667 498 2784 556 istis
2807 499 3104 556 confutatis
3121 508 3423 557 occurrant
3444 501 3726 572 philosth

484 607 570 654 est
598 597 794 666 Spiritu
839 596 1138 664 immundo,
1186 604 1241 650 et
1271 594 1598 650 exclamavit
1647 587 1728 648 ita
1785 601 1848 648 ut
1899 592 2053 648 ﬁeret.

479 691 665 762 populi
705 703 1030 755 concursus,
1083 687 1330 744 dicamus
1374 694 1428 741 et
1471 699 1569 740 nos
1597 699 1734 741 cum
1785 683 1942 737 Anna
1973 681 2056 738 di-

480 795 639 839 cente
665 799 681 838 :
716 802 734 835 c
755 781 1058 838 Exsultavit
1088 795 1184 836 cor
1215 794 1389 835 meum
1421 780 1472 832 in
1497 777 1743 834 Domino.
1769 796 1788 830 ι
1823 776 2054 832 Contra-

481 876 596 930 rius
640 875 862 943 spiritus
920 872 1342 929 exsultationem
1403 879 1645 925 nostram
1711 869 1766 923 in
1819 867 2049 924 Domino

481 964 624 1019 ferre
652 980 755 1019 non
789 949 981 1035 potuit.
1012 965 1109 1022 sed
1138 966 1250 1020 vult
1275 981 1396 1022 eam
1429 975 1654 1025 mutare,
1683 971 1743 1017 ut
1780 962 1955 1018 ablata
1983 971 2052 1017 ‘ca

483 1056 796 1112 introducat
856 1057 1169 1121 tristitiam,
1213 1067 1268 1114 et
1314 1056 1597 1128 prohibeat
1656 1070 1754 1110 nos
1812 1053 2047 1108 dicere:

484 1165 505 1199 ι
530 1149 834 1203 Exsultavit
863 1165 959 1207 cor
1006 1151 1266 1205 meunrin
1300 1150 1578 1205 Domino.»
1615 1147 1815 1203 Verum
1851 1163 1918 1201 ne
1956 1160 2053 1202 nos

478 1241 858 1311 impediamnr,
888 1243 978 1298 sed
1010 1243 1179 1308 magis
1212 1256 1275 1296 ac
1305 1241 1476 1311 magis
1499 1240 1743 1294 dicamus
1771 1256 1784 1293 :
1816 1257 1834 1289 ι
1860 1237 2055 1292 Exsul-

479 1335 616 1388 tavit
649 1349 743 1389 cor
777 1349 956 1390 meum
988 1333 1041 1388 in
1070 1334 1294 1389 Domino
1324 1351 1338 1386 :
1374 1351 1391 1384 ι
1419 1341 1472 1386 ει
1503 1345 1599 1400 pro
1631 1330 1734 1384 hoc
1769 1329 1885 1398 ipso
1911 1329 2051 1398 quod

480 1425 730 1480 videmus
762 1425 1070 1480 immundos
1101 1423 1326 1493 spiritus
1355 1420 1635 1492 ﬂagellari,
1675 1419 2004 1486 gaudeamus
2034 1435 2045 1470 :

482 1516 610 1586 quia
642 1525 699 1570 et
740 1531 838 1588 per
866 1517 980 1572 haec
1012 1515 1168 1572 multi
1206 1522 1599 1570 convertuntur
1638 1512 1703 1566 ad
1741 1511 2047 1572 Dominum,

473 1609 630 1664 multi
662 1609 1038 1673 emendantur,
1075 1606 1226 1661 multi
1260 1604 1327 1658 ad
1358 1604 1512 1659 [idem
1546 1604 1794 1667 veniunt,
1831 1612 1886 1658 et
1918 1601 2048 1656 nib‘il

472 1711 561 1757 est
611 1702 754 1771 quod
803 1701 923 1756 sine
967 1715 1126 1755 causa
1181 1699 1346 1754 iaciat
1395 1697 1678 1764 Dominus,
1713 1711 1814 1752 nec
1848 1695 2048 1766 aliquid

477 1792 595 1848 ﬁeri
647 1791 848 1848 frustra
900 1791 1183 1862 permittit.
1238 1789 1372 1843 Nam
1433 1789 1685 1859 quoniam
1728 1788 1882 1844 multi
1923 1799 2050 1844 sunt

474 1885 569 1954 qui
603 1885 770 1940 verbo
797 1898 904 1938 non
940 1883 1182 1949 credunt,
1214 1899 1312 1940 nec
1342 1886 1608 1939 rationem
1642 1881 1904 1936 doctrinas
1925 1896 2045 1936 sns-

470 1979 701 2047 cipiunt,
731 1978 782 2031 in
813 1978 899 2032 his
930 1993 1051 2032 cum
1099 1979 1306 2033 dannnn
1339 1977 1610 2042 insilierit,
1654 1987 1782 2032 tunc
1813 1992 2046 2032 conver-

475 2078 688 2134 tuntur,
718 2054 789 2124 ut
832 2070 925 2123 ubi
972 2069 1268 2124 abundavit
1308 2070 1588 2140 delictum,
1644 2068 2047 2138 superabundet

473 2160 646 2228 gratia
679 2181 690 2215 :
725 2171 779 2215 et
829 2160 918 2214 ubi
951 2161 1183 2231 maligna
1213 2162 1384 2217 virtus
1413 2171 1634 2232 operata
1685 2171 1788 2228 est,
1826 2160 1896 2216 ibi
1930 2159 2048 2230 plus

472 2256 812 2318 postmodum
848 2253 1062 2308 Domini
1095 2255 1266 2324 gratia
1301 2263 1553 2323 operetur
1585 2270 1599 2307 :
1629 2255 1754 2322 quia
1789 2269 1913 2307 cum
1947 2267 2045 2307 ex-

476 2345 673 2413 pulerit
707 2345 916 2401 Domini
946 2347 1119 2418 gratia
1153 2346 1450 2415 malignum
1487 2345 1764 2414 spiritum,
1800 2345 2045 2400 introdu-

467 2437 546 2490 cit
581 2435 842 2506 Spiritum
877 2446 1122 2492 sanctum
1149 2446 1228 2492 εει
1261 2435 1440 2490 anima
1483 2450 1603 2504 qua:
1640 2434 1841 2503 repleta
1881 2433 2046 2490 fuerit

471 2528 665 2598 spiritu
696 2529 995 2594 immundo,
1032 2528 1270 2599 repletur
1297 2528 1638 2598 postmodum
1674 2526 1882 2596 Spiritu
1912 2541 2041 2582 san-

471 2630 580 2676 cto.
628 2619 752 2676 Ideo
791 2636 889 2691 pro
938 2622 1024 2677 bis
1072 2621 1323 2676 omnibus
1375 2619 1662 2676 dicamus:
1704 2617 2044 2674 «Exsultavit

466 2726 568 2763 cor
597 2726 775 2764 meum
801 2712 852 2764 iu
873 2711 1118 2766 Domino.
1146 2711 1210 2764 Et
1235 2712 1528 2766 exaltatum
1553 2718 1638 2764 est
1661 2724 1828 2764 cornu
1862 2725 2042 2765 meum

470 2803 524 2856 in
557 2803 664 2859 Deo
703 2819 840 2859 meo.
866 2825 886 2858 ι
923 2801 1062 2858 Sunt
1086 2805 1331 2874 quantum
1373 2819 1576 2859 cornua
1616 2802 1888 2872 justorum
1919 2803 2043 2871 qui-

469 2897 572 2953 bus
603 2906 824 2951 utuntur
852 2897 935 2952 vel
964 2906 1187 2968 agentes
1223 2897 1424 2967 aliquid
1454 2879 1536 2951 vel
1573 2895 1878 2966 loquentes,
1901 2895 2044 2955 sicut

470 3004 593 3042 cum
625 2989 812 3043 dicunt
834 2989 875 3020 ¹¹
910 3008 922 3043 :
955 3007 973 3040 ι
1001 2989 1057 3044 In
1103 2999 1153 3044 te
1199 2977 1462 3044 inimicos
1501 2999 1722 3049 nostros
1758 2993 2044 3048 ventilabi-

470 3095 590 3134 mus
642 3095 832 3135 cornu.
864 3100 882 3132 ι
922 3078 977 3135 In
1027 3080 1216 3136 Grieco
1266 3083 1628 3161 κερατξσομεν
1665 3085 2040 3155 dicitur,quud

2159 593 2486 650 insultantes
2511 594 2847 666 simplicitati
2887 592 3011 649 ﬁdei
3061 606 3286 658 nostrze,
3315 604 3372 647 et
3415 594 3617 647 idiotas
3649 611 3724 650 nos

2158 681 2547 754 imperitosque
2593 685 2964 747 clamitantes,
3012 675 3088 740 et’
3122 693 3421 738 convertar
3470 685 3636 739 etiam
3673 690 3728 740 ad

2157 779 2325 845 ipsos.
2383 785 2437 831 et
2492 792 2635 832 verte
2671 776 2954 848 sapientiae
2989 777 3198 831 viribus
3231 774 3388 830 falsa:
3435 792 3503 830 ac
3548 776 3727 834 fucat:

2157 870 2438 940 sapientiae
2479 871 2732 926 nebulam
2767 872 3154 935 obturbavero,
3192 878 3247 924 ει
3281 884 3394 924 non
3433 868 3614 924 solum
3647 874 3727 932 htt-

2153 963 2242 1033 jus
2282 963 2485 1030 mundi,
2535 963 2628 1018 sed
2664 971 2718 1018 et
2747 961 3055 1032 principum
3105 958 3268 1028 hujus
3294 961 3488 1015 mundi
3535 963 3724 1029 sapien-

2158 1053 2285 1107 tiam
2306 1053 2648 1120 destrnxero,
2674 1063 2802 1105 tunc
2822 1049 3032 1120 plenius
3051 1049 3335 1109 dilatatam
3360 1060 3452 1104 est
3476 1065 3543 1105 os
3572 1066 3726 1104 menta

2157 1159 2320 1214 super
2365 1143 2614 1200 inimicos
2665 1159 2834 1198 meos.
2889 1145 3077 1201 Sancti
3118 1155 3202 1200 est
3244 1159 3380 1214 ergo
3416 1159 3527 1198 vox
3564 1144 3729 1199 istae!

2157 1236 2404 1306 perfecti,
2437 1238 2528 1305 qui
2568 1237 2732 1293 rebus
2769 1238 2903 1307 ipsis
2935 1249 2989 1293 et
3029 1238 3263 1292 veritate
3295 1235 3603 1291 subnixum
3645 1237 3727 1289 ba-

2147 1327 2454 1398 juscemodi
2507 1343 2811 1385 sermonem
2857 1330 3030 1400 possit
3079 1326 3334 1394 proferre
3393 1335 3455 1380 et
3509 1326 3725 1382 dicere:

2161 1421 2491 1477 cDilatatum
2537 1429 2620 1477 est
2663 1437 2726 1478 os
2779 1437 2958 1476 meum
3009 1435 3174 1490 super
3228 1418 3494 1474 inimicos
3530 1433 3723 1472 meost

2153 1513 2377 1584 Oportet
2419 1527 2550 1583 ergo
2601 1526 2700 1567 nos
2747 1511 2924 1580 primo
2976 1525 3037 1565 os
3083 1521 3333 1565 nostrum
3382 1508 3647 1570 dilatare,
3684 1519 3729 1560 tn

2153 1604 2376 1675 impleat
2408 1603 2532 1659 illud
2568 1602 2734 1658 Deus.
2765 1602 3048 1669 Quomodo
3079 1611 3262 1656 autem
3292 1614 3358 1654 os
3391 1600 3578 1669 primo
3612 1599 3728 1652 dib-

2154 1695 2367 1752 tamus‘l
2397 1710 2494 1766 per
2526 1694 2934 1751 meditationem
2969 1694 3121 1750 verbi
3155 1693 3354 1755 divini,
3388 1699 3452 1745 ut
3472 1693 3727 1760 possimus

2152 1803 2215 1843 eo
2252 1802 2421 1859 usque
2455 1788 2741 1858 prolicere,
2775 1796 2834 1841 ut
2882 1801 2914 1840 a
2966 1785 3293 1841 dilatatione
3324 1784 3448 1838 oris
3478 1783 3645 1838 etiam
3673 1786 3726 1836 ad

2153 1881 2332 1935 cordis
2362 1879 2734 1935 dilatationem
2768 1879 3070 1941 veniamus,
3099 1886 3155 1932 et
3185 1891 3312 1946 cum
3348 1875 3624 1944 Apostolo
3661 1877 3727 1928 tli-

2153 1972 2376 2026 cere“:
2408 1991 2426 2024 ι
2451 1971 2558 2027 Cur
2590 1986 2766 2025 meum
2799 1971 3080 2026 dilatatam
3118 1979 3202 2024 est
3232 1968 3304 2023 ad
3331 1983 3459 2030 vos,
3492 1983 3529 2022 ο
3560 1967 3724 2021 Corin-

2153 2062 2271 2118 thii.
2297 2081 2314 2114 ι
2351 2062 2428 2117 Ex
2461 2063 2750 2118 latitudine
2779 2062 2922 2117 enim
2956 2062 3138 2116 cordis
3169 2060 3524 2116 abundantia
3554 2060 3634 2113 ori
3655 2076 3724 2115 sa-

2150 2155 2315 2225 pienti
2345 2156 2709 2212 ministratur.
2834 2212 2837 2215 .

2221 2246 2306 2303 ll.
2337 2265 2353 2298 ι
2379 2247 2512 2313 Quia
2545 2247 2724 2302 laetata
2756 2261 2875 2300 sum
2906 2245 2958 2299 in
2987 2245 3208 2301 salutari
3241 2245 3417 2299 tuo."
3441 2264 3462 2298 ι
3505 2245 3566 2300 Si
3593 2245 3721 2298 lata-

2153 2348 2234 2393 tus
2275 2338 2430 2394 fuero
2480 2339 2531 2394 iu
2583 2339 2806 2394 salutari
2859 2340 2976 2406 Dei,
3035 2351 3163 2396 tunc
3205 2341 3508 2396 dilatatnzn
3557 2351 3638 2392 est
3672 2355 3719 2391 os

2149 2447 2328 2485 meum
2370 2449 2534 2503 super
2567 2432 2819 2488 inimicos
2855 2448 3024 2489 meos.
3070 2452 3088 2484 ι
3111 2431 3230 2488 Non
3279 2441 3367 2488 est
3410 2431 3586 2503 488
3612 2447 3719 2484 sano

2148 2533 2267 2581 ctus
2296 2524 2438 2580 sicut
2467 2524 2724 2579 Dominus
2742 2526 2807 2580 ’⁸.
2835 2545 2852 2579 ι
2895 2525 2952 2582 Si
2985 2526 3252 2596 scriptum
3296 2535 3475 2589 esset,
3505 2525 3622 2579 Non
3651 2533 3720 2575 cst

2148 2627 2367 2672 sanctus
2392 2617 2493 2672 nisi
2529 2617 2809 2683 Dominus,
2845 2631 3186 2688 consequens
3233 2627 3362 2672 erat
3405 2630 3602 2670 omnes
3639 2631 3719 2666 DD)

2148 2709 2466 2764 renuntiare
2503 2709 2906 2779 nobismetipsis
2940 2711 3006 2766 ab
3048 2710 3150 2764 hac
3179 2724 3278 2779 spe
3319 2718 3382 2762 ut
3415 2708 3594 2762 saneti
3620 2706 3715 2761 eth-

2143 2818 2396 2858 ceremur
2427 2823 2440 2859 :
2475 2819 2619 2858 nunc
2664 2813 2844 2858 autem
2884 2803 3194 2858 necessaria
3237 2802 3602 2858 distinctione
3626 2802 3716 2857 eti-

2149 2915 2235 2958 tur
2267 2909 2321 2959 el.
2373 2896 2544 2958 dicit:
2577 2895 2733 2956 «Non
2774 2911 2858 2955 est
2903 2910 3128 2955 sanctus
3180 2910 3332 2953 ειειιι
3385 2898 3710 2959 ῡοωίιιιιεςο

2146 2998 2247 3053 hoc
2281 3004 2382 3059 est,
2411 2996 2512 3051 etsi
2544 2996 2654 3048 sint
2701 2993 2852 3048 multi
2895 2993 3090 3059 sancti,
3140 2997 3238 3049 sed
3271 2994 3461 3048 nullus
3490 2994 3565 3045 ita
3600 3006 3714 3045 san-

2145 3101 2262 3146 ctus
2299 3099 2381 3146 est
2438 3097 2496 3144 ut
2543 3087 2818 3142 Dominus.
2873 3085 3110 3140 Possunt
3153 3100 3290 3155 ergo
3344 3085 3506 3138 multi
3558 3087 3711 3139 sancti

469 3182 551 3225 cst
579 3187 746 3227 cornu
776 3184 1046 3242 petemus,
1093 3174 1175 3234 vel
1209 3178 1608 3234 ventilabimus‘.
1658 3177 1763 3232 Sed
1815 3186 1868 3232 et
1915 3175 2041 3231 alibi

2151 3183 2289 3248 ﬁeri,
2315 3183 2455 3237 sicut
2477 3189 2533 3236 et
2554 3179 2863 3235 mandatum
2893 3176 2985 3231 Dei
3014 3177 3203 3232 dicit"
3227 3193 3242 3231 :
3269 3195 3288 3228 ι
3315 3176 3510 3231 Sancti
3537 3187 3712 3236 estote.

470 3261 729 3315 dicitur"
759 3281 771 3320 :
805 3281 822 3319 t
853 3263 912 3321 Et
937 3268 1326 3324 exaltabuutur
1361 3286 1564 3326 cornua
1587 3270 1743 3339 justi.
1768 3287 1788 3321 ι
1816 3266 2041 3337 Oportet

467 3367 596 3424 ergo
631 3373 727 3412 nos
757 3359 953 3413 habere
995 3363 1096 3414 ista
1141 3375 1368 3428 cornua,
1404 3377 1524 3431 qua:
1560 3363 1725 3434 justis
1762 3360 1826 3415 de
1861 3358 2041 3414 causis

467 3449 712 3517 apicibus
741 3449 939 3505 Christi
988 3457 1168 3508 crucis
1207 3458 1580 3521 conteruntur,
1610 3465 1668 3510 ut
1713 3456 1768 3509 in
1807 3455 1892 3509 his
1948 3454 2041 3510 de-

469 3549 747 3595 struamus
768 3553 822 3595 et
843 3541 1164 3611 dejiciamus
1184 3545 1524 3600 adversarias
1543 3547 1768 3600 virtutes
1783 3545 1848 3599 de
1860 3545 2038 3599 anima

468 3643 675 3697 nostra,
705 3633 901 3702 quibus
930 3635 1219 3704 prostratis
1244 3647 1294 3690 et
1328 3638 1567 3706 expulsis
1598 3639 1769 3706 possit
1802 3638 1854 3691 in
1885 3637 2041 3692 nobis

467 3724 699 3792 plantari
731 3726 904 3792 vinea,
935 3727 1060 3797 quia
1096 3745 1112 3777 ι
1139 3728 1292 3782 vinea
1328 3729 1471 3784 facta
1502 3739 1588 3784 est
1617 3729 1815 3784 dilecto
1845 3729 1895 3783 in
1920 3744 2041 3784 cor-

466 3831 563 3878 nu,
603 3817 656 3870 in
697 3817 814 3871 loco
847 3819 1108 3872 uberi”.t
1141 3819 1442 3874 Exaltatum
1480 3831 1562 3876 est
1604 3837 1731 3890 ergo
1775 3837 1940 3877 cornu
1988 3830 2041 3875 et

466 3905 806 3975 bujusjusta:
844 3911 1054 3979 gratiae,
1092 3923 1144 3965 et
1180 3913 1502 3981 omnisjusti
1534 3913 1585 3966 in
1628 3914 1875 3967 Domino.
1906 3932 1924 3964 ι
1949 3913 2037 3966 Di-

466 3996 694 4051 latatum
718 4009 800 4052 est
820 4016 882 4054 os
911 4017 1088 4055 meum
1119 4018 1278 4072 super
1304 4003 1553 4058 inimicos
1595 4005 1852 4061 meos”.t
1886 4005 2038 4058 Scri-

464 4099 619 4159 ptum
648 4090 787 4144 est"
815 4109 827 4144 :
856 4108 874 4144 ι
905 4093 1074 4149 Dilata
1124 4109 1185 4149 os
1233 4104 1405 4162 tuum,
1451 4102 1506 4148 et
1529 4093 1830 4167 adimplebo
1851 4093 2036 4161 illud,»

466 4189 522 4233 et
551 4195 690 4234 nunc
716 4180 847 4234 dicit
880 4182 991 4236 hmc
1012 4182 1158 4250 justa
1191 4205 1202 4238 :
1239 4203 1256 4235 ι
1282 4185 1572 4240 Dilatatum
1599 4193 1682 4239 est
1715 4201 1774 4239 os
1799 4200 2033 4241 meum.»

467 4271 524 4327 Si
561 4271 783 4327 idoneus
821 4282 875 4328 et
904 4273 1060 4328 fortis
1089 4273 1242 4329 fuero
1287 4277 1336 4329 in
1371 4278 1532 4331 verbo
1573 4275 1821 4342 etTectus,
1851 4285 1904 4331 et
1944 4292 2038 4330 va-

466 4363 606 4419 lidus
637 4364 692 4419 in
720 4365 1008 4435 sapientia,
1042 4367 1113 4421 ita
1139 4376 1197 4422 ut
1222 4384 1327 4421 non
1356 4368 1595 4436 angustis
1619 4368 2034 4431 assertionibus,

465 4455 559 4509 sed
583 4456 820 4513 dilatatis
837 4469 888 4512 et
915 4457 1261 4513 afﬂuentibus
1287 4457 1568 4514 confutare
1595 4460 1798 4530 possim
1823 4475 2036 4515 onmem

467 4545 746 4598 scientiam
777 4547 1128 4602 extollentem
1157 4563 1216 4603 se
1242 4549 1530 4603 adversum
1563 4548 1720 4604 (idem
1754 4557 1807 4603 et
1838 4551 2037 4604 verita-
2074 4536 2114 4589 ι)

469 4644 575 4689 tem
605 4635 806 4690 Christi
837 4656 849 4691 :
877 4638 960 4693 vel
997 4654 1118 4693 cum
1152 4638 1590 4694 incredulitatem
1627 4639 1706 4692 vel
1755 4639 2036 4709 perﬁdiam

467 4742 701 4795 arguens
722 4727 1031 4783 Judteorum
1063 4744 1129 4784 ex
1160 4729 1278 4801 lege
1307 4739 1362 4784 et
1386 4745 1451 4784 ex
1482 4731 1760 4800 pr0phetis
1783 4733 2038 4800 deprom-

467 4830 636 4886 ptam,
673 4822 963 4876 ostendero
994 4835 1114 4876 esse
1145 4821 1427 4876 Christum
1460 4822 1667 4890 Jesum,
1697 4835 1750 4878 et
1775 4825 1828 4878 in
1861 4824 2039 4878 omni-

379 4943 388 4952 ι
468 4909 569 4962 bus
603 4919 791 4978 potero
827 4913 1156 4982 redarguere
1186 4914 1427 4968 veritatis
1465 4915 1716 4970 inimicos
1749 4933 1761 4968 :
1794 4925 1921 4969 tunc
1959 4915 2039 4970 di-

466 5016 571 5070 gne
603 5017 820 5072 possum
861 5006 1021 5058 etiam
1073 5020 1172 5074 ego
1218 5006 1399 5063 dicere
1427 5027 1441 5064 :
1474 5009 1802 5063 «Dilatatum
1847 5019 1933 5065 est
1973 5025 2036 5065 os

467 5108 644 5146 meum
677 5109 840 5163 super
893 5094 1148 5151 inimicos
1197 5112 1412 5154 meos.»
1472 5099 1527 5155 Si
1579 5101 1707 5155 mihi
1759 5111 2034 5157 certamen

467 5195 681 5238 moveat
712 5183 994 5252 Basilides,
1023 5199 1077 5242 et
1111 5205 1234 5243 eum
1271 5191 1618 5246 vehementer
1651 5192 1923 5249 obtrivero
1949 5213 1962 5249 :
1989 5194 2036 5250 si

463 5277 732 5333 Valentini
780 5279 1072 5349 discipulus
1105 5293 1363 5337 occurrat
1412 5296 1464 5338 et
1513 5299 1600 5339 me
1641 5285 2035 5354 quaestionibus

460 5368 706 5437 ventilet,
749 5378 804 5425 et
832 5373 897 5428 de
942 5373 1044 5428 hoc
1090 5375 1386 5430 certamine
1417 5377 1592 5430 victor
1618 5378 1840 5433 exiero:
1869 5379 1913 5433 si
1948 5379 2034 5435 his

461 5463 764 5531 prostratis,
797 5463 1038 5519 Marcion
1077 5477 1353 5532 occurrat,
1402 5477 1458 5521 et
1501 5469 1816 5524 discesserit
1867 5470 2032 5524 etiam

463 5554 575 5622 ipse
608 5568 934 5626 superatus:
967 5576 985 5610 ι
1014 5559 1303 5614 Dilatatum
1337 5571 1422 5615 est
1449 5575 1511 5616 os
1535 5577 1712 5616 meum
1743 5578 1908 5632 super
1931 5564 2035 5618 ini-

535 5760 742 5816 “Psal.
793 5779 935 5826 XLIV,
970 5763 1024 5818 5.
1103 5768 1145 5797 ¹¹

1260 5765 1400 5822 Psal.
1436 5784 1593 5835 LXXV,
1633 5769 1718 5822 lt).

465 5841 537 5894 γι,
575 5830 656 5886 ll.
734 5833 771 5862 ³⁷
805 5837 824 5886 ι
865 5833 996 5902 lleg.
1029 5851 1091 5901 ιι,
1130 5838 1179 5890 1.

1259 5838 1302 5868 ﬂ
1326 5839 1455 5894 ἰδίει.
1511 5845 1562 5893 ‘2.

1830 5769 1872 5800 "
1897 5770 2017 5824 lsai.
2066 5787 2118 5832 ν,
2160 5772 2210 5828 l.

1647 5841 1685 5870 ¹⁹
1728 5839 1900 5894 Levii.
1945 5856 2035 5909 xx,
2065 5843 2156 5897 ‘26.

2144 3274 2398 3344 quoniam
2431 3281 2484 3328 et
2514 3287 2613 3343 ego
2635 3281 2855 3349 sanctus
2877 3285 3015 3325 sum.
3044 3289 3063 3322 ι
3095 3269 3200 3323 Sed
3230 3279 3712 3340 quantumcunque

2142 3367 2264 3437 quis
2310 3367 2364 3421 iit
2398 3367 2687 3421 sanctitate
2720 3364 2990 3434 proﬁciat,
3020 3362 3436 3434 quantumlibet
3480 3364 3713 3431 puritatis

2142 3469 2196 3514 et
2222 3458 2553 3513 sinceritatis
2581 3455 2846 3525 acquirat,
2885 3454 2955 3508 ita
2987 3468 3108 3508 esse
3141 3465 3371 3509 sanctus
3424 3454 3589 3507 homo
3617 3468 3706 3504 aea

2141 3559 2318 3621 potest
2351 3549 2490 3604 sicut
2522 3548 2808 3614 Dominus;
2844 3549 2969 3617 quia
3005 3546 3092 3600 ille
3127 3545 3359 3614 largitor
3411 3545 3708 3601 sanctitatis

2142 3651 2247 3708 est,
2275 3641 2374 3696 iste
2405 3648 2719 3709 susceptor;
2756 3641 2845 3694 ille
2867 3640 3178 3695 sanctitatis
3203 3637 3328 3691 t‘nns
3364 3648 3483 3702 est,
3516 3637 3602 3690 hic
3624 3652 3707 3687 aa-

2145 3746 2251 3791 tcm
2299 3735 2474 3790 sancti
2513 3733 2678 3788 fontis
2720 3742 2965 3802 potator;
3015 3732 3104 3786 ille
3141 3731 3459 3786 sanctitatis
3501 3730 3589 3782 lux
3618 3740 3706 3791 est,

2143 3827 2230 3880 hic
2261 3835 2463 3880 sanctae
2492 3824 2626 3878 lucis
2656 3825 2961 3892 inspector;
2989 3833 3039 3875 et
3064 3823 3181 3875 ideo
3211 3839 3232 3873 ι
3256 3835 3364 3874 non
3398 3829 3485 3873 est
3507 3827 3708 3873 sanctas

2141 3919 2278 3971 sicut
2301 3916 2582 3980 Dominus,
2603 3926 2656 3970 et
2684 3931 2787 3968 non
2819 3923 2904 3968 est
2935 3923 3131 3983 prater
3157 3921 3227 3966 te.
3252 3931 3272 3963 ι
3299 3912 3444 3978 Quid
3476 3922 3558 3964 est
3579 3910 3706 3979 quod

2141 4007 2290 4068 dicit,
2334 4020 2479 4060 «non
2530 4015 2614 4060 est
2659 4015 2852 4074 praeter
2905 4013 3017 4068 te,»
3075 4018 3182 4057 non
3227 4005 3394 4072 plane
3439 4003 3612 4071 capio.
3655 3999 3706 4053 Si

2139 4097 2386 4163 dixisset,
2416 4113 2521 4150 non
2547 4107 2631 4152 est
2663 4097 2807 4152 Deus
2838 4108 3030 4167 printer
3067 4110 3138 4162 te,
3169 4095 3254 4151 vel
3289 4111 3401 4149 non
3448 4105 3535 4149 est
3569 4108 3707 4148 erea-

2143 4199 2226 4244 tor
2250 4200 2445 4258 prteter
2475 4199 2548 4253 te,
2577 4197 2668 4242 aut
2709 4187 2812 4243 tale
2858 4187 3062 4258 aliquid
3091 4187 3416 4248 addidisset,
3467 4187 3594 4239 nihil
3628 4201 3704 4240 re-

2141 4283 2462 4352 quirendum
2494 4281 2799 4344 videbatur,
2831 4296 2973 4336 nunc
3015 4290 3194 4334 autem
3224 4280 3351 4347 quia
3382 4279 3536 4341 dicit,
3572 4297 3588 4328 ι
3609 4291 3704 4329 non

2139 4384 2220 4429 est
2249 4384 2444 4443 prater
2472 4381 2542 4439 te,
2567 4392 2586 4425 ι
2631 4374 2763 4428 mibi
2797 4375 2899 4428 ltoc
2925 4372 3139 4427 videtur
3169 4371 3222 4425 in
3260 4370 3383 4425 loco
3423 4369 3706 4439 designari,

2141 4465 2273 4519 nihil
2305 4479 2491 4520 eorum
2524 4481 2646 4534 quae
2677 4474 2823 4531 sunt,
2877 4467 2979 4520 hoc
3011 4464 3187 4534 ipsum
3221 4463 3369 4533 quod
3406 4475 3535 4518 sunt
3564 4472 3703 4514 natu-

2141 4556 2328 4610 raliter
2357 4557 2578 4612 habere.
2622 4557 2701 4611 Tu
2748 4557 2895 4612 solus
2943 4570 3024 4624 es,
3067 4557 3150 4611 cui
3192 4556 3343 4625 quod
3385 4572 3472 4620 es,
3518 4570 3547 4609 a
3574 4554 3703 4608 nullo

2142 4649 2323 4702 datum
2359 4658 2464 4704 est.
2502 4648 2608 4704 Nos
2648 4649 2792 4702 enim
2820 4663 3030 4716 omnes,
3075 4648 3128 4701 id
3163 4657 3249 4702 est
3278 4649 3535 4702 universa
3567 4659 3704 4700 crea-

2140 4747 2281 4804 tura,
2309 4752 2413 4792 non
2440 4751 2662 4792 eramus
2680 4746 2969 4805 antequam
2995 4750 3332 4798 crearemur.
3358 4748 3417 4790 et
3441 4737 3557 4791 ideo
3571 4732 3700 4804 quod

2138 4844 2348 4894 sumus,
2371 4828 2620 4884 voluntas
2641 4839 2723 4884 est
2743 4828 3034 4884 Creatoris.
3065 4828 3125 4882 Et
3144 4828 3275 4897 quia
3295 4829 3587 4898 aliquando
3605 4840 3699 4878 non

2140 4921 2362 4990 fuimus,
2391 4925 2494 4977 n'on
2545 4930 2628 4978 est
2660 4923 2928 4993 integrum
2957 4922 3002 4976 si
3045 4921 3265 4976 dicatur
3307 4926 3375 4975 de
3408 4920 3560 4973 nobis
3584 4921 3696 4986 quia

2142 5029 2350 5078 sumus,
2377 5022 2634 5082 quantum
2658 5014 2725 5067 ad
2757 5013 2883 5068 illud
2909 5021 3121 5082 spectat
3153 5027 3280 5066 cum
3313 5027 3422 5066 non
3453 5026 3698 5066 essemu-.

2142 5103 2252 5158 Sed
2287 5102 2433 5157 solus
2462 5113 2546 5159 est
2574 5102 2740 5169 Deus,
2771 5103 2863 5174 qui
2892 5104 3034 5173 quod
3066 5114 3150 5158 est
3181 5118 3402 5171 semper
3425 5102 3625 5162 habuit,
3649 5108 3698 5152 ει

2141 5210 2250 5250 non
2281 5195 2494 5266 accepit
2526 5204 2586 5250 ut
2616 5205 2761 5251 esset
2800 5196 3033 5251 initium.
3079 5194 3324 5262 Denique
3355 5193 3562 5264 Moyses
3582 5205 3693 5244 cui:

2140 5288 2349 5342 discere
2385 5287 2543 5342 vellet
2588 5302 2617 5339 a
2660 5287 2768 5342 Deo
2793 5287 2937 5356 quod
2979 5287 3027 5340 ei
3073 5301 3272 5340 nomen
3321 5295 3486 5348 esset,
3514 5283 3691 5337 docetis

2136 5395 2258 5434 eum
2289 5381 2428 5434 Deus
2455 5379 2656 5433 dixit“
2689 5392 2703 5432 :
2731 5396 2748 5430 ι
2770 5378 2880 5447 Ego
2923 5392 3041 5432 sum
3070 5375 3162 5445 qui
3199 5391 3347 5440 sum,
3370 5374 3546 5428 ethoc
3570 5369 3692 5424 mihi

2140 5487 2332 5527 nomen
2363 5480 2470 5525 est.
2510 5488 2530 5522 ι
2567 5469 2622 5525 Si
2651 5484 2780 5539 ergo
2818 5468 2966 5524 aliud
2989 5467 3191 5538 aliquid
3233 5468 3288 5522 in
3316 5467 3571 5522 creaturis
3596 5461 3692 5515 bne

2137 5566 2355 5621 nomine
2389 5565 2475 5618 vel
2518 5564 2621 5618 hac
2649 5562 3018 5633 signiﬁcantia
3049 5560 3312 5632 appellari
3344 5569 3536 5630 posset,
3561 5571 3688 5608 nun-

2291 5771 2331 5801 ”
2373 5769 2554 5839 lReg.
2594 5785 2654 5830 tt,
2684 5769 2735 5822 l.
2815 5766 3030 5839 ‘f‘Psal.
3066 5781 3222 5839 xvnt,
3264 5765 3351 5822 l0.
3429 5761 3528 5818 "ll
3563 5759 3682 5815 ουτ.

2236 5840 2330 5893 ποι
2370 5836 2597 5908 ltegftt,
2638 5839 2692 5893 2.
2767 5839 2810 5870 ¹¹
2841 5836 3011 5894 Exod.
3043 5852 3124 5903 ιιι,
3166 5837 3252 5894 14.
