3870 6516
166 335 285 396 1009

1250 346 1319 402 ΙΝ
1356 347 1611 404 LIBRUM
1648 344 1886 403 REGUM
1924 339 2210 399 HOMILIA
2248 339 2289 393 Ι.

3266 347 3413 401 1⁸01οξ

161 469 307 526 quam
333 453 542 510 diceret
566 456 828 512 Dominus
862 458 962 513 hoc
988 457 1090 513 sibi
1116 472 1236 513 esse
1263 474 1479 513 nomen.
1506 460 1719 513 Sciebat
1750 463 1793 519 Α
1829 459 2012 523 homo,
2046 460 2169 529 quis
2193 473 2278 511 me
2306 456 2562 513 liberabit
2597 457 2662 511 «le
2688 472 2921 528 corpore
2947 460 3139 515 mortis
3168 461 3324 533 lmjus
3342 466 3391 517 ἲ»

159 547 288 604 enim
320 562 377 602 se
409 548 582 602 solum
627 567 767 615 esse,
801 564 1083 608 creaturas
1125 569 1256 608 vero
1297 569 1324 606 a
1353 569 1411 607 se
1445 554 1721 622 accepisse

148 649 209 693 ut
230 648 422 693 essent.
442 639 576 693 Nam
596 652 647 695 et
675 643 863 697 umbra
890 644 955 697 ad
988 644 1448 714 comparationem
1473 645 1721 714 corporis

159 753 251 791 non
282 741 385 799 est,
422 744 477 787 et
509 734 689 788 fumus
722 736 787 789 ad
818 737 1275 805 comparationem
1304 735 1441 805 ignis
1481 752 1584 791 non
1613 747 1714 793 est.

158 832 239 886 Sic
268 841 395 896 ergo
432 834 487 881 et
515 842 634 895 qua:
666 828 719 880 in
751 828 905 882 cadis
943 839 1070 883 sunt
1105 838 1158 881 et
1185 845 1307 898 qua:
1343 829 1395 884 in
1442 839 1608 894 terra,
1639 832 1721 885 vi-

154 920 316 979 sibilia
357 928 411 974 et
447 918 766 987 invisibilia,
800 932 1064 990 quantum
1094 923 1159 975 ad
1191 931 1441 976 naturam
1474 924 1563 978 Dei
1593 940 1720 995 per-

153 1012 295 1076 tinet,
320 1025 425 1064 non
465 1019 611 1075 sunt,
665 1022 923 1080 quantum
955 1013 1020 1066 ad
1053 1013 1383 1070 voluntatem
1412 1014 1711 1079 Creatovis,

151 1112 263 1163 sunt
308 1103 412 1158 hoc
447 1103 591 1172 quod
644 1118 705 1157 ea
745 1118 868 1157 esse
920 1104 1085 1159 voluit
1120 1104 1208 1159 ille
1257 1107 1347 1175 qui
1396 1106 1539 1161 fecit.
1589 1108 1714 1161 Ideo

150 1212 268 1267 ergo
302 1196 520 1261 dicitur,
556 1196 685 1266 quia
718 1216 735 1248 «
763 1208 959 1266 praeter
995 1209 1065 1261 te,
1100 1213 1202 1251 non
1234 1209 1335 1253 est.
1371 1219 1389 1251 ι

216 1291 295 1345 12.
338 1310 358 1342 «
386 1290 500 1345 Non
522 1300 604 1346 cst
631 1303 820 1361 potens
853 1292 994 1346 sicut
1036 1293 1195 1357 Deus,
1219 1293 1356 1348 Deus
1390 1304 1575 1349 noster
1597 1298 1659 1349 ²².
1690 1315 1706 1346 ι

148 1382 324 1438 Simile
352 1383 564 1437 esthoc
608 1384 680 1437 illi
728 1384 869 1453 quod
906 1386 1158 1453 superius
1206 1386 1407 1441 dictum
1443 1396 1548 1449 est,
1585 1389 1709 1455 quia

145 1493 241 1532 non
279 1485 359 1529 est
392 1486 613 1532 sanctus
648 1480 789 1532 sicut
817 1477 1102 1534 Dominus.
1143 1480 1296 1535 Sicut
1325 1481 1466 1534 enim
1499 1480 1568 1535 ibi
1604 1499 1708 1535 non

145 1568 292 1633 dixit,
320 1569 446 1633 quia
478 1584 583 1621 non
620 1579 702 1624 est
738 1580 957 1625 sanctus
986 1572 1298 1642 quisquam,
1345 1575 1438 1629 sed
1489 1590 1593 1629 non
1630 1584 1711 1631 est

141 1670 349 1713 sanctus
376 1660 515 1714 sicut
546 1660 819 1724 Dominus,
860 1670 918 1715 ut
944 1666 1263 1740 ostenderet
1290 1666 1413 1735 quia
1443 1665 1546 1719 etsi
1580 1675 1709 1720 sunt

142 1751 325 1812 sancti.
358 1760 538 1806 tamen
569 1770 727 1809 nemo
760 1756 835 1810 ita
864 1767 948 1811 est
972 1769 1198 1812 sanctus
1224 1767 1281 1813 ut
1305 1767 1386 1813 est
1414 1759 1703 1813 Dominus:

143 1843 209 1896 ita
244 1853 294 1898 et
327 1843 381 1897 in
421 1845 524 1899 hoc
560 1846 676 1902 loco
710 1850 814 1903 etsi
861 1849 933 1904 sit
962 1850 1157 1920 aliquis
1191 1862 1402 1920 potens,
1430 1870 1447 1901 «
1470 1867 1573 1907 non
1601 1863 1705 1920 est,

140 1934 327 2003 inquit.
362 1946 553 2005 potens
587 1940 732 1996 sicut
768 1941 908 1996 Deus
945 1953 1147 1998 noster.
1178 1963 1196 1996 ι

205 2024 285 2079 15.
331 2027 555 2082 «Nolite
594 2030 961 2102 multiplicare
1011 2034 1153 2103 loqui
1208 2035 1505 2090 excelsa."
1533 2062 1550 2088 ο
1600 2036 1708 2093 Cur

140 2132 235 2171 non
271 2118 451 2173 dixit:
489 2120 665 2177 Nolite
706 2123 853 2194 loqui
910 2126 1165 2181 excelsa?
1214 2127 1353 2198 Ergo
1402 2130 1529 2184 licet
1575 2131 1704 2185 mibi

135 2210 304 2279 aliqua
341 2211 489 2281 loqui
530 2215 767 2281 excelsa,
801 2218 1166 2288 multiplicare
1200 2230 1379 2276 autem
1414 2223 1623 2278 excelsa
1653 2234 1706 2277 et

136 2301 288 2353 ardua
335 2316 445 2356 non
478 2304 607 2357 mihi
646 2304 793 2373 licet,
834 2307 935 2362 hoc
977 2309 1121 2362 enim
1179 2309 1392 2364 videtur
1430 2312 1703 2383 designari

134 2408 224 2462 per
253 2393 302 2446 id
342 2395 487 2463 quod
519 2398 718 2452 dictum
755 2407 835 2453 est
863 2418 877 2454 :
914 2418 932 2451 «
954 2400 1134 2456 Nolite
1164 2400 1525 2473 multiplicare
1559 2405 1703 2476 loqui

134 2483 365 2539 excelsa.
394 2505 411 2535 ο
448 2486 584 2551 Quid
620 2503 749 2556 ergo
784 2506 878 2559 per
910 2490 1012 2545 hoc
1062 2493 1352 2559 indicetur,
1393 2497 1703 2554 considere-

134 2590 261 2630 mus.
282 2575 400 2630 Non
432 2581 766 2647 permittitur
789 2582 1040 2639 humanae
1070 2600 1277 2641 natura:
1301 2590 1465 2643 multa
1489 2595 1700 2648 excelsa

131 2664 287 2736 loqui,
323 2684 505 2739 neque
536 2672 698 2727 multa
734 2675 951 2731 excelsa
992 2677 1315 2749 intelligere.
1351 2680 1485 2735 Nam
1519 2694 1570 2739 et
1601 2684 1702 2739 Sa-

130 2758 296 2815 lomon
329 2761 523 2816 dicit“
554 2788 565 2819 :
593 2784 611 2815 «
633 2765 838 2821 Altiora
872 2777 922 2822 te
952 2785 1017 2824 ne
1045 2771 1347 2839 quaesieris,
1381 2784 1436 2828 et
1472 2775 1697 2829 fortiora

125 2858 176 2906 te
200 2866 263 2905 ne
296 2864 571 2921 scrutere,
615 2858 713 2912 sed
758 2859 823 2912 de
867 2861 1063 2929 quibus
1097 2862 1190 2917 tibi
1226 2875 1558 2933 prmceptum
1592 2877 1695 2933 est,

128 2944 229 2998 bzec
254 2944 522 3014 intellige.
556 2969 573 3001 ι
613 2949 756 3022 Ergo
786 2963 840 3007 et
876 2953 929 3007 in
960 2954 1062 3008 hoc
1088 2955 1207 3009 loco
1239 2957 1441 3012 dicitur
1476 2978 1495 3010 «
1516 2960 1701 3014 excel-

122 3055 223 3106 sa,»
255 3057 357 3096 non
398 3053 454 3097 ut
481 3047 703 3101 omnino
729 3062 833 3103 non
864 3064 1098 3119 quazras,
1127 3053 1219 3107 sed
1252 3069 1318 3109 ne
1346 3054 1521 3109 dehis
1550 3060 1696 3110 mulo

1823 550 2085 604 Convenit
2113 552 2215 605 hoc
2242 552 2347 605 dici
2379 553 2445 606 de
2472 551 2618 605 omni
2657 552 2895 606 homine.
2946 552 3200 608 Miserum
3244 572 3397 609 nam-

1821 660 1927 715 que
1954 654 2039 699 est
2085 646 2393 700 mortalium
2433 660 2643 715 genus:
2675 646 2939 716 siquidem
2975 662 3079 703 non
3123 648 3297 704 solum
3339 649 3392 703 in

1820 738 2000 803 malis,
2026 739 2118 793 sed
2164 746 2216 792 et
2268 738 2320 791 in
2354 738 2512 793 bonis
2560 738 2959 806 periclitamur.
2991 739 3154 795 Verbi
3190 741 3389 809 gratia,

1820 832 2056 885 visiones
2093 831 2355 901 quasdam
2391 830 2499 885 vidi
2532 829 2722 893 bonas,
2770 828 2929 885 facta:
2956 842 3082 885 sunt
3115 832 3243 887 mihi
3278 833 3392 888 ela-

1821 923 1973 979 tioni.
1999 923 2164 994 Signa
2193 932 2247 976 et
2268 922 2509 992 prodigia
2542 938 2639 992 per
2667 938 2751 977 me
2784 922 3005 995 impleta
3029 935 3174 988 sunt,
3204 940 3392 993 super-

1818 1016 1917 1071 lms
1945 1015 2171 1070 ell'ectus
2199 1030 2314 1069 smn
2359 1014 2409 1067 in
2448 1013 2624 1069 bonis.
2659 1013 2886 1069 Servavi
2931 1014 3217 1086 justitiam,
3254 1032 3397 1072 con-

1819 1105 2123 1167 tiuentiam,
2161 1106 2438 1168 virtutem,
2487 1106 2583 1159 sed
2620 1105 2671 1157 in
2710 1105 2794 1159 bis
2830 1105 3131 1174 periclitor.
3165 1107 3391 1174 Quando

1814 1199 1960 1253 enim
1998 1198 2128 1252 nihil
2164 1184 2317 1251 aliud
2371 1196 2561 1251 fecerit
2609 1185 2863 1262 zabulus,
2901 1213 2998 1267 pro
3030 1198 3111 1252 his
3137 1199 3393 1255 omnibus

1817 1291 2043 1344 suscitat
2077 1290 2206 1343 mihi
2248 1289 2587 1359 superbiam,
2613 1289 2682 1342 ita
2716 1298 2771 1344 ut
2806 1298 2990 1359 postea
3021 1289 3249 1345 habeam
3286 1306 3389 1347 an-

1815 1382 1990 1450 gelum
2030 1382 2245 1436 Sa‘tanm
2275 1384 2365 1452 qui
2403 1397 2487 1437 me
2517 1381 2844 1450 colaphizet,
2881 1382 2954 1434 uti
2989 1397 3053 1436 ne
3077 1384 3310 1438 extollar
3332 1394 3389 1440 et

1814 1483 1973 1527 exeat
2004 1474 2421 1543 magniloquium
2451 1474 2516 1527 de
2541 1489 2636 1528 ore
2664 1489 2784 1528 meo
2798 1474 2865 1539 '7,
2895 1474 2947 1528 id
2972 1485 3073 1538 est,
3104 1491 3169 1531 ne
3194 1492 3384 1546 magna

1814 1564 1880 1620 de
1942 1567 2147 1634 meipso
2203 1565 2412 1634 loquar,
2471 1564 2723 1634 quoniam
2778 1565 2994 1635 quidem
3056 1568 3387 1619 exterminat

1816 1656 2075 1711 Dominus
2124 1657 2266 1711 labia
2321 1657 2528 1721 dolosa,
2572 1667 2626 1711 et
2684 1657 2920 1726 linguam
2975 1657 3382 1727 magniloquatn

1813 1763 1998 1802 eorum
2039 1750 2129 1818 qui
2167 1749 2477 1804 dixerunt"
2507 1769 2519 1802 :
2550 1768 2566 1800 «
2592 1749 2857 1819 Linguam
2890 1759 3130 1804 nostram
3171 1751 3387 1819 magni—

1816 1841 2118 1897 licavimus.
2187 1840 2300 1895 Non
2351 1856 2479 1911 ergo
2519 1852 2675 1896 exeat
2722 1842 3147 1909 magniloquluzn
3192 1843 3257 1895 de
3291 1855 3385 1895 ore

1810 1945 2011 1994 vestro.
2046 1933 2170 2001 quia
2214 1933 2367 1987 fortis
2398 1934 2746 1987 scientiarum
2774 1932 3057 1988 Dominus.
3083 1952 3099 1984 ι

1881 2022 1968 2076 15.
2007 2040 2024 2073 «
2059 2022 2122 2075 Et
2175 2038 2278 2075 non
2324 2026 2752 2076 emen'daverunt
2798 2032 3154 2087 excusantes;
3191 2043 3209 2075 ι
3248 2025 3387 2077 sicut

1808 2125 1863 2171 et
1914 2114 1985 2169 ibi
2037 2114 2238 2170 dictum
2281 2116 2418 2170 est’9
2452 2134 2466 2168 :
2497 2113 2649 2169 «Non
2703 2114 2937 2171 declinet
2976 2132 3070 2171 cor
3121 2128 3267 2170 tuum
3326 2118 3378 2170 in

1807 2209 1971 2263 verba
2012 2208 2154 2264 mala
2205 2207 2268 2261 ad
2320 2207 2655 2263 excusandas
2706 2209 3091 2264 excusationes
3147 2211 3198 2264 in
3251 2226 3379 2278 pce-

1809 2300 1945 2355 catis
1997 2315 2117 2354 cum
2185 2300 2499 2355 hominibus
2555 2299 2907 2369 operantibus
2964 2300 3379 2371 iniquitateth

1808 2392 1874 2446 Et
1903 2391 1954 2446 in
1991 2389 2287 2445 Proverbiis
2319 2390 2581 2446 dicitur”
2607 2408 2619 2445 :
2649 2408 2668 2443 «
2707 2392 3034 2448 Occasiones
3065 2394 3268 2463 accipit
3294 2396 3377 2463 pi-

1806 2499 1898 2553 ger
1944 2492 2001 2537 et
2045 2483 2172 2537 dicit
2213 2501 2226 2536 :
2264 2480 2375 2538 Leo
2424 2490 2505 2538 est
2558 2482 2612 2537 iu
2670 2484 2755 2537 via
2785 2524 2798 2548 ,
2857 2484 2910 2538 in
2967 2484 3156 2553 plateis
3199 2496 3373 2538 autem

1806 2574 2109 2628 honzicidm.
2146 2593 2164 2625 ι
2206 2574 2512 2629 Invenimus
2554 2589 2685 2646 ergo
2719 2574 2854 2629 tales
2885 2588 3005 2629 esse
3042 2585 3375 2643 peceatores,

1801 2665 1969 2737 489
1999 2675 2317 2721 accusantes
2341 2667 2521 2720 omnia
2564 2667 2733 2736 magis
2760 2681 2921 2735 quam
2953 2667 3291 2735 semetipsos,
3324 2674 3378 2721 et

1802 2760 2118 2813 occasiones
2168 2759 2388 2813 sibimet
2437 2759 2844 2814 excusationum
2906 2757 3191 2829 tingentes,
3248 2772 3371 2812 eum

1803 2851 2031 2906 dicunt:
2064 2850 2299 2906 Zabulns
2339 2865 2425 2906 me
2472 2850 2856 2921 supplantavit,
2905 2851 3098 2905 mulier
3154 2864 3237 2904 me
3287 2864 3378 2904 se-

1801 2942 1975 3007 duxit,
2013 2942 2103 2997 ille
2132 2943 2259 2997 mihi
2302 2945 2643 2998 occasionem
2682 2943 2929 3013 pracsxitit
2966 2955 3023 2998 ut
3051 2959 3374 3014 peccarem,

1802 3050 1925 3091 cum
1959 3036 2149 3104 utique
2192 3046 2471 3107 oporteret
2524 3038 2836 3092 meminisse
2886 3038 3135 3106 praecepti
3187 3038 3374 3092 dicen-

123 3131 320 3198 tiplices
343 3136 700 3202 quaastiones,
732 3139 1065 3207 Respicienli
1099 3144 1299 3213 quippe
1346 3146 1410 3198 ad
1450 3146 1693 3202 ίιιιδορη,
1723 3155 1764 3211 C
1802 3128 1956 3184 tis".
1978 3145 1996 3179 «
2028 3129 2119 3183 Dic
2145 3140 2198 3183 tu
2226 3141 2443 3197 peccata
2474 3140 2563 3185 tua
2581 3133 2728 3193 prior
2756 3130 3183 3198 utjuStiliceris:
3218 3152 3236 3184 ι
3268 3148 3385 3186 non

119 3221 312 3279 litatem
368 3228 702 3285 conditionis
745 3231 1031 3300 humanae,
1082 3235 1312 3292 sufliciat
1362 3239 1455 3293 tibi
1506 3255 1568 3296 ea
1628 3244 1696 3297 de

121 3317 335 3371 excelsis
375 3328 432 3373 et
471 3321 654 3376 arduis
690 3323 771 3376 vel
806 3324 1101 3393 inquisisse
1138 3328 1221 3382 vel
1256 3332 1530 3400 proloqui,
1574 3350 1695 3402 quae

121 3403 277 3458 vitam
332 3406 416 3461 vel
469 3408 877 3478 inquirentibus
918 3417 1003 3471 vel
1042 3415 1390 3487 loquentibus
1429 3422 1691 3482 tribuant.

123 3492 243 3559 Quae
270 3507 453 3553 autem
480 3510 605 3554 sunt
633 3502 684 3557 in
715 3505 911 3573 quibus
941 3509 1154 3563 excelsa
1185 3525 1270 3564 me
1302 3511 1445 3583 loqui
1474 3530 1695 3574 necesse

121 3585 231 3638 est?
261 3585 495 3653 Quando
529 3592 593 3646 de
625 3595 1017 3665 omnipotentia
1069 3598 1161 3654 Dei
1199 3600 1411 3669 loquor,
1446 3604 1512 3658 de
1557 3606 1695 3661 invl-

121 3675 371 3733 sibilitate
422 3691 481 3734 et
518 3684 954 3753 sempiternitate
1004 3689 1144 3758 ejus,
1204 3694 1420 3748 excelsa
1476 3696 1688 3766 loquor.

120 3765 340 3859 Quando
370 3771 440 3824 de
473 3770 749 3844 Unigeniti
800 3778 916 3846 ejus
954 3783 1329 3839 cozeternitate
1368 3765 1691 3859 caeterisque

118 3855 227 3923 eius
275 3864 558 3930 mysteriis
604 3871 917 3934 pronuntio.
963 3873 1177 3928 excelsa
1215 3873 1427 3944 loquor.
1462 3855 1689 3945 Quando

117 3947 180 4003 de
220 3955 394 4008 sancti
456 3954 693 4026 Spiritus
740 3961 1145 4032 magnificentia
1187 3968 1416 4036 dissero,
1473 3975 1686 4030 excelsa

116 4041 318 4111 loquor.
358 4046 416 4100 In
454 4047 538 4102 his
571 4059 777 4105 tantum
837 4055 993 4110 nobis
1041 4062 1361 4116 conceditur
1401 4063 1545 4135 loqui
1593 4082 1690 4121 ex-

115 4135 270 4191 celsa.
312 4137 453 4195 Post
484 4141 600 4195 haec
635 4143 735 4196 tria
780 4143 892 4214 jam
930 4148 1061 4201 nihil
1109 4150 1354 4220 loquaris
1381 4157 1685 4214 excelsum.

113 4228 294 4284 Omnia
330 4235 483 4287 enim
531 4236 753 4291 humilia
794 4250 919 4294 sunt
953 4252 1006 4296 et
1038 4244 1266 4312 dejecta,
1312 4261 1575 4317 quantum
1620 4254 1686 4308 ad

112 4320 394 4380 Trinitatis
433 4325 599 4395 hujus
627 4328 1004 4388 celsitudinem
1051 4347 1283 4404 spectat.
1333 4339 1510 4397 Nolite
1552 4359 1685 4415 ergo

112 4415 480 4485 multiplicare
510 4418 655 4489 loqui
683 4423 924 4492 excelsa,
959 4426 1058 4482 uisi
1087 4429 1154 4485 de
1182 4429 1347 4487 Patre
1377 4442 1432 4488 et
1459 4434 1601 4491 Filio
1632 4447 1688 4493 et

1804 3221 1946 3275 enim
1996 3222 2290 3276 emendant
2321 3225 2723 3287 excusationes,
2762 3239 2936 3292 neque
2983 3225 3090 3289 hic,
3123 3240 3294 3294 neque
3323 3226 3374 3280 in

1805 3312 2012 3379 futuro,
2046 3315 2090 3369 si
2134 3314 2273 3369 male
2305 3315 2619 3372 fecerimus.
2657 3315 2761 3370 Sed
2810 3325 2863 3369 et
2895 3316 3023 3370 illud
3057 3318 3108 3371 in
3142 3333 3374 3372 excursu

1804 3406 2117 3478 contingere
2135 3409 2503 3464 necessarium
2540 3408 2771 3463 videtur.
2798 3408 2991 3463 Mirum
3025 3413 3221 3480 quippe
3246 3426 3376 3465 con-

1805 3500 1937 3563 tinet
1960 3517 2200 3568 sensum,
2238 3505 2362 3573 quia
2391 3505 2653 3575 scriptum
2685 3515 2767 3560 est
2790 3506 2832 3537 ³¹
2862 3522 2875 3559 :
2909 3505 3133 3562 «Justus
3155 3512 3266 3578 ipse
3290 3510 3378 3565 sui

1802 3601 2089 3646 accusator
2120 3593 2179 3647 fit
2212 3594 2262 3646 in
2292 3594 2559 3663 principio
2583 3595 2851 3651 sermonis
2877 3598 3015 3659 sui,i
3043 3613 3162 3652 cum
3192 3608 3383 3653 tamen

1801 3681 2032 3752 injustus
2067 3699 2171 3739 non
2204 3685 2275 3740 sit
2305 3687 2385 3739 sui
2416 3696 2705 3741 aecus-ator
2734 3726 2750 3753 ,
2794 3688 2887 3743 sed
2918 3689 3163 3744 aliorum.
3218 3690 3374 3744 Sicut

1800 3782 1853 3828 et
1891 3773 2124 3831 Zubulus
2154 3787 2439 3833 accusator
2473 3779 2688 3848 quidem
2718 3787 2824 3846 est,
2870 3789 3155 3835 accusator
3188 3791 3369 3836 autem

1800 3880 1905 3921 non
1952 3866 2057 3932 sui,
2106 3868 2200 3922 sed
2256 3868 2505 3925 fratrum.
2536 3870 2755 3926 Interim
2787 3886 2976 3927 omnes
3024 3886 3244 3927 necesse
3288 3886 3383 3928 θεις
3467 3909 3473 3917 ι

1799 3959 2041 4013 accusari
2074 3974 2090 4013 :
2121 3960 2217 4015 sed
2246 3961 2291 4016 si
2317 3962 2533 4032 quidem
2563 3963 2745 4033 justus
2782 3964 2953 4030 fuero,
2987 3979 3090 4017 non
3114 3976 3371 4032 exspecto

1799 4060 1856 4105 ut
1883 4052 2022 4107 alius
2052 4065 2136 4106 me
2153 4062 2401 4118 accuset,
2435 4055 2528 4108 sed
2563 4054 2676 4123 ipse
2702 4056 2803 4109 mei
2835 4063 3120 4110 accusator
3140 4056 3366 4111 exsisto.

1800 4144 2019 4200 Plenius
2060 4154 2238 4200 tamen
2277 4145 2438 4200 velim
2497 4147 2800 4210 discutere,
2858 4147 3130 4216 quomodo
3193 4157 3373 4217 potest

1792 4235 1974 4305 justus
2027 4236 2110 4289 sui
2161 4247 2446 4291 accusator
2481 4252 2629 4292 esse.
2682 4237 2900 4292 Certum
2932 4246 3013 4292 est
3044 4236 3170 4306 quia
3199 4237 3370 4291 donec

1797 4326 1922 4395 quis
1960 4336 2151 4396 peccat
2183 4336 2237 4381 et
2269 4339 2549 4396 permanet
2583 4330 2634 4382 in
2689 4328 2923 4394 delictis,
2967 4340 3144 4398 neque
3188 4328 3373 4397 jusms

1795 4428 1901 4485 est,
1954 4435 2133 4489 neque
2162 4429 2448 4474 accusator
2482 4428 2564 4475 est
2616 4422 2721 4477 sui.
2777 4419 2895 4475 Non
2950 4421 3094 4473 enim
3149 4426 3369 4473 accusat

111 4502 306 4576 Spiritu
342 4520 565 4566 sancto.
600 4512 667 4567 Et
697 4524 753 4568 ut
790 4516 1003 4585 plenius
1036 4522 1383 4581 manifestum
1416 4528 1507 4582 ﬁat
1539 4532 1687 4600 quod
1723 4514 1765 4568 D
1796 4513 1940 4583 quod
1970 4515 2101 4584 agit.
2133 4512 2267 4567 Cum
2320 4526 2451 4567 vero
2508 4512 2823 4580 pmuituerit
2868 4526 2897 4562 a
2959 4508 3191 4574 delictis,
3241 4517 3368 4562 tunc

108 4597 399 4667 loquimur,
462 4611 678 4657 utamur
739 4606 937 4673 adhuc,
987 4609 1031 4665 si
1086 4612 1324 4681 videtur,
1373 4597 1681 4690 exemplis:

108 4690 253 4743 verbi
286 4693 463 4761 gratia
502 4705 695 4764 gentes
739 4697 936 4755 multos
978 4701 1329 4760 introducunt
1379 4708 1528 4765 deos.
1565 4712 1685 4768 Istae

106 4780 478 4850 multiplicant
530 4787 675 4857 loqui
728 4792 961 4846 excelsa.
1001 4790 1389 4852 Haereticorum
1434 4802 1684 4872 quidam,

107 4870 546 4945 derclinquentes
596 4890 894 4937 creatorem
954 4886 1157 4952 mundi,
1205 4898 1259 4943 et
1300 4889 1496 4945 Filium
1539 4870 1679 4963 ejus,

105 4962 309 5034 ﬁngunt
335 4970 444 5024 sibi
482 4971 648 5026 alium
676 4976 865 5030 nescio
896 4992 1056 5046 quem
1093 4980 1451 5037 excelsiorem
1496 4982 1680 5051 deum,

107 5062 154 5106 et
178 5056 314 5113 alios
335 5060 593 5116 similiter
619 5065 990 5130 introducunt.
1011 5069 1124 5125 sive
1151 5086 1288 5140 quos
1312 5072 1535 5139 αἰῶνας,
1567 5075 1684 5131 sive

106 5161 238 5213 quos
284 5151 422 5206 deos
472 5153 767 5225 appellant.
797 5156 865 5211 Et
914 5158 1001 5214 isti
1041 5174 1171 5230 ergo
1207 5162 1566 5233 multiplicant
1596 5164 1680 5221 lo-

100 5242 187 5309 qui
216 5245 465 5301 excelsa.

168 5333 258 5389 14.
316 5353 336 5386 ‹
366 5334 488 5391 Νοη
518 5347 677 5393 exeat
701 5341 1124 5411 magniloquium
1151 5344 1216 5399 de
1248 5359 1344 5400 ore
1367 5354 1545 5402 vestro
1563 5348 1630 5399 ’°.
1656 5365 1676 5399 ι

100 5418 229 5477 Vide
268 5425 403 5494 quid
459 5427 660 5482 dictum
707 5438 793 5484 est
840 5432 905 5485 ab
952 5433 1270 5502 Apostolo"
1300 5453 1317 5489 :
1345 5435 1547 5490 «.‘lliscr
1580 5452 1679 5506 ego

165 5626 209 5701 ξ’
245 5625 425 5701 I_ch.
458 5628 606 5701 [1.2.
702 5632 747 5662 ’³
787 5632 914 5686 ibid.
959 5633 1010 5686 5.
1109 5634 1156 5665 “
1194 5632 1363 5689 Eccli.
1412 5650 1490 5701 ιιι,
1533 5634 1623 5692 2‘2.

100 5694 143 5725 ’θ
166 5696 308 5751 Psal.
340 5694 439 5757 xit.
467 5699 519 5759 5,
548 5701 593 5752 1.
674 5702 716 5732 ’9
743 5701 880 5754 Psal.
905 5718 1051 5766 cxu,
1162 5705 1216 5758 4.

102 5777 165 5831 ιι,
191 5768 244 5820 4.
320 5768 368 5800 ³⁵
398 5768 549 5824 l’sal.
573 5787 629 5834 tl,
660 5771 702 5826 9.
730 5783 783 5828 cl
817 5774 959 5828 l’sal.
993 5789 1097 5842 vu,
1126 5774 1215 5829 15.

702 5632 747 5662 ”
787 5632 914 5686 ibid.
959 5633 1010 5686 5.

1701 5639 1747 5667 “
1791 5634 1806 5688 Ι
1856 5634 1987 5705 Reg.
2031 5652 2090 5697 tl,
2130 5633 2185 5691 5.

1295 5706 1337 5738 ³⁰
1364 5705 1519 5761 Prov.
1559 5722 1711 5772 xxi-1.,
1739 5707 1826 5761 15.

1789 4605 1972 4673 justus
1995 4604 2257 4671 cllicitur,
2300 4612 2356 4658 et
2389 4618 2493 4657 non
2540 4601 2791 4667 alterius,
2837 4600 2932 4655 sed
2963 4601 3045 4655 sui
3081 4607 3367 4655 accusator

1791 4698 2022 4754 exsistit.

1863 4790 1953 4847 16.
1983 4809 2001 4841 «
2039 4789 2216 4844 Arcus
2251 4786 2552 4858 potentium
2586 4784 2893 4840 infirmatus
2926 4792 3009 4839 est
3036 4786 3101 4841 ³³.
3133 4808 3149 4839 ι
3175 4786 3365 4850 .Iacula

1792 4881 2012 4952 maligni
2034 4896 2154 4952 qua:
2192 4880 2449 4934 dicuntur
2487 4877 2676 4947 ignita,
2711 4894 2807 4945 per
2843 4894 3028 4935 arcum
3065 4881 3377 4949 potentium.

1793 4976 2137 5029 emittuntur.
2200 4972 2453 5027 Potentes
2482 4980 2661 5026 autem
2688 4971 2919 5027 virtutes
2974 4972 3227 5028 dicuntur
3270 4970 3366 5031 ad-

1792 5080 1988 5131 versae,
2014 5065 2084 5121 de
2122 5065 2318 5135 quibus
2348 5063 2545 5119 dicitur
2568 5063 2645 5130 ³⁵,
2682 5080 2701 5114 «
2746 5065 2872 5134 quia
2900 5078 3029 5120 ecce
3051 5073 3366 5134 peccatores

1791 5159 2141 5215 intenderunt
2168 5172 2379 5221 arcum,
2411 5168 2466 5211 et
2488 5157 2543 5210 in
2568 5158 2686 5227 ipso
2712 5167 3047 5230 paraverunt
3069 5170 3196 5211 vasa
3226 5170 3365 5208 mor-

1792 5251 1881 5307 tis.
1922 5270 1941 5303 ι
1977 5249 2043 5304 Et
2071 5250 2267 5305 iterum
2301 5265 2313 5302 :
2352 5267 2369 5299 «
2407 5248 2649 5317 Sagittas
2692 5265 2823 5306 suas
2866 5249 3183 5303 ardentibus
3228 5244 3360 5299 εσυ-

1790 5340 1885 5397 cit.
1922 5361 1941 5394 ›
1987 5339 2095 5395 Sed
2126 5352 2179 5397 et
2206 5356 2350 5397 nunc
2377 5342 2595 5405 dicitur,
2646 5343 2773 5410 quia
2807 5359 2824 5393 «
2862 5356 3022 5395 arcus
3062 5338 3361 5407 petentium

1786 5435 2096 5490 inﬁrmatus
2124 5444 2225 5490 est.
2265 5455 2287 5487 ›
2322 5435 2381 5489 Si
2407 5435 2552 5490 enim
2586 5434 2807 5488 indutus
2842 5435 2918 5487 sis
2954 5431 3122 5485 armis
3155 5428 3271 5489 Dei.
3313 5428 3363 5481 si

2883 5631 2923 5660 ³⁷
2957 5628 2995 5681 11
3022 5625 3146 5682 Cor.
3179 5643 3277 5688 xit.
3303 5626 3358 5680 7.

2282 5633 2326 5663 ’⁵
2362 5633 2516 5687 Rom.
2553 5646 2647 5696 vn,
2685 5631 2774 5684 24.
2883 5631 2923 5660 ³⁷
2957 5631 2995 5681 11
3022 5631 3146 5682 Cor.
3179 5643 3277 5688 xit.
3303 5631 3358 5680 7.

2282 5703 2398 5767 [26.
2479 5704 2523 5735 ³¹
2554 5702 2708 5757 ιἰ·ον.
2738 5714 2891 5765 xvnt,
2930 5701 3012 5755 l8.
3089 5696 3184 5750 ³³1
3225 5699 3359 5768 ιὶθε,

1903 5701 2096 5760 arlsai.
2130 5703 2398 5772 xuu,‘:16.
2479 5704 2523 5735 ³¹
2554 5702 2708 5757 1ἰ·ον.
2738 5714 2891 5765 xvnt,
2930 5701 3012 5755 l8.
