3870 6514
541 390 667 442 1οη

1995 381 2313 439 ORIGENIS
3587 390 3679 447 10ίέ

534 514 688 560 scuto
727 505 847 560 ﬁdei
883 506 962 560 sis
997 507 1232 562 munitus
1253 514 1304 562 et
1335 506 1487 578 galea
1523 505 1716 561 salutis
1748 504 2022 572 obtectus,
2051 513 2107 557 et
2135 521 2180 577 Α
2213 501 2336 557 ﬁliis
2379 499 2649 554 inﬁrmata
2677 507 2784 554 est.
2826 518 2843 550 ι
2879 498 3102 553 Patroni
3151 497 3347 554 littera:
3385 497 3528 558 Judzei
3569 514 3680 569 veli.

534 595 704 650 lorica
744 595 1052 658 charitatis.
1119 604 1173 650 et
1226 596 1400 666 gladio
1455 595 1678 665 spiritus
1738 594 2010 648 accinctus
2035 593 2100 657 ³⁵,

534 701 692 740 arcus
733 695 924 740 contra
969 695 1018 741 te
1068 688 1366 757 potentium
1399 704 1497 758 pro
1525 686 1875 742 munimentis
1911 685 2105 740 talibus

535 776 926 832 inﬁrmabitur.
974 779 1034 832 Si
1060 780 1202 832 enim
1228 779 1502 848 iaculatus
1534 779 1694 833 fuerit
1729 779 2015 832 adversum
2055 785 2105 830 te

535 885 703 924 unum
755 869 973 940 aliquod
1006 870 1245 938 jaculum
1287 873 1542 942 ignitum,
1581 872 1633 926 id
1668 880 1948 940 exceptum
1982 867 2102 922 ﬁdei

535 974 691 1016 scuto
718 963 981 1016 continuo
1013 963 1390 1033 restinguitur.
1423 963 1562 1017 Jccit
1593 973 1647 1016 et
1673 962 1814 1016 aliud
1842 960 2104 1029 jaculum,

534 1056 808 1124 repulsum
842 1057 891 1109 id
921 1070 1136 1126 quoque
1171 1072 1199 1109 a
1247 1057 1471 1110 thorace
1501 1054 1728 1123 justitire
1751 1061 1854 1107 est.
1883 1053 2018 1106 Jecit
2051 1060 2105 1106 et

537 1148 777 1213 tertium,
832 1158 886 1202 et
943 1149 992 1202 id
1053 1147 1234 1218 gladio
1291 1146 1516 1215 spiritus
1565 1146 1943 1200 detruncatum
1998 1149 2102 1196 est.

535 1238 695 1291 Mittit
723 1239 966 1294 fortassis
999 1248 1054 1292 et
1083 1249 1360 1308 quartum,
1396 1239 1539 1307 quod
1583 1235 1830 1291 similiter
1873 1248 1968 1302 per
2008 1249 2104 1302 ga-

535 1329 670 1382 leam
705 1330 895 1384 salutis
941 1329 1205 1398 abjectum
1235 1337 1335 1383 est.
1380 1329 1622 1398 Cumque
1652 1342 1744 1396 per
1773 1326 1885 1379 haec
1925 1322 2102 1376 omnia

536 1423 698 1474 homo
729 1419 818 1474 Dei
854 1419 1055 1490 petitus
1089 1417 1499 1472 invulnerabilis
1517 1414 1802 1477 manserit,
1825 1421 1949 1465 tunc
1975 1425 2104 1463 arcu

534 1514 834 1580 potentium
860 1525 1196 1580 nequaquam
1232 1518 1308 1563 tot
1338 1508 1559 1563 directis
1599 1503 1819 1575 spiculis
1859 1501 2102 1555 inﬁrma-

535 1603 700 1655 bitur.
1158 1620 1160 1622 ·

605 1693 692 1747 17.
726 1711 745 1745 t
779 1691 846 1746 Et
888 1693 1085 1747 inﬁrmi
1119 1691 1350 1748 accincti
1380 1700 1506 1746 sunt
1553 1690 1870 1744 fortitudine
1895 1687 2008 1741 ".1
2048 1685 2102 1742 Si

532 1786 810 1840 videamus
847 1787 1119 1853 quomodo
1149 1804 1167 1834 ι
1209 1799 1328 1854 qua:
1360 1783 1522 1838 stulta
1561 1790 1688 1837 sunt
1721 1781 1903 1835 mundi
1944 1780 2106 1849 elegit

534 1880 697 1944 Deus,
726 1887 784 1931 ut
807 1875 1112 1932 confundat
1132 1877 1505 1945 sapientes,et
1535 1891 1653 1945 qua:
1683 1875 1896 1928 inﬁrma
1920 1872 2101 1926 mundi
2135 1903 2176 1956 Β

500 1965 686 2034 ἐιιιιι,
736 1977 794 2023 ιιι
835 1969 1138 2023 confundat
1181 1966 1341 2022 fortia
1371 1967 1448 2031 ³⁷,
1482 1985 1500 2019 ι
1538 1967 1794 2034 intelligis
1836 1963 2102 2034 quomodo

533 2061 730 2114 inﬁrmi
760 2061 988 2114 accincti
1015 2071 1141 2114 sunt
1175 2059 1517 2113 fortitudine.
1549 2058 1792 2112 Inﬁrmus
1819 2065 1935 2111 erat
1973 2071 2102 2123 grn-

535 2153 642 2208 tilis
687 2152 915 2221 populus
944 2192 959 2218 ,
1007 2153 1206 2222 quippe
1253 2152 1346 2221 qui
1417 2152 1623 2206 alienus
1684 2160 1803 2206 erat
1855 2166 1883 2203 a
1933 2159 2102 2202 testa-

534 2253 716 2297 mento
752 2242 889 2297 Dei:
925 2243 1015 2297 hic
1075 2244 1302 2312 adeptus
1344 2252 1426 2298 est
1484 2243 1873 2296 fortitudinem.
1931 2240 2102 2307 Quam

531 2321 941 2387 fortitudinem?
977 2350 994 2383 ι
1036 2333 1319 2388 Fortitudo
1345 2349 1462 2386 mea
1491 2341 1544 2386 et
1578 2332 1816 2386 laudatio
1849 2346 1966 2385 mea
2000 2332 2104 2385 Do-

535 2422 738 2488 minus,
769 2433 821 2477 ct
848 2422 1025 2478 factus
1047 2433 1129 2478 est
1161 2424 1291 2479 mihi
1325 2425 1376 2478 in
1411 2425 1640 2479 salutem
1677 2423 1740 2476 ³⁸.
1779 2442 1796 2474 ι
1824 2423 2106 2477 Fortitudo

533 2528 662 2585 ergo
691 2529 806 2568 mea
843 2515 957 2584 ipse
1001 2527 1083 2571 cst
1113 2517 1369 2572 Christus
1406 2517 1666 2571 Dominus
1689 2558 1702 2580 ,
1735 2532 1839 2586 qua
1874 2516 2102 2570 accincti

531 2620 718 2660 sumus
750 2622 848 2661 nos
877 2608 964 2676 qui
989 2623 1210 2663 eramus
1236 2609 1528 2678 aliquando
1550 2609 1708 2664 alicui
1734 2623 1764 2663 a
1785 2616 2105 2663 testamento

531 2697 650 2763 Dei,
684 2709 738 2752 et
773 2699 888 2754 sine
921 2702 1029 2754 Deo
1064 2701 1116 2754 in
1152 2702 1252 2756 hoc
1285 2702 1485 2756 mundo
1512 2701 1576 2757 ³⁹.

602 2789 688 2844 18.
725 2809 743 2842 ι
785 2791 1024 2845 Saturati
1081 2793 1314 2860 panibus
1345 2791 1559 2847 deducti
1594 2798 1720 2845 sunt
1750 2791 1817 2845 ad
1868 2789 2104 2847 servitu-

531 2881 719 2936 tem“.
756 2901 774 2933 ι
806 2883 1087 2951 Culpabile
1121 2882 1355 2938 ostendit
1405 2897 1523 2937 esse
1574 2883 1806 2936 saturari
1853 2883 2105 2952 panibus,

531 2972 654 3041 quia
685 2971 852 3028 Jacob
881 2973 1292 3028 uianducavitet
1315 2973 1541 3037 bibit,et
1566 2974 1798 3043 repletus
1827 2982 1997 3039 est,et
2022 2972 2108 3026 in-

508 3051 810 3118 ‘crassatus
839 3073 940 3128 cst,
972 3075 1026 3119 et
1055 3066 1420 3119 recalcitravit
1452 3066 1683 3120 dilectus
1706 3065 1778 3117 δι.
1804 3082 1822 3116 t
1852 3064 2108 3118 Esurien-

532 3164 618 3210 tes
644 3157 1131 3226 dereliquerunt".
1159 3157 1327 3213 »11105
1357 3158 1489 3213 dicit
1519 3159 1610 3228 qui
1641 3158 1867 3212 saturati
1892 3156 2108 3211 fuerant

2207 594 2396 648 videre
2425 594 2699 664 quomodo
2732 604 2981 647 asserunt
3011 591 3152 662 quod
3181 591 3404 647 fecunda
3446 595 3492 649 in
3515 598 3609 654 ﬁliis
3630 604 3680 656 in-

2208 686 2479 750 ﬁrmatur,
2521 693 2576 739 et
2604 684 2814 739 sterilis
2849 686 3119 754 quomodo
3149 687 3358 757 peperit
3392 698 3597 758 septem:
3622 700 3681 748 sed

2207 778 2418 832 illorum
2470 776 2666 830 fabulis
2697 778 2895 846 spretis
2940 793 3037 832 nos
3066 781 3479 842 consideremus.
3506 798 3560 836 ne
3592 785 3683 842 forte

2213 868 2589 938 unusquisque
2630 879 2877 922 nostrum
2914 870 3107 924 haheat
3136 872 3278 924 intra
3308 886 3365 926 se
3391 873 3588 929 sterilem
3605 895 3682 946 qua

2208 963 2416 1031 peperit
2455 971 2686 1030 septem,
2717 961 2914 1014 habeat
2952 972 3006 1016 et
3048 963 3336 1017 fecundam
3391 966 3437 1018 in
3484 967 3584 1022 ﬁliis
3605 987 3681 1039 qu

2209 1053 2530 1107 inlinuntur.
2589 1049 2838 1106 Fecunda
2878 1053 2930 1106 in
2964 1055 3259 1123 propagine
3310 1066 3423 1110 erat
3465 1073 3572 1112 caro
3609 1078 3681 1116 tne:

2210 1143 2414 1198 habens
2443 1143 2705 1212 plurimos
2734 1145 2916 1198 carnis
2940 1144 3169 1205 fructus,
3198 1145 3593 1216 fornicationem,
3618 1153 3682 1206 in-

2209 1233 2551 1300 munditiam,
2600 1234 3024 1302 impudicitiam,
3070 1234 3681 1308 idololatriam,veneﬁcia,

2209 1325 2540 1393 inimicitias,
2597 1326 2997 1395 contentiones,
3058 1327 3446 1394 aemulationes,
3486 1331 3683 1388 incitatio-

2208 1432 2324 1483 nes,
2359 1418 2727 1473 dissensiones
2753 1436 2768 1484 ;
2799 1419 2915 1473 ham
2941 1429 3096 1474 erant
3121 1420 3309 1474 carnis
3339 1429 3515 1476 nostra:
3556 1438 3681 1480 nume-

2212 1523 2351 1562 rosae
2375 1510 2685 1579 progenies.
2716 1508 2820 1564 Sed
2850 1524 2974 1564 cum
3026 1511 3275 1565 venimus
3313 1511 3377 1564 ad
3405 1513 3542 1566 ﬁdem
3565 1519 3683 1568 crucis

2207 1600 2430 1663 Christi,
2459 1610 2511 1654 et
2558 1601 3025 1656 mortiﬁcationem
3057 1601 3206 1669 lesu,
3243 1602 3490 1670 capimus
3521 1605 3683 1660 circum-

2210 1691 2350 1748 ferre
2401 1695 2454 1747 in
2504 1709 2736 1762 corpore
2785 1703 2991 1760 nostro,
3039 1705 3093 1749 et
3150 1697 3469 1751 mortiﬁcare
3518 1701 3682 1752 meum

2209 1794 2391 1838 nostra
2419 1800 2540 1853 quae
2567 1794 2696 1838 sunt
2737 1797 2897 1854 super
2939 1794 3167 1848 terram,
3204 1794 3262 1839 et
3289 1786 3523 1840 exhibere
3546 1802 3593 1841 ea
3613 1804 3682 1843 ser-

2207 1877 2561 1946 virejustitiae
2589 1887 2643 1932 et
2671 1878 2953 1932 sobrietati
2982 1896 2995 1932 :
3033 1887 3159 1932 tunc
3182 1878 3473 1932 fecunditas
3497 1880 3683 1947 probros:

2207 1967 2367 2036 hujus
2389 1970 2752 2037 generationis
2776 1969 3001 2024 exclusa
3033 1980 3136 2034 est,
3163 1979 3218 2025 et
3241 1971 3343 2024 hoc
3372 1972 3512 2024 modo
3531 1971 3682 2028 fecunda

2206 2059 2256 2112 in
2276 2059 2399 2113 ﬁliis
2421 2061 2695 2115 inﬁrmata
2718 2071 2819 2115 est.
2839 2061 3122 2128 Quomodo
3142 2073 3326 2116 autem
3350 2063 3528 2116 sterilis
3549 2075 3682 2133 septa:

2207 2151 2413 2220 pariat,
2449 2152 2752 2207 videamus.
2791 2154 3006 2208 Sterilis
3052 2163 3171 2206 erat
3200 2155 3256 2206 in
3291 2169 3376 2207 me
3404 2153 3554 2206 anima
3579 2170 3680 2221 mea,

2205 2255 2309 2292 non
2347 2239 2606 2294 afferebat
2632 2241 2844 2297 fructus
2874 2244 3096 2313 justitize
3131 2262 3146 2297 :
3183 2259 3328 2296 nunc
3361 2253 3517 2297 autem
3540 2246 3605 2298 ubi
3625 2261 3681 2315 per

2208 2329 2366 2381 ﬁdem
2401 2328 2604 2384 ChriSti
2647 2333 2846 2386 meruit
2895 2332 3130 2400 gratiam
3184 2329 3418 2399 Spiritus
3461 2330 3620 2396 sancti,
3650 2340 3684 2383 et

2207 2418 2432 2487 replevit
2471 2435 2591 2474 eam
2639 2422 2861 2490 spiritus
2891 2423 3170 2499 sapientiae
3210 2433 3266 2476 et
3301 2422 3682 2489 intellectus,spi-

2208 2510 2342 2565 ritus
2373 2512 2585 2566 consilii
2617 2524 2669 2566 et
2705 2514 3057 2578 fortitudinis,
3098 2511 3540 2581 spiritusjustitire
3560 2522 3600 2564 et
3619 2512 3682 2563 mi-
3755 2525 3757 2528 '

2207 2604 2534 2668 scricordize,
2586 2610 2640 2658 et
2671 2603 2893 2672 replevit
2921 2620 3041 2657 eam
3073 2605 3304 2674 spiritus
3355 2603 3537 2658 timoris
3565 2601 3683 2656 Domi-

2209 2693 2328 2748 ni“
2362 2711 2375 2748 :
2413 2707 2624 2750 certum
2658 2705 2740 2750 est
2773 2697 2918 2765 quod
2961 2697 3165 2751 sterilis
3208 2699 3420 2766 peperit
3457 2704 3629 2763 septem,
3653 2703 3684 2746 et

2210 2784 2440 2841 fecunda
2475 2788 2525 2840 in
2557 2787 2682 2841 ﬁliis
2710 2788 2979 2841 inﬁrmata
3015 2797 3114 2842 est.

2281 2879 2367 2934 19.
2408 2897 2426 2930 ι
2471 2881 2730 2935 Dominus
2765 2881 3058 2936 mortiﬁcat
3083 2890 3139 2934 et
3173 2879 3418 2934 viviﬁcat
3447 2879 3503 2931 δ’.
3535 2879 3682 2944 ιρυθιι

2209 2971 2502 3025 mortiﬁcat
2559 2972 2842 3038 Dominus,
2895 2980 2950 3026 et
2999 2987 3159 3040 quem
3194 2971 3470 3025 vivificat?
3502 2969 3680 3038 Lleipsuu

2211 3061 2528 3126 tuortiﬁcat,
2559 3077 2684 3116 cum
2715 3077 2800 3116 me
2832 3073 3099 3117 mortuum
3131 3064 3270 3118 facit
3309 3079 3426 3118 esse
3451 3061 3684 3132 peccato.£t

2213 3153 2476 3222 meipsum
2506 3153 2766 3216 viviﬁcat,
2804 3168 2930 3208 cum
2960 3168 3044 3207 me
3076 3151 3214 3208 facit
3252 3155 3429 3209 vivere
3469 3155 3571 3209 Deo.
3603 3151 3683 3207 Pet-

535 3245 911 3313 pauibuaquia
936 3245 1980 3316 reliqueruntesurientes.Venitfames,
2000 3259 2102 3298 non
2134 3244 2175 3300 ϐ
2209 3253 2361 3299 cator
2409 3258 2582 3309 eram,
2635 3253 2690 3297 et
2740 3243 2792 3296 in
2823 3244 3032 3298 delictis
3099 3244 3358 3299 vivebam
3391 3263 3405 3299 :
3433 3244 3683 3298 mortiﬁwit

536 3334 706 3390 fames
737 3336 908 3405 panis,
948 3352 1118 3406 neque
1144 3353 1297 3406 aquae
1321 3337 1460 3403 sitis,
1481 3337 1572 3392 sed
1601 3335 1849 3390 audiendi
1882 3336 2102 3388 verbum

533 3429 740 3484 Domini
768 3430 832 3483 "’.
854 3429 1140 3498 Propterea
1169 3444 1300 3493 ergo
1331 3446 1350 3479 ι
1374 3429 1676 3483 esurientes
1699 3427 2103 3496 dereliquerunt

530 3532 809 3586 usquequo
831 3518 1032 3572 sterilis
1057 3521 1264 3586 peperit
1291 3527 1523 3586 septem,
1552 3529 1606 3571 et
1629 3518 1857 3572 fecunda
1893 3516 1946 3570 in
1972 3516 2099 3572 ﬁliis

530 3611 800 3663 inﬁrmata
829 3621 908 3665 est
928 3611 994 3665 “.
1022 3610 1172 3666 Multi
1196 3611 1338 3664 enim
1366 3611 1458 3664 ﬁlii
1493 3611 1718 3664 desertm
1749 3610 1920 3678 magis
1941 3625 2101 3678 quam

526 3698 641 3765 eius
668 3716 787 3768 quce
814 3702 978 3756 habet
1005 3703 1177 3754 virum
1199 3703 1266 3755 ⁸⁵.
1301 3721 1318 3752 ι
1359 3702 1574 3756 Sterilis
1605 3710 1688 3756 est
1720 3709 1892 3754 mater
1916 3711 2101 3755 nostra

530 3789 803 3858 Ecclesia,
836 3794 948 3847 haec
991 3793 1200 3862 peperit
1234 3804 1463 3861 septem,
1493 3792 1863 3863 septenariqu
1893 3792 2106 3846 scilicet

530 3897 836 3949 numerum,
871 3885 957 3938 cui
988 3885 1203 3953 requies
1229 3884 1469 3953 ascripta
1500 3892 1602 3939 est.
1633 3904 1650 3935 ι
1687 3884 1754 3939 Et
1785 3884 2011 3939 fecunda
2050 3884 2101 3938 in

775 4153 938 4226 590
969 4155 1210 4224 Origenis
1242 4157 1294 4210 in
1330 4159 1484 4225 primi
1514 4157 1633 4210 libri
1667 4157 1860 4223 Regum

826 4243 942 4294 cup.
980 4242 1168 4280 xvvttt.
1192 4227 1339 4280 —I)e
1364 4226 1813 4296 Eugastrimytho.

601 4335 730 4402 Qua:
761 4335 897 4391 lecta
931 4337 1258 4399 audivimus,
1287 4338 1437 4405 plura
1481 4346 1606 4391 sunt
1641 4355 1654 4390 :
1687 4339 1752 4390 de
1786 4338 1850 4391 iis
1882 4339 1934 4391 in
1965 4339 2100 4393 duas

532 4439 713 4494 partes
755 4429 944 4483 divisis
992 4443 1169 4483 sermo
1215 4429 1371 4484 nobis
1404 4429 1683 4483 habendus
1710 4428 1837 4482 erit.
1881 4428 2009 4493 Qua:
2037 4429 2103 4483 de

599 4567 870 4639 f'__Ephes.
911 4585 984 4634 vt,
1030 4569 1116 4630 M.
1154 4569 1240 4632 16,
1283 4570 1365 4625 l7.
1469 4569 1512 4600 ³⁵
1553 4568 1570 4621 Ι
1614 4568 1747 4639 Reg.
1795 4568 1947 4639 tt,_4.

531 4637 575 4667 ⁸ο
601 4634 619 4688 1
647 4634 777 4702 Reg.
811 4655 868 4694 ιι.
901 4640 952 4692 5.
1056 4641 1098 4670 ⁸¹
1139 4639 1293 4693 Deut.
1335 4656 1504 4698 xxx".
1531 4639 1617 4694 15.

532 4706 576 4737 ⁸³
605 4705 702 4760 lsa.
730 4722 805 4770 χι,
844 4708 898 4771 2,
927 4711 980 4763 5.
1083 4710 1126 4740 ⁸⁷
1153 4711 1173 4762 ι
1204 4709 1334 4779 Reg.
1368 4726 1428 4774 ιι,
1466 4710 1517 4762 6.

603 4845 678 4912 (Ι)
734 4845 1206 4911 Ἀιάγνωσθέντα
1236 4845 1486 4900 πλείονὰ
1516 4847 1666 4900 ἐστι.
1698 4845 1754 4900 Id
1796 4846 1960 4899 moris
1998 4854 2116 4899 erat

531 4920 669 4980 apud
709 4926 946 4977 veteres,
984 4918 1056 4968 uti
1091 4917 1144 4968 in
1192 4917 1380 4970 homil.
1413 4917 1484 4970 20
1525 4916 1725 4970 iulesu
1761 4917 1940 4980 Nave,
1983 4931 2104 4983 cap.

534 4985 620 5047 15,
654 4984 1068 5047 ailnotalmmus,
1097 4997 1154 5038 ut
1186 5001 1305 5038 cum
1349 4987 1414 5039 ad
1453 5001 1607 5040 sacra
1643 4988 1919 5048 coiissent,
1957 4994 2107 5038 certa

531 5056 775 5121 querulum
823 5054 1122 5122 Scriptura:
1169 5057 1345 5123 capita
1394 5057 1588 5124 populo
1643 5058 2106 5124 prazlegerentur,

530 5141 649 5190 qua:
698 5126 812 5176 fusa
866 5127 1210 5192 postmodum
1241 5127 1511 5190 oratione,
1564 5127 1630 5180 ad
1676 5126 1964 5179 arbitrium
1997 5124 2109 5193 epi-

530 5196 704 5261 scopi,
745 5202 801 5247 et
841 5196 904 5246 ad
931 5194 1257 5263 praeﬁnitum
1297 5207 1526 5264 tempus,
1556 5195 1912 5265 praesentibus
1941 5199 2105 5248 etiam

530 5265 940 5318 i-atechumenis
1009 5266 1360 5317 concinnatur
1410 5263 1760 5333 ’cxlilanarct.
1834 5263 2099 5334 Origenes

530 5335 688 5408 paulo
742 5334 969 5408 inferius
1021 5351 1035 5386 :
1090 5334 1383 5408 Tsscdtptuv
1427 5329 2106 5408 ρῦσῶνᾷπερικᾳπῶν,Αῶν

530 5405 735 5489 ὲκάςξτη
761 5407 1059 5489 πρέιγιιῆτα
1093 5405 1191 5489 ορκ
1222 5404 1377 5489 oliva
1423 5405 1565 5489 ἔχει..
1585 5404 1848 5489 animal.
1872 5408 1984 5468 τοῖς
2012 5405 2105 5456 δυ-

530 5475 785 5546 ναμένοις
809 5475 1082 5546 ἐξετάζειν
1110 5475 1384 5546 δυνάμενα
1414 5475 1713 5542 ἁσχολῆσαι
1733 5476 1877 5546 ὥρας
1893 5477 1953 5527 οὐ
1981 5477 2107 5544 μιᾶς

535 5544 836 5610 συνάξεως,
875 5545 1010 5598 ἀλλὰ
1049 5546 1143 5598 καὶ
1177 5544 1454 5607 πλειόνων,
1497 5547 1524 5596 ὃ
1554 5546 1606 5597 τί
1639 5544 2046 5615 ποτεβούλετοιι
2079 5547 2107 5596 ὁ

531 5615 826 5686 ἐπίσκοπος
855 5617 1191 5686 προτεινάτω
1215 5615 1321 5686 τῶν
1351 5615 1653 5686 τεσσάρων,
1678 5615 1762 5686 ἵνα
1782 5614 1921 5686 περὶ
1951 5614 2107 5686 τοῦτο

531 5685 936 5756 ἁσχοληθῷμεν·
961 5687 1036 5749 ὡς
1065 5686 1132 5738 τὰ
1161 5685 1294 5754 περὶ
1313 5686 1411 5755 τῆς
1429 5685 1886 5756 ἐγγαστριμύοον,
1918 5685 2102 5754 φησὶν,

534 5755 885 5817 gemmam.
922 5756 986 5806 Et.
1013 5757 1103 5809 lib.
1141 5773 1198 5822 ιιι
1242 5768 1426 5808 contra
1470 5755 1640 5808 Cels.:
1669 5755 1731 5807 Ti
1756 5755 1960 5818 τούτοις
1999 5773 2104 5808 πα-

540 5825 836 5896 ραπλήσιον
871 5827 1200 5898 πράττομεν,
1229 5828 1275 5879 οἱ
1315 5827 1405 5881 καὶ
1438 5828 1504 5882 δι’
1543 5827 1979 5897 ἀναγνωσμάτων
2013 5826 2105 5878 καὶ

2049 4567 2093 4599 ³⁷
2137 4567 2156 4619 ι
2189 4566 2313 4620 Cor.
2349 4580 2386 4628 ι,
2427 4565 2516 4618 27.

1723 4637 1812 4692 “1
1851 4637 1984 4708 Reg.
2018 4654 2078 4704 ιι,
2114 4639 2169 4692 5.

2211 3350 2297 3389 me
2331 3349 2360 3387 a
2392 3335 2649 3403 peccatis,
2684 3335 2821 3389 mori
2853 3350 2938 3388 me
2980 3335 3108 3389 fecit
3136 3336 3268 3389 vitae
3300 3336 3478 3405 priori,
3505 3345 3549 3390 et
3575 3334 3684 3388 viviﬁ—

2211 3427 2355 3482 cabit
2388 3442 2474 3481 me
2514 3436 2573 3481 ut
2612 3427 2664 3481 in
2716 3427 2910 3482 timore
2960 3442 3058 3482 suo
3108 3428 3318 3494 vivam,
3351 3439 3406 3482 ut
3449 3431 3495 3481 in
3525 3427 3600 3480 ﬁde
3627 3440 3683 3478 sua

2208 3530 2367 3587 stem,
2400 3530 2456 3574 ut
2487 3520 2624 3574 ultra
2654 3537 2757 3574 non
2790 3522 2966 3575 vivam
3014 3533 3263 3590 peccato,
3300 3522 3391 3576 sed
3425 3523 3532 3583 Deo,
3558 3520 3686 3588 quinte

2209 3627 2238 3665 a
2273 3613 2500 3667 mortuis
2547 3613 2848 3678 suscitavit,
2880 3625 2934 3665 ιιι
2977 3615 3027 3666 iu
3072 3615 3322 3669 novitate
3352 3615 3466 3666 vitae
3494 3612 3681 3664 ambulet:

2212 3703 2264 3756 in
2297 3703 2514 3757 Christo
2542 3703 2666 3758 Jesu
2706 3703 2934 3756 Domino
2961 3690 3168 3766 nostro,
3206 3703 3300 3758 cui
3322 3713 3403 3758 est
3422 3699 3684 3774 gloriaetia-

2210 3791 2418 3860 periqu
2448 3791 2500 3845 in
2525 3791 2722 3847 saacula
2754 3793 3098 3848 sazculorum.
3126 3793 3328 3847 Amen.

2137 4163 2181 4218 D
2222 4163 2551 4233 Ὠριγένους
2588 4165 2674 4228 εἷς
2712 4163 2826 4230 τὴν
2855 4161 2972 4233 τῶν
2996 4160 3334 4215 Βίισιλειῶν
3363 4158 3580 4233 πρώτην,
3602 4169 3684 4220 τες.

2442 4240 2549 4299 κη’.
2584 4263 2651 4273 -
2693 4233 2858 4300 ’Υπὲρ
2890 4231 2999 4300 τῆς
3029 4232 3529 4301 Ἐγγαστρψύυου.

2281 4328 2362 4382 Τὰ
2384 4326 2801 4395 ἀναγνωσθέντα
2849 4324 3072 4377 πλείονά
3107 4325 3225 4374 ἐστι
3259 4323 3357 4391 (1)·
3390 4321 3475 4374 καὶ
3498 4319 3590 4371 ἐπὶ
3620 4310 3685 4382 χρὴ

2202 4422 2622 4494 ἐπιτεμνόμενον
2653 4421 2823 4472 εἰπεῖν
2851 4419 2971 4472 δυσὶ
3004 4419 3356 4489 περικοπαῖς,
3376 4408 3626 4479 ἀνεγνὼτθη
3645 4405 3685 4455 τά

2595 4562 2639 4593 ³³
2681 4560 2823 4614 Psal.
2874 4574 3060 4619 cxvttt,
3105 4557 3188 4611 l4.
3269 4557 3314 4589 ⁸⁸
3358 4556 3534 4620 Ephes.
3564 4548 3683 4620 n,l‘_l.

2274 4618 2319 4666 ⁸³
2356 4618 2543 4698 Amos,
2584 4647 2701 4697 vm,
2734 4633 2814 4685 11.
2889 4629 2935 4661 ⁸⁸
2960 4628 2977 4681 l
3002 4618 3134 4698 Reg.
3169 4644 3232 4690 ιι,
3259 4627 3314 4681 5.
3385 4618 3427 4656 ⁸³
3456 4625 3538 4677 lsa.
3561 4618 3680 4680 uni.

2221 4843 2308 4895 διὰ
2339 4840 2446 4894 τῶν
2477 4841 2555 4902 εἰς
2586 4838 2654 4891 τὰ
2679 4835 3083 4905 ἀναγνώςματα
3111 4833 3416 4905 διηγήτεων

2220 4931 2310 4974 τες
2351 4913 2446 4981 μὲν
2490 4900 2581 4962 eis.
2627 4907 2724 4978 τὴν
2763 4900 2841 4970 εἷς
2881 4900 3011 4981 Θᾷὸν
3055 4900 3340 4981 ﬂagello}:
3373 4900 3683 4981 εήσέϐειξνςςι

2215 4964 2403 5036 ιὲέιὶηἰι.
2442 4982 2506 5034 12
2556 4982 2604 5032 in
2648 4964 2899 5033 E'xodxet
2931 4975 3117 5029 homil.
3146 4975 3177 5027 7
3215 4977 3268 5027 in
3308 4973 3468 5027 Levit.
3496 4964 3682 5043 ethouiiif

2213 5035 2324 5105 ﬁet
2356 5052 2425 5105 15
2497 5052 2548 5103 in
2589 5049 2746 5102 Num.
2789 5046 2988 5100 Morem
3027 5045 3171 5098 hunc
3203 5049 3469 5110 eleganter
3505 5035 3683 5112 tleSrribit

2209 5121 2454 5177 Justinus
2480 5119 2698 5188 Apolog.
2729 5119 2784 5173 Ξ.
2810 5117 2919 5170 Nec
2944 5115 3079 5188 viris
3099 5115 3269 5188 solum
3295 5111 3398 5188 Deo
3415 5113 3681 5188 consecratis.

2210 5175 2304 5246 sed
2334 5191 2486 5246 laicis
2516 5175 2681 5243 etiam
2721 5189 2772 5241 id
2812 5186 3051 5240 muneris
3083 5184 3374 5250 aliquando
3407 5175 3598 5250 episcopi
3623 5175 3679 5223 ὐε-

2212 5263 2561 5316 tnaudabant.
2619 5258 2770 5323 Quod
2817 5257 2868 5309 in
2911 5257 3140 5322 Origene
3179 5249 3412 5307 nondum
3458 5249 3684 5323 presbytero

2212 5333 2411 5386 factum
2447 5333 2512 5383 alt
2540 5319 2845 5382 Aleiaudro
2865 5319 3441 5393 Hierosolytnitano,et
3458 5319 3682 5393 Ibem-isi“

2210 5384 2532 5456 Caesariensi
2587 5399 2855 5467 episcopis
2905 5413 3027 5468 cum
3081 5384 3415 5468 Demetrius-
3436 5384 3683 5468 Aleae-miris

2210 5473 2493 5540 episcopus
2521 5457 2960 5540 reprehenderet,
2994 5466 3090 5531 ipsi
3119 5474 3368 5516 auctores
3391 5457 3680 5540 facti

2212 5523 2504 5595 multorum
2537 5523 2785 5609 eieiiiplo
2831 5523 3185 5609 excusarunt,
3224 5542 3284 5609 ut
3311 5543 3391 5609 est
3421 5528 3538 5609 apud
3565 5523 3677 5609 Eust-

2211 5592 2499 5677 bium,lib.
2533 5623 2585 5660 vt
2634 5592 2835 5660 Hister.
2865 5607 3018 5669 εστι..
3064 5592 3601 5677 ειιιιζίίυτ-(ςοιιέὶοῃειιι
3619 5592 3680 5677 dt:

2211 5670 2376 5734 ntuur
2410 5677 2714 5746 excipiebat
2749 5679 3036 5746 precatio:
3074 5670 3469 5746 qtiod__discere
3508 5670 3677 5746 licetltt

2211 5731 2574 5820 ‘5'6
2606 5731 2856 5817 Origeuis
2885 5749 2942 5820 in
2978 5731 3200 5820 Ducam.
3233 5741 3353 5820 “fec
3382 5731 3676 5820 consuetudff

2213 5821 2498 5893 synagogis
2533 5809 2840 5876 Judtcovruut
2882 5819 2933 5872 in
2975 5816 3244 5873 Ecclesia:
3274 5811 3465 5868 Christi
3491 5809 3672 5862 transui:
