3870 6510
166 359 294 414 illi?)

1240 358 1307 413 ΙΝ
1347 364 1602 420 LIBRUM
1644 365 1879 423 REGUM
1926 366 2208 424 llOMlLlA
2247 366 2315 422 ll.

3261 350 3399 407 10!"

157 479 274 548 ἑξῆς
301 475 426 548 περὶ
455 475 641 531 Ναϐὰλ
669 478 760 533 τὸν
795 479 1132 553 Καρμήλιον·
1173 475 1291 533 εἶτα
1329 481 1467 552 μετὰ
1495 480 1650 534 τοῦτο
1683 483 1705 550 f

1823 480 2024 536 Nabalc
2075 479 2328 535 Carmelo
2405 477 2690 548 Scriptura
2767 473 3065 538 narrat",
3119 473 3392 543 legimus;

156 568 352 640 ἱστορία
382 569 413 638 ἡ
462 571 588 640 περὶ
619 571 710 623 τοῦ
744 571 1046 643 κεκρύφθαι
1093 573 1183 625 τὸν
1226 573 1386 626 Δαυῒδ
1417 573 1566 645 παρὰ
1605 577 1717 638 τοῖς

154 659 406 730 Ζιφαῖοις,
437 661 533 713 καὶ
559 661 941 734 διαϐεϐλῆσθαι
991 665 1149 718 αὐτὸν
1188 666 1278 718 ὑπ’
1305 665 1503 729 αὐτῶν,
1525 666 1720 737 ἐληλυ-

153 752 290 805 θέναι
318 751 373 804 δὲ
402 752 492 806 τὸν
515 753 686 805 Σαοὺλ
711 755 1028 827 βουλόμενον
1067 756 1246 809 λαϐεῖν
1275 757 1366 810 τὸν
1396 757 1576 820 Δαυῖδ,
1626 760 1719 810 καὶ

153 842 434 914 ἐληλυθότα
476 846 801 918 ἐπιτηρῆσαι
851 849 1057 919 καιρὸν,
1110 848 1494 920 ἐπεληλυθέναι
1534 868 1591 904 τε
1641 849 1719 920 τῷ

150 937 312 990 Σαοὺλ
357 937 447 989 τὸν
489 939 672 1004 Δαυῖδ,
715 940 808 994 καὶ
840 941 1140 1010 εἰληφέναι,
1176 943 1518 1014 κοιμωμένου
1553 942 1716 997 αὐτοῦ

150 1032 238 1084 καὶ
266 1031 370 1084 τῶν
401 1033 708 1103 φερούντων
741 1035 816 1103 (‘2)
843 1036 1024 1099 αὑτὸν,
1061 1037 1121 1089 τὸ
1146 1037 1270 1108 δόρυ
1303 1041 1396 1092 καὶ
1426 1039 1516 1092 τὸν
1544 1039 1716 1109 φακὸν

147 1122 234 1174 τοῦ
267 1121 470 1186 ὓδατος,
499 1124 592 1175 καὶ
637 1124 775 1193 μετὰ
807 1124 994 1178 τούτου
1019 1126 1236 1197 ἔλεγχον
1268 1131 1716 1200 προσενηνοχέναι

146 1217 250 1275 τοῖς
275 1215 723 1284 πεπιστευμένοις
758 1217 856 1287 μὲν
888 1218 1174 1286 φυλάττειν
1205 1220 1387 1285 αὑτὸν,
1414 1222 1717 1293 ἀποκοιμη-

146 1305 276 1356 Osis".
305 1305 381 1357 δέ.
420 1302 551 1358 Εἶτα
572 1307 640 1359 τὰ
663 1308 787 1378 ἑξῆς
819 1311 850 1380 ἡ
888 1310 1096 1379 ἱστορία
1131 1306 1198 1381 ἦν
1231 1311 1409 1383 τρίτη,
1439 1313 1518 1365 ὅτι
1559 1314 1717 1366 κατέ-

146 1413 278 1465 φυγε
314 1397 446 1469 πρὸς
478 1399 654 1470 Ἀχαρ
677 1398 900 1469 βασιλέα
922 1401 1022 1452 Γὲο
1056 1403 1084 1453 ό
1105 1401 1288 1466 Δαυῖδ,
1319 1403 1413 1455 καὶ
1430 1403 1559 1474 ὅσην
1590 1396 1716 1475 εὗρε

143 1490 298 1559 χάριν
343 1491 470 1560 παρ’
516 1491 663 1561 αὐτῷ
720 1491 857 1562 μετὰ
898 1493 964 1546 τὰ
994 1493 1162 1546 πολλὰ
1199 1494 1660 1566 ἀνδραγαθήματα
1687 1495 1714 1546 ὁ

141 1574 314 1639 Aqui/3,
350 1577 484 1647 πρὸς
516 1579 596 1641 ὂν,
627 1598 644 1628 ι
692 1579 1286 1652 Ἀρχισωματοφύλακοι
1317 1583 1549 1654 θήσομαί
1577 1603 1654 1649 σε,
1690 1605 1709 1636 ι

141 1667 320 1736 φησίν.
370 1669 527 1739 Ἑξῆς
556 1671 763 1735 τούτοις
789 1668 856 1742 ἦν
889 1675 921 1743 ἡ
954 1673 1163 1744 ἱστορία
1191 1677 1222 1745 ἡ
1260 1675 1543 1745 διαϐόητος
1575 1675 1716 1747 ὑπὲρ

138 1759 231 1829 τῆς
255 1760 690 1832 ἐγγαστριμύθου
716 1767 809 1818 καὶ
837 1768 966 1836 περὶ
993 1765 1086 1818 τοῦ
1123 1767 1394 1837 Σαμουὴλ·
1426 1769 1506 1820 ὅτι
1539 1765 1714 1830 ἔδοξεν

136 1851 449 1922 ἀνηνοχέναι
534 1855 970 1928 ἐγγαστρίμυθος
1003 1857 1093 1910 τὸν
1120 1857 1392 1929 Σαμουὴλ,
1431 1861 1523 1912 καὶ
1547 1861 1574 1912 ό
1605 1861 1708 1912 Σα-
1747 1843 1782 1899 Β

140 1943 302 2014 μουὴλ
357 1947 688 2017 προφητεύει
740 1949 815 2019 (5)
850 1948 926 2021 τῷ
962 1950 1154 2004 Σαούλ.
1202 1952 1492 2023 Τεσσάρων
1534 1953 1709 2007 οὐσῶν

137 2037 442 2102 περικοπῶν
468 2038 564 2108 (4),
606 2032 678 2092 ὧν
709 2041 910 2112 ἑκάστη
941 2043 1240 2113 πράγματα
1275 2045 1375 2097 οὐκ
1397 2045 1548 2114 ὀλίγα
1575 2046 1705 2116 ἔχει,

136 2125 264 2178 ἀλλὰ
303 2129 536 2192 καὶτοῖς
567 2130 882 2201 δυναμένοις
919 2133 1194 2198 ἐξετάζειν
1237 2135 1506 2206 δυνάμενα
1557 2138 1712 2208 ἀσχο-

134 2216 288 2286 λῆσαι
338 2219 487 2291 ὥρας
523 2223 584 2274 ού
629 2225 756 2293 μιᾶς
795 2225 1085 2290 συνάξεως,
1122 2227 1257 2280 ἀλλὰ
1299 2229 1392 2281 καὶ
1429 2229 1705 2292 πλειόνων,

131 2311 158 2363 ὃ
183 2311 235 2362 τί
269 2328 399 2364 ποτε
434 2312 681 2382 βούλεται
711 2316 740 2366 ὁ
769 2315 1064 2380 ἐπίσκοπος
1087 2321 1421 2390 προτεινάτω
1457 2319 1562 2371 τῶν
1595 2337 1710 2372 τεσ-

133 2403 332 2474 σάρων,
370 2405 455 2456 ἵνα
486 2407 615 2478 περὶ
636 2407 794 2462 τοῦτο
817 2409 1222 2482 ἀσχοληθῶμενυ
1252 2413 1326 2475 ὼς
1359 2413 1426 2465 τὰ
1454 2414 1580 2484 περὶ
1608 2413 1708 2483 τῆς

130 2498 594 2569 ἐγγαστριμύθου,
636 2502 822 2572 φησὶν,
853 2500 1205 2566 ἐξεταζέσθω.
1241 2504 1416 2554 Ἕνιαι
1442 2503 1538 2573 μὲν
1569 2503 1710 2554 ἱστο-

132 2589 238 2658 ρίαι
261 2589 363 2660 οὐχ
394 2589 844 2664 ἂπτονταιήμῶνο
864 2592 1006 2646 οὕτω
1035 2595 1077 2647 δ’
1102 2589 1274 2658 εἷπον,
1309 2594 1555 2665 ἱστορίαι,
1583 2593 1707 2646 ἐπεὶ

129 2681 332 2734 οὐδέπω
393 2683 665 2755 φθάνομεν
704 2685 796 2736 ἐπὶ
826 2686 895 2738 τὰ
921 2686 1019 2755 τῆς
1059 2686 1372 2755 ἀναγωγῆς,
1406 2686 1567 2739 παντὶ
1627 2684 1708 2756 τῷ

129 2772 282 2825 εἰδότι
300 2775 547 2844 ἀνάγειν,
573 2777 606 2846 ἢ
631 2775 848 2830 ἀκούειν
869 2778 1215 2847 ἀναγομένων
1249 2779 1492 2848 χρήσιμα
1515 2779 1700 2831 πᾶσιν*

129 2860 230 2917 οἷον
258 2865 334 2929 ὡς
362 2866 453 2918 ἐπὶ
471 2863 911 2938 παραδείγματος
939 2869 971 2938 ή
1007 2868 1267 2939 ἱστορίαὴ
1299 2870 1426 2939 περὶ
1460 2871 1552 2924 τοῦ
1581 2871 1705 2927 Λὼτ

130 2960 216 3012 καὶ
241 2959 351 3012 τῶν
377 2958 691 3032 θυγατέρων
730 2961 914 3014 αὑτοῦ.
946 2963 1008 3015 Εἰ
1048 2963 1228 3032 μέντοι
1259 2964 1400 3016 κατὰ
1447 2964 1542 3035 τὴν
1567 2969 1701 3020 ἁνα-

125 3051 304 3122 γωγῆν
333 3051 447 3122 ἔχει
487 3055 774 3124 χρήσιμον,
809 3054 941 3118 Θεὸς
967 3050 1095 3118 οἶδε,
1117 3055 1211 3108 καὶ
1236 3049 1280 3122 ᾧ
1307 3055 1372 3110 ἂν
1409 3059 1700 3128 χαρίσηται

127 3144 244 3204 τοὺς
266 3142 465 3210 λόγους
497 3145 736 3207 ἐκείνους
759 3144 1050 3210 ἐξετάζεινο
1091 3149 1138 3200 εἰ
1169 3148 1225 3200 δὲ
1251 3147 1393 3201 κατὰ
1425 3150 1524 3220 τὴν
1557 3153 1700 3204 ιστο-

112 3222 241 3303 ’ρίαν
272 3231 539 3305 ζητήσαις
568 3233 652 3297 ἂν,
680 3235 732 3287 τί
767 3236 875 3307 γὰρ
898 3236 1088 3305 ὄφελός
1119 3256 1207 3308 μοι
1248 3241 1311 3292 ἐκ
1345 3241 1442 3311 τῆς
1465 3242 1702 3314 ἱστορίας

127 3323 219 3391 τῆς
243 3324 485 3395 περὶτοῦ
514 3324 634 3379 Λὼτ
662 3328 754 3380 καὶ
767 3327 871 3380 τῶν
891 3327 1206 3400 θυγατέρων
1233 3331 1395 3384 αὑτοῦ
1419 3350 1432 3398 ;
1469 3334 1702 3404 Ὁμοίως

125 3418 172 3468 τί
209 3419 406 3488 ὄφελός
456 3437 544 3490 μοι
572 3420 757 3485 ἁπλῶς
790 3421 1040 3492 λεχθεῖσα
1068 3426 1100 3494 ἡ
1127 3427 1335 3497 ἱστορία
1375 3429 1407 3497 ἡ
1444 3429 1571 3499 περὶ
1613 3428 1704 3482 τὸν

126 3510 289 3563 Σαοὺλ
320 3513 422 3564 καὶ
438 3513 536 3586 τὴν
552 3515 986 3587 ἐγγαστρίμυθον
1007 3535 1020 3583 ;
1039 3517 1260 3571 Πάντων
1280 3519 1508 3572 ἅπτεται
1536 3521 1702 3589 ἀναγ-

125 3602 247 3654 καία
277 3603 512 3673 ἀλήθεια
544 3606 685 3659 κατὰ
718 3607 808 3659 τὸν
854 3607 1029 3677 λόγον·
1082 3608 1164 3672 τίς
1199 3610 1328 3681 γὰρ,
1371 3611 1704 3680 ἀπαλλαγεὶς

124 3694 307 3746 τούτου
342 3696 440 3749 τοῦ
467 3696 602 3766 βίου,
634 3698 774 3752 θέλει
802 3694 937 3752 εἶναι
972 3701 1076 3753 ὑπὸ
1108 3699 1356 3766 ἐξουσίαν
1389 3701 1700 3773 δαιμονίου;

127 3782 235 3836 Ἵνα
265 3786 707 3860 ἑγγαστρίμυθυς
734 3791 986 3864 ἀναγάγῃ
1011 3791 1071 3844 ού
1101 3792 1190 3844 τὸν
1222 3792 1453 3862 τυχόντα
1472 3794 1576 3848 τῶν
1609 3812 1706 3848 πε-

125 3871 513 3947 πιστευκότων,
555 3881 689 3934 ἀλλὰ
735 3883 984 3954 Σαμουὴλ
1023 3885 1112 3936 τὸν
1138 3887 1442 3958 προφήτην,
1485 3888 1612 3958 περὶ
1645 3881 1704 3941 οὗ

122 3983 278 4038 φησιν
321 3975 352 4025 ὁ
391 3971 520 4036 Θεὸς
571 3973 659 4026 διὰ
709 3975 801 4027 τοῦ
844 3977 1130 4047 Ἰερεμίουο
1173 3996 1190 4027 ι
1233 3979 1355 4030 Οὐδ’
1391 3977 1456 4032 ἂν
1501 3981 1706 4051 Μωσῆς

123 4063 210 4115 καὶ
252 4065 511 4136 Σαμουὴλ
544 4065 650 4137 πρὸ
701 4066 989 4137 προσώπου
1026 4085 1150 4139 μου,
1185 4069 1305 4122 οὐδὲ
1335 4070 1535 4123 τούτων
1592 4072 1704 4122 εἱσ-

194 4245 279 4299 ³⁸1
312 4246 451 4320 Reg.
477 4263 604 4320 itm.
702 4247 745 4280 ”
776 4247 792 4301 l
829 4249 956 4320 Reg.

129 4330 209 4370 xv.
248 4320 294 4371 l.
405 4319 453 4349 "
490 4319 630 4375 Psal.
664 4334 850 4383 xcvut,
877 4319 930 4377 δέ

128 4474 195 4527 ibi
223 4473 368 4550 enim
388 4483 543 4550 erant
572 4475 937 4550 ἀναγνῶσται,
968 4485 1022 4550 et
1047 4479 1111 4532 ad
1144 4493 1270 4534 suos
1297 4494 1427 4534 usus
1453 4479 1700 4550 Seriptu-
1734 4483 1776 4538 Ι)

129 4562 239 4597 ram
275 4545 328 4598 in
357 4545 629 4617 sectiones
658 4547 854 4617 populo
875 4548 1241 4617 praelegendas
1266 4545 1694 4615 distribuebant;

126 4625 173 4666 et
207 4630 328 4682 qua:
377 4614 636 4687 prtelecta
687 4614 925 4680 fuerant,
959 4614 1391 4687 exponebantur.
1447 4621 1598 4686 Quod
1652 4614 1694 4675 si

126 4696 423 4758 extrauetts
478 4685 693 4758 aliquis
727 4685 1044 4758 dignitate,
1100 4690 1375 4743 meritisve
1435 4685 1698 4758 praestans

125 4757 360 4825 adesset,
407 4758 615 4820 capiam
650 4756 694 4810 ei
725 4755 934 4825 legendi
985 4768 1038 4810 et
1072 4759 1371 4813 disserendi
1409 4755 1696 4815 faciebant.

124 4822 310 4898 Fidem
359 4825 448 4879 his
477 4825 686 4879 faciunt
719 4822 841 4894 quae
889 4838 1074 4881 narrat
1121 4827 1318 4894 Lucas,
1353 4845 1471 4897 cap.
1508 4846 1583 4894 ιν,
1609 4832 1697 4898 16,

127 4894 214 4957 l7,
245 4904 300 4950 et
351 4910 491 4962 seq.,
543 4905 596 4948 et
628 4898 746 4949 Act.
795 4912 917 4961 xm,
950 4914 1058 4961 xw,
1105 4913 1195 4964 xv,
1231 4894 1698 4955 xxvnﬁlﬁumdeni

126 4966 291 5033 igitur
319 4965 712 5038 divideudzein
743 4968 1049 5037 περικοπὰς
1089 4967 1403 5038 Scripturre,
1428 4980 1481 5024 et
1515 4972 1580 5023 ad
1607 4986 1704 5038 po-

124 5035 695 5107 pulm'n_prf.elegend:e
759 5035 1179 5107 et‘exponendm
1214 5035 1426 5093 rnorem
1473 5035 1703 5107 usurpa-

128 5116 258 5182 runt
293 5105 932 5182 Christiani.“Quoniaru
977 5118 1156 5182 autem
1206 5110 1500 5178 aliquando
1547 5105 1702 5182 περι-

125 5177 266 5248 κοπή
320 5175 552 5244 longior,
585 5175 875 5244 aliquando
906 5178 1142 5242 brevior,
1198 5175 1425 5248 qna—aque
1461 5175 1702 5235 versicu-

126 5246 232 5298 lnm
260 5247 526 5320 duntarat
559 5261 723 5299 unum
770 5248 1097 5320 contineret,
1127 5246 1349 5320 populo,
1372 5251 1700 5320 praelegeba-

130 5327 235 5380 tur,
272 5316 400 5368 inde
431 5317 631 5390 factum
665 5325 722 5370 ut
758 5318 1092 5390 ἀνάγνωσμα
1125 5319 1262 5372 idem
1297 5316 1702 5390 sit'raliqtiando

127 5401 189 5438 ac
215 5388 531 5456 περικοπή,
558 5385 846 5456 aliquando
894 5385 1035 5442 idem
1085 5403 1149 5442 ac
1185 5385 1512 5444 versiculus.
1546 5391 1699 5444 ‘Ava-

127 5454 358 5523 γνώσεις
387 5454 914 5528 εειιίᾲναγνώσματα
943 5457 1112 5513 (ἰηιιοί
1141 5457 1352 5523 Patres,
1396 5459 1569 5514 Latini
1624 5463 1700 5514 le-

128 5528 342 5598 ctiones
365 5527 656 5598 appellant,
679 5533 818 5581 unde
845 5530 1110 5596 hodieque
1142 5530 1194 5581 iu
1230 5530 1447 5598 liturgia
1483 5533 1660 5585 missa:
1681 5571 1695 5594 ,

137 5613 153 5642 ι
194 5594 362 5648 lectio
408 5595 680 5664 epistolae:
720 5616 740 5648 ι
786 5598 909 5650 inde
954 5594 1115 5652 etiam
1165 5594 1420 5664 lectores;
1475 5600 1597 5654 itnlc
1648 5611 1702 5654 et

132 5664 472 5720 luetiunaria.
509 5666 643 5721 Vide
675 5682 772 5722 nos
815 5669 866 5721 in
908 5665 1066 5723 Joan.
1120 5685 1179 5733 ιι,
1220 5669 1284 5722 l2
1319 5683 1371 5724 et
1401 5687 1515 5741 seq.
1557 5670 1698 5726 ιιυε-

131 5749 277 5790 ’Πυῇ

202 5805 284 5874 vlt
318 5806 678 5871 Φερωῦγτων.
709 5806 934 5866 St-riben
957 5809 1086 5879 'um,
1115 5809 1565 5885 δορυφορούντων.

1037 4266 1184 4305 xxvi.
1245 4253 1289 4283 ”°
1317 4253 1446 4308 ibid.
1482 4256 1566 4310 12.
1621 4257 1663 4290 ⁸¹
1688 4255 1704 4309 l
1733 4255 1861 4325 Reg.
1897 4268 2064 4308 xxv".
2114 4253 2158 4284 ⁵³
2195 4250 2211 4304 l
2242 4250 2372 4321 Reg.
2407 4249 2656 4314 XXt‘lll,2.

1821 573 2057 644 postlnec
2101 571 2483 626 occultationis
2515 569 2732 624 Davidis
2760 570 2899 638 apud
2933 568 3180 637 Ziphaeos
3224 569 3396 623 histo-

1821 667 1955 720 riam
1989 667 2055 732 ⁸⁸,
2088 665 2236 719 illum
2273 664 2342 717 ab
2377 664 2456 717 eis
2480 672 2819 726 accusatum,
2857 661 3142 716 advenisse
3173 660 3394 717 Saulem

1819 773 1884 813 eo
1912 759 2114 822 animo,
2163 766 2222 812 ut
2252 756 2508 810 Davidem
2550 766 2799 826 caperet;
2846 765 2900 808 et
2929 769 3051 809 cum
3085 754 3394 809 advenisset

1824 861 2034 920 tempus
2067 859 2452 920 exspectasse;
2489 847 2874 916 supervenisse
2919 846 3066 901 Sauli
3114 847 3390 910 Davidem,

1821 943 2016 1012 illoque
2076 958 2138 995 ac
2203 941 2348 995 illius
2403 939 2717 994 custodibus
2767 939 3204 1005 dormientibus,
3275 938 3395 994 latt-

1820 1051 1968 1090 ceam
2015 1044 2070 1089 et
2100 1049 2250 1103 aqua:
2307 1031 2615 1086 lenticulam
2662 1031 2907 1100 rapuisse
2929 1032 3007 1094 ⁸ος
3065 1041 3253 1102 postea
3286 1033 3393 1086 illis

1818 1126 1909 1196 qui
1941 1126 2082 1180 illius
2120 1124 2375 1178 custodes
2399 1132 2575 1187 erant,
2605 1124 2904 1178 revelasse.
2943 1122 3202 1192 Sequitur
3229 1123 3391 1178 tertia
3433 1182 3446 1191 ,

1819 1218 2061 1272 narratio
2084 1217 2150 1280 δί,
2186 1215 2442 1270 Davidem
2483 1216 2550 1270 ad
2599 1217 2780 1271 Achar
2830 1231 3009 1285 regem
3047 1215 3182 1271 Geth
3241 1218 3390 1270 aul'n-

1817 1311 1980 1379 gisse,
2012 1321 2065 1363 et
2099 1326 2260 1381 quam
2296 1311 2500 1364 invenit
2529 1309 2761 1380 gratiam
2798 1307 2965 1362 David
2996 1317 3115 1376 post
3149 1325 3232 1363 res
3256 1326 3394 1378 pra:-

1816 1402 1960 1458 clare
1989 1411 2190 1473 gestas,
2240 1404 2304 1457 ad
2357 1418 2539 1472 quem,
2576 1422 2592 1454 ι
2625 1401 2886 1470 Corporis
2939 1402 3043 1455 mei
3107 1403 3388 1458 custodem

1818 1496 2140 1550 constituam
2180 1504 2250 1554 te.
2295 1513 2314 1546 δ
2355 1495 2530 1565 inquit
2557 1496 2623 1548 θ’.
2665 1493 2864 1550 Ultima
2904 1494 3147 1550 omnium
3184 1504 3267 1550 est
3303 1510 3392 1550 ce-

1816 1586 1982 1644 lebris
2031 1588 2258 1643 historia
2303 1588 2370 1643 de
2404 1588 2742 1656 ventriloqua
2782 1597 2838 1643 et
2875 1587 3128 1643 Samuele
3157 1587 3224 1642 ⁵³.
3264 1588 3387 1642 Visa

1816 1696 2046 1750 namque
2063 1691 2148 1736 est
2170 1681 2505 1751 ventriloqua
2532 1681 2837 1736 Samuelem
2864 1695 3150 1747 evocasse;
3172 1679 3387 1735 Samuel

1820 1769 1964 1824 Sauli
2017 1773 2368 1830 vaticinatur.
2413 1771 2678 1839 Quaelibet
2732 1771 2927 1825 harum
2964 1771 3218 1840 partium,
3270 1786 3391 1838 quae

1819 1874 2053 1932 quatuor
2078 1874 2223 1930 sunt,
2253 1879 2433 1918 rerqu
2455 1864 2632 1933 copia,
2654 1864 2816 1917 etiam
2837 1862 2922 1917 his
2945 1862 3035 1931 qui
3054 1863 3204 1916 hisce
3228 1862 3402 1916 rebus.

1817 1957 2186 2013 examinandis
2207 1957 2316 2028 apti
2340 1970 2484 2022 sunt,
2517 1972 2627 2010 non
2653 1955 2833 2021 unius,
2859 1953 2955 2009 sed
2980 1953 3270 2023 plurimum
3295 1954 3386 2006 ho-

1817 2064 1998 2105 rarum
2019 2065 2364 2121 congressum
2386 2049 2716 2116 occupando,
2740 2045 3011 2118 negotium
3035 2045 3276 2099 lacesset.
3292 2043 3402 2097 Ar-

1818 2140 2018 2194 bitratu
2044 2156 2142 2194 suo
2168 2149 2396 2208 partem,
2423 2155 2586 2209 quam
2618 2130 2767 2203 vult,
2789 2145 3054 2207 proponat
3076 2136 3382 2205 episcopus,

1816 2238 1874 2284 ut
1899 2231 1950 2283 in
1973 2230 2023 2283 id
2043 2230 2278 2284 studium
2300 2240 2541 2284 nostrum
2561 2229 2924 2285 eoaferamus.
2945 2228 3074 2294 Quze
3095 2229 3161 2283 de
3181 2229 3388 2282 ventri-

1817 2319 1972 2390 loqua
1996 2321 2417 2385 uarrantur,ait,
2437 2317 3132 2374 examinentur..Nonnullaa
3151 2317 3388 2373 historia:

1817 2419 2001 2466 nostra
2022 2426 2126 2464 non
2151 2411 2442 2464 intersunt.
2468 2411 2541 2463 lta
2564 2425 2687 2464 vero
2709 2409 2921 2464 locutus
2949 2423 3101 2473 sum;
3135 2409 3386 2479 quande-

1815 2503 2034 2571 quidem
2066 2502 2134 2556 ad
2174 2500 2400 2557 altiores
2436 2516 2616 2556 rerum
2657 2515 2882 2566 sensus,
2932 2499 3387 2568 sublimioresque

1815 2592 2054 2645 nondum
2088 2591 2456 2660 pervenimus,
2487 2588 2578 2658 qui
2613 2589 2867 2642 omnibus
2902 2587 3064 2642 utiles
3093 2595 3242 2650 sunt,
3275 2595 3384 2638 tum

1814 2682 1882 2737 iis
1905 2683 1994 2750 qui
2014 2681 2137 2736 illos
2156 2680 2428 2750 proferre,
2455 2688 2568 2734 tum
2590 2679 2655 2734 iis
2678 2679 2772 2747 qui
2791 2678 2912 2732 illos
2929 2677 3116 2731 audire
3137 2685 3383 2746 possunt.

1811 2772 1970 2844 491
2013 2772 2326 2842 Evemplum
2364 2779 2447 2825 est
2493 2771 2719 2826 historia
2754 2771 2820 2824 de
2856 2768 2956 2824 Lot
3021 2777 3076 2822 et
3105 2767 3222 2836 eius
3249 2765 3385 2819 lilia-

1811 2867 1931 2920 bus.
1967 2865 2022 2919 Si
2055 2881 2214 2920 sensu
2263 2865 2518 2935 mystico,
2559 2878 2623 2916 ac
2674 2861 2974 2926 recondito,
3006 2860 3244 2927 aliquam
3275 2871 3396 2926 prae

1812 2971 1872 3011 se
1919 2955 2023 3011 lert
2069 2957 2385 3022 utilitatem,
2412 2957 2553 3010 Deus
2600 2955 2770 3017 novit,
2798 2962 2852 3007 et
2884 2953 2927 3008 is
2962 2952 3050 3008 cui
3094 2953 3234 3006 Deus
3260 2965 3358 3018 gra

1817 3050 1944 3102 tiam
1977 3048 2210 3103 contulit
2250 3062 2534 3102 sermones
2579 3046 2698 3101 illos
2753 3043 3124 3099 exatuinandi.
3163 3040 3218 3096 Si
3254 3056 3396 3094 vero!

1813 3148 2109 3203 secundum
2135 3147 2374 3200 historia:
2405 3146 2600 3199 seriem
2635 3144 2936 3214 perquires,
2959 3141 3176 3196 cuinam
3212 3137 3385 3192 histo—

1814 3240 1889 3292 ria
1917 3238 2040 3305 Lot,
2073 3239 2325 3309 illiusque
2353 3237 2586 3292 ﬁliarum
2621 3237 2841 3291 utilitati
2872 3235 3004 3289 mihi
3029 3232 3144 3288 est?
3176 3230 3384 3287 Simili-

1813 3341 1897 3386 ter
1949 3333 2221 3401 quodnam
2271 3331 2401 3385 mihi
2448 3332 2559 3398 jam
2621 3331 2765 3384 dicta
2813 3329 2880 3382 de
2938 3326 3280 3394 ventriloqua
3331 3322 3386 3378 et

1814 3420 1974 3474 Saule
2008 3421 2234 3474 historia
2265 3421 2426 3473 atl‘ert
2460 3417 3124 3474 emolumentum?0mnia
3161 3414 3383 3480 veritas,

1813 3527 1933 3580 qua:
1961 3513 2012 3565 in
2048 3527 2299 3566 sermone
2327 3522 2432 3577 est,
2458 3513 2766 3567 necessario
2788 3517 3026 3579 superat.
3053 3505 3185 3572 Quis
3212 3506 3381 3571 enim,

1811 3606 2067 3674 prmsenti
2111 3605 2220 3660 vita
2268 3605 2505 3669 deserta,
2538 3604 2638 3659 sub
2680 3611 2949 3674 potestate
2979 3602 3239 3657 daemonis
3266 3615 3386 3655 esse

1812 3697 1976 3750 velit?
2004 3697 2070 3753 Ut
2093 3697 2432 3764 ventriloqua
2467 3704 2656 3750 evocet
2702 3711 2808 3749 non
2844 3712 2874 3750 e
2907 3695 3157 3752 ﬁdelibus
3193 3709 3381 3757 unum,

1815 3791 1909 3844 sed
1959 3788 2262 3864 Samuelem
2304 3789 2643 3858 prophetam,
2677 3787 2741 3841 de
2769 3803 2876 3857 quo
2915 3788 3054 3842 Deus
3093 3800 3188 3858 per
3230 3785 3386 3840 Jere~

1811 3883 1974 3936 iniam
2019 3881 2296 3936 dixerat“
2323 3871 2336 3933 ε
2367 3899 2386 3932 ι
2417 3879 2599 3949 Neque
2627 3883 2670 3934 si
2705 3880 2918 3951 Moyses
2953 3889 3007 3936 et
3039 3878 3257 3934 Samuel
3287 3895 3384 3932 au-

1813 3985 1863 4028 te
1899 3973 2092 4028 faciem
2148 3959 2345 4039 meam,
2397 3987 2491 4026 eos
2548 3973 2869 4036 exaudiam;
2901 3990 2919 4022 ι
2977 3972 3042 4024 de
3096 3985 3204 4039 quo
3254 3969 3380 4022 item

1812 4067 2079 4136 Propheta
2108 4065 2311 4119 fatetur
2335 4065 2388 4118 in
2416 4063 2632 4134 hymnis
2653 4063 2737 4116 ωε
2771 4081 2788 4113 ι
2837 4061 3045 4132 Moyses
3095 4070 3150 4115 et
3201 4060 3381 4113 Aaron

2735 4249 2780 4281 ⁵³
2804 4248 2933 4304 ibid.
2959 4248 3013 4303 8.
3109 4247 3156 4279 “
3178 4244 3378 4301 Jerern.

1881 4480 1961 4545 (5)
2001 4479 2406 4547 Προφητεύει..
2457 4477 2957 4544 Fortelegendum,
2990 4472 3377 4547 προφητεύειν,

1879 4551 1956 4620 (μί)
1997 4545 2359 4616 Περικοπῶν.
2411 4547 2724 4620 Περικοπάς
2764 4547 2849 4599 hic
2875 4545 3123 4620 appellat,
3165 4558 3284 4613 qua:
3328 4547 3380 4604 in

1809 4617 2005 4673 usitata
2079 4620 2366 4672 bibliorum
2423 4618 2772 4672 distinctione
2828 4617 3006 4680 capita
3061 4623 3378 4672 censentur.

1808 4690 2126 4757 Quanquam
2151 4689 2252 4742 alia
2280 4697 2408 4741 tunc
2441 4697 2560 4740 erat
2583 4701 2861 4740 sacrorum
2895 4685 3158 4736 librorum
3185 4683 3381 4757 divisio

1809 4754 2147 4830 atque—nunc
2183 4768 2306 4830 est:
2345 4772 2473 4830 suos
2515 4757 2658 4810 enim
2711 4770 2918 4830 versus.
2972 4769 3069 4830 sua
3118 4754 3378 4830 capitula,

1810 4825 1936 4885 suos
1973 4829 2154 4883 titulos
2201 4828 2470 4883 habebant
2512 4842 2540 4879 a
2589 4825 2790 4881 nostris
2817 4825 2975 4893 plane
3015 4825 3287 4878 diversos.
3322 4827 3378 4882 ιιι

1813 4911 2052 4954 veterum
2085 4899 2382 4969 Scriptura:
2425 4898 2778 4969 interpretum
2815 4894 3195 4969 commentarii
3242 4897 3381 4969 satis

1810 4971 2061 5039 probant,
2094 4970 2186 5036 qui
2211 4963 2344 5039 suis
2374 4963 2611 5021 distincti
2639 4974 2764 5020 sunt
2793 4963 3094 5033 capitibus.
3123 4980 3152 5018 a
3178 4968 3380 5039 nostris

1809 5037 2032 5094 omnino
2062 5040 2274 5094 alienis.
2304 5037 2553 5108 Vulgata,
2577 5039 2861 5108 istagquam
2891 5049 3236 5108 usurpamus,
3268 5037 3379 5090 dis;

1812 5111 2001 5184 tinctio
2049 5112 2319 5165 recentior
2361 5104 2473 5184 est;
2532 5123 2631 5162 nec
2673 5104 2970 5177 Scriptura)
3022 5104 3248 5184 solum,
3283 5109 3378 5161 sed

1810 5183 2141 5235 exoticorum
2189 5173 2549 5248 quorumdam
2599 5173 2905 5240 auctorum,
2943 5175 3040 5244 qui
3077 5173 3228 5248 _olim_
3259 5192 3375 5248 uno

1810 5261 2066 5305 contextu
2083 5261 2136 5306 et
2161 5245 2302 5305 serie
2331 5249 2605 5318 descripti,
2623 5248 2736 5302 suis
2754 5263 2896 5301 nunc
2909 5245 3091 5318 ornati
3103 5245 3378 5318 capitibus

1812 5333 1860 5375 et
1881 5321 2047 5374 titulis
2061 5321 2331 5375 videntur.
2352 5320 2404 5372 Id
2427 5315 2552 5373 ante
2570 5334 2741 5373 annos
2763 5318 2984 5372 circiter
3005 5315 3218 5368 millein
3248 5315 3376 5368 Ari-

1803 5392 1993 5444 stotele
2004 5400 2055 5445 et
2069 5391 2187 5446 aliis
2201 5389 2566 5459 compluribus
2579 5391 2939 5459 studiosorum
2955 5387 3230 5459 hominum
3247 5399 3378 5459 cura

1806 5461 2121 5526 attentavit;
2151 5456 2378 5531 quorum
2413 5460 2730 5513 industriam
2757 5456 3175 5531 mutulatihujus
3201 5457 3378 5508 aetatis

1807 5530 2008 5592 critici,
2055 5524 2308 5584 auctores
2345 5531 2616 5597 hodieque
2641 5530 2924 5582 divellunt.
2969 5524 3375 5597 Non’uegamus

1810 5609 1991 5655 tamen
2025 5603 2318 5670 scriptores
2343 5595 2572 5670 aliquos,
2609 5598 2874 5670 Agellium
2923 5605 3078 5670 pu_ta,
3113 5595 3373 5670 librorum

1811 5687 2034 5724 suorum
2072 5664 2341 5740 capitibus
2387 5664 2571 5726 tilulos
2621 5664 2938 5736 pi‘telixisse.
2975 5664 3084 5723 Sed
3125 5667 3244 5722 inec
3276 5679 3375 5726 sua

1806 5740 1924 5798 loco
1952 5742 2262 5798 disserenda
