3870 6520
492 308 630 365 10Ιό

1934 303 2258 362 ORIGENIS

3611 306 3729 363 1M5

492 424 547 481 iu
605 422 978 479 sacerdotibus
1026 420 1164 489 ejus,
1204 427 1258 476 et
1313 419 1534 476 Samuel
1580 421 1633 477 in
1688 421 2053 480 invocantibus

2166 425 2489 497 ακούσομαιο
2531 443 2549 477 ι
2583 425 2710 497 περὶ
2746 418 2806 479 οὗ
2837 443 3000 496 φησιν
3051 427 3080 478 6
3120 424 3422 497 Προφήτης
3452 426 3512 478 ὲν
3540 425 3721 497 ὕμνοις-

492 534 691 575 nomen
724 516 873 586 ejus:
897 516 1223 571 invocabant
1249 515 1557 582 Dominum,
1588 524 1642 572 et
1668 516 1782 586 ipse
1806 517 2065 573 exaudie-

490 613 585 667 bat
609 626 723 675 eos,
752 610 806 664 in
838 609 1088 664 columna
1130 609 1291 664 nubis
1338 609 1663 679 loquebatur
1696 608 1761 663 ad
1798 624 1928 677 eos;
1958 628 1976 661 ι
2010 618 2066 663 et

490 703 598 759 alio
637 702 755 757 loco
782 719 796 755 :
825 699 921 756 «Si
974 700 1226 756 steterint
1282 700 1494 771 Moyses
1539 707 1591 756 et
1626 700 1870 765 Samuel,
1902 710 1955 755 et
1981 702 2066 757 de-

458 797 693 869 .precati
728 794 952 862 fuerim,
980 815 999 848 »
1049 803 1252 852 etc.....
1307 796 1476 860 Itane,
1520 795 1565 850 si
1606 794 1725 849 talis
1771 810 1833 851 ac
1881 803 2063 851 tantus

488 891 590 946 sub
642 899 789 944 terra
834 896 975 957 erat,
1010 897 1065 945 et
1112 888 1363 946 evocavit
1408 887 1554 942 illum
1596 887 1954 959 ventriloqua,
2001 889 2053 942 in

488 981 724 1035 animam
771 982 1152 1051 propheticam
1200 979 1411 1034 daemon
1483 987 1808 1049 potestatem
1857 980 2064 1033 habet?

488 1072 628 1142 Quid
649 1073 927 1130 dicemus?
951 1073 1236 1144 Scriptane
1261 1073 1375 1128 hmc
1401 1073 1564 1128 sunt?
1583 1072 1792 1128 Verane
1815 1089 1875 1128 ea
1904 1083 2026 1128 sunt
2044 1113 2057 1136 ,

485 1181 670 1220 annon
693 1175 818 1221 sunt
841 1152 1010 1222 vera?
1038 1165 1198 1221 Certe
1212 1179 1460 1220 asserere
1476 1180 1536 1219 ea
1562 1182 1686 1220 vera
1710 1181 1815 1220 non
1836 1180 1979 1230 esse,
2004 1167 2057 1220 tu

485 1257 863 1314 infidelitatem
896 1258 1124 1322 inducit,
1148 1259 1419 1327 cadetque
1450 1273 1611 1327 super
1653 1258 1948 1314 dicentium
1976 1274 2064 1313 ca—

486 1350 619 1421 pita.
659 1348 796 1406 Vera
840 1365 985 1416 esse,
1046 1350 1483 1421 disquisitionem
1558 1349 2060 1420 dubitatioeemque

486 1441 644 1497 nobis
678 1442 922 1497 exhibet.
957 1441 1173 1498 Scimus
1204 1457 1270 1497 ex
1303 1444 1506 1498 nostris
1530 1442 1794 1499 fratribus
1829 1444 2062 1498 nonnul-

485 1530 569 1587 los
600 1532 918 1588 adversatos
949 1533 1247 1605 Scripturae
1283 1536 1505 1600 dixisse,
1550 1534 1915 1605 Yentriloqure
1950 1547 2054 1587 nou

486 1625 678 1680 credo.
720 1625 1076 1707 Ventriloqua
1129 1638 1319 1680 narrat
1365 1643 1425 1683 se
1467 1629 1774 1684 SamUelem
1814 1627 2053 1692 vidisse;

487 1715 775 1783 mentitur;
828 1717 1043 1772 Samuel
1085 1733 1191 1773 non
1230 1728 1311 1774 est
1356 1726 1649 1787 evocatus;
1694 1719 1913 1775 Samuel
1949 1734 2054 1773 non

2172 537 2190 568 ι
2235 517 2440 589 Μωσῆς
2476 517 2572 571 καὶ
2621 516 2831 587 Ἀαρὼν
2865 519 2922 569 ὲν
2963 520 3076 580 τοῖς
3129 515 3377 589 ἱερεῦσιν
3420 517 3603 575 αὑτοῦ.
3652 526 3728 574 κεί

2164 610 2415 683 Σαμουὴλ
2434 613 2492 666 ἐν
2512 614 2625 675 τοῖς
2656 612 3104 683 ἐπικαλουμένοις
3135 612 3196 666 τὸ
3211 612 3388 684 ὄνομα
3414 611 3597 665 αὑτοῦ·
3626 615 3730 665 ἐπα

2166 703 2428 758 καλοῦντο
2448 704 2539 757 τὸν
2565 702 2792 775 Κύριον,
2823 705 2917 757 καὶ
2935 704 3098 768 αύτδς
3127 705 3423 775 εἰσήκουεν
3462 702 3655 765 αὐτῶν,
3683 706 3725 754 ἐν

2167 796 2343 868 στύλῳ
2371 795 2601 867 νεφέλης
2647 794 2823 850 ἐλάλει
2858 795 2994 865 πρὸς
3026 795 3243 859 αύτούς·
3281 814 3301 845 ι
3355 794 3453 847 καὶ
3496 794 3724 865 ἀλλαχοὲ

2171 906 2188 939 ι
2226 887 2351 943 Ἐὰν
2374 890 2470 958 στῇ
2498 888 2736 959 Μωῦσῆς
2752 887 2845 940 καὶ
2861 886 3130 958 Σαμουὴλ,
3148 888 3242 940 καὶ
3263 885 3681 959 προσεύξωνται,
3707 907 3722 937 ι

2163 982 2257 1034 καὶ⁹
2290 980 2356 1034 τὰ
2377 979 2573 1051 ἑξῆς...
2613 975 2869 1052 Ἀρόὗν,
2897 980 2945 1033 εἰ
2964 982 2992 1033 6
3022 978 3345 1051 τηλικοῦτος
3371 977 3480 1031 ὑπὸ
3508 979 3603 1048 τὴν
3622 979 3725 1047 γῆς,

2164 1074 2258 1128 καὶ
2290 1076 2564 1146 ἀνήγαγεν
2598 1073 2817 1145 αύτὺνὴ
2850 1071 3308 1144 ἐγγαστρίμυθος,
3354 1070 3606 1135 ἐξουσίαν
3636 1072 3725 1139 ἒχῑι

2164 1167 2437 1237 δαιμόνιον
2465 1165 2642 1237 ψυχῆς
2679 1147 3059 1239 προφητικῆς
3103 1163 3170 1217 Τί
3208 1164 3500 1234 εἰπωμενς
3551 1163 3727 1233 Γέγρα-

2165 1276 2295 1312 πται
2319 1256 2525 1324 ταῦτα;
2574 1258 2772 1329 Ἀληθῆ
2824 1257 2997 1324 ἐστιν,
3030 1256 3064 1327 ἢ
3096 1258 3199 1310 ούκ
3241 1255 3393 1309 ἔστιν
3433 1254 3608 1324 ἀληθῆ
3628 1271 3642 1313 ;
3670 1256 3727 1306 τὸ

2168 1347 2264 1417 μὲν
2288 1348 2362 1419 μὴ
2394 1343 2533 1403 εἶναι
2567 1348 2738 1421 ἀληθῆ
2778 1348 2977 1417 λέγειν,
3012 1350 3091 1411 εἰς
3119 1348 3383 1401 ἀπιστίαν
3432 1346 3727 1417 προτρέπει·

2162 1440 2384 1512 χωρήσῃ
2410 1439 2499 1492 ἐπὶ
2521 1439 2757 1509 κεφαλάς
2778 1440 2884 1493 τῶν
2899 1440 3185 1509 λεγόντων·
3216 1438 3279 1491 τὸ
3302 1440 3363 1492 δὲ
3386 1436 3528 1491 εἶναι
3556 1438 3726 1507 ἀληθῆ,

2163 1532 2388 1604 ζήτησιν
2422 1532 2513 1585 καὶ
2542 1532 2870 1604 ὲξαπόρησιν
2904 1534 3035 1603 ἡμῖν
3062 1530 3313 1601 παρέχει.
3341 1530 3460 1584 Καὶ
3494 1530 3601 1601 μὴν
3622 1532 3727 1598 τοΞν

2162 1621 2319 1694 ἴσμεν
2350 1621 2501 1687 τινας
2526 1621 2635 1676 τῶν
2661 1623 2938 1693 ἡμετέρων
2958 1621 3199 1690 ἀδελφῶν
3225 1619 3655 1689 ἀναϐλέψαντας
3673 1624 3725 1691 τῇ

2162 1714 2372 1785 Γραφῇ,
2405 1715 2498 1767 καὶ
2530 1713 2811 1780 λέγοντας,
2835 1714 2909 1766 Οὐ
2941 1713 3180 1768 πιστεύω
3208 1717 3276 1785 τῇ
3300 1712 3725 1783 ἐγγαστριψιη⁵

485 1780 901 1879 Ιοιιυίιυνξδοά
957 1812 1412 1880 quemadmodum
1464 1780 2053 1883 pseudoprophetarum

2162 1780 2392 1878 Λέγει-ὴ
2428 1806 2862 1878 ἐγγαστρίμυθος
2890 1805 3215 1880 ἐορταμέναι
3364 1805 3458 1858 τὸν

485 1900 653 1972 aliqui
687 1898 925 1955 fatentur
956 1921 968 1956 :
999 1917 1019 1953 ι
1063 1899 1186 1955 llaec
1215 1903 1346 1957 dicit
1381 1902 1660 1967 Dominus,
1694 1921 1712 1954 ι
1743 1912 1822 1957 et:
1852 1900 2060 1956 «Domi-

484 2007 589 2048 nus
607 2008 711 2047 uon
734 1992 944 2048 locutus
962 2002 1046 2049 est
1065 2010 1078 2060 ;
1102 2013 1120 2047 ι
1144 1995 1222 2049 sic
1237 2004 1289 2049 et
1315 1995 1636 2071 daemonium
1657 1995 1759 2051 hoc
1776 1993 1938 2049 menti
1951 2002 2055 2051 tur.

484 2086 610 2141 dum
661 2087 727 2141 ad
766 2084 946 2141 Saulis
991 2085 1321 2141 voluntatem
1370 2088 1660 2157 pollicetur
1712 2101 1879 2140 unum
1926 2083 2059 2139 edu-

483 2191 645 2233 cere:
675 2195 694 2228 ι
723 2178 892 2243 Quem
936 2177 1106 2245 enim,
1153 2179 1230 2234 ait
1252 2179 1320 2248 ⁸⁸,
1352 2179 1617 2235 educam?
1644 2176 1865 2235 Samuel
1923 2176 2053 2230 mihi

481 2278 758 2323 evocetur.
785 2288 802 2321 ι
849 2268 975 2325 llmc
1010 2270 1102 2340 qui
1156 2270 1300 2326 hanc
1341 2270 1622 2326 historiam
1669 2270 1834 2324 veluti
1867 2268 2056 2323 falsam

480 2372 815 2433 oppugnant,
860 2363 1166 2432 producunt
1198 2380 1211 2416 :
1244 2361 1461 2417 Samuel
1510 2363 1648 2433 apud
1692 2361 1934 2416 inferos?
1968 2359 2058 2416 Sa-

478 2453 625 2510 muel
688 2469 718 2508 a
759 2453 1101 2525 ventriloqua
1174 2455 1448 2521 educitur,
1502 2453 1890 2527 prophetarum
1949 2452 2060 2507 exi-

481 2545 660 2613 mius;
712 2546 778 2601 ab
827 2547 939 2616 ipsa
968 2545 1252 2600 uativitate
1282 2546 1392 2600 Deo
1443 2555 1794 2601 consecratus
1814 2544 1858 2576 ⁵⁷
1884 2586 1902 2613 ,
1931 2552 2058 2601 ante

481 2638 816 2693 nativitatem
865 2628 1153 2709 iu'templo
1200 2638 1411 2693 futurus
1470 2636 1855 2703 deuuutiatus;
1898 2647 2055 2692 ante-

479 2742 643 2797 quam
675 2744 705 2784 a
759 2739 934 2784 matre
974 2729 1344 2785 ablactaretur
1383 2712 1567 2800 ephod
1614 2729 1855 2792 indutus,
1887 2738 1942 2784 et
1975 2729 2057 2783 die

478 2817 660 2885 ploide
713 2823 965 2883 amictus,
1020 2828 1073 2874 et
1129 2820 1341 2875 Domini
1404 2820 1683 2874 sacerdos.
1731 2817 2053 2883 effectus";

478 2924 639 2980 quem
685 2925 811 2966 cum
853 2912 1032 2967 adhuc
1082 2913 1136 2967 in
1171 2913 1356 2982 pueris
1390 2922 1535 2967 esset
1567 2912 1708 2967 Deus
1740 2922 1823 2968 est
1856 2913 2056 2968 allocu-

479 3012 569 3058 tus
591 3003 683 3057 ⁸⁹ἳ
731 3003 950 3059 Samuel
1003 3005 1142 3074 apud
1191 3003 1440 3059 inferos?
1480 3003 1700 3058 Samuel
1749 3004 1802 3058 in
1852 3005 2084 3060 subter-.

478 3094 686 3161 raneis,
721 3097 813 3164 qui
841 3096 976 3161 Heli,
1015 3104 1240 3167 propter
1270 3095 1505 3150 filiorum
1533 3096 1739 3151 scelera
1774 3103 1829 3151 et
1864 3096 2055 3167 impie-
2082 3127 2124 3183 α

479 3195 619 3243 tates
649 3204 677 3243 a
703 3189 1051 3244 Providentia
1086 3191 1472 3254 condemnato,
1508 3191 1806 3245 successit?
1837 3189 2056 3245 Samuel

483 3280 628 3348 apud
679 3282 902 3346 inferos,
937 3298 1096 3352 quem
1153 3292 1397 3354 tempore
1448 3284 1641 3339 messis
1689 3282 1859 3338 tritici
1915 3283 2055 3338 Deus

476 3371 773 3437 exaudivit,
819 3372 1184 3444 elargitusque
1232 3384 1338 3437 est.
1377 3384 1433 3429 ut
1468 3374 1642 3428 imber
1683 3372 1748 3428 de
1789 3372 1929 3427 coelo
1961 3388 2055 3427 ca-

478 3462 628 3515 deret
648 3460 731 3514 “‘1
761 3460 977 3518 Samuel
1027 3464 1167 3534 apud
1217 3462 1444 3529 inferos,
1489 3463 1581 3533 qui
1628 3462 1739 3518 haec
1776 3463 1956 3518 omnia
1993 3462 2055 3516 li-

477 3551 606 3608 bere
641 3561 805 3624 atque
848 3552 1077 3623 ingenue
1105 3554 1294 3610 dixit“
1326 3573 1339 3609 :
1373 3573 1392 3607 ι
1425 3554 1481 3608 Si
1506 3554 1861 3610 desiderabile
1891 3552 2053 3626 492

476 3645 707 3716 alicujus
754 3647 1017 3715 accepi?»
1055 3646 1175 3703 Non
1215 3648 1427 3717 accepit
1462 3647 1717 3713 vitulum,
1748 3662 1852 3701 non
1893 3627 2054 3701 acce-

475 3737 553 3805 pit
591 3737 807 3802 bovem,
849 3737 1138 3806 judicavit,
1168 3739 1662 3808 condemnavitque
1700 3741 1976 3808 populum.
2000 3747 2053 3795 et

476 3841 682 3898 pauper
726 3829 971 3884 mansit:
1004 3846 1280 3900 nunquam
1313 3831 1522 3900 aliquid
1569 3845 1599 3885 a
1653 3830 1745 3885 tali
1795 3839 2053 3899 tantoque

475 3918 677 3988 populo
714 3920 1041 3975 desideravit
1089 3922 1355 3992 accipere.
1386 3921 1451 3977 Ut
1478 3921 1607 3992 quid
1658 3919 1878 3978 Samuel
1909 3924 2049 3994 apud

477 4009 680 4065 inferos
752 4012 1003 4066 videtur?
1065 4013 1197 4080 Quis
1253 4014 1394 4083 apud
1458 4014 1663 4069 inferos
1741 4014 2048 4070 Samuelem

474 4102 763 4172 sequitur?
784 4104 998 4160 Samuel
1027 4106 1169 4175 apud
1195 4106 1402 4162 inferos
1420 4108 1443 4162 ?
1459 4105 1638 4174 Quare
1663 4124 1769 4164 nou
1802 4117 1856 4162 et
1880 4108 2051 4162 Abra-

475 4194 624 4259 ham,
672 4204 726 4249 et
775 4195 945 4262 Isaac,
975 4207 1028 4251 et
1058 4195 1227 4251 Jacob
1269 4200 1410 4267 apud
1460 4199 1663 4253 inferos
1728 4200 1893 4255 sunt?
1946 4197 2016 4255 Sa

473 4285 619 4340 muel
659 4286 802 4358 apud
837 4287 1072 4345 inferos?
1104 4287 1285 4355 Quare
1321 4306 1427 4345 non
1455 4299 1509 4344 et
1547 4289 1780 4361 Moyses,
1818 4292 1911 4360 qui
1942 4306 2047 4345 una

473 4391 597 4431 cum
624 4377 898 4444 Samuele,
929 4388 988 4433 ut
1017 4380 1217 4435 dictum
1258 4390 1361 4443 est,
1392 4378 1739 4451 coniungitur
1764 4383 1808 4414 “
1837 4400 1851 4437 :
1887 4401 1905 4434 ι
1938 4381 2044 4438 Ne-

2158 1897 2429 1969 ψεύδεταιυ
2468 1900 2727 1973 ⁸Σαμουὴλ
2758 1899 2859 1952 ούκ
2900 1897 3127 1969 ἁνήχθη’
3163 1896 3428 1969 Σαμουὴλ
3460 1897 3526 1949 οὗ

2171 1989 2307 2042 Ἀλλ’
2354 1989 2542 2062 ὥσπερ
2592 1992 2697 2045 εἰσί
2756 2007 2901 2055 τινες
2955 1988 3413 2060 ψευδοπροφῆται
3479 1986 3722 2055 λέγοντες

2165 2101 2182 2132 r
2223 2082 2359 2136 Τάδε
2401 2082 2546 2152 λέγει
2587 2082 2812 2155 Κύριος,
2858 2101 2877 2133 ι
2928 2080 3042 2135 καῖ’
3098 2101 3117 2133 r
3156 2081 3371 2152 Κύριος
3409 2079 3514 2133 οὒκ
3554 2079 3722 2149 ἐλάλει

2160 2184 2261 2221 σειν
2295 2168 2392 2239 (6)’
2444 2190 2461 2222 ι
2516 2170 2660 2225 οὕτω
2703 2172 2797 2225 καὶ
2837 2171 2898 2224 1:6
2948 2170 3227 2240 δαιμόνιον
3275 2169 3442 2222 τοῦτο
3474 2169 3722 2239 ψεΰεταα

2158 2261 2624 2333 ἐπαγγελλόμενον
2668 2262 2891 2330 ἀνάγειν
2923 2261 3016 2314 τὸν
3046 2259 3154 2313 ὑπὸ
3175 2259 3273 2313 τοῦ
3310 2259 3493 2312 Σαοὺλ
3522 2276 3725 2329 7:99:23-

2161 2354 2404 2425 σόμενον.
2435 2374 2453 2405 ι
2494 2355 2627 2408 Τίνα
2655 2353 2764 2426 γάρ
2792 2354 3006 2423 ἀνάγω;
3051 2372 3069 2405 ι
3101 2352 3257 2424 φησί.
3288 2371 3308 2403 ι
3344 2351 3597 2422 Σαμουὴλ
3618 2353 3723 2403 ἀνά-

2158 2448 2295 2516 γαγὲ
2347 2465 2456 2520 μοι.
2496 2467 2515 2498 ι
2554 2446 2738 2500 Ταῦτα
2770 2445 2985 2516 λέγεται
3032 2446 3140 2501 ὑπὸ
3161 2445 3272 2498 τῶν
3305 2444 3626 2514 φασκὸπιιιν
3648 2448 3723 2511 τήν

2160 2540 2398 2612 ἱστορίαν
2430 2538 2635 2610 ταύτην
2687 2538 2760 2610 μὴ
2791 2533 2927 2592 εἶναι
2962 2538 3159 2609 ἀληθῆ*
3196 2538 3461 2609 Σαμουὴλ
3502 2539 3560 2590 ἐν
3590 2538 3723 2609 ᾗόους

2156 2632 2411 2704 Σαμουὴλ
2452 2630 2557 2684 ύπδ
2594 2630 3034 2702 ἐγγαστριμύθου
3080 2631 3373 2699 ἀνάγεται,
3408 2632 3439 2684 6
3477 2629 3727 2701 ἐξαίρετος

2157 2727 2265 2781 τῶν
2296 2723 2608 2797 προφητῶν
2640 2726 2669 2779 6
2706 2723 2812 2777 ἀπὸ
2844 2723 2943 2794 τῆς
2976 2723 3247 2791 γενέσεως
3282 2723 3639 2792 ἀνακεξμενος
3665 2724 3725 2791 τῷ

2156 2816 2297 2890 Θεῷ·
2328 2820 2357 2871 6
2396 2816 2501 2888 πρὸ
2526 2816 2792 2886 γενέσεως
2822 2818 2879 2871 ἐν
2911 2815 2988 2886 τῷ
3021 2816 3152 2889 ἱερῴ
3174 2816 3479 2886 λεγόμενος
3511 2814 3722 2868 ἕσεέαι·

2156 2910 2186 2963 6
2211 2911 2327 2983 ἅμα
2347 2908 2425 2980 τῷ
2463 2908 2994 2979 άπογαλακτισθῆναι
3028 2909 3401 2979 ἐνδυσάμενος
3437 2908 3614 2976 ἑφοῦδ,
3648 2912 3725 2961 n‘:

2159 2994 2620 3076 περιϐεϐλημένος
2662 3001 2926 3068 διπλοΐδα,
2974 3004 3067 3055 καὶ
3112 3004 3297 3073 ἱερεὺς
3331 3004 3618 3072 γενόμενος
3646 3000 3723 3053 τοῦ

2158 3095 2387 3167 Κυρίου·
2413 3087 2457 3163 ᾧ
2499 3094 2694 3165 παιδίῳ
2721 3094 2799 3148 ἔτι
2824 3094 2936 3147 ὄντι
2966 3095 3342 3167 ἐχρημάτισεν
3380 3097 3412 3148 6
3435 3093 3723 3165 Κύριοςλιο

2157 3187 2265 3242 λῶν
2281 3204 2295 3253 ;
2326 3187 2582 3259 Σαμουὴλ
2605 3188 2662 3239 ὲν
2680 3187 2837 3259 ᾇδους
2864 3186 3117 3258 Σαμουὴλ
3136 3188 3194 3240 ἐν
3208 3190 3323 3251 τοῖς
3341 3185 3718 3256 καταχθονίοις

2155 3281 2184 3333 6
2206 3279 2586 3351 διαδεξάμενος
2624 3280 2764 3344 Ἠλὶ,
2792 3278 2880 3333 διά
2901 3278 2966 3332 τὰ
2996 3279 3104 3333 τῶν
3134 3280 3346 3335 τέκνων
3376 3281 3719 3351 ἁμαρτήματα

2157 3373 2250 3426 καὶ
2306 3374 2747 3445 παρανομήματα
2799 3371 3267 3427 καταδικασθέντα
3314 3373 3428 3425 ὑπὸ
3468 3373 3568 3442 τῆς
3602 3373 3719 3442 Προ-

2155 3463 2335 3529 νοίας;
2367 3464 2619 3537 Σαμουὴλ
2640 3466 2697 3518 ἐν
2722 3465 2870 3536 ᾅδου,
2899 3459 2959 3519 οὗ
2980 3468 3008 3518 6
3036 3464 3170 3529 Θεὸς
3196 3466 3511 3535 ἐπήκουσεν
3538 3468 3590 3517 ἐν
3615 3481 3717 3516 και·

2159 3554 2235 3627 ρῷ
2260 3555 2521 3627 θερισμοῦ
2550 3555 2757 3627 πυρῶν,
2784 3556 2878 3611 καὶ
2905 3556 3061 3610 ύετδν
3091 3556 3295 3610 ἔδωκεν
3324 3556 3507 3609 ἐλθεῖν
3537 3556 3718 3609 απδὼ

2158 3648 2353 3719 ρανοῦς
2382 3647 2635 3720 Σαμουὴλ
2657 3650 2715 3703 ὲν
2734 3648 2881 3719 ᾅδου.
2908 3651 2936 3702 6
2958 3648 3182 3702 τοιαῦτα
3196 3650 3715 3721 παρρησιασάμενος-

2160 3759 2179 3791 r
2225 3742 2288 3794 Ei
2318 3740 2643 3813 ἐπιθύμημα
2671 3758 2814 3805 τινος
2842 3740 3070 3807 ἔλαϐονς
3112 3761 3129 3793 ι
3171 3744 3289 3796 υύκ
3322 3741 3486 3796 ἔλαϐε
3524 3744 3610 3795 τῦν
3634 3742 3715 3810 μὲ-

2155 3848 2301 3902 σχον,
2326 3833 2428 3886 ούκ
2447 3831 2606 3886 ἔλαϐε
2633 3831 2725 3886 τὸν
2752 3830 2899 3904 βοῦν,
2934 3832 3140 3905 ἔκρινε,
3176 3834 3276 3887 καὶ
3300 3832 3619 3887 κατεδίκασε
3641 3831 3714 3884 ἐν

2151 3923 2298 3990 λαὸν,
2346 3924 2523 3995 μένων
2556 3924 2742 3995 πένης·
2794 3925 3051 3979 οὐδέποτε
3096 3924 3419 3998 ἐπεθύμησε
3465 3925 3635 3979 λαϐεῖν
3673 3941 3713 3975 τι

2153 4017 2260 4072 ἀπὸ
2286 4017 2606 4090 τηλικούτου
2638 4017 2768 4070 λαοῦ
2788 4019 2881 4071 καὶ
2896 4017 3173 4073 τοσούτου.
3203 4019 3463 4091 Σαμουὴλ
3495 4020 3577 4072 ἵνα
3595 4019 3643 4071 τί
3666 4020 3713 4069 ἐν

2152 4108 2520 4181 ᾆὼυὸρᾶταω
2553 4109 2648 4175 Τίς
2682 4107 2964 4163 ἀκολουθεῖ
2984 4108 3060 4179 τῷ
3080 4110 3339 4181 Σαμουὴλ
3369 4113 3428 4162 ὲν
3453 4108 3713 4180 6563;21-

2154 4199 2323 4272 μουὴλ
2357 4201 2413 4253 ὲν
2436 4200 2593 4271 ᾇδου;
2618 4200 2717 4253 Διά
2742 4200 2794 4253 τί
2816 4202 2936 4271 οὐχ).
2968 4201 3061 4254 καὶ
3096 4200 3371 4271 Ἀϐραὰμ,
3403 4201 3498 4253 καὶ
3532 4200 3709 4257 Ἰσαὲκ.

2151 4293 2245 4345 καὶ
2281 4292 2474 4346 Ἰακὼϐ
2504 4295 2562 4348 ὲν
2598 4293 2756 4365 ᾇδους
2802 4293 3055 4365 Σαμουὴλ
3086 4295 3147 4347 ὲν
3175 4294 3342 4365 ᾆδου;
3394 4294 3492 4347 Διά
3519 4295 3569 4349 τί
3606 4293 3709 4362 ούῄ

2149 4384 2243 4436 καὶ
2275 4385 2481 4455 Μωσῆς
2538 4383 2567 4435 6
2604 4382 3031 4455 συνεζευγμένας
3073 4383 3154 4455 τῷ
3194 4385 3452 4457 Σαμουὴλ
3485 4385 3617 4439 κατὰ
3658 4383 3707 4435 τι

470 4483 576 4537 que
603 4470 647 4526 si
675 4472 891 4528 steterit
921 4471 1133 4544 Moyses
1200 4482 1255 4527 et
1288 4472 1525 4540 Samuel,
1557 4489 1651 4530 eos
1677 4477 1999 4530 exattttiam?
2022 4494 2040 4528 ι

2157 4475 2458 4547 εἰρημένον·
2492 4494 2510 4526 ι
2552 4474 2685 4529 Οὐδὲ
2729 4474 2824 4529 ἐὰν
2849 4478 2946 4547 στῇ
2977 4476 3187 4547 Μωσῆς
3217 4476 3314 4530 καὶ
3339 4476 3608 4547 Σαμουὴλ,
3633 4477 3705 4526 ού-

473 4559 693 4618 Samuel
715 4564 855 4633 apud
888 4564 1133 4621 inferos?
1159 4566 1340 4633 Quare
1380 4583 1486 4622 non
1518 4576 1573 4621 et
1600 4565 1870 4623 Jeremias
1902 4569 2042 4639 apud

473 4648 801 4708 iuferos?ad
845 4670 1009 4725 quem
1058 4642 1429 4714 dictum‘est:
1467 4659 1811 4730 «Antequam
1844 4659 2045 4717 forma-

474 4756 586 4796 rem
610 4752 660 4798 te
693 4743 745 4797 iu
779 4756 955 4812 utero,
990 4750 1217 4818 cognovi
1247 4761 1321 4817 te,
1349 4764 1404 4807 et
1432 4763 1723 4824 antequam
1756 4753 1936 4807 exires
1976 4754 2045 4810 de

468 4833 650 4898 vulva,
672 4835 1004 4893 sanctificavi
1032 4849 1102 4895 te.
1128 4860 1146 4893 ι
1186 4843 1339 4912 Apud
1371 4844 1575 4901 inferos
1607 4856 1662 4902 et
1688 4846 1875 4910 Isaias,
1900 4848 2043 4916 apud

471 4924 675 4982 inferos
691 4938 746 4982 et
765 4928 1051 5000 Jeremias,
1078 4938 1216 5004 apud
1235 4937 1437 4996 inferos
1463 4941 1697 5012 denique
1716 4954 1908 4995 oumes
1925 4956 2044 5010 pro-

468 5016 672 5085 phetae,
689 5022 829 5090 apud
860 5023 1082 5082 inferos.
1106 5027 1254 5081 Talia
1272 5030 1489 5099 quidem
1508 5031 1676 5097 dicet,
1704 5031 1794 5102 qui
1816 5032 2043 5087 Samue-

467 5110 577 5166 lem
605 5126 794 5169 revera
823 5116 1075 5172 eductum
1106 5133 1226 5176 esse
1270 5125 1595 5191 pertendere
1649 5140 1713 5178 ac
1738 5139 2047 5194 propugna-

471 5220 532 5261 re
574 5220 681 5262 nou
724 5208 862 5264 vult.
901 5209 1037 5264 Cum
1084 5221 1264 5268 autem
1310 5224 1562 5284 oporteat
1596 5217 1735 5272 bene
1763 5232 1885 5272 esse
1913 5216 2045 5272 affe—

466 5303 640 5362 ctum,
667 5299 758 5368 qui
784 5298 1098 5369 Scripturas
1125 5302 1398 5373 intelligit,
1425 5307 1889 5377 probabiliterque
1905 5308 2041 5363 satis

465 5387 644 5443 oratio
678 5403 778 5445 nos
809 5390 1094 5446 deduxerit
1142 5402 1198 5446 ut
1242 5408 1368 5449 vere
1399 5412 1496 5451 nos
1528 5406 1582 5450 et
1611 5413 1958 5455 commovere
1985 5409 2038 5452 et

2147 4566 2203 4619 δὲ
2237 4567 2459 4619 ἐκείνων
2485 4565 2910 4637 εἰσακούσομαι;
2963 4585 2982 4617 ι
3029 4567 3288 4639 Σαμουὴλ
3320 4569 3382 4620 ἐν
3418 4568 3578 4639 ᾇδους
3611 4567 3703 4618 Ίνι

2149 4659 2200 4712 τί
2236 4659 2310 4731 μὴ
2340 4660 2433 4711 καὶ
2469 4658 2739 4731 Ἱερεμίας
2779 4661 2837 4713 ἐν
2860 4658 3022 4730 ᾇδους
3059 4659 3197 4729 πρὸς
3211 4659 3274 4712 ὃν
3300 4659 3535 4732 εἴρηται·
3564 4680 3581 4710 ι
3611 4658 3703 4729 Πρέι

2147 4750 2241 4804 τοῦ
2273 4769 2340 4822 με
2360 4750 2562 4805 πλάσαι
2589 4768 2648 4804 σε
2665 4752 2721 4804 ἐν
2744 4750 2940 4822 κοιλίᾳ,
2968 4751 3273 4823 ἐπίσταμαί
3293 4769 3374 4815 σε,
3402 4755 3495 4806 καὶ
3514 4753 3609 4822 πρὸ
3626 4752 3699 4804 ταῖν

2149 4862 2211 4899 σε
2248 4844 2482 4910 ἐξελθεῖν
2529 4848 2593 4899 ὲκ
2619 4841 2848 4918 ’μήτρας
2889 4846 3092 4917 ἡγίασά
3142 4862 3224 4899 σε’
3278 4864 3298 4897 ι
3345 4846 3435 4899 Ἐν
3476 4846 3595 4917 ᾆδον
3623 4845 3698 4896 καὶ

2162 4937 2409 5004 Ἡσαΐας,
2447 4937 2505 4991 ἐν
2554 4936 2681 5009 ᾅδου
2712 4938 2805 4991 καὶ
2855 4936 3142 5009 Ἱερεμίας,
3178 4938 3235 4989 ὲν
3268 4937 3400 5008 ᾅδου
3440 4938 3626 4999 πάντες
3658 4936 3695 4986 οἱ

2151 5030 2452 5101 προφῆται,
2476 5030 2534 5084 ὲν
2567 5029 2715 5099 ᾇδου.
2749 5027 2934 5082 Ταῦτα
2980 5029 3078 5098 μὲν
3111 5029 3227 5099 ἐρεῖ
3247 5031 3280 5083 ὁ
3307 5030 3382 5100 μὴ
3409 5029 3695 5099 βουλόμενος

2145 5124 2330 5193 ἀγῶνα
2383 5123 2811 5194 παραδέξασθαι.
2857 5124 2942 5177 ὅτι
2992 5124 3250 5194 Σαμουὴλ
3306 5125 3457 5176 ἐστιν
3498 5122 3693 5184 δντωςό

2146 5214 2418 5286 ἀναχθείςο
2458 5216 2643 5288 ἐπειδὴ
2690 5217 2775 5277 ,δεῖ
2812 5214 3131 5288 εὐγνώμονα
3157 5197 3298 5269 εἶναι
3320 5217 3380 5268 ὲν
3405 5214 3481 5287 τῷ
3509 5213 3691 5267 ἀκούειν

2140 5303 2248 5374 τῶν
2275 5303 2523 5377 Γραφῶν,
2563 5305 2804 5369 πιθανῶς
2850 5307 3387 5377 καταπομπήσαντος
3433 5308 3574 5376 ἡμᾶς
3616 5301 3687 5354 πί

2140 5398 2320 5468 λόγου,
2368 5400 2463 5453 καὶ
2503 5399 2718 5471 ἀληθῶς
2746 5399 3045 5471 δυναμένου
3074 5397 3329 5471 ταράξαι,
3356 5399 3449 5452 καὶ
3501 5396 3685 5464 κινῆσαι

535 5509 625 5592 “Al
656 5513 787 5584 Reg.
813 5529 1002 5582 xxvtn,
1026 5517 1111 5571 ll.
1189 5516 1277 5569 1⁵ἰι
1308 5516 1439 5588 Reg.
1471 5533 1509 5572 ι.
1586 5518 1671 5572 ³⁸1
1704 5518 1837 5590 Rcs-
1866 5536 1924 5585 ιιι
1961 5521 2047 5574 18·

2157 5519 2192 5575 Ἰ
2225 5518 2445 5589 Βρεδιι,
2467 5520 2522 5574 4.
2607 5520 2651 5553 ⁶⁰
2681 5519 2698 5575 l
2723 5519 2855 5592 Reg.
2881 5534 2983 5587 xtl,
3012 5520 3099 5575 l7.
3177 5523 3219 5556 ⁶¹
3247 5521 3380 5578 ibid.
3454 5520 3681 5576 “Iaera.

465 5582 630 5647 xv,i.

436 5706 441 5714 ι
656 5676 1057 5754 ξιιξορτιτμέναι.
1117 5681 1280 5754 Forte
1327 5683 1696 5748 scribendum,
1724 5685 2048 5754 ἑωρακέναι.

539 5746 612 5815 (6)
642 5750 761 5801 Οὐκ
788 5746 1117 5820 ἐλάλησεν.
1151 5753 1347 5810 Huctio
1391 5754 1615 5811 delenda
1666 5746 1875 5812 videtur
1901 5757 2053 5827 partit

2157 5774 2186 5824 ι,
2217 5755 2316 5809 οὐκ
