3870 6512
253 300 367 354 lt)”
1327 313 1392 368 IN
1432 312 1689 368 LIBRUM
1727 314 1964 372 REGUM
2003 315 2287 372 llOMlLlA
2327 318 2392 374 ll.
3329 325 3466 384 illis

247 417 386 486 ἡμᾶς,
423 414 614 485 ἴδωμεν
673 415 899 487 πότερόν
941 434 1067 472 ποτε
1113 420 1357 492 νενόηται
1392 424 1424 493 ἡ
1477 424 1516 475 Γ
1522 423 1668 494 ραφὴ
1717 422 1775 493 τιξ

1937 437 2189 483 oncutere
2224 430 2420 495 Valeat,
2477 430 2756 488 videamus
2803 441 2981 489 utrum
3027 446 3174 494 recte
3219 437 3465 510 Scriptu-

242 507 374 560 τοῦτο
401 507 474 577 μὴ
514 509 959 581 παραδεξαμένη)⁹
991 512 1024 582 ἢ
1065 513 1172 566 ἀπὸ
1197 514 1420 581 ἐνδόξων
1459 517 1555 585 μὲν
1586 518 1770 586 ἐπιχειι

1933 533 1980 568 is
2003 521 2328 588 perceperit,
2365 521 2458 589 qui
2492 523 2544 576 id
2573 540 2676 577 non
2707 523 2965 593 admittit,
3001 528 3084 582 vel
3119 507 3461 599 argumente-

247 603 336 670 ρεῑ.
383 599 594 653 ἐναντία
641 601 696 653 δὲ
727 601 872 674 λέγει
914 607 1023 667 τοῖς
1050 608 1472 678 γεγραμμένοις.
1504 607 1636 662 Τίνα
1682 609 1775 681 γάρ

1935 625 1980 661 ιι·
2047 611 2114 665 ab
2162 611 2480 678 illustribus,
2547 617 2954 686 pugnantiaque
3000 619 3144 674 dicat
3192 622 3297 677 illis
3343 641 3463 694 qua:

239 688 342 742 ἐστι
359 688 422 742 τὰ
449 692 839 762 γεγραμμένα;
872 713 890 744 ι
933 696 1042 749 Kal
1076 691 1228 750 εἶπεν
1259 701 1291 770 ἡ
1316 700 1472 770 γυνή’
1509 697 1642 752 Τίνα
1669 701 1767 753 ἀνα

1935 703 2092 772 :ripta
2146 715 2295 761 sunt.
2345 705 2481 760 Nam
2530 723 2649 777 qua!
2675 721 2801 764 sunt
2835 713 3034 782 scripta
3060 714 3143 769 6".7
3183 735 3201 768 ι
3231 718 3296 772 Et
3326 688 3463 773 dixit

239 779 373 847 γάγω
395 796 504 844 σοι;
543 801 561 831 »
597 782 754 846 Τίνος
783 787 1074 856 πρόσωπόν
1112 790 1226 841 ἐστι
1256 790 1316 842 τὸ
1345 789 1522 858 λέγον,
1558 812 1577 844 ‹
1621 787 1767 845 Εἶπεπ

1931 798 2100 865 mlier,
2126 797 2296 866 Quem
2326 802 2564 854 evocabo
2595 803 2724 858 tibi?
2755 824 2772 856 »
2802 779 3094 873 Cuiusnam
3121 819 3203 865 est
3227 827 3459 880 persona

239 872 437 943 ἡγυνή;
485 891 504 924 »
549 869 695 945 Ἀρα
729 877 790 928 τὸ
819 879 1108 947 πρόσωπον
1147 879 1300 948 ἁγίου
1340 882 1678 953 Πνεύματος,
1730 885 1767 936 ἐι

1936 889 2002 954 la,
2047 905 2168 958 qua:
2220 890 2354 946 dicit
2387 909 2402 945 :
2437 910 2455 942 ι
2480 892 2624 946 Dixit
2653 895 2937 968 mulier?»
2990 899 3181 956 Annon
3229 920 3459 974 persona

234 961 295 1018 ού
317 964 654 1018 πεπίστευται
680 968 1089 1040 ἀναγεγράφθαι
1120 975 1153 1043 ἡ
1194 973 1404 1044 Γραφὴ,
1437 975 1470 1046 ἢ
1501 977 1762 1047 πρόσωπα

1934 982 2127 1049 piritus
2155 983 2353 1048 sancti,
2394 998 2422 1036 a
2458 999 2566 1054 quo
2595 965 2806 1041 divinas
2834 987 3042 1044 litteras
3070 995 3302 1064 scriptas
3342 1012 3460 1052 esse

232 1058 371 1111 ἄλλου
400 1058 576 1122 τινός;
618 1059 690 1112 Τὸ
711 1060 818 1132 γὰρ
848 1061 1236 1134 διηγηματικὸν
1275 1068 1563 1138 πρόσωπον
1592 1055 1760 1124 παντα

1927 1074 2180 1140 redimus,
2209 1074 2293 1130 vel
2330 1075 2556 1133 alterius
2615 1079 2953 1149 cnjnspiam?
2987 1082 3195 1154 Quippe
3231 1103 3455 1156 persona

233 1151 338 1220 χοῦ,
361 1150 433 1214 ὡς
472 1151 619 1204 ἴσασι
651 1151 745 1204 καὶ
771 1155 818 1206 οί
850 1153 976 1224 περὶ
1010 1155 1378 1220 παντοδαποὺς
1397 1157 1671 1228 γενόμενοι
1699 1161 1761 1214 λό

1932 1179 2117 1220 arrans
2166 1166 2386 1236 ubique,
2442 1161 2901 1238 quemadmodum
2958 1176 3048 1242 qui
3105 1192 3203 1245 per
3269 1195 3460 1237 omnes

229 1258 364 1308 γους,
398 1242 511 1294 ἐστὶ
542 1243 834 1312 πρόσωπον
879 1243 974 1297 τοῦ
1015 1248 1409 1318 συγγραφέως..
1432 1251 1752 1322 Συγγραφεὺ

1933 1255 2157 1313 rationis
2209 1261 2400 1314 modos
2447 1263 2646 1316 versati
2684 1275 2809 1318 sunt
2859 1265 3066 1333 optime
3113 1269 3331 1333 callent.
3365 1288 3461 1327 au-

225 1335 285 1388 δέ
308 1337 385 1388 ἐπὶ
417 1335 619 1389 τούτων
645 1338 752 1392 τῶν
786 1337 958 1406 λόγων
996 1341 1349 1395 πεπίστευται
1386 1339 1524 1398 εἶναι
1559 1347 1660 1398 οὐκ
1691 1345 1753 1398 ἄν

1928 1348 2054 1404 loris
2083 1365 2308 1418 persona
2339 1353 2528 1407 est.At
2564 1370 2870 1409 sermonum
2891 1357 3082 1411 horum
3117 1371 3326 1428 auctor,
3352 1380 3456 1420 non

226 1427 446 1498 Ορωπος,
481 1428 616 1481 ἀλλὰ
663 1432 1012 1502 συγγραφεὺς
1060 1433 1120 1486 τὸ
1153 1435 1376 1506 Πνεῦμα
1411 1437 1473 1488 τὸ
1511 1438 1684 1504 ἅγιον,
1723 1457 1752 1492 τ

1928 1453 2071 1505 οιιιο,
2116 1441 2209 1494 sed
2256 1443 2492 1510 Spiritus
2549 1456 2790 1508 sanctus,
2827 1449 2918 1516 qui
2974 1451 3141 1505 movit
3186 1453 3456 1518 homines,

223 1523 434 1592 κινῆσαν
461 1523 583 1586 τοὺς
612 1523 948 1595 ἀνθρώπους·
980 1526 1174 1579 οὐκοῦν
1199 1527 1259 1580 τὸ
1300 1529 1524 1600 Πνεῦμα
1551 1519 1751 1599 τδᾶγιο

1931 1544 2009 1584 sse
2049 1532 2307 1586 creditur.
2355 1533 2494 1588 Dicit
2553 1535 2714 1606 igitur
2755 1535 2990 1606 Spiritus
3036 1552 3261 1597 sanctus
3297 1561 3310 1596 :
3347 1564 3364 1595 ι
3391 1544 3459 1600 Ει.

222 1613 376 1682 λέγει’
423 1633 438 1664 ι
477 1617 586 1668 Kal
633 1611 833 1688 εἶπενή
861 1619 1016 1689 γυνή·
1055 1618 1186 1672 Τίνα
1235 1621 1494 1690 ἀναγάγω
1529 1639 1639 1686 σοι;
1687 1640 1750 1675 κα

1927 1621 2025 1676 ixit
2047 1622 2242 1677 mulier
2273 1641 2288 1677 :
2317 1623 2487 1690 Quem
2523 1627 2750 1680 educam
2782 1630 2916 1684 tibi?
2941 1641 2995 1686 et
3019 1632 3153 1686 dixit
3185 1653 3196 1688 :
3226 1633 3453 1691 Samue-

219 1701 350 1758 εἷπε’
387 1708 634 1778 Σαμουὴλ
663 1708 902 1777 ἀνάγαγέ
938 1727 1044 1778 μοι.
1075 1729 1092 1759 »
1117 1710 1212 1774 Τίς
1247 1711 1414 1779 λέγει’
1453 1730 1471 1762 ι
1510 1713 1619 1765 Kal
1645 1708 1747 1764 εἶδε

1928 1730 1991 1767 ιη]
2027 1716 2164 1770 educ
2195 1718 2348 1774 mihi.
2383 1737 2400 1770 »
2437 1717 2569 1784 Quis
2597 1721 2769 1776 dicit:
2802 1739 2820 1774 ι
2847 1723 2909 1778 Et
2943 1725 3076 1779 vidit
3130 1727 3326 1781 rnnlier
3355 1728 3456 1783 Sa-

217 1801 250 1869 ή
272 1801 394 1870 γυνὴ
421 1771 510 1854 τδν
536 1771 808 1872 Σαμουὴλ,
843 1771 1243 1874 καιέϐὁησενὴ
1269 1771 1402 1876 γυνὴ
1435 1808 1583 1876 φωνῇ
1617 1805 1745 1876 μεγέ

1927 1805 2145 1873 molem,
2187 1818 2240 1863 et
2271 1809 2527 1865 clamavit
2562 1813 2755 1867 mulier
2785 1830 2916 1869 voce
2961 1832 3154 1885 magna
3185 1819 3449 1877 dicens?»

215 1891 282 1965 λῃ
303 1892 556 1960 λέγουσας
600 1913 616 1943 »
667 1892 926 1965 Ἐροῦμεν
967 1895 1102 1964 πρὸς
1143 1897 1350 1950 ἐκεῖνον
1387 1897 1623 1950 τοσαῦτα
1653 1900 1743 1968 ήμῖ

1925 1896 2125 1952 ιίυἰιιιιιε
2167 1901 2232 1954 ad
2274 1901 2444 1968 illum,
2477 1903 2566 1972 qui
2613 1915 2833 1960 nostras
2883 1922 3044 1962 aures
3087 1909 3329 1978 implevit
3362 1928 3453 1965 ru-

214 1985 720 2055 καταϐομϐήσαντα,
755 1986 861 2038 καὶ·
890 1987 1058 2058 μυρία
1098 1989 1378 2060 εἰρηκότα,
1424 1991 1498 2054 ὼς
1530 1991 1637 2060 ἄρα
1679 1993 1742 2044 Σο

1924 1992 2144 2052 mribus,
2179 1991 2580 2064 immodicaque
2623 1997 2912 2050 verborum
2946 2001 3102 2068 copia
3143 1999 3452 2058 Samuelem

215 2077 375 2147 μουὴλ
403 2078 502 2130 οὐκ
530 2074 597 2148 ἦν
635 2081 691 2132 ἐν
715 2079 862 2152 ᾅδου.
901 2101 919 2133 ι
962 2079 1116 2138 Εἷδεν
1145 2087 1176 2157 ἡ
1207 2087 1345 2159 γυνὴ
1383 2087 1656 2158 Σαμουὴλ,
1696 2107 1714 2139 »

1923 2078 2021 2144 pud
2065 2077 2268 2134 inferos
2303 2097 2409 2135 non
2447 2082 2613 2138 fuisse
2656 2087 2958 2140 contendit.
3011 2107 3028 2139 ι
3062 2087 3202 2142 \‘idit
3257 2091 3451 2146 mulier

207 2167 570 2243 διηγηματικὴ
596 2172 746 2243 φωνὴ
765 2172 919 2226 τοῦτο
944 2173 1136 2246 ἔφησε,
1169 2195 1187 2226 ι
1221 2177 1314 2230 καὶ
1339 2175 1560 2247 ἐϐόησεν
1585 2179 1616 2247 ἡ
1644 2195 1735 2246 γυν

1925 2169 2205 2235 amnelem,
2239 2192 2258 2224 »
2289 2187 2516 2228 narrans
2538 2191 2639 2229 vox
2670 2176 2890 2242 dixit“,
2916 2197 2934 2230 ι
2971 2188 3023 2234 et
3045 2179 3302 2234 clamavit
3333 2197 3453 2235 mu-

209 2260 355 2328 φωνῇ
401 2259 630 2333 μεγάλῃ,
667 2262 758 2316 καὶ
792 2257 934 2330 εἷπε,
964 2264 1055 2336 Μὴ
1079 2265 1268 2334 φοϐοῦ,
1303 2267 1434 2337 πρὸς
1469 2268 1658 2322 Σαούλ·
1694 2270 1737 2322 ἵν

1920 2276 1980 2314 er
2013 2276 2142 2316 voce
2177 2279 2398 2333 magna,
2444 2275 2499 2321 et
2529 2267 2664 2322 dixit
2693 2269 2758 2322 ad
2795 2271 3016 2324 Sanlrm
3053 2289 3066 2325 :
3105 2271 3182 2326 Ne
3218 2273 3448 2327 timeas:

202 2350 260 2401 τί
283 2353 672 2423 παρηνοχλήσω
703 2373 790 2425 με,
819 2357 912 2410 καὶ
944 2359 1008 2412 σὺ
1030 2354 1080 2412 εἷ
1108 2359 1307 2425 Σαούλ;
1332 2361 1440 2413 Kal
1465 2357 1618 2415 εἶπεν
1639 2364 1730 2416 αὐτ

1921 2354 2092 2422 tqnid
2126 2353 2384 2425 decepiin
2440 2373 2547 2424 me,
2568 2370 2622 2414 et
2670 2369 2722 2413 tu
2782 2377 2841 2415 es
2896 2361 3062 2416 Saul?
3102 2363 3170 2417 Et
3221 2363 3359 2418 dixit
3401 2364 3448 2417 ei

203 2443 235 2494 ὁ
266 2441 524 2510 βαει-ιλεύς⁸
559 2445 622 2497 Τί
660 2447 768 2517 γάρ
811 2448 965 2516 ἐστι,
1000 2449 1088 2521 Μὴ
1149 2449 1348 2521 φοϐοῦ;
1383 2453 1447 2505 Τί
1484 2454 1731 2526 ἑώρακας

1923 2459 1972 2497 3x
2005 2462 2019 2498 :
2051 2443 2191 2512 Quid
2225 2447 2276 2500 id
2302 2455 2417 2512 est,
2447 2444 2526 2504 Ne
2561 2451 2939 2518 timeas?Qnid
2967 2454 3193 2508 vidisti?
3226 2455 3287 2508 Et
3316 2457 3451 2509 dixit

107 2534 111 2536 ’
203 2534 310 2587 Καὶ
334 2531 534 2608 εἶπενὴ
570 2539 704 2610 γυνὴ
736 2541 870 2612 πρὸς
899 2543 990 2595 τὸν
1038 2543 1226 2596 Σαούλ⁶
1269 2545 1437 2609 Θεοὺς
1474 2541 1614 2600 εἶδον

1922 2537 2074 2591 mlier
2109 2538 2174 2592 ad
2215 2538 2342 2593 Saul
2373 2557 2388 2594 :
2421 2539 2558 2596 Deos
2591 2543 2696 2597 vidi
2732 2546 3088 2600 ascendentes
3113 2563 3142 2602 e
3179 2559 3347 2606 terra.
3386 2550 3450 2604 Et

201 2624 480 2692 ϐαίνοντας
520 2631 584 2682 ἐκ
616 2631 714 2701 τῆς
764 2633 885 2703 γῆς.
926 2635 1038 2688 Kal
1069 2632 1219 2689 εἶπεν
1251 2637 1407 2708 αύτῇο
1442 2638 1507 2690 Τί
1540 2637 1600 2692 τὸ
1639 2634 1729 2691 εἶδε

1917 2629 2014 2682 ixit
2041 2631 2106 2684 ad
2134 2645 2294 2684 eam:
2325 2631 2455 2699 Quae
2474 2644 2558 2688 est
2591 2633 2760 2689 forma
2802 2637 3018 2691 illorum
3039 2639 3144 2693 ?Et
3171 2641 3307 2695 dixit
3343 2641 3443 2695 illi:

198 2717 410 2783 αῦτῶν;
443 2722 551 2773 Kal
583 2717 735 2775 εἶπεν
758 2723 925 2794 αύτῷ·
973 2725 1136 2796 Ἀνὴρ
1163 2725 1531 2796 πρεσϐύτερος
1553 2729 1726 2782 ἀναϐα

1920 2719 1976 2772 ir
2005 2721 2186 2775 senior
2223 2723 2546 2786 ascendens,
2585 2735 2641 2779 et
2665 2726 2756 2780 hie
2792 2728 2976 2781 senior
3007 2729 3245 2798 diploide
3270 2731 3448 2800 ephod

196 2828 339 2872 νων,
381 2813 474 2864 καὶ
521 2813 681 2877 αὐτὸς
735 2815 1197 2887 περιϐεϐλημένος
1241 2817 1480 2871 διπλοΐδα
1519 2820 1700 2888 ἐςρούδ.

1923 2811 2117 2867 idutus.
2147 2832 2163 2865 »
2197 2811 2424 2868 Fatetur
2452 2829 2569 2868 eam
2597 2817 2800 2872 vidisse
2828 2827 2884 2870 ct
2910 2830 3111 2874 vestem
3141 2822 3451 2875 sacerdota-

195 2902 360 2969 Λέγει
406 2903 572 2975 αὐτὴν
602 2906 906 2976 ἑωρακέναι
941 2907 1034 2958 καὶ
1058 2907 1118 2959 τὺ
1144 2907 1358 2978 ἱμάτιον
1383 2908 1442 2961 τὸ
1479 2910 1719 2981 ίερατικό

1916 2918 2003 2956 ιιιι.
2031 2901 2168 2958 Novi
2201 2906 2510 2973 oppositum
2545 2909 2747 2971 dicere,
2779 2910 2920 2978 quod
2957 2911 3152 2965 mirum
3200 2927 3304 2966 non
3342 2921 3444 2966 est.

194 2988 330 3046 οῖδα
357 2994 432 3059 δὲ,
458 2995 538 3048 δτι
578 2997 818 3050 ἐναντίον
853 2998 917 3050 ἐκ
960 2997 1054 3051 τοῦ
1083 2999 1242 3066 λόγου
1273 3000 1440 3069 λέγει,
1465 3003 1524 3054 οὐ
1567 3002 1769 3074 θαῦμα,
1876 2990 1991 3059 Ipse
2022 2993 2221 3062 quippe
2275 2995 2507 3050 Satanas
2563 2998 2920 3052 transformat
2977 3015 3034 3053 se
3085 2999 3136 3052 in
3197 3001 3447 3072 angelum

197 3085 372 3148 Αὐτὸς
387 3085 496 3155 γὰρ
525 3088 552 3139 ὁ
584 3089 828 3151 Σατανᾶς
856 3089 1386 3159 μετασχηματίζεται
1427 3094 1505 3154 εἰς
1546 3092 1725 3160 ἄγγελε

1921 3081 2096 3136 rcis".
2134 3082 2315 3150 Quare
2356 3100 2611 3156 magnum
2645 3103 2749 3141 non
2802 3099 2906 3152 est,
2941 3089 2985 3143 si
3021 3098 3076 3157 et
3109 3089 3256 3143 illius
3293 3091 3449 3143 ruini-

201 3178 400 3245 φωτός.
533 3179 672 3250 μέγα
688 3176 780 3234 οῦν
809 3183 855 3233 εί
879 3181 970 3234 καὶ
983 3183 1032 3232 οἱ
1065 3180 1475 3234 διάκονοιαύτοῦ
1505 3199 1729 3253 μετασχι

1919 3175 1979 3228 Iri
2027 3175 2078 3228 in
2125 3177 2660 3246 ministrosjustitite
2699 3191 3124 3236 commutantur.
3169 3182 3275 3236 Sed
3319 3182 3447 3251 quid

195 3267 514 3339 ματίζονται
547 3271 621 3334 ὡς
657 3272 890 3325 διάκονοι
921 3270 1285 3341 δικαιοσύνης.
1328 3270 1488 3323 Ἀλλά
1520 3271 1570 3324 τί
1607 3273 1720 3326 ἐστι

1922 3267 2063 3330 lest,
2094 3269 2236 3336 quod
2286 3269 2557 3324 Samuelis
2599 3282 2727 3336 esse,
2773 3272 2969 3326 mulier
3011 3273 3298 3344 cognovit?
3341 3273 3450 3328 Sed

187 3361 333 3434 ὅπερ
359 3358 496 3416 εἶδεν
523 3365 556 3431 ἡ
587 3362 743 3434 γυνὴ,
785 3362 876 3416 τοῦ
909 3363 1189 3434 Σαμουήλ;
1238 3362 1396 3415 Ἀλλὰ
1447 3362 1715 3434 γέγραπτο

1901 3361 2143 3429 ιριοίριιιιιι
2194 3371 2278 3416 est
2327 3362 2546 3418 Saulem
2583 3366 2907 3434 cognovisse
2952 3365 3104 3419 illum
3136 3367 3303 3421 fuisse
3347 3364 3429 3419 Sa.

186 3455 275 3506 ὅτι
333 3455 471 3523 ἔγνω
513 3456 705 3520 Σαοὺλ,
743 3458 823 3509 δτι
875 3455 1127 3527 Σαμουὴλ
1188 3456 1323 3519 ἐστι,
1378 3475 1396 3506 ι
1430 3456 1538 3508 Kal
1584 3455 1714 3508 ἔπεσ

1919 3452 2213 3507 luelem“:
2247 3473 2265 3504 ι
2311 3454 2378 3508 Ει
2429 3456 2708 3524 procubuit
2963 3457 3014 3510 in
3070 3456 3261 3510 faciem
3293 3470 3447 3510 suam

183 3547 284 3599 ἐπὶ
314 3547 598 3617 πρόσωπον
623 3548 713 3600 ἐπὶ
745 3549 842 3618 τὴν
856 3547 982 3617 γῆν,
1018 3548 1111 3600 καὶ
1143 3546 1568 3618 προσεκύνησεν.
1602 3568 1619 3598 ι
1642 3544 1711 3600 Ei:

1921 3558 2042 3614 iper
2083 3552 2304 3612 terram,
2341 3553 2394 3622 et
2423 3546 2691 3600 adoravit.
2720 3565 2737 3597 »
2783 3546 2995 3600 Rursus
3031 3546 3159 3600 item
3194 3545 3449 3613 Scriptu-

191 3639 361 3691 πάλιν
387 3637 449 3691 τὺ
474 3638 764 3710 πρόσωπον
792 3639 891 3709 τῆς
923 3639 1164 3711 Γραφῆς·
1198 3657 1216 3689 ι
1248 3639 1355 3692 Kal
1381 3634 1500 3692 εἶπε
1523 3640 1719 3710 Σαμουί

1919 3649 1951 3687 e
1985 3643 2172 3689 auctor
2199 3650 2211 3686 :
2246 3653 2264 3686 ι
2296 3635 2360 3688 Ει
2396 3637 2533 3690 dixit
2561 3634 2777 3690 Samuel
2805 3636 2871 3688 ad
2917 3634 3138 3688 Saulem
3170 3653 3184 3689 :
3215 3632 3285 3688 Ut
3318 3633 3447 3700 quid

186 3731 332 3802 πρὸς
360 3730 548 3783 Σαούλ·
589 3729 702 3782 Ἵνα
743 3731 794 3783 τί
826 3729 1185 3802 παρώργισάς
1238 3749 1304 3802 με
1340 3730 1433 3784 τοῦ
1471 3732 1713 3800 ὰναγαγε

1920 3729 2202 3781 erturbasti
2239 3746 2324 3786 me
2347 3728 2589 3784 faciendo
2613 3727 2962 3783 ascendere?»
3001 3724 3227 3790 «Dixit,»
3275 3723 3448 3794 inquit

188 3837 337 3889 με;»
371 3814 586 3884 (Εἴπερ
615 3817 836 3891 φησὶνή
886 3821 1098 3892 Γραφὴ,
1127 3822 1233 3876 ἔδει
1272 3822 1563 3886 πιστεύειν,
1596 3842 1614 3874 ι
1653 3819 1716 3876 εἶτ

1920 3817 2183 3887 criptura,
2216 3818 2326 3886 jam
2369 3818 2591 3872 credere
2621 3831 2758 3887 Opus
2801 3827 2884 3871 est
2915 3831 2926 3865 :
2968 3833 2986 3868 ι
3009 3815 3155 3870 Dixit
3181 3814 3397 3870 Samuel
3429 3829 3443 3865 :

182 3911 464 3982 Σαμουὴλ·
499 3913 614 3966 Ἵνα
635 3912 686 3964 τί
721 3911 1076 3984 παρώργισάς
1099 3931 1166 3985 με
1199 3914 1292 3968 τοῦ
1319 3916 1614 3984 ἀναγαγεῖν
1631 3933 1698 3986 με

1926 3919 1945 3962 ι
1981 3910 2108 3978 quid
2157 3910 2210 3963 in
2245 3909 2387 3964 iram
2422 3902 2670 3964 excitasii
2709 3925 2815 3975 me,
2860 3909 3108 3963 faciendo
3151 3923 3234 3962 me
3262 3922 3449 3961 ascen-

183 3999 330 4056 Εἷτα
373 4004 508 4076 πρὸς
533 4004 720 4058 τοῦτον
769 4007 1122 4078 ἀποκρίνεται
1168 4006 1358 4060 Σαούλο
1402 4025 1420 4058 ι
1468 4006 1678 4078 Σφόδρα

1921 4001 2072 4056 ere?»
2112 4002 2420 4071 Respondet
2451 4003 2646 4056 deinde
2675 4001 2805 4056 Saul
2839 4021 2852 4057 :
2885 4020 2904 4054 σ
2933 4000 3098 4054 Valde
3133 4000 3449 4067 alienigena»

179 4097 479 4166 ἀλλόφυλοι
527 4096 853 4168 πολεμοῦσιν
897 4101 955 4154 ἐν
989 4100 1133 4171 ἐμοὶ,
1179 4100 1270 4154 καὶ
1315 4101 1344 4152 ὁ
1384 4098 1518 4162 Θεὸς
1559 4099 1707 4152 ἀπέσ

1921 4106 2115 4160 ηιξιιθιιι
2151 4095 2202 4147 in
2229 4109 2350 4158 me,
2386 4103 2442 4148 et
2472 4093 2617 4148 Dims
2655 4095 2907 4149 discessit
2943 4110 2971 4146 a
3008 4107 3111 4154 me,
3143 4102 3197 4146 et
3228 4107 3331 4146 non
3363 4105 3449 4145 re-

176 4191 284 4242 ἀπ’
311 4189 466 4261 ἐμοῦ,
507 4193 599 4245 καὶ
620 4193 718 4245 οῦκ
746 4193 1017 4263 ἀπεκρίθη
1052 4211 1140 4264 μοι
1172 4193 1274 4252 ἔτι.
1311 4193 1404 4246 καί
1435 4209 1500 4260 γε
1544 4193 1601 4245 ἐν
1628 4211 1704 4262 χει

1922 4187 2091 4240 ιοιιιιὶι
2143 4186 2275 4240 ιιιίΙιί
2335 4185 2499 4250 ultra,
2539 4185 2668 4242 licet
2719 4187 2893 4256 ipsum
2943 4188 2994 4240 in
3045 4187 3296 4241 manibus
3330 4199 3450 4251 pro-

173 4281 300 4334 τῶν
337 4284 652 4354 προφητῶν,
685 4284 778 4336 καὶ
819 4285 877 4337 ἐν
909 4287 1024 4348 τοῖς
1071 4284 1340 4347 ἐνυπνίοις
1374 4283 1628 4348 ἐκάλεσα,
1674 4302 1701 4337 τ

1917 4280 2180 4346 laetarum,
2231 4287 2284 4334 et
2336 4279 2388 4333 iu
2445 4280 2675 4335 somniis
2731 4280 3121 4344 invocaverim,
3159 4279 3226 4332 ad
3261 4276 3445 4330 notiﬁ-

171 4367 425 4439 δηλῶσαί
454 4388 541 4440 μοι
566 4370 618 4423 τί
645 4373 875 4443 ποιήσω.
909 4391 928 4424 »
967 4373 1136 4427 Πάλιν
1177 4375 1210 4445 ἡ
1240 4373 1452 4446 Γραφὴ.
1489 4375 1588 4428 οὐκ
1613 4373 1699 4428 ἀλλ

1920 4372 2104 4426 indum
2140 4371 2272 4426 mihi
2304 4372 2432 4440 quid
2467 4371 2687 4426 faciam.
2715 4391 2733 4424 »
2770 4371 2971 4426 Iterum
3010 4368 3318 4439 Scriptura,
3349 4381 3448 4422 nec

172 4455 366 4523 εἶπεν,
408 4459 524 4514 ἀλλ’
563 4463 645 4516 ὃτι
691 4464 852 4529 αὐτὸς
895 4465 1148 4537 Σαμουὴλ
1369 4485 1388 4518 ι
1419 4443 1531 4522 Kal
1583 4469 1669 4522 ἵνα

1917 4461 2013 4517 lius
2056 4462 2216 4525 dixit,
2251 4462 2425 4531 ipsum
2474 4461 2784 4517 Samuelen»
2828 4462 3094 4517 dixisse"
3127 4479 3140 4514 :
3173 4479 3192 4512 ι
3216 4459 3286 4516 Ut
3315 4458 3445 4529 quid

169 4551 547 4624 ἐπεριῦτησάς
586 4573 684 4627 με;
733 4557 844 4611 Kal
899 4557 1102 4630 Κύριος
1143 4560 1353 4632 ἀπέστη
1387 4561 1494 4614 ἀπὸ
1523 4560 1638 4620 σοῦ.
1676 4580 1697 4614 a

1919 4565 2178 4624 iterrogas
2235 4555 2360 4608 me?
2398 4555 2462 4609 Et
2517 4555 2778 4609 Dominus
2827 4555 3074 4608 discessit
3105 4568 3134 4606 a
3171 4562 3244 4619 te,
3287 4562 3341 4607 et
3376 4551 3447 4606 fa-

169 4641 420 4713 ὲγενήθη
455 4644 594 4696 κατά
621 4644 735 4708 σοῦ,
774 4645 867 4698 καὶ
901 4649 1152 4718 ἐποίησεν
1179 4648 1337 4702 ἀλλον
1364 4649 1535 4721 αὐτῷ,
1566 4651 1626 4704 ὃν
1655 4669 1697 4722 τι

1919 4654 1999 4700 tus
2029 4655 2108 4700 est
2148 4657 2336 4699 contra
2369 4655 2442 4708 te,
2490 4654 2543 4698 et
2589 4643 2724 4698 fecit
2752 4645 2921 4699 alium
2967 4645 3091 4708 sibi,
3126 4645 3266 4700 sicut
3307 4643 3447 4698 locu-

172 4751 292 4786 πον
317 4735 574 4807 ἐλάλησεν
601 4739 657 4790 ἐν
688 4740 830 4808 χειρί
863 4757 983 4810 μου.
1017 4741 1126 4793 Kal
1164 4740 1448 4812 διαρῤήξει
1481 4743 1579 4812 τὴν
1619 4741 1700 4812 βαι

1887 4754 1961 4793 .us
1992 4747 2074 4792 est
2112 4738 2163 4792 in
2201 4754 2360 4791 manu
2398 4751 2538 4794 mea.
2574 4737 2644 4792 Et
2675 4737 2959 4792 abscindel
2983 4753 3206 4808 regnum
3239 4735 3303 4789 de
3330 4749 3415 4788 ma

168 4824 337 4879 λείαν
369 4828 434 4881 ἐκ
481 4828 662 4900 χειρός
718 4845 833 4882 σου.
878 4849 898 4883 »
951 4831 1060 4885 Kal
1107 4831 1382 4903 δαιμόνιον
1430 4837 1696 4906 προφητει

1915 4845 1944 4882 ιι
1980 4838 2091 4882 tua.
2116 4847 2134 4880 »
2184 4828 2516 4883 Dzemonium
2546 4827 2616 4882 de
2652 4828 2949 4882 Israelitico
2980 4843 3144 4898 regno
3171 4827 3435 4880 vaticina-

169 4916 320 4988 περὶ
356 4918 631 4988 βασιλείας
666 4921 1084 4993 Ἰσραηλιτικῆς.
1133 4922 1198 4974 Τί
1250 4939 1414 4993 φησιν
1457 4927 1485 4978 ὁ
1526 4926 1697 4978 ἐναντί

1921 4939 1983 4976 ιτ.
2017 4920 2155 4988 Quid
2188 4922 2256 4976 ad
2296 4921 2432 4989 luce,
2459 4920 2550 4990 qui
2576 4921 2916 4976 contrarium
2954 4920 3250 4974 asserunt?
3287 4919 3449 4973 Vide-

167 5009 380 5078 λόγος
427 5013 620 5084 Ὁρᾶτε
644 5015 768 5078 ὅσος
790 5014 938 5083 ἀγών
965 5017 1111 5069 ἐστιν
1141 5018 1198 5069 ἐν
1223 5017 1300 5088 τῷ
1323 5016 1466 5088 λόγῳ
1490 5017 1583 5070 τοῦ
1609 5018 1695 5071 Ger.

1919 5030 1944 5069 s
1984 5015 2253 5083 quodnam
2292 5022 2573 5069 certamen
2625 5012 2695 5068 sit
2743 5012 2796 5066 in
2849 5013 3032 5067 verbis
3063 5009 3295 5074 Domini,
3324 5024 3444 5078 qua:

167 5103 378 5174 χρείαν
406 5104 542 5175 ἔχων
576 5106 670 5160 καὶ
700 5108 982 5179 ἀκροατῶν
1009 5108 1320 5180 δυναμένων
1357 5111 1525 5178 ἁγίων
1549 5111 1695 5164 ἀκούε

1918 5107 2211 5162 uditoribus
2242 5105 2509 5174 indigent,
2551 5105 2640 5175 qui
2674 5120 2868 5175 magna
2903 5113 2957 5159 et
3001 5100 3290 5157 inell‘abilia
3323 5114 3446 5168 pos-

165 5198 361 5268 λόγων
397 5200 666 5270 μεγάλων,
689 5204 782 5255 καὶ
802 5204 1127 5274 ἀπορρήτων
1159 5203 1266 5256 τῶν
1291 5205 1422 5275 περὶ
1438 5205 1536 5275 τῆς
1557 5204 1693 5270 ἐξόδι

1923 5211 1978 5255 ιιι
2007 5199 2305 5270 intelligere
2343 5200 2411 5254 de
2438 5200 2586 5255 exitu
2619 5213 2687 5254 ex
2741 5199 2842 5253 hac
2866 5199 2996 5262 vita,
3027 5212 3148 5252 cum
3186 5193 3360 5264 prima
3389 5190 3443 5244 iu

164 5290 647 5362 ὲπαπορουμένων
674 5309 731 5344 τε
756 5291 862 5343 τῶν
895 5291 1198 5363 προτέρων,
1223 5291 1342 5346 οὔτε
1369 5292 1475 5347 τῶν
1501 5293 1692 5364 δευτέρ

1913 5293 2091 5347 ubium
2116 5299 2612 5356 controvertantur,
2652 5300 2707 5345 et
2734 5289 2973 5344 secunda
3014 5284 3298 5340 manifesta
3335 5296 3441 5335 non

169 5383 378 5453 σαφῶν
430 5383 620 5437 ὄντων.
685 5384 824 5437 Ἀλλ’
853 5387 882 5438 ὁ
911 5385 1068 5454 λόγος
1107 5385 1186 5438 ἔτι
1247 5386 1578 5452 ἐξετάζεται.
1611 5386 1697 5439 Λέ-

1923 5391 1997 5436 ιιι.
2033 5381 2139 5438 Sed
2181 5396 2363 5436 sermo
2396 5383 2574 5437 adhuc
2611 5381 2664 5436 in
2708 5380 2960 5435 examine
3015 5386 3120 5432 est.
3156 5376 3287 5430 Dico
3315 5386 3445 5427 vro

165 5475 266 5540 δὲ,
315 5477 398 5530 ὅτι
443 5476 716 5544 ἀναγκαία
763 5477 857 5528 και
899 5477 933 5548 ἡ
985 5477 1214 5548 ίστορία,
1260 5473 1420 5548 καὶὴ
1464 5478 1693 5544 ἐξέτασις

1916 5476 2232 5531 ecessariam
2262 5491 2382 5531 esse
2413 5485 2467 5530 et
2490 5475 2805 5538 historiam,
2842 5483 2897 5528 et
2918 5462 3076 5526 illius
3105 5483 3355 5532 examen,
3385 5477 3444 5521 ut

169 5568 320 5640 περὶ
351 5568 538 5639 αὐτῆς,
579 5569 664 5621 ἵνα
693 5569 893 5640 ἴδωμεν
925 5569 977 5622 τί
1019 5571 1166 5640 ἡμᾶς
1197 5570 1310 5642 ἔχει
1334 5571 1472 5642 μετὰ
1513 5570 1608 5642 τὴν
1656 5572 1697 5636 ἐξ

1916 5567 2004 5623 uid
2041 5581 2137 5624 nos
2169 5577 2292 5638 post
2337 5567 2462 5622 vita:
2499 5568 2662 5639 hujus
2689 5567 2894 5622 exitum
2925 5570 3224 5632 exspectat,
3255 5560 3439 5616 videa-

259 5741 308 5774 “
339 5741 359 5798 1
385 5742 514 5814 Reg.
547 5761 734 5814 xxviii,
768 5747 853 5803 ll.
932 5748 975 5781 ⁵⁵
1005 5751 1270 5817 ibid.,l2,
1303 5753 1386 5809 l5.
1466 5753 1510 5785 “
1540 5751 1582 5806 ll
1613 5753 1738 5810 Cor.
1774 5768 1787 5805 ι

1679 5769 1738 5810 η’.
1774 5767 1849 5819 xt,
1884 5751 1944 5807 Η
2065 5749 2110 5783 ⁸⁸
2137 5748 2154 5805 Ι
2181 5746 2317 5822 Reg.
2348 5766 2537 5816 xxvm,
2567 5749 2656 5804 Η.
2733 5747 2775 5779 ⁶⁷
2801 5745 2956 5816 ibid,
2997 5746 3082 5810 16,
3120 5744 3207 5802 17.
