3870 6522
446 311 614 384 ἰοιο

1905 332 2157 392 ORIGEN
2165 334 2240 388 IS.

3578 338 3689 390 1030

473 463 614 501 mus.
658 465 676 497 ι
703 445 939 500 Locutus
967 454 1049 500 est
1085 446 1135 500 in
1169 461 1328 500 manu
1363 462 1502 512 mea,
1541 458 1592 503 et
1621 449 1903 505 abseindct
1931 452 2024 505 Do-

2139 451 2245 505 δον.
2277 469 2296 502 ι
2337 449 2644 520 Λελάληκεν
2666 448 2722 501 ὲν
2755 447 2895 519 χειρί
2918 464 3038 519 μου·
3070 445 3166 502 καὶ
3193 447 3472 519 διαρῥήξει
3517 448 3689 517 Κύριῳ

472 541 652 592 minus
687 553 923 612 regnum
968 538 1033 591 de
1064 552 1222 590 manu
1278 547 1394 603 tua,
1424 547 1474 593 et
1509 541 1659 594 dabit
1693 543 1820 595 illud
1854 544 2038 612 proxi-

475 645 563 681 mo
615 610 704 682 tuo
740 629 923 682 David.
958 621 1343 683 {Dmmonium
1399 646 1529 686 vero
1590 649 1818 698 regnum
1870 633 2036 691 David

473 721 657 787 nequit
711 718 912 772 habere
961 731 1324 790 compertum,
1358 726 1500 792 quod
1546 741 1574 778 a
1612 725 1719 779 Deo
1761 727 2034 781 decretum

469 820 608 864 erat.
645 811 885 877 Quidni?
931 811 1121 865 Nonne
1170 829 1354 868 vocem
1419 817 1630 870 Domini
1688 819 2038 875 intellexisti?

477 921 494 954 ι
526 902 638 956 Non
671 904 796 956 fecit
850 905 1272 974 indignationem
1313 908 1408 961 irm
1436 925 1564 973 suae,
1600 909 1648 963 in
1675 911 1896 966 Amalec
1916 913 1982 966 ⁸⁸.
2010 934 2027 965 ι

470 992 660 1049 Nonne
719 995 833 1049 haec
865 1007 994 1050 sunt
1023 999 1185 1053 verba
1221 999 1476 1054 Domini?
1506 1016 1679 1055 nonne
1713 1017 1834 1057 vera
1877 1003 2034 1056 sont?

469 1083 610 1140 Vere
665 1088 886 1155 quidem
930 1089 1262 1145 voluntatem
1316 1093 1530 1146 Domini
1567 1093 1697 1148 Saul
1746 1107 2032 1152 exsecutus

469 1192 574 1231 nun
601 1188 684 1232 est
713 1197 725 1233 :
759 1180 852 1234 sed
884 1196 1065 1250 regem
1095 1182 1318 1237 Amalec
1367 1185 1551 1239 vivum
1593 1189 2028 1253 conservabat“,

469 1278 687 1337 propter
721 1285 880 1338 quem
930 1280 986 1326 et
1035 1283 1326 1341 antequam
1362 1276 1680 1344 quiesceret,
1710 1287 1765 1332 et
1798 1280 1849 1332 in
1886 1282 2029 1335 exitu

470 1359 588 1426 ipso
604 1360 818 1414 Samuel
840 1361 988 1415 Sauli
1020 1365 1398 1432 exprobravit:
1424 1385 1441 1416 ι
1469 1367 1532 1419 Et
1551 1378 1770 1437 propter
1790 1369 1890 1424 hoc
1914 1385 2032 1424 ver-

468 1445 592 1500 bum
622 1448 723 1503 hoc
743 1448 1149 1507 fecitDominus
1169 1454 1222 1506 in
1248 1453 1335 1507 die
1357 1455 1551 1508 hac.Et
1577 1456 1748 1511 tradet
1776 1458 2032 1515 Dominus

467 1539 523 1605 ip
545 1557 644 1593 .uin
679 1542 840 1598 Israel
872 1546 926 1600 in
963 1561 1120 1601 manu
1162 1548 1608 1617 alienigenarum.
1641 1571 1658 1603 ι
1685 1553 1755 1606 De
1781 1554 2032 1609 universo

467 1631 563 1687 Dei
613 1636 808 1704 populo
845 1638 1168 1692 daemonium
1225 1651 1398 1709 potest
1435 1641 1719 1698 vaticinari
1746 1646 2030 1700 Dominum

469 1728 794 1783 traditurum
847 1730 1052 1785 Israel?
1080 1751 1098 1784 ι
1126 1733 1189 1787 Ει
1223 1735 1622 1794 tabernaculum
1655 1743 1826 1808 ipsum
1861 1739 2026 1796 Israel

2144 542 2242 612 τὴν
2272 541 2546 611 βασιλείαν
2592 543 2655 593 ὲκ
2706 540 2886 610 χειρός
2938 557 3052 604 σου,
3093 539 3189 593 καὶ
3221 538 3388 592 δώσει
3435 539 3596 610 αὐτὴν
3627 543 3687 610 τῷ

2146 633 2369 704 πλησίον
2394 650 2486 685 σου
2517 631 2592 702 τῷ
2621 631 2804 684 Δαυῒδ.
2834 649 2854 682 ι
2890 632 3174 701 Δαιμόνιον
3209 630 3268 682 δὲ
3302 631 3364 682 οὐ
3395 630 3606 683 δύναται
3629 636 3689 684 εἰσ

2143 725 2290 779 δέναι
2317 728 2415 798 τὴν
2450 725 2726 796 βασιλείαν
2755 725 2934 781 Δαυῖδ.
2970 725 3065 794 τὴν
3093 725 3198 776 ὑπὸ
3223 723 3319 775 τοῦ
3363 723 3566 796 Κυρίου
3598 742 3688 794 χει-

2145 819 2538 890 ροτονηθεῖσαν.
2574 819 2812 880 Καοότις
2859 819 2972 870 Οὐκ
3005 818 3242 886 ιἤκουσας
3271 815 3372 885 τὴν
3412 815 3591 885 φωνὴν
3613 817 3687 869 αὑ

2142 911 2345 981 Κυρίου
2374 929 2387 976 ;
2425 931 2440 962 ι
2483 912 2593 964 Οὐκ
2629 911 2882 979 ἐποίησεν
2922 910 3091 978 ὀργὴν
3126 909 3300 977 Θυμοῦ
3334 908 3500 960 αὑτοῦ
3535 910 3588 960 ἐν
3623 910 3677 960 ’Δ-

2147 1002 2345 1074 μαλήκ.
2370 1022 2386 1053 ι
2405 1002 2586 1055 Ταῦτα
2608 1003 2706 1056 οὐκ
2725 1002 2837 1053 ἔστι
2862 1003 2924 1072 551",-
2935 1018 3076 1071 ματα
3103 1000 3238 1053 Θεοῦ
3263 1001 3399 1061 ;οὖκ
3427 999 3571 1052 ἔστιν
3593 1000 3691 1070 άλη-

2142 1091 2241 1162 θῆ;
2306 1090 2544 1161 Ἀληθῶς
2587 1091 2695 1161 γὰρ
2728 1091 2827 1144 οὐκ
2873 1092 3097 1161 ἐποίησε
3144 1091 3204 1142 τὸ
3253 1090 3470 1158 Οέλημα
3513 1089 3687 1158 Κυρίου

2141 1184 2329 1236 Σαούλ·
2357 1183 2491 1237 ἀλλὰ
2528 1184 2778 1254 περιέπει
2820 1183 2910 1236 τὸν
2958 1183 3179 1253 βασιλέα
3222 1183 3475 1252 Ἀμαλὴκ
3519 1181 3686 1243 ζῶντι,

2139 1276 2224 1344 ἐφ’
2336 1277 2429 1328 καὶ
2477 1276 2581 1344 πρὸ
2615 1276 2713 1345 τῆς
2758 1277 3066 1344 κοιμήσεως
3115 1273 3304 1335 αὑτοῦ,
3356 1274 3450 1325 καὶ
3492 1274 3583 1324 ἐπὶ
3616 1275 3689 1342 τῆς

2140 1367 2319 1433 ὲξόδου
2353 1367 2596 1419 ὠνείδισε
2629 1365 2879 1436 Σαμουὴλ
2909 1365 2986 1435 τῷ
3014 1366 3208 1418 Σαούλ·
3249 1381 3266 1412 ι
3310 1363 3425 1415 Καὶ
3446 1363 3538 1414 διὰ
3563 1362 3692 1414 τοῦτο

2137 1457 2198 1508 τὸ
2232 1457 2383 1527 ρῆμα
2433 1456 2588 1509 τοῦτο
2635 1457 2855 1526 ἐποίησε
2889 1457 3091 1527 Κύριος
3123 1459 3181 1509 ὲν
3208 1457 3274 1524 τῇ
3312 1453 3503 1523 ἡμέρᾳ
3527 1454 3690 1523 ταύτῃ.

2139 1548 2249 1600 Καὶ
2274 1547 2433 1600 δώσει
2462 1547 2666 1618 Κύριος
2693 1548 2785 1600 καί
2813 1565 2875 1616 γε
2915 1548 3003 1600 τὸν
3043 1547 3260 1618 Ἰσραὴλ
3299 1548 3359 1598 ἐν
3393 1546 3541 1615 χειρὶ

2140 1623 2339 1710 φύλων.
2395 1661 2414 1693 ι
2461 1643 2592 1713 Περὶ
2635 1642 2755 1696 ὅλου
2795 1641 2924 1696 λαοῦ
2980 1641 3113 1694 Θεοῦ
3169 1640 3400 1692 δύναται
3445 1640 3692 1710 δαιμόνιον

2140 1730 2528 1801 προφητεῦσαι,
2553 1732 2633 1784 ὅτι
2665 1732 2866 1804 Κύριος
2896 1731 3073 1803 μέλλει
3102 1730 3459 1802 παραδιδόναι
3487 1730 3578 1782 τον
3611 1731 3691 1782 1:-

468 1819 646 1870 tradet
677 1818 936 1874 Dominus
964 1822 1015 1875 in
1045 1838 1203 1877 manu
1224 1825 1670 1897 alienigenarum.
1692 1833 1755 1885 Et
1783 1842 1859 1894 tu,
1881 1832 2024 1899 Saul,

2137 1820 2306 1891 ραήλ;
2339 1840 2357 1871 ι
2399 1823 2508 1875 Καί
2536 1839 2597 1890 γε
2625 1822 2724 1894 τὴν
2759 1822 3105 1894 παρεμϐολὴν
3151 1819 3371 1890 Ἰσραὴλ
3404 1818 3692 1888 παραδὼπι

468 1923 590 1963 cras
614 1910 876 1976 accelera,
905 1922 978 1978 tn,
1001 1923 1053 1968 et
1076 1914 1218 1970 ﬁlius
1244 1926 1362 1973 tuus
1398 1936 1608 1975 mecum
1640 1924 1707 1977 "°.
1748 1942 1768 1975 ι
1817 1926 1877 1978 Et
1901 1927 2028 1980 illud

466 1999 790 2056 daemonium
822 2005 962 2059 scire
1009 2017 1204 2074 pctest,
1255 2027 1432 2080 regem
1474 2015 1681 2069 scilicet
1732 2018 2032 2074 chrismate

465 2089 776 2155 prophetico
808 2093 1156 2163 declaratum,
1183 2096 1396 2154 Saulem
1429 2117 1552 2157 cras
1578 2121 1607 2157 e
1635 2106 1737 2158 vita
1768 2108 2029 2178 migratu-

467 2185 608 2243 rtnn,
659 2191 712 2235 et
746 2183 882 2238 ﬁlios
917 2186 1061 2241 illius
1097 2205 1202 2243 una
1237 2206 1358 2246 cum
1384 2194 1492 2248 eo?
1525 2213 1542 2246 ι
1565 2197 1699 2251 Cras
1737 2207 1815 2262 tu,
1849 2211 1903 2254 ct
1936 2203 2028 2256 ﬁlii

467 2269 540 2322 Ini
575 2287 803 2326 mecmn.
827 2296 844 2326 ι
871 2275 962 2330 His
991 2281 1238 2348 superius
1259 2283 1457 2352 scripta
1481 2286 1870 2343 conﬁrmantur
1901 2307 2026 2346 vera

462 2374 605 2426 esse,
634 2365 770 2419 etin
805 2367 970 2421 vitam
1010 2383 1292 2427 evocatum
1328 2375 1492 2430 fuisse
1529 2377 1858 2436 Samuelem.
1889 2382 2026 2450 Quid

467 2453 741 2523 igiturhic
792 2462 1132 2531 ventriloqua
1165 2469 1462 2534 operatur?
1487 2469 1623 2535 Quid
1659 2473 1710 2526 in
1740 2474 2029 2530 eductione

463 2544 801 2616 animaajusti
837 2553 1171 2623 ventriloqua
1203 2551 1350 2626 agit?
1381 2560 1481 2626 Qui
1515 2564 1707 2631 prima:
1738 2568 2028 2623 sententiae

462 2647 567 2702 est,
619 2640 843 2695 evitavit
879 2660 947 2698 ne
995 2662 1103 2715 pra:
1150 2659 1224 2703 tot
1263 2651 1382 2706 aliis
1412 2664 1465 2708 et
1520 2671 1718 2710 novum
1752 2667 2024 2716 certamen

463 2723 602 2779 inire
639 2740 924 2798 cogeretur
954 2749 967 2786 :
1002 2735 1144 2790 circa
1180 2741 1530 2807 qua'stiouem
1562 2744 1722 2814 hujus
1775 2748 1875 2802 loci
1936 2767 2022 2805 re-

461 2820 721 2885 spondet:
757 2821 871 2875 Non
917 2837 1001 2880 est
1033 2825 1270 2890 Samuel.
1303 2831 1468 2905 494
1495 2834 1702 2891 daemon
1747 2842 2021 2908 mentitur,

461 2923 583 2963 cum
620 2911 734 2981 ipsa
764 2913 1049 2984 Scriptura
1101 2922 1316 2978 mentiri
1347 2941 1450 2979 non
1478 2929 1666 2996 possit.
1696 2932 1868 2987 Verba
1897 2949 2025 2991 vero

462 3001 758 3074 Scriptura:
801 3019 926 3064 sunt
959 3029 972 3066 :
1001 3028 1103 3068 non
1133 3029 1162 3068 a
1199 3016 1463 3087 dmmone,
1495 3023 1587 3076 sed
1641 3024 1708 3079 ab
1752 3026 1893 3080 illius
1927 3046 2024 3083 au-

459 3103 613 3151 clore
657 3109 786 3154 sunt
816 3103 1022 3171 prolata
1057 3121 1071 3157 ι
1101 3125 1118 3157 ι
1146 3106 1210 3160 Ει
1249 3108 1378 3164 vidit
1411 3111 1606 3168 mulier
1636 3116 1970 3173 Samuelem.
2000 3139 2016 3171 ›

462 3185 610 3240 Dixit
663 3189 792 3243 Sani
841 3207 960 3261 qua:
1003 3195 1220 3252 locutus
1269 3198 1449 3256 fuerat
1491 3202 1730 3260 Samuel.
1779 3206 2021 3273 Quanam

464 3275 633 3346 igitur
661 3282 888 3348 ratione,
922 3302 1042 3354 qua:
1072 3289 1123 3342 in
1152 3291 1252 3344 hoc
1289 3291 1407 3347 loco
1441 3295 1506 3347 de
1532 3298 1869 3370 ventriloqua
1921 3303 2023 3357 dus

461 3369 725 3439 hitantor,
769 3377 1088 3434 solventur?
1129 3383 1321 3450 Quaero
1352 3400 1380 3438 a
1412 3387 1600 3453 prima:
1637 3390 1780 3446 illius
1810 3403 2026 3448 senten-

462 3463 551 3517 tia:
582 3477 844 3524 auctore:
887 3471 1108 3528 Samuel
1153 3478 1292 3546 apud
1341 3480 1590 3535 inferos?
1629 3493 1735 3540 etc.
1777 3483 2021 3554 Respon-

459 3553 581 3608 deat
609 3558 673 3610 ad
710 3560 1036 3634 interrogata
1071 3570 1233 3640 :quis
1278 3572 1468 3637 major,
1504 3571 1745 3640 Samuel,
1780 3577 2022 3633 anJesus

457 3644 744 3703 Christus?
766 3649 900 3716 Quis
933 3656 1122 3724 major,
1151 3659 1448 3726 prophetze,
1471 3677 1536 3715 an
1566 3661 1722 3717 Jesus
1751 3664 2025 3720 Christus?

456 3740 579 3806 quis
609 3744 802 3811 major,
835 3745 1134 3812 Abraham,
1160 3764 1225 3804 an
1253 3749 1414 3805 Jesns
1441 3752 1731 3808 Christus?
1762 3753 1904 3810 Sane
1938 3757 2024 3812 hic

458 3845 616 3884 nemo
657 3848 869 3899 eorum,
895 3837 984 3904 qui
1023 3839 1107 3892 vel
1149 3856 1252 3894 una
1294 3842 1412 3896 vice
1445 3852 1650 3898 tantum
1679 3846 1820 3899 scire
1849 3849 2022 3916 potuit

454 3917 638 3974 Jesnm
683 3923 957 3986 Christum
1007 3943 1147 3994 esse,
1175 3930 1266 3998 qui
1304 3946 1332 3984 a
1366 3934 1647 4002 prophetis
1693 3938 2023 4003 praenuntia-

456 4021 544 4064 tus
577 4024 683 4077 est,
721 4017 936 4070 audebit
967 4020 1145 4074 dicere
1169 4022 1439 4076 Christum
1477 4039 1582 4078 non
1608 4041 1732 4080 esse
1763 4026 2018 4096 majorem

455 4105 752 4173 prophetis.
777 4106 906 4161 Cum
931 4110 1112 4178 itaque
1140 4110 1411 4166 Christum
1447 4117 1704 4186 majorem
1736 4117 2016 4183 fateberis,

454 4195 776 4252 Christusne
829 4203 967 4270 apud
1017 4203 1257 4259 inferos?
1309 4205 1498 4260 Nonne
1557 4207 1682 4263 illuc
1741 4212 2023 4278 pervenit?

453 4284 644 4343 Nonne
700 4306 883 4345 verum
942 4304 1026 4348 est
1073 4297 1216 4364 quod
1259 4297 1312 4351 in
1356 4297 1586 4354 Psalmis
1618 4300 1837 4365 dicitur,
1879 4303 2022 4358 etab

455 4380 719 4445 apostolis
754 4383 806 4435 in
835 4383 1054 4438 Actibus
1089 4387 1556 4457 interpretatur“,
1584 4390 1920 4446 Salvatorem
1954 4394 2019 4446 ad

2100 1910 2110 1918 ’
2133 1910 2332 1980 Κύριος
2354 1912 2520 1982 αὐτὴν
2548 1914 2604 1964 ὲν
2623 1912 2768 1983 χειρὶ
2787 1911 3117 1980 ἀλλοφύλων.
3137 1911 3386 1979 Τάχυνον
3410 1909 3493 1972 δὲ,
3522 1908 3688 1970 Σαοὺλ,

2130 2000 2339 2070 αὔριον·
2387 2004 2482 2057 καὶ
2545 2005 2632 2069 σὺ,
2675 2006 2768 2058 καὶ
2807 2007 2834 2058 6
2884 2004 2995 2067 υἱός
3033 2020 3125 2055 σου
3185 2003 3300 2071 μετ’
3341 1999 3504 2071 ἐμοῦ.
3546 2018 3566 2052 ι
3603 2001 3690 2052 Καὶ

2130 2091 2286 2146 τοῦτο
2330 2093 2549 2148 δύναται
2580 2095 2775 2148 εἰδέναι
2811 2095 3106 2166 δαιμόνιον,
3154 2092 3380 2162 βασιλέα
3409 2108 3690 2162 χειροτονηο

2131 2181 2291 2236 θέντα
2323 2185 2462 2252 μετὰ
2489 2184 2787 2256 χρίσματος
2823 2183 3186 2255 προφητικοῦ,
3217 2184 3300 2236 ὅτι
3339 2182 3535 2252 αὔριον
3556 2183 3688 2261 ξμελο

2130 2275 2217 2327 λεν
2259 2275 2534 2339 ἐξελέσθαι
2581 2278 2609 2328 6
2662 2277 2832 2330 Σαοὺλ
2870 2278 2960 2330 τὸν
3010 2277 3145 2346 βίον,
3182 2276 3277 2330 καὶ
3319 2276 3372 2328 οἱ
3419 2274 3685 2350 υἱοὶοαὴοᾶ

2133 2369 2248 2437 μετ’
2283 2369 2480 2432 αὑτοῦ;
2521 2387 2539 2420 ι
2579 2369 2776 2439 Αὔριον
2806 2372 2891 2433 σὺ,
2925 2371 3019 2423 καὶ
3066 2368 3172 2421 υίοί
3214 2385 3307 2420 σου
3346 2369 3465 2438 μετ’
3494 2369 3634 2438 ἐμοὶ
3664 2389 3680 2418 ι

2129 2459 2312 2512 Ταῦτα
2360 2459 2459 2529 μὲν
2502 2456 2614 2525 οὖν,
2645 2462 2726 2514 ὅτι
2761 2461 2858 2514 οὐκ
2888 2460 3000 2513 ἔστι
3036 2462 3111 2532 (7)
3161 2460 3333 2530 ψευδῆ
3371 2460 3438 2512 τὰ
3473 2461 3580 2514 ἄνω
3611 2477 3683 2527 τε·

2127 2551 2440 2621 γραμμένα,
2477 2553 2570 2605 καὶ
2597 2553 2678 2604 ὅτι
2717 2552 2970 2622 Σαμουὴλ
2997 2555 3144 2606 ἐστιν
3175 2555 3202 2604 6
3236 2549 3604 2619 ἀναϐεϐηκώς.
3633 2552 3682 2602 Τί

2128 2638 2218 2695 οὖν
2245 2646 2387 2694 ποιεῖ
2415 2642 2846 2714 ὲγγαστρίμυθος
2879 2643 3096 2708 ὲνθάδε;
3131 2643 3194 2695 Τί
3233 2646 3384 2695 ποιεῖ
3420 2642 3682 2710 ἐγγαστρί-

2131 2734 2298 2805 μυθος
2350 2736 2478 2807 περὶ
2529 2737 2628 2806 τὴν
2657 2735 2945 2805 ἀναγωγὴν
2978 2736 3076 2806 τῆς
3114 2736 3299 2804 ψυχῆς
3328 2735 3426 2788 τοῦ
3456 2736 3680 2796 δικαίοις

2139 2826 2375 2890 Ἐκεῖνος
2402 2826 2598 2894 ἔφυγεν
2632 2828 2660 2878 6
2691 2827 2780 2881 τὸν
2807 2827 3020 2898 πρῶτον
3058 2825 3148 2879 τὸν
3178 2827 3340 2894 λόγον
3384 2826 3577 2878 εἰπών·
3611 2827 3679 2877 in

2126 2922 2234 2995 γὰρ
2287 2923 2362 2993 (8)
2419 2921 2493 2994 μὴ
2531 2922 2715 2990 ἀγῶνα
2747 2923 2889 2993 ἔχειν
2921 2923 3048 2994 δοκῇ
3083 2922 3227 2975 κατὰ
3270 2921 3508 2975 τοσαῦτα
3549 2921 3680 2984 ἄλλα,

2125 3014 2267 3070 κατὰ
2297 3014 2385 3067 τὺν
2411 3015 2570 3067 τόπον
2597 3011 2924 3085 ζητούμενα,
2953 3016 3048 3066 καὶ
3097 3013 3266 3081 λέγει·
3299 3014 3416 3065 υῦκ
3452 3012 3561 3064 ἔστι
3593 3012 3678 3062 Σα-

2130 3105 2320 3176 μουὴλ,
2349 3105 2600 3174 ψεύδεται
2629 3105 2688 3157 τὸ
2720 3105 3014 3175 δαιμόνιον,
3057 3105 3181 3158 ἐπεὶ
3211 3106 3274 3157 οὐ
3316 3104 3538 3157 δύναται
3573 3102 3681 3170 ψεύ-

2129 3196 2308 3249 δεσθαι
2347 3199 2379 3268 ἡ
2411 3197 2619 3268 Γραφή.
2653 3196 2733 3249 Τά
2763 3196 2819 3248 δὲ
2858 3198 3076 3268 ῥήματα
3119 3197 3220 3267 τῆς
3264 3196 3489 3267 Γραφῆς
3523 3197 3676 3246 ἐστιν·

2127 3288 2227 3341 οὐκ
2246 3288 2388 3340 ἔστιν
2412 3289 2474 3340 ἐκ
2501 3287 2791 3358 προσώπου
2820 3287 2913 3339 τοῦ
2961 3288 3236 3358 δαιμονίου
3268 3287 3458 3361 αὐτοῦ,
3501 3288 3602 3340 ἀλλ’
3627 3290 3677 3339 ἐι

2129 3379 2421 3450 προσώπου
2444 3379 2634 3449 αὐτῆςο
2664 3399 2681 3432 ι
2725 3381 2833 3432 Καὶ
2859 3376 2995 3432 εἶδεν
3033 3383 3066 3451 ἡ
3101 3381 3238 3450 γυνὴ
3265 3381 3360 3434 τὸν
3396 3380 3674 3449 Σαμουήλδ

2128 3469 2259 3525 Εἷπε
2284 3471 2452 3524 Σαοὺλ
2470 3471 2539 3524 τὰ
2568 3471 2760 3544 λελαλη
2771 3473 2905 3542 μένα
2930 3472 3037 3524 ἀπὸ
3069 3471 3162 3523 τοῦ
3191 3472 3451 3542 Σαμουὴλ
3475 3471 3567 3539 (9)·
3586 3470 3678 3531 πῶς

2125 3563 2216 3619 οὖν
2252 3565 2484 3636 λυόμενα
2513 3565 2580 3618 τὰ
2609 3566 2708 3635 τῆς
2735 3563 3169 3636 ἐγγαστριμύθου
3208 3567 3461 3632 φανεῖται
3482 3565 3547 3616 τὰ
3566 3562 3678 3614 κατά

2124 3657 2214 3710 τὸν
2239 3657 2432 3722 τόπον;
2458 3655 2798 3726 Πυνθάνομαι
2823 3656 2915 3710 τοῦ
2942 3657 3330 3726 προειρηκότος
3359 3657 3429 3708 τὰ

2127 3749 2376 3821 Σαμουὴλ
2420 3751 2476 3802 ὲν
2515 3749 2676 3820 ᾇδου;
2723 3749 2817 3803 καὶ
2863 3749 2933 3802 τὰ
2974 3748 3118 3818 ἑξῆς.
3162 3749 3273 3801 Καὶ
3317 3745 3677 3818 ἀποκρινάσθω

2128 3843 2262 3912 πρὸς
2320 3843 2380 3895 τὸ
2439 3843 2882 3914 ἐπηρωτημένον.
2941 3843 3037 3903 Τίς
3083 3840 3308 3912 μείζων,
3360 3837 3675 3909 Σαμουὴλῆ

2138 3935 2342 4003 Ἰησοῦς
2366 3937 2394 3987 6
2419 3935 2682 4005 Χριστός;
2713 3933 2793 3996 τίς
2826 3933 3046 4004 μείζων,
3081 3933 3130 3984 οἱ
3179 3931 3482 4003 προφῆται,
3521 3931 3551 3998 ἢ
3590 3930 3675 3995 ἰη-

2127 4026 2250 4089 σοῦς
2279 4027 2306 4078 6
2338 4024 2600 4097 Χριστός;
2646 4023 2729 4087 τίς
2780 4022 3000 4093 μείζων,
3046 4022 3323 4094 Ἀὄραὰμ,
3360 4022 3393 4090 ἦ
3444 4019 3674 4088 Ἱησοῦςό

2124 4117 2396 4187 Χριστός;
2447 4115 2662 4169 Ἐνθάδε
2701 4116 2762 4168 οὐ
2817 4113 3073 4185 τολμήσοι
3110 4130 3194 4175 τις
3233 4111 3344 4165 τῶν
3378 4109 3521 4173 ἅπαξ
3563 4108 3674 4175 g6:-

2127 4209 2332 4262 σάντων
2368 4208 2458 4260 τὸν
2491 4207 2694 4278 Κύριον
2733 4206 2928 4258 εἰδέναι
2969 4203 3174 4274 Ἰησοῦν
3213 4204 3451 4274 Χριστὸν
3473 4203 3557 4253 τὸν
3584 4200 3673 4250 ὑπὸ

2121 4299 2228 4351 τῶν
2256 4296 2543 4370 προφητῶν
2578 4296 3019 4368 προκηρυχθέντα
3049 4291 3209 4358 εἶναι,
3243 4296 3438 4355 εἰπεῖν,
3465 4293 3542 4345 ὅτι
3573 4291 3672 4358 μεί-

2124 4391 2229 4454 ζων
2259 4390 2358 4442 οὐκ
2387 4389 2530 4442 ἐστιν
2561 4390 2589 4441 6
2635 4389 2865 4460 Χριστὸς
2900 4387 3006 4441 τῶν
3055 4384 3370 4457 προφητῶν.
3406 4384 3563 4436 Ὅταν
3591 4377 3668 4433 οὗν

454 4468 656 4525 inferos
687 4472 1068 4532 descendisse?
1090 4478 1242 4544 Quod
1273 4482 1326 4534 in
1361 4481 1572 4550 psalmo
1594 4481 1806 4538 decimo
1827 4484 2019 4553 quinto

2130 4481 2477 4553 ὁμολογήσῃς,
2507 4483 2588 4536 ὅτι
2640 4479 2848 4551 Ἰησοῦς
2875 4478 3104 4550 Χριστὸς
3135 4476 3337 4548 μείζων
3368 4477 3529 4536 ἐστὶν,
3554 4475 3667 4541 Χρι-

453 4561 682 4631 ¹⁶¹ἕίι111·.›
708 4572 773 4622 ad
826 4569 999 4638 ipsum
1065 4573 1255 4628 referri
1320 4577 1586 4646 scriptum
1623 4577 1769 4631 est"
1805 4595 1819 4632 :
1854 4577 2015 4632 ισΝοη

455 4656 804 4727 derelinques
837 4665 1077 4718 animam
1136 4682 1308 4721 meam
1355 4668 1408 4721 in
1467 4668 1701 4728 inferno,
1731 4684 1830 4724 nec
1866 4672 2019 4726 dabis

447 4742 652 4810 justum
687 4759 832 4804 tuum
895 4755 1077 4810 videre
1125 4761 1546 4829 corruptionem.
1576 4780 1595 4812 ι
1652 4761 1707 4815 Si
1763 4762 2018 4830 deinceps

456 4842 818 4907 respondebit,
855 4847 978 4912 quia
1023 4848 1270 4905 Christus
1320 4854 1386 4907 ad
1447 4851 1652 4907 inferos
1687 4853 2016 4907 descendit:

453 4931 582 4995 quid
634 4937 884 4989 actm'us?
922 4939 1250 5006 victurusne,
1285 4958 1350 4996 an
1401 4959 1429 4996 a
1469 4952 1644 4998 morte
1691 4943 2022 4998 vincendos?

457 5020 746 5078 Descendit
775 5028 839 5079 ad
866 5027 951 5082 illa
988 5031 1123 5095 loca,
1179 5049 1281 5086 non
1318 5045 1571 5104 tanquam
1609 5051 1798 5088 servus
1827 5050 2013 5089 eorum

454 5115 541 5180 qui
582 5115 650 5168 ibi
704 5128 881 5183 erant,
906 5121 998 5174 sed
1030 5130 1286 5191 tanquam
1322 5125 1583 5180 Dominus
1615 5126 2019 5193 deeertaturus,

454 5216 509 5260 nt
540 5210 688 5275 prius
735 5212 1068 5280 dicebamus,
1103 5215 1227 5267 dum
1255 5217 1520 5284 psalmum
1554 5219 1867 5288 vigesimum
1904 5221 2018 5289 pri-

453 5316 596 5353 mum
625 5303 1017 5370 explicaremus
1039 5304 1571 5362 :«Circumdederunt
1591 5326 1675 5364 me
1703 5312 1854 5364 vituli
1882 5313 2021 5365 mul-

455 5385 516 5449 ti,
545 5389 682 5440 tauri
716 5390 942 5458 pingues
971 5393 1299 5449 obsederunt
1332 5412 1437 5450 me.
1469 5399 1812 5467 Aperuerunt
1855 5416 2020 5469 super

525 5502 568 5533 ⁸⁸
597 5504 612 5556 Ι
637 5503 766 5574 Reg.
789 5522 980 5573 xxvni,
1014 5510 1101 5563 18.
1177 5511 1220 5543 ⁸³
1253 5511 1267 5563 Ι
1297 5512 1428 5580 Reg.
1457 5529 1552 5577 xv,
1578 5514 1669 5568 28.

527 5616 604 5697 (7)
632 5619 750 5697 ’Ὸῑςι
781 5624 892 5697 οὐξι
914 5624 1079 5697 ζέοντι.
1115 5625 1206 5678 Vel
1237 5627 1415 5697 scrihe
1439 5627 1608 5697 δηλοῖ,
1638 5629 1720 5681 ὅτι
1753 5630 1852 5683 οὐκ
1881 5629 2013 5694 ἔστι,

459 5691 536 5738 vel
555 5691 758 5763 “supple
786 5692 953 5763 δηλοῖ,
997 5705 1088 5746 ant
1115 5697 1243 5763 quid
1270 5695 1466 5749 simile.

532 5757 848 5823 (8)Εἱπώνο’
880 5764 979 5817 ἵνα
1020 5757 1149 5833 γάρ,
1187 5777 1288 5820 etc.
1324 5766 1516 5823 lluetio
1556 5767 1831 5839 legendum
1865 5770 2009 5823 vide-

1770 5515 1858 5569 ⁷⁰Ι
1897 5515 2026 5583 Reg.
2061 5531 2249 5580 XXt’tfl,
2286 5517 2370 5570 l9.

2122 4572 2244 4634 στὸς
2271 4573 2328 4623 ἐν
2355 4571 2514 4642 ᾇδου;
2556 4572 2626 4623 Ἢ
2656 4572 2716 4622 οὺ
2747 4570 2966 4638 γέγονεν
2998 4571 3144 4634 ὲκεῖ;
3187 4568 3304 4620 Οὐκ
3331 4568 3475 4619 ἐστιν
3499 4562 3668 4633 ἀληθὲς

2118 4663 2178 4714 τὺ
2207 4664 2490 4733 εἰρημένον
2515 4665 2571 4715 ὲν
2621 4663 2904 4731 Ψαλμοῖς,
2931 4661 3264 4734 ὲρμηνευθὲν
3291 4661 3396 4712 ὑπὸ
3440 4659 3538 4712 τῶν
3564 4658 3669 4708 im-

2124 4755 2322 4808 στόλων
2346 4759 2402 4808 ἐν
2430 4757 2549 4818 ταῖς
2611 4755 2909 4821 Πράξεσιν
2949 4753 3127 4807 αὐτῶν
3163 4752 3296 4823 περὶ
3321 4750 3414 4804 τοῦ
3450 4752 3535 4802 τὸν
3571 4747 3666 4798 Σω-

2125 4849 2265 4919 τῆρα
2309 4850 2365 4900 ἐν
2401 4848 2525 4919 ᾅδου
2576 4848 3038 4917 καταϐεϐηκέναι;
3098 4847 3435 4918 Γέγραπται,
3473 4847 3547 4897 ὅτι
3588 4843 3663 4894 ἐπ’

2127 4940 2286 4992 αὐτὸν
2316 4939 2536 5012 φέρεται
2570 4941 2630 4992 τὸ
2657 4941 2714 4992 ὲν
2750 4941 2908 4993 πέντε
2949 4940 3042 4992 καὶ
3088 4939 3306 5008 δεκάτῳ
3337 4935 3549 5008 ψαλμῴο
3587 4935 3660 4985 ὅτι

2132 5052 2148 5082 ι
2187 5034 2299 5085 Οὐκ
2334 5031 2748 5102 ἐγκαταλείψεις
2793 5031 2889 5102 τὴν
2918 5031 3093 5102 ψυχήν
3135 5048 3236 5102 μου
3280 5032 3358 5093 εἰς
3390 5029 3524 5099 ᾅδου,
3558 5024 3660 5076 ούίὲ

2123 5123 2314 5186 δώσεις
2350 5123 2441 5176 τὸν
2489 5123 2632 5176 ὅσιόν
2676 5140 2768 5176 σου
2827 5123 2953 5175 ἰδεῖν
3002 5122 3320 5195 διαφθοράν.
3353 5141 3370 5173 ι
3405 5117 3523 5173 Εἶτα
3545 5115 3658 5186 peti

2125 5215 2281 5266 τοῦτο
2317 5214 2412 5267 ἐὰν
2443 5215 2824 5286 ἀποκρίνηται,
2872 5216 2951 5267 ὅτι
2989 5215 3222 5286 Χριστὸς
3267 5216 3325 5266 ἐν
3366 5213 3480 5284 ᾅδου
3512 5225 3654 5261 κατι-

2127 5307 2346 5378 ϐἐϐηκε,
2378 5308 2430 5358 τί
2471 5309 2678 5370 ποιεῖς;
2727 5308 2983 5377 νικήσων,
3035 5307 3068 5377 ἦ
3121 5306 3528 5377 νικηοησόμενῡς
3566 5297 3654 5350 ὖπδ

2125 5398 2214 5451 τοῦ
2247 5399 2472 5453 Οανάτου
2498 5415 2512 5464 ;
2539 5400 2648 5452 Καὶ
2669 5399 3026 5470 κατελήλυθεν
3064 5401 3144 5462 είς
3177 5400 3246 5451 τά
3283 5399 3446 5469 χωρία
3475 5395 3652 5447 ἐκεῖναι

2446 5516 2488 5546 ⁷⁸
2519 5516 2634 5569 Act.
2674 5531 2733 5582 tt,
2769 5517 2857 5569 ⁸51.
2935 5517 2979 5547 τ’
3019 5515 3162 5570 Psal.
3192 5533 3278 5578 ιμ’.
3315 5516 3393 5570 l0.

2129 5641 2234 5692 tur,
2263 5629 2452 5710 εἰπὼν,
2489 5631 2581 5710 ἵνα
2605 5631 2677 5710 μῂ
2713 5630 2918 5710 ἀγῶνα,
2949 5641 3054 5710 e_tc.
3174 5700 3188 5710 _
3245 5700 3259 5710 _
3359 5699 3382 5710 -
3407 5697 3440 5710 _
3571 5693 3582 5710 ι

2195 5703 2269 5774 (υ)
2321 5701 2451 5756 Ἀπὸ
2485 5693 2923 5771 toﬁs-apem“.
2973 5701 3133 5772 Lege.
3166 5700 3272 5755 ὑπὸ
3299 5699 3383 5755 τοῦ
3406 5693 3640 5768 Σαμουήλ-
