3870 6530
165 381 182 432 ’1
198 379 290 431 (HI

1239 373 1304 428 IN
1347 368 1603 426 LIBRUM
1643 367 1878 424 REGUM
1921 369 2204 426 HOMILIA
2243 372 2310 427 11.

3265 368 3288 423 l
3299 369 3405 426 0-22

159 498 254 566 οὐχ
285 496 360 558 ὡς
383 491 565 557 δοῦλος
592 493 700 547 τῶν
722 496 857 562 ἐκεῖ,
886 495 998 548 ἀλλ’
1038 497 1113 560 ὡς
1141 497 1406 569 δεσπότης
1429 497 1718 560 παλαίσωντ

1838 511 1922 548 me
1952 511 2012 548 os
2044 509 2223 559 suum,
2255 493 2396 546 sicut
2427 488 2512 543 leo
2541 488 2757 557 rapiens
2785 495 2838 540 ct
2875 487 3108 558 rugiens.
3150 486 3398 556 Dispersa

159 588 233 649 ὡς
277 585 462 658 πρώην
515 585 772 657 ἐλέγομεν
803 587 1154 658 ἐξηγούμενοι
1208 589 1298 642 τὸν
1346 588 1560 659 ψαλμὸν
1610 595 1727 641 κα’·

165 695 184 729 σ
234 674 678 747 Περιεκύκλωσάν
720 695 787 747 με
831 679 1018 748 μόσχοι
1061 678 1262 741 πολλοὶ,
1313 679 1502 750 ταῦροι
1551 679 1732 742 πίονες

121 785 126 802 ί
159 770 440 840 περιέσχον
475 785 562 838 με.
598 767 852 834 Ἦνοιξαν
881 771 970 821 ἐπ’
999 770 1097 840 ἐμὲ
1132 771 1190 823 τὸ
1225 770 1397 840 στόμα
1423 769 1621 834 αὐτῶν,
1658 769 1733 832 ὡς

154 861 288 912 λέων
319 858 575 931 ἁρπάζων
603 861 694 912 καὶ
723 860 1051 932 ὠρυόμενος.
1076 862 1471 932 Διεσκορπίσθη
1502 861 1570 914 τὰ
1601 863 1734 914 ὀστᾶ

159 969 276 1023 μου.
306 971 323 1001 ι
348 950 768 1021 Μεμνήμεθα,εἴ
783 969 846 1019 γε
867 953 1207 1024 μεμνήμεθα,
1235 953 1348 1006 τῶν
1377 952 1533 1024 ἱερῶν
1549 970 1702 1024 γραμ
1725 986 1733 994 -

158 1043 358 1114 μάτων·
403 1041 682 1112 μέμνημαι
714 1043 820 1114 γὰρ
859 1045 1034 1100 αὐτῶν
1074 1047 1375 1118 εἰρημένων
1411 1050 1490 1111 εἰς
1524 1047 1614 1101 τὸν
1645 1052 1729 1100 κα⁹

153 1133 382 1204 ψαλμόν.
412 1133 620 1186 Οὐκοῦν
654 1137 681 1187 ὁ
718 1135 906 1208 Σωτὴρ
946 1138 1273 1208 κατελήλυθε
1309 1137 1526 1192 σώσων·
1572 1156 1732 1191 κατε-

155 1225 378 1298 λήλυθεν
430 1226 547 1277 ἐκεῖ
591 1227 990 1297 προκηρυχθεὶς
1029 1229 1132 1282 ὑπὸ
1179 1229 1288 1282 τῶν
1329 1230 1642 1302 προφητῶν,
1694 1232 1726 1302 ἢ

152 1319 245 1382 οὓς
291 1317 428 1370 Ἀλλ’
460 1316 645 1370 ἐνθάδε
687 1319 783 1388 μὲν
816 1319 1201 1391 προεκηρύχθη
1229 1321 1336 1374 ὑπὸ
1372 1321 1480 1374 τῶν
1519 1339 1731 1394 προφη-

153 1405 274 1458 τῶν·
312 1405 544 1475 ἀλλαχοῦ
575 1407 630 1460 δὲ
665 1407 984 1478 κατέρχεται
1013 1409 1072 1459 οὐ
1123 1407 1209 1460 διὰ
1252 1409 1574 1481 προφητῶν;
1623 1413 1730 1464 Καὶ

151 1497 352 1566 Μωσῆς
387 1497 549 1550 αὑτὸν
586 1496 848 1568 κηρύσσει
891 1498 1295 1569 ἐπιδημήσοντα
1318 1499 1394 1570 τῷ
1428 1500 1576 1568 γένει
1622 1502 1729 1556 τῶν

149 1587 468 1660 ἀνθρώπων·
505 1589 642 1642 ὥστε
689 1589 942 1659 λέγεσθαι
991 1590 1172 1654 καλῶς
1213 1591 1319 1644 ὑπὸ
1386 1593 1478 1644 τοῦ
1524 1594 1727 1665 Κυρίου

150 1681 240 1733 καὶ
273 1681 525 1752 Σωτῆρος
549 1681 722 1752 ἡμῶν·
756 1700 774 1732 ι
797 1683 858 1734 Et
886 1681 1200 1734 ἐπιστεύετε
1227 1683 1419 1754 Μωσῇ,
1447 1685 1726 1738 ἐπιστεύε-

149 1791 204 1826 τε
236 1772 300 1827 ἂν
339 1774 494 1843 ἐμοί·
531 1774 654 1844 περὶ
691 1773 800 1844 γὰρ
837 1773 970 1845 ἐμοῦ
1017 1777 1223 1838 ἐκεῖνος
1268 1774 1525 1846 ἔγραψεν.
1565 1777 1625 1829 El
1667 1777 1726 1830 δέ

1834 596 1962 642 sunt
1990 588 2173 640 omnia
2217 599 2340 638 ossa
2387 597 2500 635 mea
2525 581 2591 633 ⁷³.
2622 599 2640 632 ι
2689 581 2832 634 Sane
2880 583 3232 634 recordamur
3272 579 3404 632 divi-

1833 694 2024 732 narum
2074 677 2399 742 litterarum,
2435 689 2672 746 namque
2707 673 2823 725 ha'c
2867 673 2918 725 in
2965 673 3174 741 psalmo
3201 669 3396 738 vigesi-

1833 788 1920 826 mo
1947 772 2122 842 primo
2168 771 2372 838 scripta
2401 785 2522 824 esse
2565 767 2807 823 memini.
2834 764 3004 833 Igitur
3031 764 3281 817 Salvator
3306 763 3400 815 de-

1831 863 2063 929 scendit,
2095 869 2154 915 ut
2199 861 2477 919 liberaret.
2510 859 2863 914 descenditne
2909 856 3038 909 illuc
3072 854 3399 924 praenuntia-

1833 963 1966 1006 tusa
2001 949 2300 1022 prophetis,
2339 950 2562 1004 annon?
2590 950 2656 1004 At
2691 949 2778 1001 hie
2807 946 3026 1015 quidem
3059 960 3086 998 a
3118 945 3398 1014 prophetis

1805 1043 2221 1113 praenuntiatus
2252 1051 2368 1108 est;
2406 1041 2512 1094 alio
2549 1056 2678 1095 vero
2713 1041 2988 1094 descendit
3015 1052 3116 1090 non
3147 1050 3241 1105 per
3273 1051 3398 1104 pro—

1841 1135 2072 1207 phetas?
2103 1135 2314 1205 Moyses
2346 1135 2474 1188 item
2513 1133 2686 1202 ipsum
2716 1133 3036 1202 praenuntiat
3064 1145 3162 1200 pro
3201 1143 3398 1198 genere

1831 1230 2069 1284 humano
2098 1229 2480 1292 adventurnm,
2512 1227 2584 1278 ita
2621 1237 2678 1278 ut
2711 1233 2854 1280 recte
2886 1240 2913 1276 a
2945 1223 3171 1277 Domino
3187 1231 3236 1274 et
3273 1219 3398 1274 Sal—

1829 1333 2016 1377 vatore
2046 1331 2231 1374 nostro
2259 1321 2466 1375 dicatur
2485 1318 2532 1350 τδ
2555 1333 2569 1371 :
2595 1335 2614 1369 ι
2643 1318 2697 1372 Si
2717 1314 3014 1372 crederetis
3047 1312 3241 1383 Moysi,
3274 1326 3400 1366 cre-

1831 1414 2032 1470 deretis
2068 1423 2121 1466 et
2156 1413 2285 1467 mihi
2320 1429 2334 1466 :
2368 1413 2434 1464 de
2463 1425 2550 1464 me
2589 1409 2733 1464 enim
2785 1407 2874 1461 ille
2903 1405 3143 1474 scripsit.
3179 1402 3236 1456 Si
3261 1401 3400 1456 scri-

1831 1508 1936 1575 ptis
1967 1505 2111 1560 illius
2159 1519 2264 1557 non
2309 1503 2555 1567 creditis,
2601 1501 2873 1570 quomodo
2907 1497 3091 1553 verbis
3125 1497 3262 1550 meis
3290 1509 3404 1550 cre-

1833 1595 2041 1649 detis?)
2078 1594 2142 1646 Et
2156 1593 2305 1648 venit
2335 1593 2387 1646 in
2419 1593 2556 1646 hanc
2579 1591 2743 1645 vitam
2773 1589 3046 1653 Christus,
3067 1598 3120 1642 et
3151 1601 3405 1656 praenun-

1835 1686 1996 1739 tiatnr
2019 1683 2276 1740 Christus
2300 1685 2352 1737 in
2377 1684 2515 1738 hanc
2555 1685 2723 1738 vitam
2755 1681 3072 1736 adveniens.
3102 1679 3158 1732 Si
3193 1677 3403 1746 Moyses

1834 1778 1898 1831 de
1932 1777 2026 1831 illo
2071 1777 2160 1832 hic
2189 1777 2559 1846 praenuntiat,
2591 1791 2700 1829 non
2739 1774 2818 1828 vis
2860 1782 2914 1828 et
2953 1773 3123 1842 ipsum
3163 1770 3288 1824 illuc
3316 1771 3407 1823 de-

148 1869 255 1928 τοῖς
280 1866 490 1919 ἐκείνου
513 1867 830 1938 γράμμασιν
863 1868 922 1920 οὐ
949 1868 1252 1932 πιστεύετε,
1285 1868 1406 1932 πῶς
1449 1873 1560 1932 τοῖς
1579 1871 1718 1940 ἐμοῖς

1835 1871 2132 1932 scemlisse,
2165 1878 2221 1922 ut
2253 1867 2528 1923 Christum
2565 1867 2884 1938 przediceret
2914 1879 2978 1928 eo
3005 1861 3405 1934 migraturum?

153 1959 352 2029 ῥήμασι
380 1958 730 2022 πιστεύσετε;
755 1978 774 2010 ι
809 1960 916 2012 Καὶ
948 1960 1310 2032 ἐπιδεδήμηκε
1334 1961 1508 2032 τούτῳ
1525 1961 1600 2032 τῷ
1624 1962 1722 2034 βίῳ

149 2049 398 2119 Χριστὸς,
431 2051 525 2103 καὶ
547 2049 986 2121 προκηρύσσεται
1004 2052 1234 2123 Χριστὸς
1257 2053 1535 2123 ἐπιδημῶν
1551 2053 1722 2124 τούτῳ

147 2141 218 2208 τῷ
247 2141 364 2212 βίῳ.
393 2145 457 2195 Ei
500 2143 554 2196 δὲ
595 2144 799 2216 Μωσῆς
842 2144 1174 2215 προφητεύει
1212 2144 1372 2198 αὐτὸν
1406 2143 1616 2211 ἐνθάδε,
1660 2147 1719 2198 οὐ

149 2233 314 2296 θέλεις
358 2235 524 2287 αὑτὸν
559 2235 718 2288 κάκεῖ
762 2234 1217 2306 καταϐεϐηκέναι,
1250 2237 1336 2289 ἵνα
1370 2237 1722 2308 προφητεύσῃ

147 2323 375 2394 Χριστδν
403 2325 756 2391 ἐλεύσεσθαι;
806 2327 870 2378 Ἰῖί
899 2327 990 2392 es;
1026 2328 1234 2398 Μωσῆς
1270 2328 1387 2400 μὲν,
1417 2332 1464 2382 ot
1497 2331 1552 2384 δὲ
1596 2329 1722 2402 ἑξῆς

147 2417 413 2487 προφῆται
449 2419 568 2489 οὐχί
592 2437 606 2484 ;
660 2419 910 2490 Σαμουὴλ
940 2420 996 2472 δὲ
1037 2421 1188 2490 οὐχί;
1245 2421 1309 2474 Τί
1361 2423 1559 2475 ἄτοπόν
1605 2425 1718 2476 ἐστι

144 2511 262 2573 τοὺς
295 2512 514 2582 ἰατροὺς
543 2511 894 2565 καταϐαίνειν
930 2513 1065 2582 πρὸς
1103 2515 1228 2577 τοὺς
1271 2513 1453 2578 κακῶς
1475 2514 1715 2584 ἔχοντας

145 2598 205 2650 Τί
235 2598 288 2651 δὲ
311 2599 513 2654 ἄτοπόν
541 2603 688 2654 ἐστιν
712 2601 797 2653 ἵνα
831 2601 924 2654 καὶ
953 2602 980 2653 ὁ
1007 2603 1301 2674 ἁρχίατρος
1336 2605 1545 2675 καταϐῇ
1584 2605 1720 2676 πρὸς

142 2691 260 2753 τοὺς
288 2689 475 2755 κακῶς
496 2692 752 2762 ἔχοντας;
808 2693 1033 2746 Ἐκεῖνοι
1071 2695 1241 2764 ἰατροὶ
1279 2694 1376 2764 μέν
1402 2691 1540 2765 ἦσαν
1587 2695 1717 2749 πολ-

145 2781 239 2842 λοὶ,
272 2782 300 2833 ὁ
323 2781 378 2833 δὲ
418 2781 624 2852 Κύριός
655 2800 754 2852 μου
779 2783 870 2836 καὶ
907 2781 1096 2854 Σωτὴρ
1124 2782 1416 2855 ἀρχίατρός
1445 2785 1578 2836 ἐστι·
1625 2786 1718 2838 καὶ

143 2871 245 2941 γὰρ
266 2871 359 2942 τὴν
387 2873 540 2925 ἔνεον
573 2873 888 2944 ἐπιθυμίαν,
922 2875 954 2944 ἢ
979 2875 1038 2927 οὐ
1065 2875 1284 2928 δύναται
1311 2875 1414 2928 ὑπὸ
1430 2875 1602 2928 ἄλλων
1632 2875 1718 2929 θε-

145 2962 496 3034 ραπευθῆναι,
534 2966 694 3028 αὐτὸς
728 2967 1044 3036 θεραπεύει·
1078 2969 1198 3038 ῆτις
1243 2969 1342 3020 οὐκ
1375 2967 1591 3038 ἴσχυσεν
1625 2969 1716 3022 ὑπ’

144 3056 344 3119 οὐδενὸς
395 3056 804 3128 Θεραπευθῆναι
845 3058 954 3111 τῶν
988 3059 1208 3130 ἰατρῶν,
1239 3060 1470 3130 Χριστὸς
1514 3061 1718 3132 Ἰησοῦς

141 3144 296 3216 αὐτὴν
325 3144 640 3216 θεραπεύει.
666 3145 756 3216 Μὴ
781 3146 967 3214 φοϐοῦ.
1000 3147 1090 3217 Μὴ
1125 3146 1356 3216 θαμϐοὖ.
1397 3149 1600 3220 Ἰησοῦς
1637 3155 1716 3214 είς

1831 1963 1967 2029 Quid
2003 1960 2200 2030 porro?
2235 1960 2448 2032 Moyses
2471 1959 2521 2011 id
2557 1959 2667 2028 egit
2701 1976 2713 2010 :
2743 1957 2938 2026 reliqui
2982 1956 3259 2024 prophetae
3293 1967 3402 2006 non

1832 2053 1998 2108 item?
2021 2052 2206 2107 Nonne
2250 2051 2512 2106 Samuel?
2549 2050 2818 2117 Quidnam
2845 2047 3065 2102 absurdi
3102 2055 3203 2112 est,
3233 2045 3401 2098 medi-

1829 2160 1924 2200 cos
1956 2146 2020 2199 ad
2049 2145 2185 2198 male
2227 2159 2286 2199 se
2319 2143 2584 2197 habentes
2613 2139 2990 2195 descendere?
3017 2137 3154 2204 Quid
3179 2135 3401 2191 ahsnrdi

1828 2247 1911 2290 est
1957 2235 2250 2305 principem
2310 2233 2641 2288 medicorum
2689 2233 2754 2285 ad
2797 2240 3126 2300 aegrotantes
3171 2232 3400 2283 descen-

1829 2329 1993 2384 dere?
2040 2329 2118 2382 llli
2157 2329 2350 2384 medici
2411 2327 2630 2398 quidem
2680 2337 2854 2393 erant,
2908 2334 2964 2380 et
3011 2339 3143 2378 sane
3205 2323 3397 2377 multi:

1827 2431 1885 2476 at
1939 2421 2198 2478 Dominus
2266 2436 2417 2476 meus
2482 2429 2536 2474 et
2576 2419 2829 2474 Salvator
2897 2419 3151 2490 princeps
3207 2432 3400 2472 eorum

1827 2525 1927 2570 est.
1993 2513 2202 2569 Etenim
2275 2516 2544 2570 internum
2619 2514 2991 2575 desiderium,
3049 2510 3210 2582 595
3261 2512 3401 2578 quod

1827 2623 1931 2660 non
1996 2615 2170 2676 potest
2213 2605 2280 2659 ab
2331 2605 2454 2660 aliis
2520 2599 2731 2671 curari,
2778 2613 2936 2659 curat
2984 2604 3100 2673 ipse
3138 2622 3151 2659 :
3185 2605 3327 2672 quod
3370 2619 3400 2658 a

1827 2697 2044 2751 nemine
2096 2698 2268 2766 potuit
2313 2695 2645 2750 medicorum
2702 2695 2905 2759 sanari,
2937 2703 3158 2748 sanatur
3186 2709 3214 2747 ει
3241 2693 3401 2748 Chri—

1825 2795 1910 2842 sto
1955 2785 2105 2840 Jesu.
2147 2784 2225 2840 Ne
2271 2787 2482 2841 timeas.
2532 2785 2609 2838 Nc
2641 2787 2874 2840 mireris.
2921 2785 3166 2838 Christus
3217 2783 3270 2838 in
3313 2785 3398 2838 in-

1827 2877 2036 2933 fernum
2092 2878 2412 2942 descendit,
2467 2885 2522 2932 et
2571 2889 2696 2932 ante
2757 2893 2880 2931 eum
2939 2876 3251 2947 prOphetar,
3305 2875 3400 2946 qui

1825 2967 1942 3034 ejus
1982 2969 2268 3023 adventum
2313 2969 2705 3039 prmtlicebant.
2756 2969 2965 3022 Addam
3035 2977 3296 3037 prreterea
3343 2974 3401 3022 et

1826 3055 1972 3110 aliud
2019 3058 2206 3112 nescio
2225 3059 2353 3126 quid
2381 3074 2446 3113 ex
2472 3060 2586 3128 ipsa
2617 3058 2923 3128 Scriptura.
2958 3057 3176 3113 Samuel
3207 3071 3401 3111 ascen-

1826 3147 1940 3212 dit;
1993 3157 2046 3202 et
2081 3162 2210 3202 ecce
2251 3148 2381 3203 Saul
2425 3149 2557 3203 dicit
2607 3164 2668 3204 se
2719 3150 2919 3204 vidisse
2963 3148 3200 3202 animam
3240 3166 3254 3202 :
3293 3162 3399 3202 non

141 3236 258 3307 ᾅδου
285 3237 500 3306 γέγονε,
536 3239 631 3291 καὶ
662 3241 707 3290 ot
738 3239 1015 3309 προφῆται
1047 3239 1153 3309 πρὸ
1173 3238 1359 3306 αὐτοῦ,
1392 3241 1485 3294 καὶ
1512 3257 1718 3313 προκη-

1823 3237 1950 3292 dicit
1986 3239 2261 3294 hominem
2307 3253 2376 3293 se'
2407 3240 2632 3294 vidisse.
2682 3238 2889 3294 Timuit
2933 3253 3096 3309 quem
3127 3239 3263 3293 vidit
3299 3253 3312 3291 :
3343 3246 3402 3292 at

144 3325 388 3396 ρύσσουσι
418 3327 518 3379 τοῦ
553 3328 785 3399 Χριστοῦ
810 3329 908 3399 τὴν
931 3328 1245 3399 ἐπιδημίαν.
1276 3325 1409 3382 Εἶτα
1453 3329 1547 3383 καὶ
1594 3330 1720 3384 ἄλλο

139 3435 186 3470 τι
223 3419 354 3472 θέλω
384 3422 565 3472 εἰπεῖν
593 3422 684 3473 ἀπ’
712 3421 882 3490 αὐτῆς
907 3422 1004 3492 τῆς
1027 3421 1270 3492 Γραφῆς.
1300 3423 1554 3493 Σαμουὴλ
1591 3424 1720 3477 ἀνα-

142 3511 323 3575 ϐαίνει,
355 3514 456 3564 καὶ
508 3513 614 3566 ἰδοὺ
649 3513 819 3568 Σαοὺλ
861 3513 1007 3581 λέγει
1052 3513 1354 3584 ἑωρακέναι
1386 3515 1563 3586 ψυχήν
1589 3534 1602 3546 ·
1656 3517 1716 3569 οὐ

139 3603 276 3670 λέγει
303 3605 612 3675 ἑωρακέναι
640 3605 944 3678 ἄνθρωπον.
977 3605 1217 3675 Ἔπτηξε
1255 3607 1441 3661 τοῦτον
1481 3608 1539 3662 ὃν
1578 3604 1713 3663 εἶδε·

137 3695 248 3746 τίνα
273 3697 371 3766 ὁρᾷ
394 3713 408 3760 ;
430 3715 456 3746 ι
491 3697 675 3764 Θεοῦς,
711 3700 892 3768 φησὶν,
930 3699 1038 3768 ἐγὼ
1055 3697 1210 3764 εἶδον,
1231 3700 1384 3763 θεοὺς
1402 3701 1716 3756 ἀναϐαίνον-

137 3803 225 3849 τας
256 3789 361 3841 ἀπὸ
390 3790 497 3859 τῆς
520 3791 640 3862 γῆς.
673 3810 691 3840 ι
722 3790 830 3844 Καὶ
860 3791 1000 3862 τάχα
1021 3791 1272 3862 Σαμουὴλ
1295 3793 1356 3845 οὐ
1395 3793 1551 3863 μόνος
1586 3797 1716 3848 ἁνα-

139 3876 328 3946 6ἐ6ηκε
359 3881 454 3932 καὶ
482 3881 607 3933 τότε
637 3879 1030 3952 προφητεύσων
1058 3881 1134 3950 τῷ
1162 3879 1361 3934 Σάθων
1396 3881 1509 3934 ἀλλ’
1546 3885 1713 3949 είκδςν

139 3965 318 4039 ὥσπερ
364 3971 621 4024 ἐνταῦθα·
659 3990 676 4022 ι
716 3972 869 4026 Μετὰ
909 3973 1054 4026 ὁσίου
1099 3972 1394 4047 ὁσιωθήσῃ,
1439 3976 1533 4027 καὶ
1580 3977 1716 4046 μετὰ

139 4059 319 4132 ἀνδρὸς
341 4062 522 4116 ἀθώου
559 4064 732 4128 ἀθῶος
774 4065 894 4136 ἔσῃ,
925 4067 1018 4119 καὶ
1061 4065 1198 4137 μετὰ
1245 4067 1500 4120 ἐκλεκτοῦ
1564 4069 1716 4121 ἐκλε-

139 4152 257 4215 κτὸς
284 4153 402 4226 ἔσῃ·
429 4173 445 4204 ι
473 4155 572 4207 καὶ
607 4156 742 4208 εἰσὶν
778 4156 1008 4210 ἐνταῦθα
1041 4157 1312 4228 διατριϐαὶ
1357 4160 1528 4226 ἁγίων
1578 4160 1714 4232 μετὰ

137 4241 316 4309 ἁγίων·
355 4244 476 4313 ούχί
512 4244 568 4295 δέ
593 4245 762 4312 ἁγίων
791 4246 928 4316 μετὰ
958 4247 1292 4318 ἁμαρτωλῶν
1314 4265 1326 4277 ·
1376 4249 1469 4301 καὶ
1509 4252 1556 4302 εἰ
1606 4250 1714 4322 ἄρα

138 4333 258 4385 ποτέ
278 4334 390 4387 ἐστι
420 4333 536 4388 τῶν
563 4335 732 4403 ἁγίων
761 4337 1010 4408 διατριϐὴ
1037 4339 1176 4408 μετὰ
1203 4336 1310 4390 τῶν
1349 4339 1710 4410 ἁμαρτωλῶν,

139 4424 268 4496 ὑπὲρ
287 4426 378 4478 τοῦ
406 4429 501 4481 καὶ
531 4429 655 4491 τοὺς
683 4429 1038 4500 ἁμαρτωλοὺς
1072 4430 1262 4483 σῶσαι.
1287 4429 1590 4502 Οὕτωτάχα
1620 4433 1712 4486 καὶ

135 4517 469 4571 ἀναϐαίνοντι
493 4519 574 4589 τῷ
603 4521 854 4592 Σαμουὴλ
896 4521 1397 4592 συναναϐεϐήκασιν
1417 4523 1533 4593 ἤτοι
1561 4525 1712 4592 ἅγιαι

134 4605 292 4675 ψυχαὶ
320 4607 497 4661 ἄλλων
544 4612 854 4681 προφητῶν.
898 4613 1050 4684 Τάχα
1093 4615 1368 4687 ζητήσεις,
1405 4620 1451 4670 οί
1493 4621 1712 4688 ἄγγελοι

136 4689 264 4766 ἦσαν
297 4698 386 4751 ἐπὶ
432 4699 544 4751 τῶν
587 4703 911 4771 πνευμάτων
949 4705 1161 4771 αύτῶν;
1206 4707 1262 4758 '0
1295 4709 1587 4781 Προφήτης
1619 4711 1710 4765 λέ-

133 4801 243 4852 γει·
281 4806 298 4838 ι
333 4789 600 4857 Ἀγγελος
633 4793 661 4843 ὁ
706 4793 882 4847 λαλῶν
913 4797 967 4848 ἐν
1001 4797 1174 4867 ἐμοί.)
1222 4797 1290 4851 "ll
1318 4800 1536 4868 ἄγγελοι
1570 4798 1710 4874 ἦσαν

139 4878 266 4946 μετὰ
299 4881 626 4952 πνευμάτων
661 4887 1177 4958 συναναϐεϐηκὸτες,
1221 4893 1316 4945 καὶ
1362 4893 1539 4948 πάντα
1573 4895 1710 4968 πλη-

138 4965 312 5034 ροῦται
341 4971 452 5041 (-10)
486 4971 592 5024 τῶν
639 4972 910 5043 δεομένων
953 4979 1260 5048 σωτηρίας·
1296 4998 1315 5032 ι
1357 4981 1466 5033 Καὶ
1505 4965 1706 5047 πάντες

134 5057 233 5110 εἰσὶ
262 5058 608 5134 λειτουργικὰ
637 5065 920 5136 πνεύματα
951 5069 1030 5131 είς
1064 5068 1338 5126 διακονίαν
1377 5075 1706 5128 ἀποστελλό-

137 5163 265 5214 μενα
298 5151 384 5204 διὰ
407 5155 534 5216 τοὺς
567 5155 854 5223 μέλλοντας
879 5157 1232 5230 κληρονομεῖν
1265 5165 1552 5236 σωτηρίαν.
1592 5186 1611 5219 ι
1641 5169 1707 5221 Τί

135 5239 263 5312 φοϐῇ
300 5245 493 5308 εἰπεῖν,
523 5247 604 5298 ὅτι
640 5249 746 5310 πᾶς
770 5249 936 5312 τόπος
979 5251 1170 5321 χρῄζει
1211 5253 1383 5323 Ἰησοῦ
1429 5257 1702 5326 Χριστοῢ;

136 5331 261 5419 esse
293 5335 400 5404 γὰρ
422 5337 658 5406 Χριστοῦ
688 5339 784 5409 μὲν
819 5341 1010 5411 χρῄζει
1045 5341 1151 5394 τῶν
1181 5346 1473 5414 προφητῶν
1506 5349 1533 5400 ὁ
1572 5348 1706 5419 χρῄ-
1727 5345 1738 5356 ’

137 5415 237 5480 ζων
266 5423 357 5475 τοῦ
393 5426 651 5494 Χριστοῦ.
685 5428 816 5481 Ούδέ
839 5430 944 5500 γὰρ
979 5432 1212 5501 Χριστοῦ
1239 5435 1336 5502 μὲν
1362 5435 1570 5505 χρῄζει,
1597 5439 1704 5492 τῶν

135 5508 187 5562 δέ
208 5514 628 5584 εὐτρεπιζόντων
669 5520 904 5590 Χριστοῦ
949 5523 1248 5591 παρουσίαν
1279 5525 1370 5576 καὶ
1413 5527 1704 5599 ἐπιδημίαν

201 5625 423 5704 7195-1]:
455 5631 868 5704 ξιιᾼὸλέῌὸ,
944 5634 990 5664 ⁷⁸
1010 5633 1165 5690 Joan.
1193 5653 1244 5704 v,
1276 5637 1364 5693 46.

141 5709 177 5756 ι,
219 5695 304 5747 14.
376 5697 422 5728 ⁷⁸
451 5697 640 5756 Matth.
677 5695 872 5768 3:1,“.
1129 5741 1131 5744 -

213 5807 318 5881 (ιιι)
351 5813 705 5882 Πληροῦτίιι.
737 5816 924 5884 Forte,
956 5817 1308 5891 πληροῦντες.

1443 5641 1488 5672 ’³
1525 5641 1540 5695 Ι
1571 5641 1700 5714 Reg.
1735 5659 1922 5715 xxvm,
1955 5646 2042 5702 l5.

1821 3345 1980 3398 quem
2009 3331 2188 3384 vidit?
2222 3348 2240 3382 ι
2281 3330 2443 3394 Deos,
2469 3331 2646 3401 inquit
2671 3331 2738 3398 τ’,
2764 3346 2861 3401 ego
2893 3330 3020 3395 vidi,
3050 3331 3181 3384 deos
3205 3343 3398 3384 ascen-

1823 3420 2014 3474 dentes
2039 3435 2068 3473 e
2103 3431 2268 3476 terra.
2304 3441 2321 3473 ι
2357 3421 2422 3476 Et
2451 3421 2684 3475 fortasse
2733 3429 2858 3475 tunc
2888 3437 2992 3475 non
3034 3421 3182 3475 solus
3215 3435 3399 3473 ascen-

1822 3512 1898 3564 dit
1933 3511 2154 3566 Samuel
2186 3513 2335 3567 Sauli
2367 3514 2783 3568 vaticinaturus.
2833 3513 2938 3567 Sed
2967 3521 3394 3567 consentaneum

1819 3614 1923 3670 est,
1973 3605 2428 3674 quemadmodum
2462 3604 2550 3660 hic
2573 3605 2620 3636 "
2653 3623 2667 3658 :
2709 3623 2728 3656 ι
2767 3605 2901 3660 Cum
2947 3614 3137 3658 sancto
3168 3613 3391 3658 sanctus

1819 3697 1952 3760 eris,
1999 3706 2051 3752 et
2093 3712 2220 3752 cum
2266 3698 2488 3752 homine
2531 3697 2822 3752 innocente
2869 3697 3128 3752 innocens
3160 3698 3303 3763 eris;
3339 3705 3395 3752 et

1817 3803 1940 3842 cum
1968 3788 2139 3843 electo
2179 3789 2384 3843 electus
2427 3790 2572 3856 eris;
2617 3809 2635 3841 ι
2690 3799 2922 3857 suntque
2953 3789 3041 3843 hic
3073 3799 3390 3844 sanctorum

1818 3893 1940 3934 cum
1974 3879 2180 3933 sanctis
2213 3881 2670 3948 consuetudines;
2705 3891 2753 3935 at
2785 3896 2888 3934 non
2915 3891 3228 3936 sanctorum
3263 3895 3386 3934 cum

1817 3970 2362 4044 praevaricatorihus;
2403 3978 2457 4026 et
2488 3971 2532 4026 si
2585 3975 2906 4041 quandoque
2937 3971 3051 4024 ﬁeri
3081 3971 3272 4042 possit,
3322 3979 3383 4024 ut

1816 4072 2132 4116 sanctorum
2181 4077 2284 4114 una
2323 4077 2444 4116 cum
2484 4065 2861 4131 peccatoribus
2909 4064 3244 4119 consuetudo
3290 4063 3384 4128 sit,

1816 4163 1875 4208 ut
1911 4163 2228 4224 peccatores
2264 4155 2560 4209 salventnr.
2600 4155 2858 4210 Fortasse
2901 4157 3003 4210 hac
3039 4157 3250 4210 ratione
3282 4170 3389 4209 una

1816 4261 1940 4301 cum
1967 4245 2218 4300 Sanmele
2241 4247 2568 4300 ascendente
2591 4249 2952 4302 ascenderunt
2971 4249 3133 4302 etiam
3159 4247 3388 4301 aliorum

1813 4341 2200 4410 prophetarum
2259 4342 2454 4394 anima:
2507 4349 2735 4395 sanctze.
2781 4341 2986 4395 Forsan
3036 4355 3278 4410 quaeres,
3316 4355 3386 4392 an

1815 4431 2012 4485 fuerint
2043 4431 2216 4500 angeli
2239 4447 2400 4501 super
2437 4434 2718 4502 spiritibus
2764 4448 2973 4489 eorum.
3005 4431 3273 4501 PrOpheta
3306 4431 3390 4485 di-

1818 4527 1997 4582 cit":
2031 4545 2048 4578 ι
2085 4528 2322 4598 Angelus
2349 4527 2438 4597 qui
2479 4531 2718 4597 loquitur
2757 4529 2809 4583 iu
2861 4541 2968 4582 me.
3013 4547 3031 4580 ι
3068 4527 3164 4583 Vel
3213 4525 3388 4596 angeli

1819 4627 1998 4683 erant,
2030 4620 2118 4687 qui
2149 4635 2256 4673 una
2285 4635 2407 4674 cum
2455 4620 2742 4688 spiritibus
2768 4620 3152 4683 ascenderunt,
3178 4618 3386 4674 omnia-

1818 4723 1926 4776 que
1958 4709 2024 4762 ad
2059 4710 2330 4777 egentium
2368 4709 2599 4764 salutem
2647 4712 2926 4781 complent
2963 4729 2977 4765 :
3027 4729 3045 4761 ι
3101 4711 3164 4764 Ει
3198 4722 3389 4762 omnes

1817 4809 1943 4854 sunt
1990 4801 2215 4867 spiritus
2279 4801 2699 4866 ministrantes,
2773 4803 2863 4871 qui
2920 4803 2972 4856 in
3031 4791 3386 4856 ministerium

1817 4900 2035 4958 propter
2060 4888 2268 4945 futuros
2290 4889 2531 4943 lia-redes
2556 4891 2742 4945 salutis
2783 4893 3075 4945 mittuntur
3104 4893 3171 4947 ⁷³.
3200 4910 3217 4941 ι
3247 4887 3386 4955 Quid

1819 4981 1976 5034 times
2007 4981 2208 5048 dicere,
2236 4995 2449 5034 omnem
2480 4979 2656 5034 locum
2684 4979 2812 5035 Jesu
2853 4982 3072 5037 Christo
3105 4976 3388 5049 indigere?

1813 5069 2000 5140 Neque
2030 5086 2179 5135 vero,
2211 5070 2302 5138 qui
2336 5068 2554 5124 Christo
2602 5069 2821 5139 indiget,
2871 5071 3174 5140 prophetis,
3209 5071 3385 5138 iisque

1814 5163 1903 5232 qui
1931 5163 2131 5216 Christi
2162 5164 2500 5231 praesentiam
2531 5171 2584 5216 et
2612 5163 2902 5216 adventum
2931 5173 3258 5232 praeparant,
3277 5177 3383 5215 non

1815 5255 2080 5324 indigent.
2111 5255 2177 5309 Et
2210 5254 2446 5310 Joannes
2488 5271 2620 5311 sane
2643 5295 2658 5321 ,
2695 5272 2801 5326 quo
2839 5256 3011 5322 major
3055 5257 3198 5308 inter
3229 5263 3386 5308 natos

1816 5348 2122 5413 mulierum,
2168 5351 2388 5405 Christo
2432 5353 2548 5421 ipso
2585 5363 2740 5418 teste,
2777 5367 2933 5406 nemo
2977 5350 3122 5403 fuit:
3158 5367 3176 5398 ι
3215 5347 3386 5417 Major

1815 5442 1955 5493 inter
1978 5451 2130 5494 natos
2157 5441 2438 5497 mulierum
2462 5444 2667 5498 Joanne
2693 5444 2932 5511 Baptista
2963 5441 3138 5496 nullus
3160 5440 3257 5494 fuit
3275 5440 3378 5505 ";r

1815 5545 1988 5598 neque
2038 5532 2231 5587 timeas
2289 5531 2338 5587 id
2380 5533 2647 5589 afﬁrmare
2693 5550 2706 5585 :
2755 5533 3132 5587 descenditad
3179 5531 3384 5586 inferos

2119 5647 2165 5680 ⁷⁸
2194 5647 2335 5704 Psal.
2367 5664 2502 5716 xvtl,
2525 5648 2615 5704 26.
2691 5647 2734 5681 "
2758 5647 2925 5704 Zach.
2951 5661 3014 5717 tt,
3039 5647 3094 5703 '5.
3169 5645 3216 5680 ”
3241 5645 3377 5704 Hel»
