3834 6388
498 300 640 355 1025

2006 295 2327 354 ORIGENIS

3609 297 3717 354 102!

499 415 874 488 praenuntiant:
912 414 1225 480 Dominum,
1254 422 1310 468 ut
1333 413 1482 469 illum
1517 412 2066 486 descensurumpprze-

2174 414 2235 466 οὺ
2289 411 2513 493 χρῄζει·
2564 409 2660 465 καὶ
2701 410 2971 482 Ἰωάννης,
3016 404 3079 466 οὗ
3125 411 3327 483 μείζων
3364 411 3426 466 ἐν
3477 419 3718 485 γεννητοῖς

501 511 731 564 diceret.
778 507 1094 576 Propterea,
1135 507 1264 560 dmn
1309 506 1362 560 in
1391 507 1634 561 custodia
1682 516 1848 572 esset,
1876 523 1938 560 ac
1968 506 2071 560 sibi

498 601 704 656 exitum
741 598 1127 666 interitumque
1167 596 1452 651 imminere
1494 597 1857 666 conspiceret,
1894 599 2074 654 missis

499 689 711 744 duobus
738 686 1040 757 discipulis,
1073 688 1369 756 quaerebat,
1403 702 1546 743 non:
1581 707 1600 740 ι
1637 687 1716 742 'l‘u
1745 704 1804 744 es
1833 689 1922 758 qui
1952 705 2075 744 ven-

500 792 656 838 turus
693 780 804 836 es?
843 799 862 832 ι
901 779 1120 835 Sciebat
1153 779 1298 834 enim
1326 796 1342 845 ;
1373 779 1508 834 sed:
1545 799 1563 831 ι
1606 779 1686 834 Tu
1723 796 1783 836 es
1827 785 1918 852 qui
1948 797 2074 837 ven-

500 886 655 930 turus
685 889 763 940 es,
796 889 863 928 an
894 875 1061 928 alium
1091 881 1444 943 expectamus
1459 872 1505 904 ⁸ο
1539 871 1562 925 ?
1600 891 1618 924 ι
1655 873 1894 928 Gloriam
1932 875 2074 929 illius

501 976 840 1037 compertam
867 964 1177 1028 habuit;de
1212 964 1348 1018 mira
1377 965 1494 1032 ejus
1525 963 1576 1017 vi
1603 965 1830 1034 plurima
1865 966 2074 1023 locutus

501 1057 627 1122 fuit,
653 1060 970 1128 primusque
1003 1059 1075 1112 illi
1113 1056 1480 1110 testimonium
1509 1056 1757 1112 exhibuit
1785 1059 1829 1089 ⁸¹
1864 1076 1878 1112 :
1911 1076 1930 1110 ι
1970 1059 2073 1126 Qui

499 1158 623 1219 post
671 1165 757 1204 me
813 1151 978 1213 venit,
1019 1157 1145 1203 ante
1185 1162 1271 1202 me
1303 1147 1479 1202 lactus
1533 1158 1640 1205 est.
1697 1167 1716 1201 ι
1756 1148 1900 1204 Vidit
1929 1151 2076 1207 illius

498 1241 750 1312 gloriam,
785 1258 806 1292 ι
852 1240 1078 1310 gloriam
1126 1238 1281 1309 quasi
1328 1237 1598 1309 Unigeniti
1631 1256 1660 1293 a
1701 1239 1895 1305 Patre,
1931 1242 2072 1312 pleni

497 1332 687 1402 gratia:
717 1341 772 1386 et
815 1330 1058 1386 veritatis
1076 1331 1142 1385 ⁸³.
1183 1350 1203 1383 ι
1233 1329 1358 1384 llaec
1406 1345 1527 1384 cum
1551 1332 1617 1386 de
1657 1332 1872 1386 Christo
1903 1333 2074 1388 vidis-

498 1434 601 1489 set,
636 1425 786 1494 piget
821 1424 1075 1488 credere,
1107 1424 1304 1478 dubius
1332 1425 1527 1488 haeret,
1562 1437 1662 1478 nec
1697 1423 1940 1478 fatetur:
1985 1425 2074 1480 Di-

498 1518 606 1571 cite
634 1517 756 1586 ipsi,
791 1515 872 1568 Tu
906 1530 964 1569 es
1003 1514 1273 1571 Christus.
1323 1515 1452 1582 Quae
1481 1528 1602 1570 cum
1638 1531 1742 1570 non
1775 1517 2073 1573 intellexis-

499 1616 620 1662 sent
653 1607 913 1673 nonnulli,
945 1615 1335 1664 asseveraruut
1359 1605 1621 1662 Joannem
1653 1617 1859 1662 tantum
1888 1623 1952 1664 ac
1992 1618 2074 1665 ta-

499 1696 625 1760 lem,
663 1695 941 1752 Christum
987 1713 1094 1752 non
1146 1695 1380 1756 novisse.
1418 1699 1512 1752 sed
1547 1699 1615 1753 ab
1651 1713 1717 1754 eo
1753 1700 2084 1756 discessisse

2175 503 2454 573 γυναικῶν
2485 501 2661 566 οὐδεὶς
2708 497 2798 572 ἦν,
2834 502 2974 557 κατὰ
3015 503 3114 575 τὴν
3153 503 3244 556 τοῦ
3297 504 3551 576 Σωτῆρος
3595 508 3718 576 ἡμῶν

2176 593 2484 667 μαρτυρίαν
2504 593 2773 662 λέγοντος·
2809 613 2826 646 t
2860 595 3077 660 Μείζων
3103 597 3160 648 ἐν
3181 599 3462 668 γεννητοῖς
3485 603 3717 665 γυναικεῖά

2186 686 2431 739 Ἰωάννου
2463 684 2556 739 τοῦ
2603 685 2906 739 Βαπτιστοῦ
2957 686 3131 750 οὐδείς
3180 689 3358 750 ἐστιν,
3397 707 3416 739 ι
3461 688 3535 760 μὴ
3583 691 3716 758 φοϐοιῖ

2175 776 2376 844 λέγειν,
2419 777 2500 830 ὅτι
2544 775 2624 841 είς
2658 776 2786 848 ᾅδου
2840 775 3184 847 καταϐέϐηκε
3227 779 3620 849 προκηρύσσων
3645 781 3714 833 τὸν

2173 868 2397 939 Κύριον,
2423 871 2509 923 ἵνα
2525 869 2762 943 προείπῃ
2781 869 2942 923 αὐτὸν
2965 868 3442 940 κατελευσόμενον
3471 871 3557 924 διὰ
3570 871 3711 938 τοῦτο,

2175 959 2262 1012 ὅτε
2289 955 2356 1030 ἦν
2386 961 2444 1014 ἐν
2471 963 2539 1032 τῇ
2568 961 2804 1032 φυλακῇ,
2846 961 2938 1014 καὶ
2966 960 3081 1030 ᾔδει
3117 960 3214 1033 τὴν
3261 961 3443 1028 ἔξοδον
3484 964 3580 1034 τὴν
3621 966 3713 1018 ἐπι-

2176 1052 2432 1124 κειμένην
2482 1053 2652 1124 αὺτῷ,
2695 1053 2918 1124 πέμψας
2949 1053 3044 1107 δύο
3083 1054 3194 1110 τῶν
3223 1055 3487 1126 μαθητῶν
3517 1059 3711 1114 emta.

2174 1161 2315 1206 νετο,
2339 1144 2477 1214 οὐχί
2519 1162 2536 1195 ι
2567 1145 2639 1199 Σὺ
2676 1141 2728 1199 εἴ
2757 1147 2786 1198 6
2828 1146 3158 1219 ἐρχόμενος;
3191 1166 3210 1199 ι
3236 1148 3355 1220 ᾔδει
3389 1149 3528 1219 γάρ·
3578 1151 3708 1204 ἀλλά·

2181 1254 2200 1288 ι
2232 1236 2303 1289 Σὺ
2337 1231 2385 1288 εί
2416 1237 2444 1288 6
2471 1236 2854 1308 ἐρχόμενος,’ἢ
2889 1238 3046 1292 ἀλλον
3077 1239 3503 1311 προσδοκῶμεν;
3546 1260 3565 1293 ι
3592 1240 3708 1298 Εἷδεν

2175 1325 2340 1380 αὑτοῦ
2369 1326 2465 1398 τὴν
2485 1327 2662 1394 δόξαν,
2697 1329 2922 1401 ἐλάλησε
2954 1331 3123 1384 πολλὰ
3157 1331 3286 1403 περὶ
3317 1331 3421 1402 τῆς
3455 1333 3709 1404 θαυμασιὸ-

2173 1435 2335 1491 τητος
2367 1420 2530 1473 αὐτοῦ
2549 1437 2563 1450 ο
2596 1422 2977 1493 ἐμαρτύρησεν
2993 1422 3140 1494 αύτῷ
3171 1422 3410 1494 πρῶτος·
3438 1442 3458 1475 ι
3500 1425 3556 1479 Ὀ
3575 1428 3708 1482 ὀπίσω

2179 1529 2278 1582 μου
2318 1512 2609 1584 ἐρχόμενος
2654 1512 2958 1583 ἔμπροσθέν
2990 1532 3089 1584 μου
3119 1515 3363 1583 γέγονεν.
3413 1533 3433 1567 ι
3466 1511 3608 1569 Εἷδεν
3633 1520 3705 1571 αύ-

2173 1602 2270 1656 τοῦ
2298 1605 2394 1676 τὴν
2414 1603 2591 1672 δόξαν,
2627 1624 2645 1657 ι
2679 1605 2836 1670 δόξαν
2859 1606 2932 1672 ὡς
2963 1607 3299 1677 Μονογενοῦς
3338 1609 3496 1680 παρὰ
3517 1610 3710 1682 Πατρδς,

2176 1696 2390 1768 πλήρης
2416 1698 2639 1770 χάριτος
2670 1699 2762 1752 καὶ
2788 1699 3060 1770 ἀληθείας.
3094 1719 3114 1752 ι
3136 1699 3458 1771 Τηλικαῦτα
3481 1702 3593 1756 ἰδὼν
3614 1704 3714 1774 περὶ

500 1789 763 1858 Spiritum
795 1798 1064 1847 sanctum.
1091 1790 1198 1844 Sed
1227 1791 1433 1844 sciebat
1469 1790 1639 1857 illum,
1663 1793 1747 1846 cui
1779 1803 2066 1863 antequam

2173 1789 2427 1860 Χριστοῦ,
2463 1790 2611 1844 ὀκνεῖ
2637 1791 2942 1855 πιστεῦσαι,
2968 1791 3318 1862 ἀμφιϐάλλει,
3348 1795 3448 1846 καὶ
3472 1795 3531 1846 οὐ
3563 1794 3711 1862 λέγει·

499 1889 818 1934 nasceretur
845 1880 1218 1934 testimonium
1248 1881 1543 1950 perhibuit,
1563 1891 1616 1934 et
1646 1897 1742 1952 pro
1777 1898 1884 1954 quo
1905 1886 2072 1940 salta-

2169 1881 2373 1933 Είπατε
2407 1881 2575 1952 αὐτῷ’
2613 1883 2684 1935 Σὺ
2719 1878 2771 1936 εἷ
2820 1884 2848 1934 6
2894 1885 3145 1954 Χριστὸς,
3187 1885 3303 1939 νῦν·
3345 1887 3426 1956 μὴ
3465 1891 3714 1958 νοήσαντες

495 1972 592 2038 vit,
627 1971 755 2026 dum
779 1973 845 2026 ad
874 1972 1049 2042 ipsum
1073 1971 1243 2027 Maria
1281 1975 1584 2041 accederet,
1619 1987 1676 2029 ut
1703 1976 1770 2030 de
1800 1978 1890 2034 illo
1922 1981 2072 2035 testi-

496 2063 734 2116 monium
760 2062 1069 2136 fecitm
1093 2077 1265 2118 mater
1298 2066 1414 2134 ejus
1445 2065 1546 2121 illis
1581 2069 1899 2122 verbis":r
1931 2069 2070 2126 Ecce

493 2155 636 2207 enim
662 2165 720 2208 ut
751 2156 896 2211 facta
931 2168 1016 2212 est
1047 2173 1146 2212 vox
1184 2157 1524 2212 salutationis
1555 2160 1608 2213 in
1653 2163 1878 2218 auribus
1911 2164 2066 2228 meis,

491 2243 728 2299 exsilivit
763 2245 816 2300 in
856 2248 1052 2316 gaudio
1084 2248 1261 2302 infans
1289 2247 1340 2302 in
1382 2256 1537 2302 utero
1564 2267 1704 2309 meo.
1727 2271 1747 2305 ι
1773 2252 2070 2326 Hicitaqne

490 2333 750 2404 Joannes,
773 2339 865 2406 qui
896 2350 1024 2394 ante
1051 2339 1386 2394 nativitatem
1410 2341 1647 2397 exsilivit
1674 2362 1687 2411 ;
1715 2345 1805 2414 qni
1829 2346 2066 2400 dixit“:

497 2445 516 2478 ι
564 2427 664 2482 llic
683 2438 769 2484 est
798 2428 865 2484 de
889 2446 995 2500 quo
1016 2447 1116 2502 ego
1147 2433 1254 2487 dixi
1288 2451 1303 2488 :
1344 2435 1446 2502 Qui
1479 2447 1592 2505 post
1628 2451 1714 2492 me
1741 2438 1910 2502 venit,
1943 2449 2070 2494 ante

493 2532 580 2572 me
630 2520 806 2575 factus
845 2529 927 2575 est
967 2539 982 2586 ;
1031 2542 1050 2576 ι
1089 2533 1142 2577 et
1179 2512 1226 2557 ⁸³
1268 2541 1283 2578 :
1323 2544 1343 2577 ι
1395 2526 1495 2591 Qui
1550 2527 1698 2581 misit
1751 2543 1877 2593 me,
1931 2529 2070 2584 dixit

492 2610 625 2664 mihi
656 2627 673 2666 :
708 2613 883 2683 Super
931 2630 1090 2685 quem
1122 2616 1322 2672 videris
1364 2617 1625 2688 Spiritum
1655 2621 2068 2677 descendentem

493 2707 545 2752 et
580 2711 908 2769 manentem,
951 2705 1066 2772 ipse
1108 2716 1191 2778 est
1219 2705 1389 2762 Filius
1415 2708 1550 2776 Dei;
1589 2727 1608 2760 ι
1651 2709 1758 2776 hic,
1796 2710 2068 2780 inquiunt,

494 2789 730 2844 nondum
755 2807 980 2848 noverat
997 2795 1273 2852 Christum
1306 2797 1356 2852 iu
1383 2810 1594 2856 ventre.
1615 2801 1850 2858 Noverat
1873 2806 2070 2875 quippe

493 2879 640 2935 illum
660 2899 675 2950 ;
700 2884 791 2937 sed
815 2885 990 2942 simile
1004 2889 1130 2957 quid
1153 2889 1314 2946 Petro
1330 2907 1520 2960 passus
1538 2903 1620 2950 est
1646 2904 1867 2966 propter
1884 2895 2066 2966 glorire

2172 2891 2405 2965 προσθέν
2436 2908 2536 2962 μου
2569 2891 2778 2959 γέγονε·
2811 2909 2829 2940 ι
2857 2889 3002 2942 καίοι
3028 2890 3083 2942 'U
3100 2889 3324 2960 πέμψας
3348 2886 3473 2942 εἶπέ
3506 2890 3712 2961 μοι-Ἐφ’

491 2978 956 3044 exsuperantiam.
999 2980 1282 3047 Quodnam
1331 2985 1458 3040 illud
1507 2987 1625 3044 est?
1664 2986 1762 3042 ilic
1814 3002 2066 3058 magnum

2170 2984 2228 3037 ὃν
2260 2983 2326 3038 ἂν
2360 2984 2474 3055 ἴδῃς
2505 2984 2566 3036 τὸ
2613 2982 2836 3054 Πνεῦμα
2873 2981 3217 3045 καταϐαῖνον,
3283 2981 3380 3035 καὶ
3431 2983 3600 3054 μένον,
3643 2976 3714 3035 οὗ·

489 3067 619 3132 quid
649 3067 958 3168 dte-Christo
986 3074 1209 3130 sciebat.
1241 3076 1374 3144 Quis
1411 3095 1530 3135 sum
1557 3080 1582 3136 i
1621 3097 1640 3130 α
1678 3081 1846 3146 Quem
1877 3095 1962 3135 me
1988 3081 2066 3137 di-

2171 3075 2262 3138 τός
2307 3075 2454 3128 ἐστιν
2486 3074 2515 3125 6
2548 3073 2676 3138 Υἱὸς
2716 3074 2808 3127 τοῦ
2841 3072 2998 3126 Θεοῦο
3039 3093 3057 3126 ι
3107 3068 3281 3138 οὗτος,
3341 3078 3527 3144 φασιν,
3561 3074 3714 3126 οὐκέτι

491 3165 624 3211 cunt
675 3157 770 3214 lilii
811 3162 1087 3219 hominum
1127 3170 1312 3222 esse“
1341 3171 1364 3224 ’Ξ
1397 3190 1415 3222 ι
1462 3171 1577 3234 Hic,
1629 3171 1730 3236 ait,
1779 3173 1911 3226 dicit
1943 3173 2066 3228 hoc.

2173 3167 2287 3240 ᾔδει
2312 3165 2516 3238 Ἰησοῦν
2545 3166 2777 3237 Χριστὸν
2803 3166 2860 3219 ὲν
2882 3165 3075 3238 κοιλίᾳ.
3093 3166 3245 3238 ᾟδει
3270 3165 3382 3235 γὰρ
3411 3167 3585 3222 αὐτόν·

490 3245 570 3300 Tn
600 3253 877 3322 veroquid
909 3253 974 3307 ἳι
1011 3255 1090 3310 Ttt
1125 3272 1184 3313 es
1227 3258 1480 3318 Christus
1515 3261 1690 3318 Filius
1734 3263 1827 3318 Dei
1871 3265 1998 3319 vivi.
2043 3284 2062 3318 ι

2170 3257 2236 3312 δι’
2273 3255 2572 3329 ὑπερϐολὴν
2609 3255 2766 3327 δόξης
2797 3256 2978 3327 ὅμοιόν
3023 3274 3074 3310 τι
3109 3255 3186 3326 τῷ
3221 3257 3418 3328 Πέτρῳ
3465 3257 3711 3326 πεποίηκε.

490 3336 780 3407 PrOpterea
829 3343 1018 3401 beatus
1064 3351 1413 3420 enuntiatur,
1459 3355 1715 3423 quoniam
1750 3372 1768 3406 ι
1844 3370 1972 3411 caro
2015 3367 2066 3412 et

2171 3350 2236 3404 Τί
2257 3350 2474 3420 ὅμοιονῖ
2511 3344 2678 3412 υῧτος
2700 3349 2840 3420 μέγα
2857 3367 2908 3402 τι
2938 3349 3051 3420 ᾔδει
3084 3347 3213 3417 περὶ
3241 3348 3336 3402 τοῦ
3361 3350 3612 3420 Χριστοῦ.
3642 3350 3713 3412 Ti;

490 3430 711 3499 sanguis
734 3447 838 3487 non
867 3437 1130 3494 revelavit
1167 3461 1187 3496 ι
1215 3441 1313 3509 illi,
1355 3463 1374 3498 ι
1403 3444 1498 3499 sed
1528 3444 1687 3501 Pater
1707 3447 1797 3516 qui
1826 3447 1878 3500 itt
1913 3447 2066 3502 caelis

2171 3443 2321 3513 είμι;
2365 3460 2383 3493 ι
2423 3441 2557 3496 Τίνα
2611 3457 2677 3512 με
2723 3439 2972 3508 λέγουσιν
3014 3441 3063 3494 οἱ
3097 3439 3368 3512 ἄνθρωποι
3411 3437 3580 3507 civ-at;
3621 3461 3638 3494 ι
3672 3442 3715 3494 Ὁ

488 3531 592 3574 est.
638 3538 658 3572 ι
703 3522 837 3578 Cum
877 3525 1045 3595 igitur
1089 3531 1314 3600 grandia
1354 3533 1421 3588 de
1463 3533 1680 3590 Christo
1725 3538 1986 3601 audisset,
2016 3549 2066 3593 et

2170 3531 2246 3594 δέ,
2277 3530 2416 3583 τόδε.
2451 3531 2522 3584 Σὺ
2548 3530 2603 3583 δέ
2635 3529 2718 3595 si;
2755 3550 2773 3581 ι
2808 3531 2878 3583 Σὺ
2914 3526 2965 3582 εἴ
2987 3532 3014 3584 6
3044 3530 3274 3601 Χριστὸς
3295 3533 3324 3583 6
3344 3531 3476 3595 Υἱὸς
3497 3532 3585 3586 τοῦ
3606 3530 3713 3584 Θεοῦ

488 3613 711 3680 grandia
754 3619 1111 3687 concepisset,
1153 3621 1410 3678 auxilium
1446 3623 1499 3678 in
1533 3633 1709 3680 semet
1745 3641 1849 3680 non
1881 3625 2059 3682 admi-

2170 3620 2264 3674 τοῦ
2299 3621 2520 3686 ζῶντοςο
2558 3640 2576 3673 ι
2610 3623 2668 3674 ἐν
2698 3615 2742 3688 ᾧ
2769 3622 2863 3675 καὶ⁸
2889 3623 3272 3695 μακαρίζεται,
3298 3625 3383 3676 ὅτι
3423 3643 3443 3675 ι
3484 3624 3612 3696 σὰρξ
3641 3625 3715 3676 καὶ

487 3703 557 3755 sit
585 3721 599 3758 :
635 3721 654 3754 α
685 3705 823 3762 Ecce
854 3712 1199 3769 ascendimus
1230 3715 1281 3769 in
1321 3714 1648 3784 Jerusalem,
1679 3727 1734 3774 et
1776 3721 2066 3790 perlicien-

489 3801 581 3848 tnr
603 3794 670 3847 ‘f'.
712 3815 730 3846 ι
762 3797 828 3851 Ει
861 3817 874 3852 :
911 3819 928 3853 ι
963 3801 1188 3868 Oportet
1217 3805 1410 3861 Filium
1447 3808 1684 3866 hominis
1722 3811 1886 3865 multa
1920 3813 2054 3881 pati,

488 3893 544 3938 et
574 3888 849 3954 reprobari
881 3907 908 3942 a
936 3893 1270 3964 principibus
1291 3903 1651 3966 sacerdotum,
1684 3911 1741 3956 et
1765 3903 2058 3957 sacerdoti-

489 3975 612 4039 bus,
643 3984 697 4030 et
727 3981 923 4046 Occidi,
953 3993 1006 4040 et
1031 3987 1185 4043 tertio
1203 3988 1288 4046 die
1309 3992 1695 4062 resurgere”.t
1727 4009 1746 4045 ι
1767 3993 2065 4064 Propitius.

491 4066 742 4136 inquit”,
772 4073 847 4126 sis
884 4073 1013 4140 tibi,
1041 4076 1288 4133 Domine.
1321 4099 1340 4132 ι
1366 4084 1594 4138 Maxima
1627 4085 1692 4139 de
1719 4085 1940 4143 Christo
1970 4105 2068 4144 no-

2170 1975 2278 2045 γάρ
2309 1991 2451 2038 τινες
2477 1975 2543 2027 τὰ
2569 1977 2831 2048 εἰρημένα
2853 1977 3120 2045 λέγουσιν’
3165 1979 3426 2049 Ἰωάννης
3459 1981 3489 2032 6
3508 1981 3714 2050 τηλικού-

2169 2085 2258 2132 τος
2308 2067 2408 2120 οὐκ
2461 2067 2576 2138 ⁴ᾔδει
2628 2067 2881 2140 Χριστὸν,
2923 2067 3038 2120 ἀλλ’
3071 2069 3285 2139 ἀπέστη
3335 2067 3435 2122 ἀπ’
3487 2068 3714 2123 αὐτοῦτὸ

2169 2161 2397 2232 Πνεῦμα
2449 2159 2509 2212 τὺ
2552 2159 2724 2228 ἀγιον.
2768 2158 2876 2210 Καὶ
2919 2157 3033 2228 ᾔδει
3062 2157 3270 2222 τοῦτον,
3315 2151 3361 2226 ᾧ
3405 2159 3712 2230 ἐμαρτύρηπ

2170 2255 2276 2326 πρὸ
2308 2253 2596 2322 γενέσεως,
2620 2251 2711 2304 καὶ
2738 2251 2824 2320 ἐφ’
2857 2246 2902 2319 ᾧ
2937 2249 3280 2322 ἐσκίρτησεν,
3309 2251 3482 2322 ἡνίκα
3506 2248 3622 2322 ἦλθε
3645 2256 3712 2304 tu".

2171 2347 2204 2415 ὴ
2231 2344 2419 2414 Μαρία
2455 2343 2588 2414 πρὸς
2619 2342 2798 2408 αὐτὸν,
2829 2341 2902 2405 ὡς
2923 2341 3304 2413 ἐμαρτύρησεν
3333 2343 3490 2413 αὐτῷ
3517 2345 3548 2413 ἡ
3571 2345 3711 2414 μήτηρ

2171 2435 2334 2490 αὑτοῦ
2381 2436 2632 2504 λέγουσαο
2674 2453 2691 2483 ι
2735 2433 2865 2487 Ἰδοὺ
2909 2436 3016 2505 γὰρ
3056 2435 3130 2498 ὡς
3163 2435 3384 2503 ἐγένετο
3411 2439 3446 2506 ὴ
3480 2435 3710 2507 φωνὴπῦ

2171 2527 2462 2598 ἀσπασμοῦ
2496 2543 2588 2580 σου
2624 2528 2702 2590 εἰς
2727 2526 2794 2580 τὰ
2827 2520 2942 2580 ὧτά
2976 2543 3099 2597 μου,
3131 2526 3464 2598 ἐσκίρτησεν
3499 2529 3553 2579 ὲν
3581 2527 3714 2596 6701-

2171 2620 2342 2673 λιάσει
2390 2620 2451 2673 τὸ
2496 2617 2688 2690 βρέφος
2734 2619 2791 2671 ἐν
2822 2621 2888 2689 τῇ
2935 2617 3110 2689 κοιλίᾳ
3145 2635 3266 2688 μου.
3305 2637 3326 2671 ι
3371 2611 3542 2683 Οὗτος
3581 2615 3658 2672 οὖν
3691 2620 3714 2673 6

2173 2713 2470 2784 σκιρτήσας
2495 2710 2602 2782 πρὸ
2632 2710 2916 2779 γενέσεως,
2955 2710 3204 2781 Ἰωάννης
3234 2712 3264 2763 6
3294 2709 3488 2764 εἰπών’
3529 2731 3546 2762 ι
3580 2706 3714 2775 Οὗτός

2172 2805 2286 2857 ἐστι
2311 2802 2440 2875 περὶ
2469 2798 2530 2857 οῦ
2561 2800 2671 2871 ἐγὼ
2693 2797 2863 2854 εἶπον·
2907 2801 2965 2854 '0
2993 2800 3167 2853 ὀπίσω
3199 2818 3301 2870 μου
3326 2803 3611 2875 ἐρχόμενος
3637 2801 3715 2870 ἔμ-

2171 3709 2309 3784 αἶμα
2345 3714 2445 3767 οὐκ
2483 3713 2832 3783 ἀπεκάλυψεν
2865 3732 2884 3766 ι
2915 3713 3083 3785 αὐτῷ,
3125 3733 3143 3766 ι
3184 3714 3300 3767 ἀλλ’
3330 3717 3359 3768 ὁ
3404 3715 3587 3788 Πατὴρ
3618 3718 3643 3768 6
3671 3716 3712 3766 ἐν

2170 3808 2283 3869 τοῖς
2312 3805 2578 3878 οὐρανοῖς.
2621 3824 2640 3857 ›
2690 3806 2840 3859 Ἐπεὶ
2867 3802 2959 3860 οὖν
2987 3806 3196 3878 μεγάλα
3232 3807 3435 3876 ἤκουσε
3463 3807 3714 3879 1:59ng-

2174 3895 2322 3962 στοῦ,
2356 3897 2450 3951 καὶ
2500 3897 2710 3970 μεγάλα
2753 3897 3125 3968 ἀπελάμϐανε,
3160 3899 3253 3952 καὶ
3297 3900 3358 3952 οὒ
3417 3898 3716 3972 παρεδέξατο

2170 3989 2268 4059 τὴν
2291 3988 2540 4060 βοήθειαν
2565 3989 2660 4062 τὴν
2689 3989 2826 4062 πρὸς
2851 3991 3030 4046 αὐτόν’
3057 4009 3075 4043 ι
3116 3992 3246 4046 Ἰδοὺ
3279 3992 3632 4063 ἀναϐαίνομεν

2186 4079 2559 4151 Ἰερουσαλὴμ,
2584 4081 2678 4134 καὶ
2695 4080 3126 4154 τελειωοήσεταιθ
3153 4102 3170 4134 ι
3203 4082 3317 4136 καίο
3343 4102 3360 4134 ι
3392 4085 3486 4136 Δεῖ
3503 4085 3586 4137 τὸν
3608 4083 3711 4135 Υἱὸν

490 4165 640 4210 νει-ιιι
668 4175 684 4224 ;
717 4164 859 4230 quod
902 4167 1161 4224 humilius
1192 4180 1311 4224 erat
1343 4173 1409 4225 de
1443 4187 1509 4228 eo
1554 4175 1728 4233 noluit
1761 4179 2066 4235 admittere.

2170 4169 2264 4223 τοῦ
2309 4170 2594 4241 ἀνθρώπου
2639 4169 2810 4224 πολλὰ
2853 4171 3060 4234 παθεῖν,
3109 4172 3203 4225 καὶ
3240 4170 3708 4242 ἀποδοκιμασθῆναι

489 4246 736 4305 Similem
768 4254 895 4309 mihi
927 4259 1113 4313 animo
1149 4261 1308 4330 pinge
1333 4261 1626 4331 Joannem,
1653 4268 1778 4322 dum
1803 4269 1858 4323 in
1887 4283 2066 4326 custo-

2171 4261 2278 4314 ἀπὸ
2298 4260 2406 4314 τῶν
2435 4261 2736 4333 ἀρχιερέων
2775 4261 2870 4315 καὶ
2901 4261 3304 4333 πρεσϐυτέρων,
3344 4262 3443 4314 καὶ
3474 4263 3710 4314 ἀποκταν-

485 4340 572 4394 dia
605 4353 720 4398 erat
751 4361 767 4420 ι
799 4348 1022 4416 grandia
1056 4350 1123 4405 de
1150 4350 1372 4410 Christo
1415 4358 1850 4426 apprehenderat
1879 4376 1894 4423 ;
1937 4363 2066 4416 vidit

2173 4350 2350 4420 θῆναι,
2369 4351 2461 4403 καὶ
2474 4353 2539 4422 τῇ
2563 4350 2724 4424 τρίτῃ
2739 4351 2920 4422 ἡμέρᾳ
2941 4351 3254 4422 ἀναστῆναι.
3282 4371 3299 4402 ι
3323 4353 3508 4422 Φησίν·
3524 4348 3708 4410 «Ἵλεώς

485 4429 654 4486 οωιοε
691 4447 950 4506 apertos;
989 4439 1122 4495 vidit
1165 4441 1432 4512 Spiritum
1469 4456 1719 4503 sanctum
1747 4463 1910 4520 super
1935 4450 2060 4507 Sal-

2170 4458 2269 4506 σοι,
2306 4441 2499 4513 Κύριε.
2525 4461 2540 4493 ι
2567 4442 2790 4511 Μεγάλα
2809 4443 2924 4513 ᾔδει
2951 4442 3079 4516 περὶ
3106 4442 3480 4514 Χριστοῦ,οὐκ
3509 4442 3706 4512 ἠθέλησε

485 4530 725 4578 vatorem
761 4526 1209 4597 descendentem,
1253 4549 1669 4608 manentemque
1715 4555 1882 4611 super
1911 4557 2054 4599 etim.

2170 4533 2562 4603 παραδέξασθαι
2619 4534 2679 4588 τὸ
2707 4534 3082 4604 ταπεινότερον
3112 4533 3238 4605 περὶ
3265 4533 3455 4588 αὑτοῦ,
3491 4531 3705 4587 Tracti-:6:

488 4611 731 4672 Similem
767 4621 994 4689 gloriam
1025 4627 1152 4680 dum
1173 4629 1339 4694 videt,
1377 4631 1547 4686 haeret
1575 4633 1794 4700 dubius,
1825 4635 2058 4693 fortasse

2170 4625 2280 4678 τινά
2316 4643 2406 4696 μοι
2437 4625 2546 4680 νόει
2580 4625 2676 4680 καὶ
2719 4626 2808 4679 τὸν
2840 4626 3093 4698 Ἰωάννην
3129 4627 3187 4679 ἐν
3224 4627 3438 4698 φυλακῇ
3462 4645 3475 4658 ο
3521 4622 3583 4696 ἦν
3627 4641 3705 4695 με·

484 4703 649 4797 etiam
701 4722 806 4764 non
859 4714 1138 4780 credebat,
1189 4733 1256 4772 an
1286 4719 1367 4776 sic
1408 4721 1744 4792 gloriﬁcatus
1791 4742 1962 4797 usque
1990 4730 2056 4786 ad

485 4793 716 4862 inl'eros,
764 4807 819 4852 et
859 4801 1113 4873 abyssum
1165 4807 1341 4874 ipsum
1396 4811 1773 4879 descenderet,
1825 4793 2058 4886 quapro-

480 4895 601 4958 pter
645 4891 853 4948 dicebat
880 4896 927 4928 ὀ
958 4915 971 4952 :
1008 4916 1027 4949 ι
1061 4899 1140 4954 Tu
1176 4917 1235 4956 es
1260 4903 1352 4972 qui
1391 4915 1650 4961 venturus
1688 4923 1768 4973 es,
1795 4923 1863 4962 an
1892 4908 2054 4963 alium

480 4989 910 5050 exspectamus?
936 5008 956 5044 ι
984 4989 1099 5046 Νοη
1136 5007 1384 5064 egressus
1418 5014 1536 5052 sum
1568 5013 1598 5053 a
1635 5002 1930 5070 proposiw.
1963 5017 2057 5056 ne-

479 5089 588 5145 que
637 5081 908 5146 materiae,
950 5098 1071 5152 qua
1122 5087 1254 5140 mihi
1291 5104 1399 5157 prie
1439 5092 1692 5148 manibus
1727 5102 1829 5159 est,
1855 5094 2056 5150 oblitus

479 5183 620 5223 sunt.
667 5168 799 5226 Illud
831 5174 1062 5242 probare
1108 5177 1264 5231 nobis
1294 5178 1349 5232 in
1394 5186 1577 5236 animo
1619 5193 1735 5245 est,
1768 5184 1812 5238 si
1843 5197 2052 5252 omnes,

479 5263 572 5332 qui
615 5273 740 5319 ante
763 5264 1040 5322 Christum
1085 5269 1138 5324 in
1169 5271 1438 5327 infernum
1469 5275 1893 5344 descenderunt,
1924 5292 2054 5343 prae-

478 5368 732 5412 cursores
772 5356 1005 5424 Christi,
1037 5374 1200 5432 atque
1249 5365 1523 5434 prephetat
1560 5365 1746 5430 fuere;
1795 5369 1909 5436 pari
1965 5384 2052 5424 ra-

483 5447 631 5504 tione
679 5458 733 5504 et
756 5449 1062 5507 Samuelent
1097 5468 1162 5509 eo
1184 5455 1554 5524 descendisse,
1574 5473 1680 5512 non
1711 5458 2046 5530 simpliciter,

2158 4717 2297 4788 γάλα
2317 4717 2472 4782 εἰδὼς
2499 4719 2627 4791 περὶ
2646 4717 2882 4791 Χριστοῦ
2903 4736 2916 4749 ·
2947 4716 3082 4773 εἶδεν
3106 4719 3366 4792 οὐρανοὺς
3388 4720 3671 4789 ἀνεῳγότας
3687 4732 3698 4744 ·

2157 4806 2265 4864 εἶδε
2301 4810 2525 4883 Πνεῦμα
2553 4812 2706 4881 ἅγιον
2745 4810 2806 4877 ἐξ
2829 4811 3060 4883 ούρανοῦ
3094 4813 3486 4884 κατερχόμενον
3517 4810 3602 4865 ἐπὶ
3628 4809 3702 4861 τὸν

2163 4905 2410 4975 Σωτῆρα,
2447 4905 2539 4959 καὶ
2569 4904 2726 4976 μένον
2777 4905 2864 4958 ἐπ’
2900 4904 3082 4958 αὐτόν’
3123 4903 3244 4958 ἰδὼν
3276 4905 3374 4974 τὴν
3405 4901 3701 4973 mltum”

2161 4997 2334 5068 δόξαν,
2351 4997 2683 5068 ἀμφέϐαλλε,
2708 4998 2801 5052 καὶ⁵
2837 4996 2977 5068 τάχα
3010 4996 3224 5068 ⁴ἠπίστει
3250 5015 3264 5028 ο
3307 4997 3386 5050 διὸ
3413 4992 3558 5058 οὗτος
3581 4993 3699 5046 ἐνδο-

2161 5087 2250 5154 g“
2279 5091 2372 5144 καὶ
2399 5090 2588 5162 μέχρις
2616 5090 2763 5162 ᾆδον,
2793 5091 2886 5144 καὶ
2911 5089 3181 5161 μέχριτῆς
3213 5087 3447 5143 ἀϐύσσου
3474 5083 3696 5141 κατελεύ-

2161 5198 2332 5235 σεται.
2363 5181 2461 5236 Διὰ
2484 5181 2640 5236 τοῦτο
2669 5182 2839 5250 ἔλεγε·
2877 5201 2895 5234 ι
2939 5183 3012 5235 Σὺ
3039 5175 3090 5235 εἴ
3114 5183 3142 5236 6
3170 5180 3472 5252 ἐρχόμενος,
3500 5177 3534 5247 ἦ
3563 5174 3694 5229 ἄλλω

2161 5272 2590 5345 προσδοκῶμεν;
2639 5292 2659 5326 ι
2699 5273 2774 5326 Οὐ
2827 5271 3156 5343 παρεξέϐην,
3207 5271 3328 5325 οὐδὲ
3383 5266 3694 5333 ἐπελαθόμην

2159 5361 2253 5416 τοῦ
2290 5362 2668 5435 προκειμένου,
2693 5361 2830 5416 ἀλλά
2856 5362 3012 5414 τοῦτο
3049 5360 3270 5431 θέλομεν
3303 5356 3693 5414 κατασκενάπῆ

2155 5459 2258 5522 ὄτι,
2287 5459 2335 5510 εί
2365 5457 2564 5521 πάντες
2600 5459 2679 5520 εἰς
2704 5455 2830 5528 ᾅδου
2872 5453 3280 5526 καταϐεϐηκασι
3321 5453 3420 5524 πρὸ
3455 5449 3545 5503 τοῦ
3573 5448 3692 5515 Χρι-

557 5645 1012 5725 ’θῆζιχ1ι11.μιι,5.
1087 5652 1314 5708 “Joan.
1358 5671 1396 5720 l,
1455 5657 1540 5710 is.
1620 5629 1826 5712 "ibid.
1885 5660 1964 5714 τι.
2045 5661 2066 5692 ε

2171 5675 2254 5714 uc.
2295 5675 2334 5725 ι,
2384 5659 2472 5713 Μ.
2546 5657 2746 5715 "Joan.
2791 5675 2829 5721 ι,
2874 5658 2964 5712 51.
3036 5659 3082 5692 ⁸⁸
3115 5659 3243 5715 ibid.
3292 5657 3378 5714 55.
3441 5653 3488 5688 ⁸⁸
3517 5645 3690 5708 ﬂaui.

489 5729 608 5782 xvi,
659 5718 744 5773 l5.
819 5721 862 5753 ⁸⁷
911 5721 1045 5776 Luc.
1083 5738 1239 5793 xvtn,
1272 5718 1389 5780 3i.
1438 5727 1484 5759 ⁸⁸
1513 5726 1646 5784 Luc.
1680 5741 1754 5796 ιι,
1788 5729 1880 5786 2‘2.
1955 5731 1999 5766 ⁸⁸
2025 5729 2066 5785 Μ

2170 5735 2213 5785 lt.
2247 5718 2355 5796 xvi,
2378 5729 2465 5785 22.
2547 5731 2594 5762 ³ο
2624 5718 2910 5796 Multi-LM,
2945 5729 2998 5784 5.
