3870 6512
134 352 264 407 10⁶23

1206 347 1274 403 ιΝ
1313 342 1569 401 LIBRUM
1611 342 1847 399 REGUM
1888 341 2172 397 llOMILlA
2211 341 2276 396 ll.

3233 343 3252 397 l
3262 343 3370 401 026

128 466 266 528 στοῦ,
290 462 576 534 πρόδρομοι
599 461 835 535 Χριστοῦ
867 462 915 516 οἱ
947 460 1226 535 προφῆται
1257 460 1493 535 Χριστοῦ
1514 479 1526 491 ·
1553 458 1686 514 οὕτω

1799 457 1890 511 sed
1914 466 1970 527 ut
1999 464 2282 519 sanctum;
2322 454 2408 509 ubi
2445 454 2488 508 si
2513 462 2596 509 est
2623 462 2871 521 sanctus,
2902 466 3123 513 sanctus
3152 459 3374 513 omnino

129 558 214 612 καὶ
243 552 488 625 Σαμουὴλ
530 554 648 606 ἐκεῖ
675 552 1051 624 καταϐέϐηκεν
1069 570 1083 583 ·
1112 554 1174 607 ού
1209 553 1317 624 γὰρ
1348 552 1555 618 ἁπλῶς,
1583 541 1699 606 ἀλλ’

128 652 197 713 ὡς
229 648 390 716 ἅγιος·
428 646 562 699 ὅπου
609 644 705 698 ἐὰν
806 645 835 697 6
861 646 1037 714 ἅγιος,
1081 645 1229 699 ἐστιν
1262 646 1290 696 6
1338 644 1511 713 ἆγιος.
1550 645 1700 715 Μήτι

131 740 352 815 Χριστὸς
388 738 488 791 οὐκ
524 737 604 791 ἐτι
656 738 892 816 Χριστός
940 740 1109 801 ἐστιν,
1150 738 1272 792 ἐπεὶ
1300 739 1373 809 ἐν,
1399 735 1547 807 ᾅδου
1570 737 1699 790 ποτέ

126 830 223 906 ἦνς
250 830 359 885 Οὐκ
396 830 476 883 ἔτι
515 824 585 902 ἦν
614 830 743 893 Υἱὸς
772 828 929 893 Θεοῦ,
981 827 1102 883 ἐπεὶ
1136 831 1194 883 ἐν
1229 829 1306 901 τῷ
1338 829 1699 906 ,καταχθονίῳ

126 927 401 995 γεγένηται
442 923 612 991 τόπῳ,
658 940 675 972 ι
707 922 796 976 ἵνα
841 922 949 975 πᾶν
978 921 1106 990 γόνυ
1148 920 1341 992 κάμψῃ
1381 922 1439 976 ἐν
1475 921 1553 993 τῷ
1583 921 1699 974 ὀνό-

130 1030 251 1086 ματι
290 1011 461 1082 Ἰησοῦ
496 1010 755 1081 Χριστοῦ,
783 1010 1143 1082 ἐπουρανίων,
1170 1011 1263 1064 καὶ
1293 1011 1575 1079 ἐπιγείων,
1603 1011 1698 1065 καὶ

127 1104 478 1176 καταχθονίων
503 1119 517 1169 ;
553 1123 570 1155 ι
606 1103 791 1166 Οῦτως
826 1103 1060 1174 Χριστὸς
1074 1099 1162 1175 ἦν,
1190 1104 1284 1158 καὶ⁸
1306 1104 1457 1158 κάτω
1485 1102 1581 1170 ὢν,
1612 1104 1697 1157 ἵνα

124 1197 288 1260 οὕτως
322 1194 481 1259 εἴπω,
516 1195 573 1248 ἐν
600 1194 679 1265 τῷ
726 1194 875 1247 κάτω
919 1194 1069 1265 τόπῳ
1116 1192 1210 1259 ὣν,
1244 1194 1557 1267 προαιρέσει
1585 1193 1697 1248 ἀνω

124 1288 188 1364 ἦν
217 1309 229 1321 ·
259 1287 401 1342 οὕτω
430 1288 524 1342 καὶ
550 1288 599 1341 οἱ
642 1286 942 1359 προφῆται,
973 1287 1068 1341 καὶ
1093 1287 1365 1358 Σαμουὴλ,
1394 1286 1494 1341 κᾶν
1527 1303 1697 1340 κατα-

125 1383 282 1436 ϐῶσιν
318 1381 450 1433 ὅπου
481 1381 538 1433 αἱ
568 1379 737 1451 ψυχαὶ
772 1382 827 1433 αἱ
864 1380 1034 1437 κάτω,
1063 1379 1213 1432 κάτω
1256 1379 1506 1433 δύνανται
1554 1374 1695 1432 εἶναι

107 1470 284 1539 τόπῳ,
308 1468 368 1520 ού
395 1468 547 1521 κάτω
570 1468 626 1521 δέ
653 1469 757 1521 εἰσι
780 1472 845 1541 τῇ
881 1470 1213 1541 προαιρέσει.
1243 1469 1588 1540 Πυνθάνομαι
1614 1468 1691 1533 δὲ,

126 1561 529 1632 προεφήτευσαν
551 1560 619 1613 τὰ
648 1561 1050 1633 ὑπερουράνια;
1106 1560 1247 1629 Ἐγὼ
1285 1561 1341 1614 δέ
1371 1561 1431 1614 ού
1461 1560 1693 1630 δύναμαι

122 1652 310 1705 διδόναι
331 1651 594 1721 δαιμονίῳ
616 1651 946 1722 τηλικαύτην
971 1652 1217 1724 δύναμιν,
1243 1654 1341 1730 ὅτι.
1363 1652 1692 1725 προφητεύει

124 1744 243 1814 περὶ
269 1743 442 1797 Σαοὺλ
467 1743 737 1814 Σαμουὴλ,
765 1744 857 1797 καὶ
880 1743 972 1797 τοῦ
1002 1743 1134 1797 λαοῦ
1161 1745 1253 1798 τοῦ
1272 1745 1425 1809 Θεοῦ,
1452 1746 1544 1800 καὶ
1560 1760 1695 1815 προ-

1800 558 1902 605 est.
1944 547 2130 603 Nonne
2158 547 2208 601 id
2242 546 2408 602 etiam
2442 547 2507 602 de
2534 546 2749 604 Christo
2772 547 3102 604 allirmamus
3127 549 3152 604 ‘I
3178 550 3372 605 Annon

1800 640 2052 696 Christus
2089 646 2232 704 erat,
2272 637 2399 693 licet
2429 637 2716 708 aliquando
2756 641 2898 710 apud
2932 639 3133 697 inferos
3166 638 3376 696 fuerit?

1799 731 1993 786 Annon
2044 731 2145 785 fuit
2174 729 2345 785 Filius
2377 730 2507 796 Dei,
2541 731 2670 787 licet
2717 732 2769 786 in
2808 733 3176 809 subterraneis
3214 734 3373 805 dege-

1799 833 1883 878 ret
1938 822 2103 888 locis,
2144 839 2164 875 ι
2215 833 2275 877 ιιι
2310 835 2471 878 omne
2525 837 2662 892 genu
2708 822 3014 880 ﬂecteretur
3056 825 3110 881 in
3156 826 3374 881 nomine

1797 914 1945 979 Jesu,
1993 914 2319 977 ctelestium,
2380 915 2719 970 terrestrium
2760 924 2815 970 et
2862 916 3194 975 infernarum
3222 919 3314 975 ἰι
3345 940 3372 974 υ

1798 1005 1916 1061 Non
1951 1004 2110 1060 aliter
2132 1004 2382 1060 Christus
2418 1014 2556 1069 erat,
2603 1006 2728 1062 licet
2754 1008 2980 1063 inferius
3013 1022 3178 1077 esset,
3208 1018 3267 1064 ιιι
3294 1012 3375 1067 sic

1798 1098 2000 1165 dicam,
2034 1107 2088 1153 et
2120 1098 2163 1152 si
2210 1097 2261 1151 in
2299 1097 2545 1152 inferiori
2580 1097 2698 1152 loco
2731 1110 2938 1168 ageret,
2973 1100 3252 1157 voluntate
3285 1117 3378 1157 su-

1798 1192 1978 1260 perius
2032 1200 2171 1245 erat.
2205 1191 2403 1265 Eodem
2440 1201 2597 1261 pacto
2625 1200 2677 1245 et
2723 1193 3020 1261 prophetae,
3045 1204 3099 1248 et
3125 1193 3373 1261 Samuel,

1797 1282 2044 1351 quamvis
2070 1297 2134 1337 eo
2172 1282 2521 1345 descendant,
2554 1281 2641 1335 ubi
2684 1292 2811 1336 sunt
2846 1282 3041 1339 animae
3062 1292 3183 1354 quae
3211 1286 3262 1339 in
3292 1286 3378 1340 in—

1798 1375 1992 1441 fernis,
2031 1376 2153 1431 loco
2201 1376 2418 1446 quidem
2451 1374 2676 1431 inferius
2704 1389 2863 1444 sunt;
2899 1388 2955 1432 at
2998 1394 3105 1434 non
3151 1379 3381 1452 inferius.

1795 1477 1921 1522 sunt
1955 1468 2253 1522 voluntate.
2284 1466 2349 1521 Et
2381 1482 2567 1538 quaero
2600 1482 2668 1521 an
2698 1470 3108 1536 supercaelestia
3141 1472 3377 1540 prophe-
3484 1492 3487 1493 ν

1794 1559 1978 1613 tariut.
2010 1560 2080 1613 At
2104 1572 2203 1628 ego
2235 1572 2497 1626 nusquam
2546 1559 2778 1613 dzemoni
2813 1560 3043 1616 similem
3080 1562 3377 1632 potentiam

1794 1647 2110 1704 concedam.
2148 1648 2282 1703 Nam
2329 1646 2553 1703 Samuel
2607 1648 2674 1704 de
2714 1648 2909 1716 Saule,
2937 1660 2991 1705 et
3027 1651 3223 1722 populo
3256 1652 3374 1719 Dei,

1793 1749 1850 1795 et
1883 1754 2049 1812 regno
2079 1740 2272 1807 David,
2296 1741 2464 1797 David
2499 1741 2711 1797 scilicet
2734 1752 3083 1813 regnaturum
3113 1746 3376 1800 vaticina-

123 1834 334 1907 φητεύει
361 1836 491 1909 περὶ
526 1835 801 1906 βασιλείας
836 1835 1018 1901 Δαυῖδ,
1048 1838 1129 1890 ὄτι
1159 1836 1341 1907 μέλλει
1366 1837 1686 1924 βασιλεύειν.

1800 1835 1907 1882 ter.
1945 1828 2046 1894 Qui
2077 1831 2409 1885 contrarium
2444 1833 2706 1897 sentiunt,
2738 1834 3187 1905 veritatem,qu:e
3213 1836 3264 1890 iu
3306 1851 3376 1890 eo

122 1929 361 1981 Εῖσονται
382 1928 431 1980 oi
456 1926 627 1980 ταῦτα
661 1927 910 1997 λέγοντες
937 1928 1008 1982 τὰ
1021 1929 1121 1999 τῆς
1152 1929 1409 1999 ἀληθείας
1431 1929 1532 1997 τῆς
1549 1930 1692 1984 κατὰ

118 2019 203 2072 τὸν
212 2018 396 2083 τόπον,
420 2018 517 2089 οὐχ
533 2019 822 2090 εὑρήσουσι
848 2020 1194 2091 παραστῆσαι
1212 2020 1329 2084 πῶς
1344 2019 1409 2073 ἂν
1429 2019 1522 2074 καὶ
1539 2020 1692 2089 ἅγιος

119 2109 318 2177 γένοιτο
351 2108 497 2180 ὑπὲρ
524 2110 796 2180 σωτηρίας
817 2109 922 2162 τῶν
958 2110 1144 2174 κακῶς
1184 2112 1436 2181 ἐχόντων.
1474 2113 1569 2176 El;
1600 2110 1691 2165 τόν

118 2199 267 2252 τόπον
310 2198 423 2252 τῶν
467 2200 652 2264 κακῶς
695 2200 928 2271 ἐχόντων
984 2202 1156 2274 ἰατροὶ
1205 2204 1566 2272 γενέσθωσαν,
1611 2207 1691 2271 είς

117 2292 233 2354 τοὺς
256 2290 453 2353 τόπους
476 2291 584 2344 τῶν
612 2292 925 2362 καμνόντων
960 2294 1323 2364 στρατιωτῶν,
1353 2294 1445 2349 καὶ
1483 2295 1693 2350 είσίτω-

121 2400 209 2435 σαν
234 2383 364 2435 ὅπου
406 2385 463 2436 αί
490 2383 741 2438 δυσωδίαι
767 2386 875 2439 τῶν
911 2387 1238 2458 τραυμάτων
1272 2388 1470 2442 αὐτῶν.
1520 2388 1692 2442 Τοῦτο

120 2474 399 2527 ὑποϐάλλει
433 2476 467 2545 ἡ
506 2476 720 2547 ἰατρικὴ
762 2478 1158 2550 φιλανθρωπία.
1204 2479 1360 2533 Οὕτω
1382 2479 1540 2534 τοῦτο
1564 2481 1693 2533 ὑπο-

120 2568 339 2640 ϐέϐληκε
375 2569 457 2639 τῷ
484 2570 696 2642 Σωτῆρι
722 2572 749 2623 6
776 2570 934 2638 λόγος
962 2569 1226 2641 κατά(11)
1244 2572 1355 2633 τοῖς
1383 2572 1691 2642 προφήταις

119 2663 203 2713 καὶ
227 2661 412 2715 ἐνθάδε
450 2660 646 2725 ἐλθεῖν,
674 2664 768 2717 καὶ
791 2664 870 2727 είς
897 2662 1023 2734 ᾅδου
1048 2662 1372 2730 καταϐῆναι.
1399 2663 1509 2716 Καὶ
1535 2663 1691 2717 τοῦτο

117 2754 167 2806 δὲ
192 2753 516 2825 προσθετέον
555 2754 633 2826 τῷ
665 2754 808 2824 λόγῳ
828 2769 844 2785 ·
877 2756 958 2808 ὅτι
1006 2754 1257 2825 Σαμουὴλ
1284 2755 1565 2825 προφήτης
1596 2749 1684 2825 ἦν,

117 2847 203 2898 καὶ
228 2844 553 2909 ἐξελθόντος,
589 2844 798 2915 ἀπέστη
845 2844 939 2897 ἀπ’
965 2842 1130 2896 αὐτοῦ
1154 2845 1186 2913 ἡ
1215 2843 1543 2914 προφητεία·
1589 2845 1688 2896 ούκ

118 2930 217 3007 ἆρα
241 2935 493 3007 ἀληθεύει
526 2936 555 2988 6
600 2935 770 3003 λέγων
812 2933 1164 2997 Ἀπόστολος·
1212 2952 1230 2984 ι
1276 2935 1433 3005 Ἀρτι
1478 2951 1689 3011 προφη-

116 3030 246 3082 τεύω
273 3032 335 3082 ἐκ
380 3029 607 3101 μέρους,
651 3028 743 3081 καὶ
788 3028 853 3080 ἐκ
898 3027 1098 3099 μέρους
1139 3024 1428 3095 γινώσκω·
1474 3028 1601 3080 ὅταν
1628 3027 1686 3080 δὲ

116 3120 231 3191 ἔλθῃ
252 3121 309 3173 τὸ
335 3121 565 3183 τέλειον,
589 3120 683 3172 καὶ
708 3119 828 3171 τότε
858 3118 918 3171 τὸ
955 3119 1021 3171 ἐκ
1052 3118 1252 3189 μέρους
1281 3117 1690 3189 καταργηθήσε-

1799 1919 1920 1974 loco
1945 1931 2049 1987 est,
2100 1923 2428 1979 coutlrmare
2463 1939 2521 1978 se
2557 1941 2663 1980 non
2713 1940 2871 1994 posse
2920 1928 3370 1981 animadverteut.

1799 2010 1903 2066 Sed
1929 2028 2161 2081 quanam
2190 2015 2401 2070 ratione
2430 2028 2649 2072 sanctus
2685 2032 2784 2087 pro
2820 2018 2996 2072 salute
3025 2017 3166 2073 male
3186 2033 3244 2073 se
3272 2019 3372 2072 ha-

1800 2100 2059 2167 bentium,
2114 2104 2166 2157 iu
2213 2104 2388 2159 locum
2446 2106 2536 2160 ubi
2600 2118 2914 2176 permanent
2979 2108 3276 2164 deveniet?
3315 2110 3370 2164 lu

1795 2192 1959 2265 497
1983 2194 2096 2250 loca
2123 2196 2353 2252 militum
2382 2200 2758 2269 mgrotantium
2788 2202 2985 2257 medici
3021 2218 3265 2271 gressum
3290 2204 3375 2258 di-

1798 2286 1981 2355 rigant
2016 2303 2031 2340 :
2067 2287 2344 2345 introeant
2378 2291 2463 2344 ubi
2517 2290 2680 2347 feetor
2727 2293 2968 2349 ulcerum
3001 2310 3191 2351 eorum
3233 2297 3374 2352 male

1796 2375 1925 2432 olet.
1951 2376 2061 2433 Hoc
2090 2376 2695 2449 suggerit'medicorum
2725 2384 2778 2438 in
2810 2386 3057 2442 homines
3080 2403 3252 2443 amor.
3280 2390 3373 2445 Sic

1797 2477 1851 2521 et
1882 2470 2232 2537 propheticus
2255 2486 2433 2526 sermo
2457 2471 2728 2529 Salvatori
2758 2479 2950 2541 suasit,
2974 2488 3031 2532 ut
3057 2493 3123 2534 eo
3141 2482 3372 2547 veniret,

1796 2558 2256 2631 descenderetque
2286 2564 2337 2616 in
2372 2564 2662 2619 infernum.
2696 2566 2828 2622 Illud
2857 2568 2983 2623 item
3015 2572 3245 2626 orationi
3273 2575 3371 2627 ad-

1796 2649 2027 2704 dendum
2062 2668 2075 2705 :
2109 2652 2324 2708 Samuel
2356 2658 2612 2727 prepheta
2644 2658 2767 2723 fuit,
2801 2674 2979 2729 eoque
2999 2672 3210 2718 mortuo
3242 2677 3373 2733 prc-

1797 2742 1978 2812 phetia
2008 2745 2194 2800 abillo
2250 2748 2526 2806 discessit.
2557 2752 2749 2825 Annon
2802 2768 2926 2806 vera
2969 2754 3102 2809 dicit
3140 2755 3377 2824 Aposto-

1794 2833 1880 2890 lus
1906 2836 1951 2867 “
1981 2854 1995 2889 :
2028 2855 2046 2888 ι
2092 2836 2210 2892 Jam
2259 2842 2518 2910 proplteto
2551 2858 2618 2898 ex
2660 2854 2832 2914 parte,
2879 2855 2934 2900 et
2975 2861 3039 2901 ex
3095 2859 3245 2916 parte
3289 2863 3375 2901 co-

1793 2941 1997 2997 gnosco
2026 2947 2040 2983 :
2071 2946 2193 2985 cum
2230 2947 2358 2987 vero
2392 2936 2793 2991 consummatio
2816 2938 3042 3005 venerit,
3076 2950 3202 2993 tune
3229 2941 3371 3009 quod

1794 3032 1859 3073 ex
1887 3032 2039 3090 parte
2068 3033 2170 3089 est,
2193 3026 2357 3079 etiam
2389 3030 2817 3084 evacuabitur?»
2846 3031 3251 3087 Cousummatio
3272 3034 3372 3089 ita-

1793 3127 1899 3183 que
1933 3122 2054 3182 post
2098 3115 2261 3187 hujus
2292 3121 2415 3172 vitae
2457 3120 2616 3174 finem
2663 3131 2765 3177 est.
2807 3122 2874 3178 Et
2906 3124 3167 3193 quidquid
3202 3126 3369 3182 lsaias

114 3228 224 3278 rat;
256 3232 272 3264 ι
324 3210 538 3265 υύκοῦν
570 3211 631 3263 τὸ
662 3210 864 3264 τέλειον
891 3210 1028 3280 μετά
1059 3210 1150 3262 τὸν
1201 3210 1313 3280 βίον
1354 3211 1522 3264 ἐστίν.
1576 3212 1685 3265 Καὶ

1791 3207 2153 3275 prophetavit,
2174 3222 2241 3263 ex
2268 3219 2420 3277 parte
2442 3226 2564 3265 cum
2591 3214 2735 3267 omni
2768 3212 3021 3269 libertate
3046 3217 3370 3272 vaticinatus

115 3305 164 3358 εί
185 3322 232 3357 τι
264 3305 673 3376 προεφήτευσεν
706 3304 955 3366 Ἡσαΐας,
980 3304 1044 3355 ἐκ
1080 3302 1277 3374 μέρους
1317 3305 1686 3374 προεφήτευσε

117 3398 243 3468 μετὰ
269 3397 455 3467 πάσης
484 3396 826 3467 παρρησίας·
860 3393 1277 3465 μεμαρτύρηται
1310 3393 1366 3446 δὲ
1405 3393 1473 3446 τὰ
1500 3393 1687 3447 ἐνθάδε

112 3492 137 3541 ὁ
163 3487 316 3542 Δαυῒδ
351 3506 419 3540 πε
431 3490 484 3559 ρ).
507 3487 567 3539 τὸ
593 3486 798 3538 τέλειον
833 3485 932 3555 τῆς
960 3484 1329 3555 προφητείας·
1355 3484 1455 3536 οὐκ
1483 3484 1689 3538 ἀπέλα-

113 3576 196 3627 ϐεν
217 3572 305 3628 οὖν
327 3575 429 3646 τὴν
477 3575 638 3646 χάριν
682 3574 783 3646 τὴν
821 3574 1166 3645 προφητικὴν
1215 3573 1488 3645 Σαμουήλ.
1526 3574 1583 3627 Ὀ
1631 3574 1686 3628 δὲ

112 3666 224 3729 νοῦς
252 3684 350 3736 μου
394 3666 647 3738 ἄκαρπός
690 3669 834 3720 ἐστι·
869 3666 961 3719 καὶ
1002 3667 1083 3719 ὅτι
1134 3665 1457 3737 Ἐκκλησίαν
1486 3668 1688 3720 οἰκοδο-

114 3758 490 3831 μεῖὸγλώσση
523 3758 717 3811 λαλῶν.
769 3759 879 3812 Καὶ
920 3758 1029 3829 γὰρ
1074 3757 1221 3827 λέγει
1268 3760 1296 3811 6
1339 3757 1567 3822 Παῦλος,
1602 3761 1684 3813 ὅτι

122 3848 440 3920 Ἐκκλησίαν
490 3850 765 3921 οἰκοδομεῖ
806 3851 834 3901 ὀ
879 3848 1254 3920 προφητεύων,
1285 3849 1477 3911 αὑταῖς
1508 3848 1683 3915 λέξεσι

108 3942 286 4011 λέγων.
322 3944 386 3995 El
408 3942 470 3995 δὲ
490 3941 846 4013 προφητεύων
888 3939 1212 4012 Ἐκκλησίαν
1238 3940 1527 4010 οἰκοδομεῖ,
1569 3935 1683 4009 εἷχε

108 4036 257 4107 χάριν
304 4037 694 4108 προφητικήν·
749 4036 810 4087 οὑ
860 4034 969 4105 γὰρ
1018 4034 1355 4088 ἀπολωλέκει
1397 4032 1566 4105 αὐτὴν
1608 4034 1682 4105 μὴ

107 4127 459 4200 ἀφθαρτήσας
485 4126 615 4198 (12)·
661 4127 818 4197 μόνος
849 4127 957 4197 γὰρ
996 4126 1255 4180 ἀπόλλυσι
1286 4126 1444 4197 χάριν
1478 4137 1685 4196 προφηο

104 4218 268 4288 τικὴν,
292 4218 350 4281 ὃς
381 4216 527 4288 μετά
552 4217 612 4269 τὸ
636 4215 1009 4287 προφητεῦσαι
1045 4214 1345 4285 πεποίηκεν
1370 4212 1560 4279 ἀνάξια
1588 4212 1680 4267 τοῦ

105 4311 411 4382 Πνεύματος
442 4310 538 4363 τοῦ
567 4310 744 4378 ἁγίου,
773 4308 901 4361 ὥστ’
943 4307 1329 4377 ἐγκαταλιπεῖν
1374 4306 1556 4372 αὐτὸν,
1589 4304 1682 4359 καῖ

106 4405 284 4471 φυγεῖν
314 4402 448 4456 ἀπὸ.
483 4400 578 4454 τοῦ
624 4399 951 4472 ἡγεμονικοῦ
998 4396 1192 4451 αὑτοῦ·
1253 4397 1389 4468 ὅπερ
1436 4395 1681 4464 ἐφοϐεῖτο

104 4496 215 4547 τότε
252 4496 344 4548 καὶ
394 4494 535 4565 μετά
588 4492 687 4563 τὴν
722 4491 993 4562 ἁμαρτίαν
1039 4492 1067 4543 6
1112 4488 1294 4551 Δαυῒδ,
1341 4487 1436 4541 καὶ
1491 4487 1675 4555 ἔλεγε·

111 4604 128 4637 ι
166 4588 272 4640 Καὶ
320 4588 381 4640 τὸ
429 4585 656 4657 Πνεῦμα
680 4584 741 4638 τὸ
780 4583 932 4652 ἆγιόν
976 4599 1069 4635 σου
1115 4582 1187 4653 μὴ
1234 4580 1532 4651 ἀντανέλῃς
1582 4581 1676 4633 ἀπ’

105 4678 252 4748 ἐμοῦ.
296 4699 315 4731 ι
351 4681 414 4732 Ei
438 4677 618 4731 τοίνυν
647 4676 707 4731 τὸ
748 4674 970 4747 Πνεῦμα
1002 4674 1063 4727 τὸ
1114 4674 1269 4741 ἀγιον
1315 4672 1675 4744 προφητεύει·

104 4772 235 4839 τίνι;
282 4773 594 4843 Ἀγγέλοις·
653 4789 672 4824 ι
729 4765 811 4834 οἷς
856 4770 929 4841 μὴ
979 4768 1169 4840 χρείαν
1212 4765 1324 4839 (15)
1370 4766 1583 4836 ἔχουσιν
1629 4769 1678 4821 οί

108 4862 371 4931 ἰσχύοντες
405 4861 626 4934 ἰατρῶν,
660 4860 773 4915 ἀλλ’
796 4861 846 4913 οἱ
875 4858 1060 4922 κακῶς
1089 4857 1324 4928 ἔχοντες.
1368 4875 1388 4909 ι
1424 4856 1678 4927 Δέχονται

100 4954 237 5018 τίνες
264 4956 365 5026 τῆς
388 4953 726 5024 προφητείας
757 4951 867 5023 (14)
897 4950 1062 5004 αὑτοῦ
1089 4966 1102 5015 ;
1147 4950 1220 5002 υύ
1255 4948 1365 5019 γάρ
1395 4949 1554 5018 ἀργεῖ
1580 4950 1678 5019 χά-

105 5063 182 5115 ρις
204 5048 516 5117 προφητική
537 5064 550 5077 ο
572 5046 723 5099 οὐδὲν
754 5043 998 5116 χάρισμα
1017 5043 1176 5113 ἀργεῖ
1191 5041 1300 5094 τῶν
1331 5043 1387 5094 ἐν
1409 5040 1485 5111 τῷ
1510 5040 1670 5111 ἀγίῳ.

101 5138 207 5208 Τῆς
235 5136 329 5193 οὖν
366 5141 589 5211 χάριτος
620 5140 718 5211 τῆς
743 5137 1085 5210 προφητικῆς
1135 5138 1191 5191 ai
1235 5137 1403 5206 ψυχαὶ
1422 5136 1528 5188 τῶν
1559 5153 1673 5189 κοι-

104 5232 384 5300 μωμένων,
415 5231 672 5303 τολμήσω
700 5230 793 5283 καὶ
836 5220 995 5291 εῖπῶ,
1029 5228 1256 5281 ἐδέοντο.
1301 5228 1439 5280 Ἀλλ’
1484 5227 1670 5281 ἐνθάδε
1708 5223 1714 5230 ’

104 5324 194 5393 μὲν
213 5325 403 5396 χρείαν
438 5325 617 5395 ἔχεται
649 5323 761 5395 (15)
781 5322 875 5376 τοῦ
906 5323 1188 5394 προφήτου
1228 5320 1474 5394 Ἰσραήλ·
1519 5322 1613 5375 καὶ
1641 5323 1670 5375 6

164 5466 205 5497 ⁰¹
236 5464 473 5536 Philipp.
506 5481 565 5531 tt,
596 5464 683 5520 l0.
757 5465 804 5497 "
834 5463 853 5518 l
882 5463 1005 5519 Cor.
1032 5480 1151 5533 xm,
1175 5464 1237 5549 9.⁵
1304 5464 1350 5496 ⁸³
1377 5464 1395 5517 l
1418 5463 1547 5521 Cor.
1579 5479 1688 5529 xw,
1720 5464 1806 5518 14.

166 5605 182 5677 (
192 5605 208 5677 l
222 5604 271 5677 1)
293 5602 479 5677 Kurd.
504 5605 696 5677 Forte,
728 5604 900 5677 παρά.

166 5674 275 5748 (12)
316 5675 744 5748 ῙΑφθᾳρτήσας.
779 5674 1011 5748 Omnino
1050 5674 1334 5748 legendum
1363 5674 1668 5748 :6papeﬁ-

98 5744 211 5809 ως.
248 5745 391 5799 Infra
424 5746 587 5819 εόπερ
612 5746 857 5816 ἐφοϐεῖτο
884 5745 1026 5814 τότε,
1064 5744 1157 5800 καὶ
1188 5745 1324 5815 μετὰ
1354 5744 1464 5815 τὴν
1484 5744 1666 5818 ἀμαρ-

96 5816 210 5869 τίαν
236 5817 264 5868 ὁ
298 5815 484 5872 Δαυῖδ.

1790 3305 1894 3361 est,
1928 3306 2259 3367 testatusque
2299 3308 2382 3355 est
2418 3302 2532 3357 lucc
2565 3304 2748 3358 omnia
2779 3305 2845 3359 de
2890 3308 3188 3375 propheti:e
3236 3325 3368 3363 con-

1790 3387 2154 3441 summatione
2184 3389 2386 3444 David:
2421 3407 2527 3446 non
2563 3393 2765 3461 recepit
2789 3393 2954 3463 igitur
2987 3398 3213 3463 gratiam
3238 3415 3365 3468 pro-

1788 3477 2064 3544 phetieam
2104 3480 2342 3536 Samuel.
2380 3482 2453 3536 At
2499 3476 2810 3538 intellectus
2851 3498 3002 3539 meus
3028 3488 3147 3541 sine
3190 3490 3366 3545 fructu

1788 3568 1962 3620 est”:
1989 3578 2041 3623 et
2071 3572 2213 3637 quod
2248 3572 2543 3627 Ecclesium
2576 3573 2827 3641 milificat,
2852 3577 2941 3644 qui
2973 3577 3154 3646 lingua
3191 3579 3368 3648 loqui-

1790 3656 1955 3711 tur".
1999 3658 2064 3712 Et
2091 3659 2289 3716 Paulus
2327 3664 2440 3731 ipse
2480 3664 2710 3717 affirmat
2742 3666 3149 3734 propltctantem
3178 3669 3366 3725 Eccle-

1787 3748 1923 3803 siam
1964 3750 2234 3807 aedificare
2264 3754 2347 3807 his
2398 3756 2586 3811 iisdem
2630 3754 2832 3808 verbis.
2869 3758 3039 3813 Porro
3066 3761 3108 3813 si
3136 3762 3363 3828 prophe-

1789 3848 1909 3894 tans
1938 3841 2231 3898 Ecclesiam
2258 3848 2507 3915 aedificat,
2529 3851 2715 3920 utique
2735 3852 2965 3922 gratiam
2989 3853 3361 3922 propheticam

1787 3930 1969 3999 habet,
2017 3951 2193 4005 neque
2225 3939 2370 3994 enim
2426 3941 2593 4011 ipsam
2632 3944 2844 4009 amisit,
2876 3943 2977 3998 nisi
3030 3944 3361 4014 peccaverit.

1785 4023 1942 4079 Solus
1968 4029 2162 4098 quippe
2186 4031 2415 4099 gratiam
2438 4036 2805 4102 propheticam
2825 4035 3047 4099 amittit.
3066 4037 3180 4106 qui,
3209 4048 3359 4104 post-

1783 4127 1947 4179 quam
1987 4120 2349 4189 prophetarit,
2384 4123 2600 4190 iudigna
2631 4124 2833 4193 Spiritu
2853 4137 3044 4179 sancto
3068 4137 3359 4195 operatur;

1783 4205 1855 4259 ita
1875 4216 1933 4261 ut
1952 4209 2124 4278 ipsum
2150 4213 2411 4284 Spiritqu
2436 4217 2669 4281 deserat,
2690 4217 2967 4288 fugiatque
2990 4218 3059 4273 ab
3075 4219 3189 4285 ejus
3210 4221 3364 4291 prin-

1781 4305 1901 4380 cipe
1928 4309 2121 4365 anima:
2155 4310 2430 4368 facultate.
2463 4314 2615 4380 Quod
2664 4314 2887 4369 timebat
2917 4326 3046 4371 tunc
3081 4324 3199 4384 post
3234 4331 3360 4386 pec-

1780 4412 1962 4455 catum
1994 4402 2186 4468 David,
2217 4404 2542 4474 dicebatque
2565 4406 2641 4459 "z
2676 4423 2695 4457 ι
2724 4405 2788 4458 Ει
2815 4405 3077 4474 Spiritum
3111 4414 3357 4460 sanctqu

1785 4506 1934 4548 tuum
1960 4508 2027 4547 ne
2056 4496 2272 4550 auferas
2308 4511 2337 4549 a
2365 4512 2468 4551 me.
2506 4516 2523 4547 ι
2561 4498 2751 4566 Itaque
2794 4498 2837 4551 si
2876 4496 3112 4565 Spiritus
3137 4507 3360 4551 sanctus

1784 4587 2069 4658 prophetat
2108 4606 2123 4643 :
2152 4588 2367 4642 cuinam
2391 4587 2415 4640 ?
2436 4587 2657 4655 Angelis
2683 4588 2707 4641 ?
2734 4587 2802 4642 At
2835 4602 2849 4639 :
2897 4605 2916 4639 ι
2955 4585 3070 4642 Non
3099 4602 3238 4657 epus
3274 4599 3359 4643 est

1784 4678 2023 4734 medicus
2066 4678 2225 4743 bene,
2281 4679 2374 4732 sed
2430 4679 2568 4731 male
2621 4679 2943 4734 habentibus
2961 4680 3027 4733 “.
3069 4697 3087 4732 ι
3124 4679 3354 4746 Quinam

1779 4770 1899 4837 ejus
1934 4770 2268 4839 prephetiam
2305 4771 2615 4840 excipiunt?
2642 4770 2825 4840 Neque
2856 4771 3002 4826 enim
3038 4770 3237 4825 frustra
3274 4782 3359 4826 est

1779 4862 1949 4931 gratia
2007 4861 2319 4931 prophetica
2349 4903 2363 4929 ,
2414 4876 2588 4931 neque
2633 4862 2798 4916 ullum
2845 4862 3117 4916 charisma
3163 4876 3351 4917 eorum

1777 4967 1897 5021 qua:
1930 4953 1982 5005 in
2015 4963 2202 5006 sancte
2237 4963 2366 5005 sunt
2392 4951 2595 5007 frustra
2636 4962 2739 5009 est.
2772 4952 2955 5007 Gratia
3006 4954 3188 5023 itaque
3228 4969 3356 5022 pro-

1781 5045 1994 5112 phetiea
2022 5054 2357 5098 mortuorum
2386 5044 2601 5111 animae,
2632 5045 2892 5099 audacter
2921 5045 3118 5110 dicam,
3144 5046 3351 5114 indigeo

1780 5136 1931 5189 bant.
1985 5137 2088 5191 Sed
2148 5136 2237 5190 hic
2282 5135 2501 5205 quidem
2552 5137 2890 5192 necessarius
2953 5146 3038 5192 est
3087 5138 3350 5207 propheta

1778 5227 1964 5292 Israel,
1988 5239 2043 5283 et
2072 5229 2163 5298 qui
2205 5229 2425 5293 dormit,
2461 5228 2823 5299 discessitque
2866 5245 2932 5285 ex
2964 5230 3067 5285 hac
3102 5230 3232 5293 vita,
3262 5228 3348 5281 iu-

1776 5322 1995 5391 digebat
2043 5322 2337 5391 prephetis,
2384 5330 2442 5376 ut
2488 5323 2593 5377 alia
2634 5325 2845 5379 ratione
2887 5324 2985 5392 ipsi
3016 5321 3222 5377 Christi
3254 5320 3355 5374 ad-

1913 5464 1959 5496 “
1989 5462 2123 5519 ibid.
2150 5467 2203 5521 4.
2279 5466 2327 5498 ⁹⁵
2364 5465 2506 5523 Psal.
2537 5483 2591 5533 L,
2622 5483 2742 5523 xm.
2816 5466 3073 5519 "Matth.
3108 5480 3185 5529 ιι,
3221 5464 3301 5520 12.

1850 5605 1959 5676 (15)
2001 5605 2331 5675 Ἀγγέλοις·
2374 5602 2464 5672 οἷς
2512 5607 2600 5676 μὴ
2654 5607 2882 5675 χρείαν.
2915 5604 3144 5660 Scribe:
3176 5603 3346 5673 ἀγγὲοι

1776 5676 1892 5757 λοιις
1909 5693 1931 5757 ς.
1956 5678 2039 5757 μή
2048 5678 2266 5757 χρείαν,
2297 5688 2403 5731 etc.

1849 5747 1895 5815 (1
1908 5744 1967 5815 4t
1998 5744 2111 5815 Τῆξ
2155 5744 2788 5818 προφητείας-,ξιπίιιοε
2824 5744 2923 5811 τὰς
2954 5748 3290 5818 προφητείας

1848 5818 1959 5889 (15)
1993 5819 2245 5888 “Exstat.
2272 5816 2460 5874 Scribe
2492 5834 2505 5873 :
2532 5816 2665 5887 ἔχει.
