3870 6504
527 303 669 363 ίθίἳ

1977 313 2067 368 EX
2103 312 2400 370 ORIGENE

3649 328 3751 382 lii-:3

524 438 745 484 ventum
774 430 1221 486 vaticinarentur.
1243 432 1381 485 Ante
1411 431 1624 489 Domini
1651 435 1755 490 mei
1787 435 1914 492 Jesu
1935 436 2081 493 Chri-

2201 437 2540 509 κοιμώμενος
2568 439 2624 492 δὲ
2658 441 2686 493 6
2712 439 3136 511 ἀπηλλαγμένος
3164 442 3266 498 τοῦ
3298 442 3414 514 βίου
3445 446 3624 516 χρείαν
3661 445 3744 517 εἶχε

527 521 598 576 sti
643 522 928 576 adventum
972 523 1173 578 nemini
1223 525 1407 580 datum
1455 537 1573 581 erat
1606 527 1698 582 ubi
1734 528 2105 598 lignum~vitar

524 624 645 670 erat
679 614 1060 684 pmtergredi,
1091 625 1141 670 et
1187 617 1274 670 illa
1314 621 1615 688 transgredi
1663 637 1784 690 quae
1829 623 1930 677 via:
1974 623 2101 693 ligni

525 703 651 759 vita:
684 705 1051 760 custodienda:
1079 708 1366 776 prarposita
1399 720 1578 764 erant.
1614 710 1750 777 Quis
1789 712 1926 766 viam
1962 713 2102 766 illam

529 805 736 850 tentare
779 805 990 866 poterat
1026 799 1050 852 ?
1081 799 1214 866 Quis
1259 800 1420 855 alicui
1481 811 1673 857 auctor
1728 819 1848 858 esse
1896 815 2104 874 poterat

524 884 832 942 ﬂammeum
869 889 1106 959 gladium
1156 893 1578 958 pertranseundi
1605 894 1649 925 ’⁷
1688 895 2102 961 ?Quemadmo-

523 976 651 1030 dum
677 994 776 1033 nec
802 994 951 1035 mare
977 982 1196 1036 transiri
1229 992 1441 1050 poterat
1483 983 1602 1038 sine
1639 999 1740 1052 ope
1772 984 1977 1049 divina,
2014 1001 2102 1040 co-

523 1064 815 1139 lumnaque
856 1072 1035 1126 divina
1061 1113 1076 1137 ,
1123 1075 1374 1129 columna
1431 1073 1678 1138 luminis,
1724 1089 1843 1143 quae
1884 1082 2002 1128 erat
2036 1075 2103 1128 ab

522 1160 642 1230 ipso
669 1161 776 1216 Deo
807 1163 896 1216 ἐς
944 1167 1402 1234 quemadmodum
1458 1166 1691 1219 neminis
1735 1174 1851 1219 erat
1905 1164 2096 1220 Jorda-

522 1267 647 1308 nem
681 1257 907 1324 pedibus
942 1257 1192 1326 trajicere
1236 1271 1598 1331 prmterquam
1629 1257 1793 1312 Josue
1819 1256 1835 1329 (
1866 1259 1976 1311 veri
2009 1258 2098 1311 Dei

523 1345 696 1415 ﬁgura
728 1357 850 1401 erat
890 1347 976 1402 ille
1015 1348 1198 1420 Josue)
1235 1367 1248 1404 :
1282 1351 1360 1404 sic
1397 1367 1490 1420 per
1524 1349 1826 1404 ﬂammeum
1868 1348 2098 1419 gladium

523 1436 743 1491 Samuel
777 1441 1009 1495 transire
1041 1456 1145 1496 non
1189 1452 1402 1512 poterat
1430 1462 1442 1497 :
1485 1458 1590 1496 non
1631 1442 1902 1496 Abraham
1935 1457 1951 1505 ;
1981 1442 2100 1512 ideo

519 1537 575 1583 et
607 1531 876 1586 Abraham
911 1533 978 1586 ab
1006 1548 1070 1587 eo
1094 1534 1184 1603 qui
1228 1537 1604 1603 torquebatur,
1649 1535 2002 1603 consmeitur.
2035 1533 2101 1586 Et

517 1620 688 1694 5.98
715 1639 836 1678 cum
878 1626 930 1678 in
974 1627 1254 1680 tormentis
1288 1629 1440 1682 dives
1473 1637 1638 1692 esset,
1678 1626 1904 1682 elevatis
1927 1625 2099 1679 oculis

517 1716 792 1770 Abraham
837 1717 1124 1787 conspicit,
1167 1719 1293 1773 licet
1325 1735 1355 1773 a
1387 1721 1547 1790 longe
1588 1721 1802 1783 videat;
1844 1719 1989 1772 videt
2018 1727 2097 1770 ta-

2207 529 2314 583 τῶν
2335 531 2647 602 προφητῶν,
2675 532 2761 586 ἵνα
2791 533 2947 586 πάλιν
2977 536 3025 587 οἱ
3048 536 3326 606 προφῆται
3521 540 3750 610 κηρύξαι

2207 618 2304 688 τὴν
2336 620 2571 690 Χριστοῦ
2601 622 2913 693 ἐπιδημίαν.
2940 623 3146 689 Ἄλλως
3169 644 3228 679 τε
3254 627 3348 683 καὶ
3372 631 3650 700 προφήτης
3669 633 3748 700 (is;

2203 708 2298 761 τοῦ
2327 710 2529 782 Κυρίου
2573 729 2674 782 μου
2711 714 2881 784 Ἰησοῦ
2923 717 3159 786 Χριστοῦ
3202 719 3504 789 ἐπιδημίας
3539 723 3751 776 ἀδύνατον

2203 789 2270 864 ἦν
2296 814 2418 850 τινα
2448 799 2733 868 παρελθεῖν
2759 801 2893 854 ὅπου
2923 803 2981 855 τὸ
3011 803 3164 868 ξύλον
3190 806 3291 876 τῆς
3319 806 3470 877 ζωῆς
3490 827 3504 838 ο
3540 812 3750 868 ἀδύνατον

2203 880 2270 955 ἦν
2295 887 2580 958 παρελθεῖν
2612 889 2678 943 τά
2719 894 3027 963 τεταγμένα
3060 896 3355 964 φυλάσσειν
3402 899 3504 968 τὴν
3538 902 3647 953 ὁδὸν
3682 907 3746 957 τις]

2207 977 2360 1042 ξύλου
2392 980 2492 1050 τῆς
2519 980 2684 1051 ζωῆς.
2715 985 2810 1048 Τίς
2833 985 3063 1056 ἠδύνατο
3090 990 3439 1061 ὁδοποιῆσαις
3478 995 3574 1056 Τίς
3599 997 3748 1063 ἡδύνα-

2203 1085 2264 1120 το
2315 1069 2410 1140 τὴν
2451 1071 2710 1144 φλογίνην
2760 1077 3035 1146 ῥομφαίαν
3095 1081 3319 1152 ποιῆσαι
3357 1084 3592 1138 διελθεῖν
3633 1107 3746 1146 tm;

2207 1161 2416 1232 Ὥσπερ
2441 1162 2713 1218 Θάλασσαν
2744 1168 2844 1220 οὐκ
2875 1164 2941 1240 ἦν
2966 1170 3272 1243 ὁδοποιῆσαι
3310 1177 3359 1246 ἦ
3390 1179 3488 1230 τοῦ
3520 1180 3646 1232 6εοί
3685 1193 3741 1234 7.:

2202 1249 2294 1301 τοῦ
2325 1251 2512 1305 στύλου
2539 1254 2631 1306 τοῦ
2663 1257 2910 1327 πυρίνου,
2962 1261 3053 1313 τοῦ
3092 1264 3281 1318 στύλου
3323 1268 3417 1320 τοῦ
3472 1273 3644 1338 τρωτὸς
3682 1277 3746 1325 τῖῖ

2203 1340 2309 1394 ἀπὸ
2340 1343 2432 1396 τοῦ
2465 1343 2629 1398 Θεοῦ·
2668 1347 2855 1419 ὥσπερ
2884 1351 2972 1406 τὸν
3006 1355 3273 1428 Ἰορδάνην
3308 1361 3410 1412 οὐκ
3453 1358 3524 1432 ἦν
3579 1366 3750 1428 οῦδενὲις

2201 1434 2512 1506 ὁδοποιῆσαι
2557 1440 2588 1510 ἢ
2650 1442 2855 1512 Ἰησοῦ·
2891 1445 2982 1498 τοῦ
3035 1448 3287 1518 ἀληθινοῦ
3338 1453 3480 1506 Θεοῦ
3527 1457 3750 1527 τύπος

2200 1528 2405 1592 ἐκεῖνος
2430 1531 2457 1581 6
2498 1532 2703 1604 Ἰησοῦς
2729 1552 2742 1564 ·
2785 1537 2924 1589 οὕτω
2959 1539 3045 1592 διὰ
3085 1542 3181 1611 τῆς
3211 1545 3479 1617 φλογίνης
3517 1552 3752 1619 ῲμςαίξ

2202 1620 2453 1693 Σαμουὴλ
2492 1625 2591 1677 οὐκ
2635 1627 2865 1696 ἠδύνατο
2902 1630 3158 1686 διελθεῖν·
3213 1637 3316 1688 οὐκ
3365 1639 3647 1710 Ἀϐραάμ*
3689 1646 3752 1697 5;:

2200 1712 2355 1765 τοῦτο
2390 1717 2482 1768 καὶ
2529 1719 2778 1790 Ἀϐραὰμ
2825 1721 3078 1791 βλέπεται
3125 1727 3230 1780 ὑπὸ
3267 1730 3365 1782 τοῦ
3397 1732 3750 1804 κολαζομένε..

519 1823 664 1873 men,
691 1818 744 1863 et
767 1808 1028 1862 Lazarum
1057 1811 1108 1862 in
1141 1811 1259 1864 sinu
1287 1811 1474 1881 ipsius.
1508 1813 1908 1882 Exspectabam
1935 1810 2081 1878 igitul

2201 1805 2309 1857 Καὶ
2336 1807 2594 1878 ὑπάρχων
2638 1812 2696 1864 ἐν
2746 1812 2999 1882 βασάνοις
3032 1821 3059 1870 6
3099 1819 3356 1886 πλούσιος
3405 1826 3621 1894 ἐπάρας
3659 1833 3752 1889 7...:

522 1897 729 1952 Domini
758 1899 858 1953 mei
885 1897 1007 1954 Jesu
1041 1899 1240 1955 Christi
1267 1903 1584 1970 adventurm,
1602 1914 1656 1957 et
1679 1904 2021 1973 patriarchae,
2045 1913 2094 1957 ct

517 1991 812 2060 prophetae,
837 2002 890 2044 ct
910 2007 1122 2055 omnes,
1145 2007 1201 2045 ιιι
1223 1995 1305 2047 sic
1337 1995 1474 2048 viam
1498 1996 1795 2065 aperiretu
1828 1997 1940 2067 Ego
1974 2012 2094 2050 sum

515 2081 602 2136 via
637 2097 654 2136 :
692 2097 793 2152 ego
820 2098 937 2137 sum
967 2093 1121 2152 porta
1145 2084 1214 2138 9°.
1255 2103 1276 2138 ι
1313 2086 1408 2141 Via
1441 2097 1524 2140 est
1552 2087 1618 2140 ad
1648 2088 1848 2156 lignum
1879 2089 2018 2149 vitae,
2038 2095 2098 2140 ut

514 2171 560 2228 si
591 2187 688 2241 per
718 2172 895 2242 ignem
938 2174 1172 2229 transire
1200 2174 1294 2230 tibi
1329 2164 1634 2246 contingat,
1663 2176 1878 2231 ﬂamma
1904 2187 1955 2232 te
1988 2192 2092 2231 non

516 2265 862 2319 comburat:
915 2265 1094 2335 qualis
1150 2265 1290 2335 ignis
1351 2268 1530 2337 posuit
1582 2268 1895 2334 cherubim,
1938 2267 2091 2322 llam-

513 2371 800 2427 mcumque
823 2357 1176 2430 gladium’qui
1199 2359 1537 2423 volvebatur,
1553 2367 1610 2412 ut
1635 2359 1774 2413 viam
1797 2359 1864 2414 ad
1890 2359 2088 2429 lignum

513 2453 642 2506 vitae
689 2453 1051 2508 custodirent.
1101 2453 1224 2507 Ideo
1267 2452 1410 2506 beati
1455 2452 1565 2508 illic
1613 2454 2000 2523 permanebant
2031 2468 2090 2508 se

511 2553 904 2610 praeparantes,
944 2552 998 2598 et
1045 2558 1168 2598 cum
1198 2556 1302 2597 non
1342 2553 1565 2612 possent
1597 2559 1661 2598 eo
1677 2544 1970 2610 accedere,
1999 2544 2088 2598 ubi

508 2644 629 2687 erat
657 2633 858 2702 lignum
901 2636 1046 2702 vitae,
1086 2640 1372 2707 paradisus
1409 2638 1524 2700 Dei.
1563 2646 1620 2691 et
1645 2637 1787 2692 Deus
1827 2637 2084 2708 agricola,

507 2724 602 2779 ubi
637 2725 802 2791 beati,
849 2735 904 2782 et
936 2727 1117 2794 electi,
1142 2738 1216 2798 ret
1252 2731 1426 2785 sancti
1471 2729 1585 2784 Dei.
1631 2728 1842 2783 Nullum
1872 2721 2002 2798 ergo
2033 2729 2084 2783 in

509 2813 616 2870 hoc
657 2817 777 2872 loco
819 2797 1203 2874 olIendiculdm
1242 2829 1327 2875 est
1365 2837 1378 2872 :
1428 2821 1523 2875 sed
1551 2822 1733 2875 omnia
1773 2822 1907 2875 mira
1951 2837 2087 2892 qua-

507 2907 634 2960 dam
677 2909 725 2961 vi
771 2910 970 2980 scripta
1006 2923 1157 2974 sunt,
1202 2911 1684 2982 intelligunturque
1721 2915 1789 2969 ab
1824 2914 1929 2968 illis
1967 2915 2086 2982 qui-

506 2996 610 3054 bus
647 3001 785 3055 Deus
815 3003 1040 3056 revelat.
1060 3002 1167 3058 Nos
1199 3005 1490 3074 porro,qui
1527 3005 1578 3058 in
1610 3006 1930 3059 smculorum
1953 3022 2082 3061 con-

506 3092 873 3147 summatione
920 3095 1271 3161 advenimus,
1326 3094 1586 3150 habemus
1633 3097 1762 3165 quid
1820 3098 2074 3152 eximium

504 3179 644 3234 ultra
675 3191 923 3238 exteros.
955 3182 1092 3250 Quid
1118 3185 1248 3240 illud
1275 3185 1404 3240 est?
1436 3186 1488 3239 Si
1515 3202 1577 3240 cx
1615 3187 1714 3242 hac
1747 3189 1856 3240 vita
1891 3204 2078 3243 exces-

504 3272 735 3326 serinms
756 3275 877 3328 boni
908 3283 962 3328 et
1008 3277 1194 3346 probi,
1227 3294 1332 3334 non
1366 3294 1469 3332 una
1518 3279 1797 3334 nobiscum
1828 3290 2078 3348 peccato-

506 3380 621 3417 rum
653 3367 883 3422 sarcinis
924 3369 1228 3436 couductis,
1259 3373 1714 3440 pertransibimus
1770 3371 2075 3429 ﬂammeum

499 3454 759 3524 gladium,
785 3474 885 3512 nec
927 3458 977 3512 in
1015 3459 1189 3514 locum
1221 3462 1390 3525 illum,
1424 3463 1475 3516 in
1511 3478 1620 3532 quo
1666 3464 1758 3532 qui
1801 3473 1926 3520 ante
1965 3465 2078 3532 ejus

499 3545 791 3600 adventum
829 3549 1170 3616 quieveram,
1222 3551 1498 3608 Christum
1541 3557 1951 3624 exspectabant,
1983 3557 2078 3610 dc-

497 3635 800 3693 veniemus.
853 3639 1314 3696 Pertransibimus
1367 3644 1515 3698 nullo
1567 3645 1725 3701 nobis
1762 3662 1790 3698 a
1829 3648 2077 3700 ﬂammeo

496 3727 592 3785 illo
617 3730 795 3802 gladio
820 3735 1204 3790 damnoillato.
1235 3756 1254 3788 ‹
1291 3737 1718 3806 Uniuscujusquc
1750 3754 1882 3794 vero
1911 3739 2074 3809 quale

494 3834 634 3890 Opus
680 3823 776 3888 sit,
840 3824 979 3894 ignis
1044 3827 1157 3896 ipse
1209 3830 1532 3898 probabit‘.
1571 3829 1626 3884 Si
1674 3829 1900 3899 alicujus
1937 3846 2073 3900 opus

495 3916 845 3970 combustum
902 3918 1087 3986 fuerit,
1134 3921 1389 3977 damnum
1436 3925 1740 3991 contrahet,
1788 3925 1904 3994 ipse
1941 3940 2071 3979 vero

491 4005 797 4060 salvabitur
829 4008 910 4063 sic
951 4012 1104 4079 quasi
1146 4028 1243 4081 per
1287 4014 1464 4083 ignem
1489 4016 1530 4069 ’⁸.
1562 4034 1580 4067 ι
1617 4016 2069 4072 Pertransibimus

493 4111 646 4167 ergo.
679 4097 950 4156 Habemus
985 4102 1111 4156 item
1167 4106 1303 4158 ultra
1348 4116 1406 4160 et
1449 4108 1593 4162 aliud
1638 4110 1893 4163 eximium
1919 4127 1934 4171 ;
1962 4124 2066 4163 non

493 4201 806 4257 possumus,
826 4191 872 4246 si
917 4202 1064 4248 recte
1095 4195 1424 4264 vixerimus,
1456 4198 1593 4252 male
1626 4199 1923 4255 discedere.
1956 4201 2067 4256 lluc

491 4295 601 4334 non
655 4281 908 4337 dicebant
957 4285 1187 4354 antiqui,
1245 4303 1349 4341 non
1406 4278 1750 4357 patriarcbm,
1787 4309 1892 4346 non
1944 4308 2068 4361 pro-

489 4373 683 4442 pheta).
710 4374 898 4432 Nonne
927 4376 981 4432 id
1009 4393 1106 4434 nos
1131 4377 1284 4433 cll'ari
1314 4395 1632 4449 possumus:
1669 4384 1715 4438 si
1747 4384 1883 4438 bene
1911 4385 2064 4438 vixe-

2541 1903 2639 1974 ὁρᾷ
2678 1906 2945 1978 Ἀϐραὰμ,
2982 1913 3030 1964 εἰ
3069 1913 3162 1966 καὶ
3207 1915 3318 1966 ἀπὸ
3350 1919 3750 1990 μακρόθενξρῷ

2198 1986 2312 2039 ἀλλ’
2333 1989 2457 2059 ὁρὰ,
2483 1993 2577 2044 καὶ
2598 1994 2688 2047 τὸν
2719 1997 2968 2071 Λάζαρον
2994 2003 3051 2055 ὲν
3080 2007 3192 2068 τοῖς
3219 2006 3446 2070 κόλποις
3480 2011 3654 2062 αὐτοῦ.
3675 2013 3753 2063 Πε-

2197 2077 2444 2149 ριέμενον
2469 2079 2560 2137 οῦν
2589 2085 2686 2157 τὴν
2712 2088 2804 2142 τοῦ
2833 2092 3035 2164 Κυρίου
3071 2113 3170 2165 μου
3212 2099 3388 2168 Ἰησοῦ
3415 2103 3646 2173 Χριστοῦ
3669 2107 3756 2154 2:-

2192 2170 2391 2243 δημίαν
2422 2177 2514 2228 καὶ
2555 2181 2908 2253 πατριάρχαι,
2962 2187 3054 2240 καὶ
3099 2192 3398 2262 προφῆται,
3431 2197 3527 2246 καὶ
3566 2197 3750 2258 πάντες.

2193 2262 2257 2314 ἵν’
2279 2262 2452 2329 οὕτως
2483 2267 2579 2339 τὴν
2620 2270 2738 2325 ὁδὸν
2772 2274 2958 2348 ἀνοίξῃ
2984 2294 2998 2308 ·
3039 2297 3059 2330 ‹
3103 2280 3244 2349 Ἐγώ
3273 2285 3389 2354 είμι
3439 2288 3474 2356 ἡ
3509 2288 3642 2351 ὁδὸς,
3668 2290 3752 2356 ἑτιὲ

2191 2356 2306 2448 εἰμι
2339 2359 2371 2428 ή
2409 2358 2567 2430 ϐύρα.
2606 2380 2624 2414 ι
2668 2363 2814 2429 Ὀδός
2842 2367 2988 2422 ἐστιν
3036 2372 3126 2424 ἐπὶ
3174 2373 3235 2426 τὸ
3272 2373 3433 2438 ξύλον
3478 2380 3577 2448 τῆς
3615 2377 3749 2444 ζωῆς.

2190 2445 2275 2498 ἴνα
2305 2449 2549 2522 γένηται,
2598 2453 2691 2507 ἐὰν
2734 2457 2945 2530 διέλθῃς
2983 2461 3069 2516 διὰ
3111 2467 3304 2536 πυρὸς.
3335 2469 3470 2536 φλὸξ
3618 2491 3732 2525 2.1::

2188 2537 2379 2593 καύσει
2447 2560 2538 2596 σε’
2598 2549 2748 2600 ποίου
2793 2552 2963 2622 πυρὸς
3003 2555 3160 2623 ἔταξε
3214 2559 3281 2612 τὰ
3334 2564 3626 2632 χεῳυεὶμ.

2185 2626 2282 2699 τὴν
2317 2631 2572 2704 φλογίνην
2621 2639 2895 2708 ῥομφαίαν
2926 2642 3023 2713 τὴν
3069 2651 3452 2722 στρεφομένην
3489 2654 3749 2721 φυλάσσεο

2185 2722 2282 2791 τὴν
2311 2723 2427 2777 666v
2456 2727 2548 2779 τοῦ
2575 2727 2730 2792 ξύλου
2761 2733 2858 2804 τῆς
2908 2733 3080 2806 ζωῆςο
3119 2740 3258 2793 ὥστε
3293 2743 3383 2796 διὰ
3421 2745 3578 2812 τοῦτο
3622 2765 3748 2814 τῖε-ιτα

2184 2809 2375 2883 έμενον
2400 2817 2448 2868 οἱ
2475 2821 2732 2892 μακάριοι
2761 2827 2878 2880 ἐκεῖ
2905 2830 3216 2901 οἰκονομίαν
3244 2837 3546 2902 ποιοῦντες,
3580 2843 3668 2892 καὶ
3690 2847 3747 2912 pi;

2181 2903 2467 2978 δυνάμενοι
2492 2912 2624 2966 ὅπου
2665 2917 2726 2968 τὸ
2757 2917 2909 2983 ξύλον
2932 2923 3032 2994 τῆς
3061 2923 3230 2996 ζωῆς,
3272 2931 3408 2983 ὅπου
3451 2932 3482 2982 ὁ
3512 2935 3745 3005 παράξει-

2185 3014 2273 3062 σος
2295 3002 2323 3053 6
2351 3002 2440 3054 τοῦ
2469 3003 2626 3069 Θεοῦ,
2661 3009 2796 3062 ὅπου
2820 3015 2848 3065 6
2886 3013 3018 3079 Θεὸς
3047 3021 3314 3090 γεωργὸς,
3346 3024 3484 3076 ὅπου
3513 3029 3561 3076 οξ
3591 3033 3745 3094 μακα-

2185 3105 2286 3182 ριοι
2343 3093 2433 3145 καὶ
2479 3095 2743 3164 ἐκλεκτοὶ,
2791 3104 2883 3157 καὶ
2924 3106 3068 3174 ἅγιοι
3092 3109 3247 3175 Θεοῦ,
3278 3116 3553 3182 γενέσθαι.

2181 3174 2274 3232 οὖν
2306 3182 2642 3256 πρόσκομμα
2676 3191 2815 3244 κατά
2861 3194 2962 3248 τὸν.
2992 3199 3155 3251 τόπον
3197 3202 3376 3254 ἐστίν·
3412 3205 3548 3258 ἀλλά
3589 3207 3742 3259 πάντα

2181 3269 2500 3340 Θαυμασίως
2541 3277 2868 3348 γέγραπται,
2916 3287 3007 3340 καὶ
3053 3291 3299 3362 νενόηται
3338 3291 3420 3357 οἷς
3470 3296 3531 3348 ἂν
3570 3299 3599 3348 ὁ
3631 3297 3740 3358 Θεές

2178 3361 2521 3439 ἀποκαλύψῃ.
2550 3370 2812 3441 Περισσὸν
2837 3375 2890 3428 δέ
2928 3395 2979 3430 τι
3010 3379 3208 3452 ἔχομεν
3236 3386 3394 3455 ἡμεῖς
3426 3389 3476 3439 οἱ
3505 3388 3595 3440 ἐπὶ
3641 3407 3740 3441 περ

2178 3449 2356 3521 τελεία
2389 3455 2495 3508 τῶν
2531 3457 2740 3512 αἰώνων
2785 3463 3122 3534 ἐληλυθότες.
3174 3473 3239 3524 Τί
3281 3477 3572 3545 περισσόνς,
3635 3480 3736 3530 Ἐὰν

2177 3541 2580 3617 ἀπαλλαγῶμεν
2607 3553 2886 3624 γενόμενοι
2911 3559 3062 3612 καλοὶ
3089 3564 3181 3615 καὶ
3208 3565 3424 3634 ἀγαθοὶ,
3463 3571 3532 3640 μὴ
3559 3572 3737 3638 ἐπαγέ-

2180 3648 2329 3727 μενοι
2363 3636 2430 3690 τὰ
2450 3639 2551 3708 τῆς
2582 3641 2854 3715 ἁμαρτίας
2879 3651 3095 3721 φορτία,
3126 3636 3635 3727 διελευσόμεόανκαὶ

2174 3726 2257 3777 τοὶ
2295 3727 2391 3799 τὴν
2440 3730 2695 3806 φλογίνην
2743 3740 3039 3810 ῥομφαίαν,
3071 3747 3164 3799 καὶ
3207 3749 3265 3801 οὐ
3318 3752 3732 3824 κατελευσόμεειι

2175 3817 2254 3878 εἰς
2291 3817 2388 3888 τὴν
2418 3819 2600 3892 χώραν
2639 3825 2772 3879 ὅπου
2820 3834 3141 3903 περιέμενον
3174 3836 3263 3888 τὸν
3293 3839 3523 3909 Χριστὸν
3563 3843 3612 3893 οἱ
3647 3845 3732 3909 πρὸ

2172 3907 2271 3978 τῆς
2310 3913 2611 3982 παρουσίας
2646 3918 2810 3972 αὐτοῦ
2860 3924 3222 3996 κοιμώμενοι⁹
3266 3929 3646 4001 διελευσόμεθα
3684 3934 3728 3984 Ea

2174 3999 2368 4096 μηέςνλ
2398 4002 2756 4078 βλαπτόμενοι
2813 4013 2918 4067 ὑπὸ
2982 4017 3082 4087 τῆς
3134 4020 3387 4092 φλογίνης
3450 3999 3724 4096 ῥῡμςέἑεςι

2176 4109 2196 4143 ι
2246 4093 2507 4149 Ἐκάστου
2539 4098 2595 4151 δὲ
2629 4102 2688 4154 τὸ
2712 4102 2871 4175 ἔργον
2903 4107 3084 4161 ὁποῖόν
3116 4113 3255 4176 ἐστι,
3280 4115 3341 4167 τὸ
3369 4093 3479 4185 πῦρ
3505 4093 3632 4169 αυτὸ
3657 4120 3726 4169 Fr.-

2170 4186 2415 4256 κιμάσει.
2445 4190 2512 4241 Εἴ
2536 4209 2681 4257 τινος
2711 4195 2772 4248 τὸ
2804 4197 2964 4268 ἔργον
2995 4207 3425 4274 κατακαήσεται,
3467 4209 3726 4278 ζημιωθῇ·

2169 4295 2340 4345 σεται,
2365 4283 2525 4348 αὐτὸς
2549 4285 2605 4338 δὲ
2640 4289 2941 4362 σωθήσεται
2963 4294 3135 4369 οὕτως
3163 4299 3240 4362 ὡς
3275 4299 3362 4353 διὰ
3391 4304 3578 4371 tur/5;.
3611 4322 3627 4351 ι
3655 4306 3726 4354 Δι-

2166 4371 2496 4445 ελευσόμεθα
2523 4373 2636 4432 οῦν.
2667 4382 2775 4434 Καὶ
2803 4385 2964 4439 πλέον
2995 4387 3192 4459 ἔχομέν
3217 4409 3290 4453 τι,
3322 4394 3410 4445 καὶ
3435 4396 3550 4463 οὐχὶ
3581 4396 3724 4446 δυνα-

489 4467 680 4531 rimus,
698 4468 891 4524 melius
920 4479 974 4524 et
1005 4471 1378 4537 dissolvemur,
1407 4475 1720 4543 erimusque
1751 4491 1872 4530 cum
1903 4476 2059 4531 Chri-

2184 4465 2306 4517 ιεθα
2337 4467 2517 4532 καλῶς
2551 4470 2842 4540 βιώσαντες
2880 4478 3066 4542 κακῶς
3113 4482 3438 4548 ἀπαλλάξαι.
3479 4486 3590 4537 Οὐκ
3619 4486 3724 4538 {k-

488 4567 573 4612 sto
596 4560 618 4611 ?
640 4559 930 4629 Propterea
965 4578 1086 4618 cum
1127 4564 1267 4619 ultra
1297 4574 1525 4621 caeteros
1563 4567 1613 4620 id
1643 4567 1922 4634 habemus,
1957 4585 2056 4623 nec

485 4649 604 4706 leve
637 4654 707 4708 sit
730 4656 1175 4725 emolumentum,
1211 4674 1334 4713 cum
1381 4660 1433 4713 in
1476 4657 1581 4713 line
1617 4660 1930 4716 saeculorum
1966 4663 2060 4716 de—

485 4742 816 4810 vcnerimus,
855 4748 1010 4816 primi
1048 4751 1332 4805 denarium
1383 4752 1751 4820 accipiemus:
1783 4769 1906 4806 nam
1933 4755 2057 4809 audi

484 4833 794 4901 parabolam
821 4837 872 4891 ³ι
909 4856 927 4890 ι
961 4837 1229 4912 Incipiens
1249 4842 1412 4898 dabat
1434 4842 1710 4898 denarium
1737 4845 1804 4899 ab
1832 4845 2056 4900 ultimis.

480 4925 552 4978 At
579 4927 737 4994 primi
771 4929 1158 4988 existimabant
1205 4951 1264 4991 se
1301 4936 1475 5006 majus
1517 4937 1792 5007 quidpiam
1840 4938 2057 4992 habitu-

479 5032 590 5073 ros.
622 5037 641 5071 ι
675 5018 756 5075 Tu
780 5037 909 5090 ergo
947 5027 1180 5094 primus,
1207 5029 1300 5098 qui
1329 5032 1554 5085 ultimus
1595 5030 1813 5095 venisti,
1842 5044 2052 5084 merce-

476 5111 595 5166 dem
634 5129 660 5166 a
695 5115 1084 5183 patrcl'amilias
1125 5122 1326 5190 accipis
1359 5123 1409 5175 in
1455 5123 1670 5176 Christo
1701 5121 1825 5176 Jesu
1865 5123 2040 5176 Domi-

477 5219 547 5258 no
572 5216 778 5272 nostro,
804 5208 887 5262 cui
910 5219 993 5264 est
1021 5211 1191 5280 gloria
1231 5224 1288 5268 et
1322 5213 1608 5283 imperium
1634 5215 1685 5268 in
1727 5214 1922 5270 saecula
1951 5231 2053 5269 sa:-

473 5297 738 5352 culorum.
773 5300 966 5355 Amen.

2160 4583 2255 4636 γον
2281 4570 2329 4621 οἱ
2367 4571 2602 4642 ἀρχαῖοι,
2630 4575 2748 4629 οὐδὲ
2787 4580 2835 4631 οἱ
2871 4581 3229 4654 πατριάρχαι,
3269 4586 3387 4638 οὐδὲ
3429 4589 3475 4638 οἱ
3523 4587 3723 4656 προςῆο

2161 4682 2270 4722 ται.
2305 4671 2377 4722 Οὐ
2404 4671 2678 4743 δυνάμεθα
2706 4678 2865 4747 ἡμεῖς
2895 4682 3088 4745 εἰπεῖν,
3113 4684 3208 4735 ὲάν
3230 4685 3406 4746 καλῶς
3431 4685 3718 4755 ﬁat-3.72235».

2162 4759 2376 4814 κάλλιον
2409 4767 2502 4818 καὶ
2525 4768 2808 4833 ἀναλῦσαι,
2840 4773 2934 4824 καὶ
2975 4775 3070 4826 σὺν
3094 4776 3313 4846 Χριστῷ
3339 4774 3500 4843 εἷναις
3528 4784 3718 4848 Διόπερ

2161 4852 2333 4917 οῦτως
2367 4857 2578 4926 ἔχοντες
2615 4878 2667 4914 τι
2715 4863 2874 4916 πλέον
2905 4867 2997 4918 καὶ
3028 4867 3161 4920 πολὺ
3207 4871 3393 4942 κέρδος
3435 4875 3491 4924 ἐν
3519 4873 3601 4940 τῷ

2163 4949 2441 5022 συντελείᾳ
2471 4955 2578 5006 τῶν
2611 4956 2820 5011 αίὼνων
2856 4959 3194 5031 ἐληλυθέναι,
3239 4965 3438 5035 πρῶτοι
3479 4969 3535 5018 τὸ
3575 4968 3717 5036 δῖε-μὲ-

2161 5057 2274 5110 ριον
2319 5042 2695 5116 λαμϐάνομενο
2751 5050 2914 5104 ἄκουε
2956 5053 3062 5124 γὰρ
3101 5055 3203 5124 τῆς
3248 5058 3572 5128 παραδολῆς,
3623 5061 3712 5118 ἐτι,

2165 5151 2184 5184 ⁸
2227 5135 2554 5207 Ἀρξάμενος
2577 5142 2749 5195 ἐδίδου
2788 5146 2848 5197 τὸ
2895 5147 3148 5218 δηνάριον
3186 5151 3293 5205 ἀπὸ
3331 5157 3434 5205 τῶν
3465 5154 3710 5221 ἐσχάτω..

2157 5227 2218 5277 Οί
2247 5225 2303 5277 δὲ
2346 5229 2552 5298 πρῶτοι
2588 5231 2774 5303 ῷοντο,
2811 5224 2893 5290 δτῗ
2925 5242 3107 5294 πλεῖον
3151 5243 3426 5314 λήψονται.
3459 5267 3476 5296 ι
3510 5248 3580 5298 Si.
3631 5242 3710 5297 οἱ*

2155 5314 2387 5383 πρῶτος,
2410 5321 2437 5371 6
2454 5320 2677 5392 ἔσχατος
2708 5327 2896 5391 ἐλθὼν,
2921 5330 3220 5401 λαμϐάνεις
3243 5338 3368 5399 τους
3384 5336 3598 5406 pacifici»;
3613 5337 3708 5387 ἀεὶ

468 5389 560 5442 τοῦ
584 5392 958 5448 οἰκοδεσπότου
975 5398 1033 5450 ἐν
1057 5397 1276 5468 Χριστῷ
1291 5398 1459 5471 Ἰησοῦ
1483 5400 1560 5472 τῷ
1590 5403 1778 5475 Κυρίῳ
1809 5405 1983 5475 ἡμῶν,
2009 5399 2050 5473 ᾧ
2069 5409 2100 5478 ἡ
2117 5407 2239 5473 δόξα
2273 5411 2366 5465 καὶ
2380 5415 2440 5468 τὸ
2457 5419 2655 5488 κράτος
2673 5424 2750 5486 εἰς
2772 5427 2893 5488 τοὺς
2916 5427 3117 5492 αἰῶνας
3134 5432 3244 5483 τῶν
3273 5389 3484 5485 αἰώνων.
3521 5434 3672 5501 ’.ιμή
3692 5470 3704 5479 .

538 5550 582 5582 ’⁷
614 5553 748 5608 Gen.
771 5570 854 5619 Ill,
877 5557 967 5611 24.
1043 5558 1090 5590 ’⁸
1111 5558 1280 5613 Exod.
1305 5579 1417 5629 xlv,
1436 5564 1523 5619 2L

545 5645 654 5718 (16)
689 5651 1025 5722 Προφήτης.
1059 5654 1446 5727 Scribcndum,
1473 5659 1580 5732 πρὸ
1611 5660 1729 5730 τῆς.

1602 5565 1646 5596 σο
1668 5561 1822 5620 Joan.
1858 5581 1967 5632 xw,
1989 5564 2051 5633 6;
2071 5565 2229 5626 Joan.
2253 5588 2307 5635 x.
2337 5575 2390 5635 9.

2471 5579 2664 5638 'lCor.
2690 5586 2877 5652 “1,15.
2955 5592 2975 5622 ²
3000 5591 3110 5645 bid.
3138 5591 3228 5648 15.
3304 5594 3620 5650 human,
3657 5597 3699 5643 θ’.
