3870 6514
168 383 308 446 ιοδε
1139 474 1142 478 ι
1463 479 1468 482 _
1497 396 1687 454 suum

1794 427 1807 455 ι
1839 399 1906 455 IN
1941 400 2080 458 ποι),
3264 397 3399 472 lost

163 505 407 577 περιέχει
433 505 465 576 ἢ
488 507 584 578 τὴν
612 506 860 579 ἀνδρείαν
882 511 1048 565 αὐτοῦ
1071 514 1160 567 καὶ
1177 515 1273 584 τὴν
1293 514 1589 590 ὑπομονήνο
1613 520 1687 573 ὰλῖ

1794 529 2014 598 ιιιιιίιιιι
2063 523 2495 590 strenuissimus,
2546 533 2602 582 et
2650 526 2802 596 cujus
2849 526 2985 584 liber
3031 529 3397 588 fortitudinem

163 596 312 666 ὅμως
334 596 647 650 αἰσθάνεται
680 601 784 653 τῶν
808 603 1069 670 καμάτων
1092 598 1165 657 ὧν
1191 607 1459 678 κεκμήκει
1497 609 1603 661 ἀπὸ
1632 628 1687 662 το

1794 596 1804 598 -
1830 609 1948 678 ejus
1979 626 2042 666 ac
2073 614 2391 682 patientiam
2422 618 2697 688 praecipue
2729 621 3136 691 complectitur,
3185 625 3399 682 labores

160 690 316 758 λόγου
350 689 444 743 τοῦ
475 691 708 762 σκληροῦ
731 692 840 745 τῶν
868 693 1198 764 ἐληλυθότων
1219 697 1380 752 αὑτὸν
1431 701 1687 753 ἐπισκοποῖ

1832 689 2182 758 nihilominus
2214 714 2266 757 et
2304 706 2580 763 molestias
2615 714 2898 780 persentit,
2931 729 3065 784 quas
3090 733 3152 771 ex
3179 718 3398 776 duriore

161 798 272 836 σαι.
306 782 413 834 Καὶ
462 783 648 854 ἐπειδὴ
709 785 745 853 ἡ
791 785 883 837 τοῦ
935 785 1091 855 λόγου
1134 787 1390 859 βαρύτης,
1439 790 1627 863 ὥσπερ
1673 810 1687 844 ι

1827 807 2077 848 sermone
2128 809 2314 848 eorum
2345 799 2437 866 qui
2472 799 2738 858 invisendi
2777 820 2938 862 causa
2978 808 3044 862 ad
3099 809 3270 877 ipsum
3303 828 3398 866 ac-

157 875 376 947 φορτίον
403 875 772 947 ἐπιτιθέμενον
804 880 868 947 τῇ
892 877 1058 948 ψυχῇ,
1083 879 1311 949 κάμνειν
1342 882 1509 952 αὐτὴν
1549 901 1687 956 παρα

1826 893 2130 950 cesserunt,
2171 886 2414 956 pertulit.
2455 889 2520 944 Et
2554 893 2808 960 quoniam
2853 899 3124 954 sermonis
3165 906 3392 970 pondus,

158 968 432 1032 σκευάζει,
459 969 546 1022 διὰ
582 970 738 1023 τοῦτό
770 989 953 1043 φησιν’
995 973 1133 1026 Ἀνθ’
1159 974 1301 1038 ὅτου,
1328 969 1371 1026 ὧ
1401 975 1572 1043 φίλοι,
1602 981 1687 1031 ταί

1828 985 2083 1044 tanquam
2136 979 2284 1047 gravi
2337 996 2505 1036 onere
2568 982 2849 1056 imposito,
2897 989 3134 1044 animam
3184 993 3391 1062 fatigat,

152 1057 248 1110 τοῦ
276 1059 526 1128 σώματος
554 1061 806 1132 ἀλγηδόσι
832 1065 1144 1133 προστίθετε
1168 1065 1256 1117 τὸν
1284 1065 1384 1134 τῆς
1418 1066 1592 1137 ψυχῆς
1623 1069 1687 1120 πό

1826 1063 2029 1120 idcirco
2055 1068 2182 1122 dicit
2213 1087 2224 1122 :
2253 1067 2642 1139 Quamobrem,
2672 1090 2704 1131 ο
2734 1079 2920 1144 amici,
2956 1083 3138 1138 acrius
3161 1099 3245 1137 me
3270 1101 3394 1139 ver-

152 1167 262 1213 νον,
292 1150 492 1221 μᾶλλον
517 1152 830 1218 κεντοῦντες
850 1159 960 1219 τοῖς
991 1158 1230 1228 ῥήμασιν
1260 1157 1292 1228 ἢ
1346 1156 1414 1210 τὰ
1468 1159 1611 1231 πάιοη
1662 1179 1687 1212 τ

1828 1154 1910 1209 bis
1935 1158 2132 1213 vostris
2180 1172 2478 1232 pungcutes
2506 1181 2666 1233 quam
2714 1169 2926 1226 dolores
2961 1187 3156 1242 corpus
3197 1177 3390 1229 stimu-

152 1237 314 1310 σῶμα
337 1257 352 1307 ;

221 1425 619 1481 Καταλαλεῖτέ
646 1445 783 1497 μου.
836 1429 1101 1502 Πολλάκις
1146 1431 1434 1487 καταλαλεῖ
1485 1451 1569 1497 τις
1618 1452 1716 1488 κα-

145 1514 260 1578 κῶς
277 1518 461 1571 ποιῶν·
493 1519 619 1573 ὅταν
645 1520 701 1573 δὲ
735 1521 1130 1594 ἀπερυθριάσῃ,
1151 1527 1229 1587 είς
1251 1526 1539 1596 πρόσωπον
1567 1527 1712 1596 λέγει

144 1610 400 1674 ἐκείνου,
460 1612 559 1665 οὐκ
609 1612 865 1684 ἐλέγχων,
915 1617 1034 1670 οὐδὲ
1089 1617 1290 1690 τάληθῆ
1343 1619 1534 1688 λέγων,
1596 1621 1709 1676 ἀλλ’

139 1701 418 1766 ὀνειδίζων
451 1704 546 1756 καὶ
571 1703 824 1776 ὑϐρίζων.

1823 1245 1952 1314 lant,
1983 1251 2160 1306 animi
2215 1269 2476 1324 angorem
2517 1261 2766 1329 corporis
2807 1262 3083 1319 doloribus
3129 1271 3392 1338 superad—

1819 1339 1945 1394 ditis
1973 1341 1996 1392 ?

1889 1429 2050 1486 Vens.
2083 1434 2136 1510 3.
2183 1434 2479 1507 Loquimini
2524 1451 2706 1496 conlra
2741 1460 2838 1498 me.
2883 1443 3266 1513 Srcpenumero
3294 1452 3382 1519 qui

1817 1521 1959 1576 mala
2008 1536 2320 1594 perpetrat,
2373 1531 2526 1585 alteri
2577 1533 2838 1601 detrahit;
2891 1547 2942 1591 et
2981 1552 3102 1591 cum
3148 1537 3380 1593 frontem

1812 1608 1979 1668 Semel
2025 1620 2388 1687 perfricuerit,
2434 1639 2537 1676 non
2575 1627 2870 1694 arguendo,
2912 1640 3090 1696 neque
3134 1643 3260 1682 vera
3299 1631 3381 1682 di—

1811 1705 2003 1770 cendo,
2048 1709 2141 1764 sed
2183 1711 2540 1768 conviciando
2582 1724 2634 1770 et
2679 1715 3062 1773 calumniando
3103 1720 3156 1773 iu
3203 1734 3264 1774 os
3294 1720 3375 1774 lo-

1810 1797 2014 1865 quitur.

211 1885 597 1957 Κεκράξομαι,
624 1886 722 1942 καὶ
743 1888 1006 1959 οὐδαμοῦ
1037 1893 1231 1962 κρῖμα.
1254 1894 1367 1950 Νῦν
1387 1894 1481 1950 ἐὰν
1503 1878 1687 1968 κράξω

1881 1887 2045 1944 Vens.
2095 1891 2148 1944 7.
2197 1891 2449 1949 Clamabo
2485 1905 2533 1950 et
2575 1913 2830 1968 nusquam
2878 1900 3172 1967 judicium.
3225 1902 3378 1957 Nunc

139 1975 382 2049 οὐδαμοῦ
418 1977 480 2031 τὸ
537 1975 723 2050 κρῖμά
767 1995 868 2050 μου
917 1982 1157 2054 ἕρχεται’
1209 1985 1291 2039 ἔτι
1334 1986 1498 2042 eam.
1565 1990 1706 2042 Ὠσεὶ

139 2066 348 2135 ἔλεγεν·
385 2069 481 2132 ’Ὡς
516 2087 601 2132 τις
657 2070 893 2143 ἀθλητὴς
932 2075 990 2127 ὲν
1031 2075 1228 2147 σταδίῳ
1278 2078 1522 2149 κέκραγα
1550 2120 1564 2144 ,
1612 2082 1705 2133 καὶ

134 2158 378 2230 οὐδαμοῦ
402 2161 463 2214 τὸ
497 2161 672 2232 κρῖμά
703 2180 802 2233 μου
831 2163 1202 2220 ἐπανίσταταιο
1225 2168 1304 2221 ἔτι
1332 2168 1438 2241 γὰρ
1467 2171 1697 2226 παλαίω.

142 2252 277 2306 Ἐὰν
309 2253 391 2326 μὴ.
409 2254 609 2310 τελέσω
636 2256 697 2310 τὸ
726 2258 1030 2327 πάλαισμα,
1055 2261 1151 2314 οὐκ
1182 2261 1396 2334 ἔρχεται
1423 2265 1486 2318 τὸ
1529 2270 1700 2338 κρῖμα

126 2342 234 2395 τοῦ
261 2344 544 2413 στεφάνου.
576 2347 683 2401 Καὶ
703 2349 874 2402 ταῦτά
903 2369 1100 2421 φαμεν,
1141 2354 1226 2407 ἵνα
1255 2355 1328 2426 μὴ
1381 2359 1698 2428 κατηγορῶ-

133 2453 242 2505 μεν
267 2437 361 2491 τοῦ
384 2439 540 2503 Θεοῦ,
565 2441 647 2493 ὅτι
675 2443 908 2496 τοσαῦτα
936 2445 1132 2514 πάσχει
1175 2446 1202 2497 ὁ
1245 2446 1364 2501 Ἰὼϐ
1392 2488 1405 2509 .
1455 2451 1546 2503 καὶ
1604 2453 1695 2504 οὐ·

122 2526 307 2596 δαμοῦ
335 2527 395 2580 τὸ
427 2533 620 2601 κρῖμα,
651 2532 925 2586 τουτέστιν
959 2535 990 2603 ή
1045 2535 1316 2605 ἀπόφασις
1349 2539 1447 2610 τῆς
1485 2539 1696 2594 ἐλευθε-

125 2618 282 2688 ρίας,
313 2621 522 2692 καὶτῆς
549 2622 654 2677 τῶν
683 2623 868 2677 δεινῶν
895 2625 1229 2698 ἀπαλλαγῆς.

783 2789 937 2842 ΚΕΦ.
974 2791 1032 2842 Κ·
1044 2829 1057 2842 .

215 2873 350 2926 Ἐὰν
367 2875 558 2944 ἀναϐῇ
589 2882 676 2942 εὶς
706 2867 964 2946 οὐρανὸν
984 2881 1170 2936 αὐτοῦ
1206 2882 1277 2936 τὰ
1316 2883 1490 2952 δῶρα.
1524 2886 1631 2940 Καὶ
1663 2889 1691 2942 ὁ

112 2967 401 3038 αἱρετικὸς
418 2971 546 3026 ὅταν
576 2971 817 3044 εῦξηται,
852 2975 980 3029 ὅταν
1013 2980 1043 3047 ὴ
1081 2976 1240 3030 θυσία
1291 2980 1456 3033 αὐτοῦ
1515 2970 1686 3054 ἀναδῇ

109 3061 188 3128 τῇ
226 3059 518 3132 ὑψηγορίᾳ,
563 3063 690 3118 ὅταν
741 3065 870 3136 δοκῇ
939 3069 1382 3140 κατεστηρίχθαι,
1434 3071 1552 3125 τότε
1608 3075 1689 3137 είς

108 3151 277 3215 τελος
306 3153 602 3208 ἀπολεῖταιο
636 3157 668 3226 ή
698 3157 804 3228 γὰρ
839 3159 970 3230 εὐχὴ
1024 3161 1185 3213 αὐτοῦ
1237 3161 1506 3230 λογίζεται
1541 3164 1688 3235 αὑτῷ

1814 1976 1940 2033 licet
1979 1979 2306 2050 clamavero,
2356 2000 2620 2056 nusquam
2671 1997 2849 2044 tamen
2888 1988 3154 2058 judicium
3195 2007 3372 2048 meum

1814 2062 1978 2135 venit,
2009 2072 2184 2126 adhuc
2207 2084 2392 2143 certo;
2418 2091 2482 2130 ac
2513 2078 2556 2131 si
2583 2079 2842 2136 dixisset;
2868 2079 3149 2151 Tanquam
3171 2085 3374 2139 athleta

1812 2161 1864 2215 in
1907 2165 2086 2219 stadio
2119 2166 2370 2231 clamavi,
2399 2167 2663 2239 judicium
2710 2183 2886 2228 tamen
2942 2189 3123 2229 meum
3169 2191 3374 2245 nequa-

1809 2268 1985 2334 quam.
2025 2256 2213 2322 instat,
2246 2260 2423 2316 adhuc
2464 2263 2605 2317 enim
2646 2263 2837 2320 luctor.
2895 2265 2952 2322 Si
2992 2276 3170 2322 autem
3215 2269 3373 2323 lucta:

1811 2345 1975 2401 finem
1999 2365 2106 2404 non
2127 2351 2456 2421 imposuero,
2479 2369 2682 2410 corona
2710 2358 2840 2413 mihi
2871 2375 2976 2414 non
3012 2360 3366 2430 adjudicatur.

1808 2436 1931 2518 liam
1988 2458 2117 2496 vero
2171 2437 2420 2512 dicimus,
2477 2461 2543 2502 ne
2594 2447 2760 2503 Deum
2817 2464 3166 2518 accusemus,
3225 2455 3368 2522 quod

1801 2514 1969 2611 ilobus
2018 2542 2124 2587 tam
2162 2536 2348 2605 gravia
2402 2547 2694 2606 pateretur,
2753 2551 2810 2596 et
2864 2557 3130 2612 nusquam
3181 2551 3362 2598 tamen

1797 2607 2062 2690 judicium
2093 2620 2257 2692 esset,
2307 2629 2358 2683 id
2403 2641 2486 2685 est
2523 2632 2790 2690 libertatis
2831 2643 2885 2689 et
2931 2634 3266 2692 liberationis
3301 2640 3367 2692 ab

1799 2717 2060 2770 aerumnis
2086 2720 2379 2773 sententia.
3341 2741 3349 2746 '

2415 2811 2564 2867 CAP.
2589 2812 2725 2868 ~XX.

1865 2882 2030 2975 Vnus.
2067 2897 2120 2952 6.
2164 2898 2227 2954 Si
2259 2902 2600 2958 ascenderint
2637 2905 2692 2959 in
2718 2904 2904 2959 caelum
2935 2906 3074 2962 dona
3120 2909 3254 2980 ejus.
3297 2909 3362 2964 Et

1796 2971 2081 3043 barreticus
2114 3005 2234 3046 cum
2260 3007 2448 3060 preces
2475 2997 2541 3049 ad
2574 2995 2742 3050 Deum
2771 2996 2994 3065 fuderit,
3029 3013 3152 3052 cum
3189 3001 3360 3055 sacri-

1796 3069 1973 3132 ficium
2019 3079 2136 3150 ejus
2179 3098 2301 3136 cum
2347 3077 2488 3138 fastu
2541 3095 2598 3139 et
2653 3087 3154 3158 superbiloquentia
3198 3090 3361 3146 altius

1795 3169 2122 3237 ascenderit,
2161 3188 2283 3228 cum
2328 3190 2413 3230 res
2455 3191 2566 3231 suae
2597 3177 2772 3233 Stabili
2803 3179 2855 3233 in
2891 3179 3014 3235 loco
3048 3194 3168 3236 esse
3205 3183 3359 3237 vide-

109 3243 205 3306 είς
228 3244 527 3316 ἁμαρτίαν.
563 3250 624 3301 υί
679 3248 736 3301 δὲ
792 3251 989 3312 εἰδότες
1044 3252 1223 3332 αὑτοῦ.
1267 3253 1337 3307 τά
1397 3256 1687 3327 σφάλματα

1794 3257 2009 3326 buntur,
2057 3271 2184 3317 tunc
2237 3263 2477 3320 funditus
2515 3266 2793 3332 interibit;
2821 3268 2938 3336 ejus
2969 3270 3116 3324 enim
3161 3285 3356 3338 preces

107 3335 560 3398 ὲκκλησιαστικοὶ
601 3339 847 3412 ὲροῦμεψ
887 3343 996 3397 Ποῦ
1025 3345 1160 3398 εἰσιν
1199 3329 1245 3398 οἱ
1290 3346 1519 3400 τοιοῦτοι
1605 3351 1693 3403 ὲν-

93 3427 498 3496 υπνιαζόμενοι
512 3430 604 3481 καὶ
621 3431 1049 3498 ἀναπλάττοντες
1098 3436 1309 3500 ἑαυτοῖς
1356 3436 1647 3509 σφάλματα

101 3517 191 3570 Οὐ
232 3520 299 3590 τῇ
329 3518 554 3593 ἀληθείᾳ
599 3522 698 3594 τὴν
775 3524 1012 3582 διάνοιαν
1062 3527 1398 3598 ἐπερείδουσι
1458 3530 1686 3599 σφαλλό-

102 3622 296 3676 μενοι·
337 3609 432 3660 καὶ
463 3609 701 3676 γίνονται
731 3609 920 3684 ὥσπερ
969 3613 1214 3669 ἐνύπνιον
1269 3617 1622 3682 ὲκπετασϐὲν,
1656 3619 1685 3674 ὃ

92 3698 167 3751 οὐ
210 3700 286 3770 μὴ
321 3700 539 3773 εὑρεθῇ.
576 3702 822 3756 Τοιοῦτόν
853 3722 904 3757 τι
931 3707 1022 3758 καὶ
1050 3706 1435 3778 Δαυῒδψάλλει·
1476 3730 1493 3760 ι
1535 3712 1595 3764 0i
1627 3705 1684 3766 δέ

91 3791 301 3862 ἐχθροὶ
337 3792 431 3846 τοῦ
483 3795 688 3866 Κυρίου
738 3796 1001 3861 ἐξέλιπον.
1048 3800 1195 3870 Ἅμα
1249 3802 1308 3854 τὸ
1360 3801 1681 3874 δοξασοῆναι

88 3884 312 3948 αὐτοὺς
343 3885 437 3955 καὶ
461 3886 735 3963 ὑψωθῆναι
767 3889 1106 3955 ἐκλείποντες
1136 3893 1267 3946 ὡσεὶ
1314 3895 1516 3959 καπνὸς
1567 3886 1682 3962 ὲξέέ-

87 3973 291 4030 λιπον’
328 3995 349 4030 ι
397 3979 491 4032 καὶ
551 3979 736 4034 πάλιν·
785 3999 804 4033 ι
850 3981 992 4034 Ὠσεὶ
1043 3986 1291 4038 ἐνύπνιον
1335 3986 1679 4060 ὲξεγειρομέ-

84 4084 238 4122 νων.
279 4087 302 4122 ι

166 4342 446 4412 Πλοῦτος
490 4347 710 4416 ἀδίκως
767 4354 1178 4423 συναγόμενος
1231 4355 1670 4425 ἐξεμεθ,ξοέται.

77 4430 234 4488 οἶδα
251 4436 347 4488 καὶ
375 4436 528 4491 ἄλλον
558 4440 785 4494 πλοῦτον
816 4443 1013 4508 ἀδίκως
1047 4446 1446 4516 συναγόμενον,
1497 4446 1586 4500 τὸν
1616 4449 1673 4499 ἐν

73 4527 214 4588 τοῖς
245 4525 424 4594 λόγοις
447 4529 554 4582 τῶν
612 4532 920 4602 αἱρετικῶν,
944 4533 993 4586 οἳ
1039 4533 1218 4604 ἔχουσι
1263 4534 1554 4606 μαθήματα
1587 4536 1672 4588 ὲνσ

1791 3348 1867 3402 illi
1907 3342 2006 3419 pro
2039 3361 2258 3420 peccato
2303 3355 2728 3425 irnputahuntur.
2778 3357 2886 3414 Nos
2924 3373 3054 3414 vero
3095 3359 3356 3415 ecclesia-

1788 3439 1931 3506 stici,
1959 3443 2158 3509 quibus
2175 3443 2290 3513 ejus
2315 3460 2529 3500 errores
2554 3449 2756 3516 cegniti
2778 3460 2926 3513 sunt,
2950 3449 3195 3506 dicemus
3220 3469 3234 3506 :
3257 3451 3356 3506 Ubi

1787 3539 1913 3585 sunt
1960 3532 2047 3586 isti
2096 3536 2485 3604 somniatores,
2532 3539 2624 3608 qui
2657 3554 2868 3595 errores
2894 3541 2994 3595 sibi
3028 3541 3162 3611 ipsis
3202 3556 3352 3598 com-

1788 3621 2202 3678 miniscuntur?
2236 3626 2450 3695 Decepti
2490 3634 2722 3683 mentem
2759 3631 2993 3686 veritate
3038 3646 3144 3686 non
3185 3633 3356 3688 stabi-

1785 3702 1940 3773 liunt,
1973 3716 2035 3765 a’c
2067 3724 2319 3782 tauquam
2355 3717 2647 3786 somnium,
2679 3708 2821 3788 quod
2847 3720 3084 3774 avolavit
3115 3730 3172 3776 et
3223 3737 3353 3776 nus~

1783 3808 1944 3862 quam
1994 3799 2323 3866 invenietur,
2375 3807 2631 3859 evadunt.
2668 3806 2806 3862 Huic
2856 3809 3034 3865 simile
3084 3809 3251 3865 David
3293 3813 3348 3865 iu

1781 3884 2008 3942 Psalmis
2042 3893 2186 3945 cauit
2228 3893 2288 3946 δε
2327 3911 2344 3944 ι
2393 3893 2595 3950 Inimici
2645 3907 2823 3952 autem
2876 3900 3088 3956 Domini
3127 3902 3344 3957 defece-

1781 3989 1927 4034 runt.
1965 4001 1984 4034 ι
2022 3982 2089 4036 Ει
2121 4000 2307 4040 rursus
2343 3987 2405 4041 ":
2445 4003 2463 4036 ι
2503 3985 2625 4042 Mox
2669 3999 2728 4043 ut
2772 3991 3112 4048 honorificati
3145 3994 3347 4050 fuerint

1777 4080 1831 4124 et
1874 4073 2126 4140 exaltati,
2177 4077 2488 4134 deficientes
2521 4082 2665 4135 sicut
2702 4081 2882 4138 fumus
2919 4083 3279 4150 defecerunt;
3321 4108 3340 4140 ι

1775 4177 1830 4222 et
1879 4155 1937 4222 σε
1979 4187 1997 4219 ι
2031 4169 2311 4238 Tanquam
2375 4173 2643 4227 somnium
2700 4189 2888 4230 eorum
2940 4177 3032 4247 qui
3091 4182 3344 4252 expergi-

1775 4269 2024 4314 scuntur.
2063 4279 2082 4312 ο

1845 4351 2009 4406 Vens.
2049 4352 2134 4410 15.
2160 4352 2320 4423 502
2365 4353 2576 4410 Divitia:
2623 4357 2803 4428 inique
2852 4371 3178 4429 congregata:
3221 4377 3341 4416 evo-

1774 4447 2010 4498 mentur.
2042 4442 2173 4499 Novi
2207 4447 2371 4499 etiam
2399 4456 2452 4500 et
2480 4447 2624 4503 aliud
2654 4449 2854 4518 injuste
2899 4460 3342 4521 comparatarum

1773 4526 2089 4588 divitiarum
2111 4549 2302 4603 genus,
2324 4537 2468 4605 quod
2498 4537 2553 4590 in
2575 4538 2955 4594 haereticorum
2993 4540 3341 4595 sermonibus

69 4617 257 4670 αντία
288 4620 398 4680 τοῖς
418 4618 645 4690 δόγμασι
810 4597 1100 4694 ἀληθείαςῖ
1121 4597 1424 4697 eral:sz
1463 4626 1662 4679 αὐτῶν

1794 4632 2026 4688 ipparet,
2076 4597 2166 4694 qui
2216 4597 2491 4680 doctrinas
2521 4628 2772 4682 veritatis
2819 4630 3167 4698 dogmatibus
3208 4646 3339 4684 cou-

64 4710 110 4764 ἂ
148 4709 262 4762 οὐκ
290 4709 404 4764 ἔστι
438 4713 657 4780 γλυκέα,
690 4714 822 4768 ἀλλὰ
859 4735 877 4766 ι
910 4716 1040 4787 χολὴ
1073 4717 1296 4780 ἀσπίδος
1322 4758 1336 4774 ,
1372 4737 1389 4768 ι
1425 4719 1666 4771 τουτέστι

63 4803 329 4872 πονηρά·
356 4803 430 4866 ὡς
458 4804 670 4876 εἴρηται
703 4809 759 4860 ἐν
790 4802 1192 4879 Δευτερονομίῳ
1225 4811 1281 4862 ἐν
1326 4810 1434 4881 ᾠδῇ
1501 4811 1666 4863 Maii)-

64 4896 232 4957 σέως
269 4895 512 4966 περὶτοῦ
559 4898 700 4949 οἴνου
732 4900 831 4969 τῆς
875 4901 1223 4964 διδασκαλίας
1263 4902 1464 4954 αὐτῶν·
1505 4921 1522 4953 ι
1571 4903 1663 4955 Ἐκ

55 4992 199 5062 γὰρ
228 4990 476 5061 ἀμπέλου
521 4992 827 5064 Σοδόμωνή
879 4994 1118 5065 ἄμπελος
1170 4995 1368 5049 αὐτῶν.
1407 5016 1425 5048 ι
1475 4997 1610 5051 Ἀλλ’
1634 4999 1664 5050 ὁ

59 5080 298 5148 ἀγαθὸς
326 5080 456 5144 Θεὸς
487 5083 585 5134 οὐκ
617 5085 765 5137 ἐάσει
800 5085 994 5150 αὐτοὺς
1018 5084 1246 5138 πλοῦτον
1269 5087 1468 5150 ἀδίκως
1500 5105 1660 5140 συνα-

51 5178 314 5246 γόμενον
343 5173 486 5244 ἔχειν
517 5175 602 5227 ἀεὶ
634 5177 691 5228 ἐν
735 5177 974 5240 ἑαυτοῖς,
1019 5178 1152 5229 ἀλλὰ
1208 5181 1419 5249 ποιήσει
1466 5182 1662 5246 αὐτοὺς

48 5268 364 5339 ἐξεμέσαι.
404 5268 668 5336 ’Ἄγγελος
695 5270 802 5341 γάρ
838 5272 958 5322 κατ’
989 5272 1306 5342 εὐεργεσίαν
1344 5273 1478 5326 Θεοῦ
1513 5273 1660 5338 ἐξελ-

49 5361 236 5415 κύσει.
279 5359 479 5421 αὐτοὺς
515 5361 599 5411 ἐπ’
631 5360 800 5429 αὐτῆς
836 5359 936 5429 τῆς
975 5361 1160 5424 κακῶς
1216 5363 1659 5434 οἰκοδομηθείπς

41 5452 274 5513 οἰκίας·
312 5451 432 5520 ἥτις
461 5452 609 5504 ἐστὶν
641 5453 672 5521 ἠ
711 5451 973 5522 ἐκκλησία
1007 5455 1472 5524 πονηρευομένων.
1493 5456 1657 5509 Ἐπά-

37 5563 149 5616 ’γει
197 5543 355 5613 γοῦν·
389 5561 408 5594 ι
462 5542 550 5607 Ἐξ
576 5543 752 5608 οἰκίας
782 5544 970 5609 αὑτοῦ,
1003 5565 1020 5598 ι
1058 5546 1152 5601 καὶ
1170 5545 1239 5598 τὰ
1271 5546 1418 5617 ἑξῆς.

1774 4713 1972 4766 trarias
1999 4714 2052 4766 in
2083 4725 2270 4769 ventre
2301 4732 2363 4770 ac
2407 4716 2706 4771 visceribus
2739 4719 2958 4783 habent,
2991 4735 3111 4790 quae
3148 4725 3334 4792 gustui

1773 4799 1958 4856 dulces
1988 4817 2092 4856 non
2129 4814 2275 4870 sunt,
2313 4806 2404 4859 sed
2437 4825 2456 4858 ι
2487 4805 2558 4860 fel
2590 4807 2820 4875 aspidis,
2861 4827 2879 4860 υ
2919 4809 2970 4862 id
3001 4819 3107 4876 est,
3136 4811 3337 4864 vitiatae

1769 4902 1824 4945 et
1856 4903 2166 4963 corruptae;
2220 4899 2674 4966 quemadmodum
2723 4900 2774 4955 in
2822 4901 3241 4957 Dcutcronomio
3284 4911 3335 4955 et

1769 4983 1983 5037 cantico
2029 4985 2229 5055 Moysis
2282 4987 2349 5042 de
2403 4989 2663 5044 doctrina:
2717 5007 2906 5046 eorum
2953 4993 3081 5048 vino
3131 4995 3334 5049 dictum

1765 5075 1895 5129 est’
1931 5094 1945 5129 :
1988 5094 2006 5128 ι
2051 5076 2265 5132 Etenim
2294 5093 2361 5132 ex
2393 5080 2503 5136 vite
2527 5081 2885 5136 Sodomorum
2917 5084 3044 5137 vitis
3067 5098 3273 5138 eorum.
3307 5101 3331 5139 ι

1768 5165 1967 5220 Verum
1997 5169 2266 5236 benignus
2299 5170 2437 5226 Deus
2488 5187 2596 5226 non
2641 5188 2856 5244 semper
2896 5175 3132 5243 patietur
3163 5186 3220 5228 ιιι
3255 5175 3330 5227 di-

1763 5258 1926 5312 vitias
1971 5275 2064 5329 per
2106 5263 2360 5331 injuriam
2410 5262 2598 5334 partas
2643 5267 2788 5322 intus
2834 5267 3185 5337 possideant,
3237 5266 3330 5319 sed

1762 5365 2017 5406 evomere
2046 5353 2165 5408 illas
2196 5353 2379 5410 faciet.
2421 5357 2661 5428 Angelus
2713 5360 2857 5414 enim
2904 5359 3081 5414 divina
3124 5356 3328 5413 beneﬁ-

1763 5442 1939 5496 centia
1991 5458 2022 5499 e
2061 5444 2220 5500 domo
2256 5447 2398 5503 male
2449 5458 2747 5518 exstructa,
2797 5465 2918 5520 quae
2955 5458 3040 5505 est
3085 5447 3325 5518 improbe

1763 5533 2067 5603 degentium
2097 5547 2290 5604 cretus,
2323 5540 2443 5594 illos
2481 5541 2754 5596 extrahet.
2797 5541 2977 5608 Quare
3002 5539 3278 5609 subjungit
3309 5554 3325 5596 :

1766 5644 1784 5677 ι
1810 5628 1883 5682 De
1913 5628 2074 5684 domo
2101 5630 2218 5698 ejus
2250 5635 2501 5689 extrahet
2525 5650 2672 5701 eum,
2709 5654 2726 5687 ι
2759 5645 2864 5689 etc.

123 5843 151 5876 ’
183 5839 335 5897 Psal.
375 5855 452 5901 Ix,
481 5841 530 5892 7.
609 5842 627 5873 ⁷
662 5841 798 5896 Psal.
833 5858 1018 5907 xxxvr,
1054 5843 1144 5898 20.
1221 5845 1243 5876 ⁸
1269 5841 1412 5899 Psal.
1449 5858 1620 5907 Lxxtt,
1661 5841 1687 5896 ἓ

1824 5841 1844 5874 ⁸
1891 5844 2046 5900 Deut.
2083 5861 2248 5914 χχχιι,
2287 5845 2376 5901 52.

393 5934 668 5996 Ρλτιιοι..
710 5935 826 5995 Gn.
876 5936 1020 5996 Xll.
