3870 6508
481 365 502 416 ί
514 358 618 414 035

481 577 704 637 prapter
749 562 906 630 impia
955 561 1210 628 dogmata
1245 559 1523 612 recondita
1561 559 1688 612 sint.
1725 559 1904 624 Quare
1949 574 2042 611 ca-

480 672 608 712 τρι-ε
651 653 803 709 nobis
841 652 971 721 ipsis
1017 651 1294 714 debemus,
1345 665 1413 702 ne
1467 651 1735 704 Itznretica:
1783 651 2049 705 doctrina:

483 746 750 801 sermonis
782 741 1166 810 probabilitate
1199 739 1517 809 spoliemur,
1550 751 1604 795 et
1630 741 1884 796 Ecclesia:
1929 756 2047 813 my-

482 835 648 891 sterio
681 832 1021 888 excidamus.

561 929 718 982 Vens.
758 927 841 980 17.
889 922 1010 977 Νοη
1052 922 1226 975 videat
1266 921 1545 974 mulctram
1598 938 1862 991 pecorum.
1913 920 2050 975 Mul-

485 1022 690 1078 sionem
710 1033 838 1072 vero
870 1031 1094 1086 gregum
1119 1017 1485 1070 lteterodoxus
1518 1028 1624 1067 non
1653 1014 1832 1078 videt;
1864 1029 2052 1084 greges

485 1121 665 1167 autem
695 1109 1051 1171 suntanimtn,
1074 1121 1192 1176 quae
1235 1121 1262 1159 a
1312 1106 1452 1160 bono
1477 1113 1693 1174 pastore
1725 1114 2048 1173 pascuntur,

484 1214 540 1260 et
562 1203 816 1274 pabulum
851 1201 1172 1264 inveniunt;
1199 1201 1447 1270 dogmata
1474 1212 1600 1251 vero
1633 1211 1753 1265 qua:
1799 1197 1910 1250 Deo
1951 1197 2054 1250 ad-

489 1303 791 1360 versantur,
823 1291 956 1346 nihil
984 1290 1295 1345 dulcedinis
1321 1290 1372 1342 in
1401 1303 1460 1344 se
1487 1287 1706 1352 habent,
1739 1289 1832 1341 sed
1864 1301 2051 1356 aspera

487 1403 542 1446 et.
573 1405 757 1444 amara
793 1399 938 1442 sunt.

558 1485 721 1539 Vens.
771 1481 856 1536 19.
917 1478 1202 1533 Multorum
1265 1475 1399 1530 enim
1469 1477 1812 1543 impotenlum
1871 1473 2053 1526 domos

489 1577 666 1646 fregit.
699 1575 766 1630 Et
791 1573 1155 1629 lteterodoxus
1201 1569 1444 1638 quidem,
1475 1568 1518 1622 si
1549 1581 1707 1635 quem
1743 1565 1796 1618 in
1829 1564 1935 1618 ﬁde
1965 1566 2051 1617 in-

490 1669 703 1724 firmum
756 1675 810 1721 et
848 1665 899 1719 in
935 1679 1065 1718 sana
1099 1663 1346 1717 doctrina
1381 1659 1713 1714 imbecillum
1764 1657 2050 1724 invenerit,

490 1762 638 1816 illum
697 1759 1059 1828 depraadatur.
1111 1757 1178 1810 Et
1240 1767 1430 1808 revera
1477 1751 1542 1806 de
1593 1749 2050 1806 lteterodoxorum

494 1854 752 1921 magistro
781 1866 875 1905 seu
912 1850 1277 1905 haeresiarcha
1309 1847 1415 1902 dici
1453 1853 1653 1913 potest,
1683 1841 1827 1911 quod
1857 1840 2053 1893 multo-

495 1961 614 2000 rum
671 1944 1022 2012 impotentum
1071 1941 1260 1994 domos
1308 1935 1657 2006 confregerit,
1705 1941 1760 1986 et
1800 1929 2051 1984 taberna-

484 2037 674 2092 culum
725 2033 844 2101 ejus
878 2032 968 2102 qui
1011 2031 1170 2085 facile
1201 2033 1252 2084 in
1288 2028 1534 2082 fraudem
1589 2024 1880 2084 inducitur,
1923 2020 2055 2074 diri-

493 2127 719 2199 puerit;
779 2139 876 2178 nec
920 2133 1106 2193 postea
1145 2122 1318 2190 ipsum
1369 2117 1654 2180 statuerit,
1714 2112 2052 2168 mendacium

492 2221 637 2274 enim
669 2228 907 2273 statuere
941 2215 1148 2282 nequit.

563 2307 726 2363 Vens.
759 2305 852 2361 28.
897 2304 1023 2358 Dies
1074 2303 1170 2356 ira:
1203 2297 1533 2369 superveniat
1589 2297 1659 2350 ei.
1710 2294 1827 2360 Qua
1866 2300 2056 2347 contra

499 2404 672 2472 ipsum
701 2399 783 2454 ira
818 2398 1003 2453 divina
1034 2393 1362 2454 concitatur,
1396 2389 1510 2444 sive
1541 2402 1605 2442 ex
1642 2383 2058 2441 circumcisione

494 2493 772 2562 fucritqui
802 2500 992 2546 contra
1028 2487 1196 2543 Deum
1231 2483 1394 2551 impie
1423 2497 1482 2538 se
1515 2479 1768 2550 gesserit,
1803 2476 1918 2531 sive
1959 2474 2056 2530 he-

496 2587 814 2650 terodoxus,
872 2583 987 2638 sive
1033 2581 1137 2634 alia
1187 2578 1378 2647 quavis
1414 2574 1624 2629 ratione
1667 2569 1883 2638 impius,
1940 2579 2058 2620 sors

493 2678 613 2746 ejus
643 2686 697 2732 et
731 2673 910 2744 portio
939 2680 1024 2725 est
1061 2683 1183 2738 qua:
1213 2681 1374 2736 supra
1413 2663 1572 2718 dictis
1599 2667 1818 2715 ostensa
1845 2664 1950 2712 est.
2049 2664 2064 2670 ‘

1120 2759 1270 2814 CAP.
1312 2755 1454 2809 XXI.

570 2861 730 2916 Vens.
764 2859 820 2912 Ἰ.
859 2856 1035 2920 Quare
1088 2853 1234 2920 impii
1284 2851 1465 2902 vivunt
1493 2886 1507 2907 ,
1553 2851 1836 2900 senuerunt
1885 2849 2060 2894 autem

497 2965 545 3010 et
576 2957 630 3008 in
654 2949 895 3006 divitiis?
924 2947 1056 3000 Illud
1087 2953 1289 3007 autem,
1327 2960 1344 2992 ι
1372 2947 1663 2994 senuerunt
1695 2936 1748 2988 in
1775 2933 1998 2998 divitiis,
2035 2949 2055 2982 ι

504 3045 555 3099 id
601 3051 704 3106 est,
758 3055 862 3095 non
916 3051 1084 3104 nuper
1136 3030 1427 3100 locupletes
1485 3033 1800 3087 evaserunt,
1851 3023 1941 3078 sed
1990 3023 2059 3077 ab

1871 349 1963 404 EX
2001 347 2300 407 ORIGENE

553 475 688 528 Vide
739 479 916 525 autem
970 475 1103 537 quot
1163 477 1217 521 et
1270 477 1469 537 quanta
1525 467 1729 522 homini
1791 468 2120 530 ltmreticoA

3582 353 3698 413 4036

2221 470 2358 540 Ὅρα
2391 468 2445 522 δὲ
2475 468 2638 522 πόσον
2658 464 2750 520 καὶ
2774 465 3160 540 τῷὲτεροδὸξῳ
3190 467 3481 523 ἀπόκειται
3514 469 3597 522 διὰ
3647 474 3702 526 τὰ

2148 561 2322 631 ἀσεϐῆ
2351 560 2608 630 δόγματα.
2636 559 2732 612 Διά
2763 557 2919 613 τοῦτο
2961 562 3316 632 προσέχωμεν
3351 562 3583 623 ἑαυτάς,
3615 566 3700 630 μή-

2147 667 2278 704 ποτε
2323 652 2380 704 ὲν
2437 649 2838 719 πιθανολογίαις
2893 651 3214 723 συληθῶμεν
3269 653 3379 705 ἀπὸ
3437 652 3700 721 αἱρετιτῆς

2146 742 2526 809 διδασκαλίας,
2577 744 2670 797 καὶ
2724 744 3044 815 ἐκπέσωμεν
3089 746 3183 799 τοῦ
3256 747 3560 817 μυστηρίου
3623 747 3702 815 τῆς

2160 831 2358 904 Ἐκκλη
2367 832 2506 895 σίας.

2219 922 2315 990 Μὴ
2351 922 2464 974 ῖδοι
2497 922 2750 991 ἄμελξιν
2775 922 3069 992 νομάδων.
3101 926 3211 978 Καὶ
3240 928 3266 977 ὁ
3308 923 3618 995 έτερὸδοξος
3658 927 3704 977 δὲ

2150 1013 2210 1066 οὐ
2244 1014 2430 1084 βλέπει
2464 1012 2686 1084 ἄμελξιν
2717 1014 2982 1084 νομάδων.
3019 1016 3264 1085 Νομάδες
3300 1017 3358 1068 δέ
3399 1019 3511 1068 εἰσι
3558 1017 3706 1084 eum

2151 1105 2444 1175 νεμόμεναι
2479 1104 2581 1159 ὑπὸ
2629 1105 2707 1176 τῷ
2753 1105 2904 1176 καλῴ
2943 1105 3178 1176 ποιμένι,
3223 1108 3319 1160 καὶ
3365 1108 3539 1176 νομὴν
3582 1108 3710 1176 εὐρέι

2155 1213 2400 1251 σκουσαι.
2424 1197 2534 1250 Καὶ
2561 1196 2629 1250 τὰ
2655 1197 2896 1270 δόγματα
2934 1198 2990 1251 δὲ
3032 1199 3171 1251 κατά
3224 1197 3362 1252 Θεοῦ
3409 1200 3568 1252 aitth
3619 1200 3710 1270 ἔχει

2152 1289 2343 1359 γλυκὺ,
2374 1291 2510 1344 ἀλλὰ
2540 1293 2782 1362 στρυφνὰ
2811 1293 2903 1346 καὶ¹
2937 1292 3132 1345 πυκνά.

2222 1473 2474 1527 Πολλῶν
2511 1474 2619 1544 γὰρ
2650 1473 2966 1529 ἀδυνάτων
2993 1475 3202 1540 οικους
3232 1473 3522 1528 ἔθλασεν.
3565 1475 3712 1528 Καὶίο

2153 1566 2452 1636 ὲτερόδοξός
2499 1583 2558 1618 σε
2594 1565 2689 1618 ὲάν
2732 1583 2833 1618 που
2883 1568 3022 1639 εὕρῃ
3071 1565 3272 1635 ἀσθενῆ
3321 1569 3378 1617 ἐν
3419 1569 3489 1634 τῇ
3531 1565 3711 1628 πέττει,

2153 1657 2350 1727 ἀσθενῆ
2380 1659 2436 1710 ἐν
2457 1659 2519 1728 τῇ
2549 1657 2690 1725 ὑγιεῖ
2714 1656 3050 1726 διδασκαλίᾳ,
3078 1657 3264 1708 τοῦτον
3310 1656 3579 1726 ὑποσυὶᾷ.
3624 1656 3714 1707 Καὶ

2156 1747 2300 1802 ἔστιν
2330 1747 2544 1818 ἀληθῶς
2570 1749 2695 1820 περί
2738 1747 2831 1802 τοῦ
2875 1747 3193 1800 διδασκάλου
3244 1748 3355 1801 τῶν
3408 1747 3712 1816 ἑτεροδόξων

2155 1844 2347 1901 εἰπεῖν,
2370 1842 2449 1893 ὅτι
2473 1840 2678 1894 πολλῶν
2708 1839 2984 1892 ἀδυνάτων
3012 1842 3190 1902 οἴκους
3225 1839 3458 1890 ἔθλασεν
3490 1853 3504 1866 ·
3553 1839 3713 1907 ἀρτά-

2156 1932 2237 1997 ξει
2262 1931 2432 2002 δὲτὴν
2461 1931 2666 1983 δίαιταν
2696 1930 2788 1983 τοῦ
2814 1930 3236 1999 εὐεξαπατήτου,
3266 1930 3362 1982 καὶ
3390 1928 3537 1998 μετά
3567 1929 3714 1980 ταῦτα

2155 2026 2252 2095 οὐχ
2290 2024 2498 2093 ἵστησιν
2529 2023 2718 2092 αὑτήνο
2752 2021 2871 2074 οὐδὲ
2903 2021 3009 2092 γὰρ
3042 2019 3263 2072 δύναται
3298 2020 3503 2088 στῆσαι
3528 2018 3711 2087 toga:-

2155 2117 2262 2180 δος.

2237 2297 2444 2367 Ἡμέρα
2487 2295 2667 2365 ὀργῆς
2686 2295 2924 2349 ἐπέλθοι
2953 2293 3128 2358 αὐτῷ.
3151 2293 3291 2346 Καθ’
3321 2294 3389 2361 ἦν
3413 2295 3450 2361 ἡ
3478 2292 3593 2344 Θεία
3613 2295 3712 2343 κατ’

2158 2390 2322 2445 αὐτοῦ
2359 2391 2584 2442 κινεῖται
2613 2389 2756 2459 δίκη-
2796 2388 2905 2440 εἴτε
2937 2386 3027 2439 τοῦ
3055 2389 3118 2438 ἐκ
3145 2386 3454 2457 περιτομῆς
3490 2388 3567 2448 si;
3602 2385 3712 2436 6531-:

2161 2484 2548 2554 ἀσεϐήσαντος,
2586 2481 2695 2534 εἴτε
2729 2480 2822 2534 τοῦ
2872 2480 3198 2550 ὲτεροδὸξου,
3250 2478 3352 2530 εἰει⁹
3401 2480 3553 2541 ὅπως
3603 2477 3714 2529 ποτὶ

2159 2577 2410 2642 ἀσεϐοῦς,
2429 2575 2576 2646 αὑτῷ
2611 2574 2763 2646 μερίς
2792 2575 2938 2628 ἐστιν
2961 2575 2996 2644 ἡ
3013 2573 3315 2645 δηλουμένη
3334 2573 3393 2624 ἐν
3416 2573 3529 2634 tot;
3557 2585 3716 2640 προεν

2165 2686 2229 2740 ρη
2239 2668 2440 2738 μένοις.

2821 2751 2979 2808 ΚΕΦ.
3021 2746 3150 2806 KA'.

2231 2850 2332 2903 Διά
2354 2849 2410 2902 τι
2431 2846 2666 2913 ἀσεϐεῖς
2714 2844 2871 2906 ζῶσι.
2911 2845 3357 2897 πεπαλαίωνται
3395 2841 3467 2894 δὲ
3521 2841 3621 2894 καὶ
3663 2843 3684 2890 ἐ
3693 2862 3721 2892 ν

2160 2943 2401 3006 πλούτῳ
2419 2956 2440 3004 ;
2485 2939 2557 2991 Tt.
2584 2932 2782 3010 μέντοι,
2860 2957 2876 2989 ι
2906 2917 3312 3014 πεπαλαιέῑνται
3342 2941 3399 2992 εν
3435 2933 3678 3001 πλούτῳ,
3704 2954 3720 2983 ι

2163 3031 2312 3089 εἶπεν
2339 3035 2462 3088 ἀντὶ
2484 3031 2600 3094 τοῦ,
2629 3031 2727 3084 οὑκ
2745 3030 2850 3084 εἰσὶ
2875 3028 3204 3089 νεόπλουτοι,
3241 3025 3341 3078 ἀλλ
3380 3027 3449 3076 ὲκ
3486 3025 3718 3092 νεότητος

501 3138 722 3189 ineunte
751 3138 907 3184 attate
932 3129 996 3180 ad
1021 3131 1352 3179 senectutem
1383 3133 1554 3188 usque
1585 3117 1640 3170 in
1667 3114 1868 3170 divitiis
1893 3114 2056 3168 vitam

2180 3126 2256 3181 cui.
2290 3123 2451 3197 μέχρι
2474 3125 2656 3194 γήρως
2688 3120 3038 3184 πλουτοῦντες
3073 3117 3401 3172 διετέλεσαν.

502 3229 905 3292 transegerunt.

573 3315 739 3372 Vens.
778 3311 863 3368 12.
907 3307 1180 3363 Sumentes
1219 3301 1526 3373 psalterium
1557 3306 1605 3354 et
1639 3299 1919 3352 citharam.
1946 3294 2063 3350 Alia

500 3421 586 3464 est
637 3412 924 3477 parentum
985 3398 1241 3461 felicitas,
1300 3394 1598 3448 liberorum
1662 3387 1883 3452 lattitia,
1943 3400 2066 3455 qua:

495 3501 675 3565 tibiis,
713 3494 941 3552 citharis
968 3500 1024 3544 et
1053 3486 1329 3560 tympanis
1361 3484 1420 3537 fit
1443 3499 1456 3547 ;
1483 3495 1715 3552 quorum
1745 3491 1879 3534 sono
1906 3491 2066 3531 aures

501 3595 722 3662 quidem
750 3586 1060 3646 titillantur,
1092 3589 1147 3634 et
1184 3578 1347 3632 animi
1380 3575 1684 3642 voluptates
1731 3571 2065 3634 excitantur,

499 3695 556 3740 et
585 3684 678 3753 qui
721 3683 915 3735 adsunt
956 3675 1158 3729 lasciva
1217 3669 1448 3726 melodia
1493 3665 1852 3730 deliniuntur,
1901 3674 2064 3730 quam

503 3751 790 3844 impiorum
824 3770 918 3824 lilii
963 3766 1276 3838 petulanter
1320 3761 1545 3825 faciunt,
1597 3770 1790 3812 manus
1843 3751 2070 3808 intentis

505 3870 702 3924 fidibus
725 3866 1090 3920 admoventes.
1126 3867 1179 3912 et
1208 3854 1540 3908 musicorum
1572 3861 1900 3919 organorum
1936 3857 2070 3900 sono

506 3975 641 4017 voce
667 3974 764 4014 sua
799 3955 1149 4011 concinentes
1179 3958 1233 4002 et
1262 3944 1676 4016 applaudentes.

574 4165 746 4220 Vnus.
775 4161 857 4215 13.
900 4158 1059 4229 503
1104 4154 1604 4209 Consummaverunt
1639 4153 1812 4198 autem
1840 4142 1895 4194 in
1924 4139 2073 4193 bonis

509 4262 673 4318 vitam
700 4271 865 4312 suam.
897 4251 1009 4307 Hoc
1039 4258 1144 4314 est,
1174 4241 1446 4300 fclicitatis
1468 4252 1655 4294 eorum
1680 4246 1834 4290 tenor
1861 4246 1969 4286 non
1999 4230 2077 4283 in-

508 4361 788 4422 terruptus
820 4347 938 4406 fuit,
972 4353 1026 4398 et
1052 4338 1264 4396 deliciis
1293 4334 1572 4404 corporeis
1613 4328 1857 4381 fruentes
1905 4323 2072 4377 vitam

507 4445 814 4498 universam
845 4436 1227 4493 traduxerunt,
1251 4435 1588 4490 extensaque
1613 4419 1679 4473 ad
1703 4418 1830 4472 vita!
1863 4414 2072 4469 exitum

511 4537 799 4598 felicitate,
858 4532 999 4585 idem
1059 4519 1410 4580 beatitudinis
1485 4524 1540 4571 et
1611 4514 1735 4566 vita:
1812 4507 2075 4562 terminus

511 4627 739 4682 exstitit.

578 4715 646 4769 Et
674 4715 729 4766 in
759 4711 930 4782 requie
959 4705 1157 4776 inferni
1186 4701 1532 4756 dormierunt.
1572 4694 1625 4747 Id
1656 4700 1771 4754 est,
1823 4688 1890 4743 ad
1929 4699 2075 4739 mor-

514 4821 618 4862 tem
663 4819 831 4874 usque
880 4797 1266 4868 tranquillitate
1319 4799 1554 4852 utentes,
1597 4795 1652 4838 et
1678 4785 1798 4837 sine
1825 4789 2071 4833 aerumna

512 4913 577 4954 ac
603 4873 847 4954 cruciatu
881 4893 1062 4947 laetitia
1103 4887 1367 4945 fruentes,
1413 4880 1478 4935 ad
1526 4877 1795 4934 infernum
1836 4873 2075 4926 descen-

513 4994 666 5046 dunt.
695 4987 808 5053 Vel,
850 4985 976 5054 quia
1019 4995 1166 5035 tnors
1210 4979 1322 5046 ipsa
1358 4975 1424 5029 iis
1474 4971 1695 5026 minime
1743 4963 1942 5020 acerba
1979 4960 2071 5020 sit,

513 5085 606 5138 sed
656 5079 798 5134 sicut
853 5087 1045 5129 sontno
1092 5066 1358 5134 consopiti
1402 5064 1721 5118 moriantur.
1767 5053 1884 5117 Vel,
1945 5050 2074 5119 quia

514 5175 600 5228 alii
637 5169 851 5240 quidem
885 5165 1075 5220 invita
1104 5173 1198 5214 sua
1231 5154 1610 5212 tribulatioues
1649 5159 1706 5204 ct
1759 5143 2078 5199 atllictiones

514 5265 811 5336 patiantur,
863 5259 916 5312 in
966 5263 1141 5309 morte
1189 5249 1316 5304 vero
1368 5246 1610 5316 requiem
1657 5239 1976 5296 inveniant:
2022 5231 2077 5285 hi

515 5367 695 5411 autem
723 5355 788 5408 de
812 5349 1012 5418 quibus
1033 5356 1118 5400 est
1145 5356 1350 5405 sermo,
1374 5339 1538 5392 vitam
1563 5347 1778 5390 omnem
1813 5327 2079 5385 indeﬂexo

515 5460 708 5503 tenore
733 5446 785 5500 in
814 5443 1000 5498 latitia
1026 5439 1190 5494 animi
1215 5432 1603 5499 transigentes,
1633 5427 1708 5482 sic
1738 5423 1803 5478 ad
1834 5419 2074 5489 requiem

510 5558 634 5611 qua:
666 5541 716 5594 in
751 5546 926 5593 morte
952 5544 1034 5589 est
1065 5535 1454 5602 pervenerunt.

1111 5643 1261 5699 CAP.
1313 5636 1475 5694 XXII.

589 5743 750 5798 Vsus.
785 5742 839 5794 2.
887 5736 1070 5791 Nonne
1123 5732 1371 5787 Dominus
1420 5735 1493 5780 est
1525 5721 1615 5792 qui
1654 5719 1843 5772 docet?
1876 5714 2075 5767 Sanum

521 5847 602 5890 est
629 5837 730 5889 hoc
757 5835 946 5903 dogma
1002 5828 1141 5888 Quod
1176 5841 1334 5881 verus
1369 5815 1589 5876 virtutis
1621 5811 1880 5882 magisler
1915 5807 2076 5859 homo

2248 3299 2642 3355 Ἀναλαϐὀντα
2705 3293 3038 3366 ψαλτήριον
3101 3293 3196 3344 καὶ
3259 3287 3529 3357 κιθάραν.
3567 3289 3720 3354 ’Δλὶη

2168 3392 2416 3464 πατέρων
2456 3389 2787 3460 εὐδαιμονία,
2833 3387 2938 3439 τῶν
2973 3385 3177 3438 παίδων
3228 3384 3261 3452 ἡ
3296 3379 3628 3451 εὖςῳσῦνη,
3665 3380 3718 3446 ἦ,

2168 3481 2574 3554 ἀποπληροῦσιν
2611 3479 2764 3532 αὐλοὶ
2799 3479 2892 3531 καὶ
2923 3476 3144 3546 κιθάραι
3188 3475 3282 3527 καὶ
3321 3472 3613 3543 τύμπανα,
3644 3469 3721 3534 ἔρξ’

2167 3572 2241 3633 ὧν
2277 3579 2334 3630 αἱ
2368 3577 2464 3646 μὲν
2493 3575 2653 3627 ἀκοαὶ
2680 3569 3089 3630 καταυλοῦνται,
3112 3569 3166 3620 αἱ
3190 3568 3246 3619 δὲ
3279 3565 3378 3634 τῆς
3409 3563 3590 3633 ψυχῆς
3616 3562 3720 3630 ἡξε-

2170 3672 2258 3726 ναὶ
2291 3669 2667 3740 διεγείρονται,
2703 3667 2796 3719 καὶ
2822 3666 2870 3716 οἱ
2901 3663 3168 3734 παρέντες
3198 3663 3262 3730 τῇ
3299 3660 3583 3726 ἀκολάστῳ
3612 3658 3725 3724 μελε

2169 3763 2302 3834 ῳδίᾳ
2341 3759 2787 3830 κατακηλοῦνται·
2812 3758 2876 3826 ἣν
2899 3757 2945 3808 οἱ
2978 3753 3086 3806 τῶν
3126 3752 3337 3805 ἀσεϐῶν
3361 3751 3551 3811 παῖδες
3579 3751 3700 3801 ἁτεὶ

2171 3855 2284 3924 γῶς
2309 3853 2644 3925 ἐργάζονται,
2667 3853 2782 3912 ταῖς
2807 3846 3187 3917 ἐντεταμέναις
3208 3846 3424 3912 νευραῖς
3443 3841 3540 3902 τὰς
3554 3842 3725 3909 χεῖρας

2172 3947 2348 4002 αὐτῶν
2377 3945 2772 4007 ἐπιϐάλλοντες,
2813 3941 2905 3994 καὶ
2932 3939 3063 4010 πρὸς
3095 3937 3192 4007 τὴν
3221 3936 3404 4005 φωνὴν
3433 3933 3540 3986 τῶν
3571 3933 3723 4001 ὀρτά-

2173 4058 2278 4094 νων
2302 4034 2730 4108 ὲπικροτοῦντες.

2243 4107 2654 4184 Συνετέλεσαν
2671 4123 2740 4176 ἑν
2760 4118 3000 4189 ἀγαθοῖς
3022 4113 3128 4168 τὸν
3136 4111 3282 4177 βίον
3309 4107 3526 4163 αὐτῶν.
3575 4108 3728 4159 T52:-

2171 4215 2500 4292 έστινωύδὲν
2519 4215 2813 4283 διάλειμμα
2841 4210 2937 4280 τῆς
2963 4203 3265 4275 εὐπραγίας
3291 4202 3474 4262 αὐτοῖς
3501 4199 3726 4265 ἐγένετο.

2175 4291 2288 4368 ἀλλ’
2326 4312 2382 4364 ὲν
2425 4309 2523 4379 βίῳ
2569 4305 2760 4375 τελείῳ
2794 4304 2904 4364 τοῖς
2940 4298 3269 4368 σωματικοῖς
3301 4292 3523 4359 ἀγαθοῖς
3558 4291 3728 4356 ἐντρι-

2180 4405 2384 4476 ιρῶντες
2409 4399 2739 4456 διετέλεσαν·
2769 4394 2861 4448 καὶ
2887 4392 3058 4462 πέρας
3101 4389 3286 4448 αὐτοῖς
3320 4380 3654 4451 sistimus-viz;
3678 4379 3730 4428 τὸ

2107 4489 2149 4543 D
2176 4472 2276 4568 τῆς
2306 4494 2446 4566 ζωῆς
2473 4492 2644 4563 πέρας
2666 4487 2899 4557 ἐγένετο,
2931 4479 3339 4553 παραταθείσης
3370 4475 3530 4546 μέχρι
3562 4472 3722 4524 τελε.-

2178 4588 2276 4658 τῆς
2306 4587 2404 4656 τῆς
2433 4581 2749 4655 εὐημερίας.

2251 4647 2798 4730 Καίένάνασέαύσει
2828 4667 2972 4733 ᾅδου
3001 4659 3431 4729 ἐκοιμήθησαν.
3465 4650 3605 4704 ’Δντὶ
3629 4647 3728 4700 τςιῖ.

2184 4771 2343 4843 μέχρι
2369 4767 2596 4822 Θανάτου
2625 4758 3024 4828 ἀναπαυόμενοι
3071 4752 3163 4806 καὶ
3194 4744 3571 4808 εὐθυμοῦντες,
3605 4739 3728 4790 i6:-

2183 4864 2419 4917 σάνιστοι
2448 4860 2526 4920 εἰς
2551 4855 2681 4927 ᾇδην
2709 4850 3081 4919 κατέρχονται.
3112 4843 3185 4894 Ἦ
3211 4882 3225 4906 ,
3256 4841 3338 4893 ὅτι
3382 4836 3500 4888 οῦδὲ
3534 4829 3728 4886 αὑτὲςὲ

2181 4958 2404 5016 θάνατος
2435 4950 2630 5021 πικρὸς
2662 4947 2842 5006 αὐτοῖς
2869 4941 3074 5010 γίνεται
3101 4953 3112 4965 ’
3144 4933 3260 4987 ἀλλ’
3295 4930 3483 4997 ὥσπερ
3515 4920 3728 4976 ὑπνοῦν-

2179 5065 2268 5111 τες
2289 5086 2303 5109 ,
2338 5043 2509 5105 οὕτως
2545 5038 2996 5108 ἀποθνήσκουσιν.
3031 5029 3135 5090 Ἦ,
3169 5027 3248 5078 ὃτι
3282 5024 3331 5075 οἱ
3370 5022 3469 5090 μὲν
3513 5015 3652 5068 ἄλλοι
3685 5015 3730 5060 ἓν

2181 5139 2256 5209 τῷ
2285 5137 2381 5208 ζῇν
2409 5128 2781 5188 κακοπαθοῦσι
2805 5127 2897 5179 καὶ⁴
2929 5115 3416 5188 ταλαιπωροῦνται,
3460 5104 3730 5162 imitari-

2184 5247 2272 5292 τες
2297 5229 2354 5281 δὲ
2380 5223 2767 5280 ἀναπαύονταιο
2804 5211 2948 5270 οὗτοι
2982 5214 3038 5266 δὲ
3065 5229 3131 5264 πε
3141 5211 3193 5280 pl.
3214 5203 3288 5262 ὧν
3317 5210 3345 5259 ὁ
3369 5205 3540 5271 λόγκ.
3563 5201 3728 5249 ⁸3552*

2185 5321 2283 5391 τὴν
2307 5318 2449 5388 ζωὴν
2474 5317 2531 5368 ὲν
2560 5309 2791 5380 εὐθυμία
2813 5303 3142 5376 διηνυκότες,
3173 5297 3342 5358 οὕτως
3369 5295 3449 5355 εἰς
3471 5289 3559 5359 τὴν
3586 5288 3642 5337 ἓν
3663 5281 3732 5348 τῷ

2185 5408 2400 5478 Θανάτῳ
2429 5403 2590 5477 ἦλθον
2618 5401 2942 5455 ἀνάπαυσιν.

2808 5596 2965 5650 ΚΕΦ.
3002 5593 3128 5645 KB'.

2258 5706 2514 5769 Πότερον
2537 5697 2606 5749 οὺ
2633 5692 2840 5759 Κύριός
2872 5688 3037 5739 ἐστιν
3062 5687 3094 5735 ὁ
3125 5676 3418 5732 διδάσλιωγ
3437 5664 3650 5732 ἲὙτιὲς
3685 5661 3733 5712 δὲ

2184 5798 2246 5852 τὸ
2273 5796 2445 5864 δόγμα
2475 5787 2651 5850 τοῦτο,
2687 5785 2766 5836 ὃτι
2809 5775 3057 5849 ἀληθινὸς
3089 5766 3396 5826 διδάσκαλος
3438 5754 3637 5830 ἀρετ-ἧς
3681 5757 3732 5804 οὲ
