3870 6542
344 364 484 424 1037

1683 365 1996 424 SELECTA
2030 366 2098 421 lN
2127 365 2266 423 JOB.

3453 373 3590 428 1058

335 488 559 546 δύναται
589 484 725 545 εἶναι
753 489 1034 560 ἄνθρωπος
1055 510 1067 523 ·
1103 512 1118 544 ι
1145 495 1173 547 6
1197 489 1458 566 διδάσκων
1490 493 1596 564 γὰρ
1627 491 1895 563 ἄνθρωποι

2020 504 2127 544 non
2157 501 2282 544 esse
2321 486 2530 559 possit;
2565 488 2657 559 qui
2689 489 2836 546 enim
2873 508 2890 544 ι
2926 490 3084 547 docet
3107 490 3380 547 hominem
3417 494 3590 548 scicn—

334 583 561 651 γνῶσιν,
601 606 619 636 ι
659 587 752 639 καὶ
776 587 832 638 ἐν
847 586 1089 656 Ψαλμοῖς
1115 585 1546 658 ἀναγέγραπται,
1579 587 1662 639 ὄτι
1687 587 1786 638 οὐκ
1815 584 1912 638 ἄλ-

2021 582 2148 636 tiam
2182 582 2254 648 ¹⁰,
2290 598 2309 632 ι
2363 580 2505 635 utin
2540 581 2775 638 Psalmis
2824 584 3086 654 scriptum
3149 596 3254 651 est,
3301 601 3404 640 non
3451 587 3594 643 alius

333 674 426 739 λος
460 678 606 730 ἐστὶν
633 676 747 730 ἀλλ’
789 677 821 748 ἢ
855 677 1006 740 Θεός.
1053 679 1301 731 Διδάσκει
1334 678 1391 730 δὲ
1423 679 1555 742 Θεὸς
1579 718 1592 740 ,
1624 679 1895 749 ὲλλάμπωτ

2017 682 2103 728 est
2148 681 2344 743 praeter
2387 672 2580 727 Deum.
2622 672 2793 730 Docet
2837 687 3014 730 autem
3047 677 3190 732 Deus
3221 677 3470 746 discipuli
3505 681 3589 734 sui

333 770 402 838 τῇ
431 768 576 839 ψυχῇ
595 767 688 820 τοῦ
723 769 1082 840 μανθάνοντος
1105 767 1196 822 ὑπ’
1227 769 1413 833 αὐτοῦ,
1439 771 1531 824 καὶ
1556 770 1654 842 τὴν
1677 771 1895 825 διάνοιαι

2018 767 2255 820 animam
2287 763 2634 829 illustrando,
2673 776 2728 821 et
2756 781 2890 824 vero
2917 768 3142 834 lumine,
3174 771 3342 824 verbo
3375 770 3590 826 scilicet

333 860 586 928 φωτίζων
617 861 694 932 τῷ
726 862 863 930 φωτὶ
884 862 962 932 τῷ
984 862 1221 935 ἀληθινῷ
1244 865 1320 936 τῷ
1353 869 1545 920 ἑαυτοῦ
1577 867 1738 936 λόγῳ.
1770 865 1914 918 Οὐκ-

330 943 460 1009 οῦν,
498 945 599 1000 κᾶν
636 947 828 1016 ἄνδρες
867 948 1061 1002 δίκαιοι
1088 954 1237 1022 ἡμᾶς
1269 953 1580 1018 διδάσκωσι,
1612 953 1915 1007 διδασκαλι-

2017 871 2138 921 suo,
2167 864 2405 911 mentem
2440 855 2814 931 illuminando.
2846 859 2912 914 Et
2938 861 3161 930 quidem
3187 861 3316 917 licet
3339 863 3591 926 homines

2009 946 2167 1016 justi,
2219 947 2446 1004 docendi
2500 952 2737 1020 gratiam
2783 953 3084 1020 consecuti,
3139 969 3240 1010 nos
3293 956 3586 1020 erudiant;

332 1037 436 1110 κὴν
464 1038 742 1108 εἰληφότες
789 1041 946 1112 χάριν
965 1080 980 1105 ,
1016 1043 1176 1096 πάλιν
1201 1045 1229 1097 6
1256 1045 1458 1116 Κύριός
1486 1047 1633 1100 ἐστιν
1662 1049 1690 1100 6
1717 1047 1783 1100 δι’
1818 1047 1895 1101 αὑ-

2013 1040 2158 1097 Deus
2212 1050 2392 1097 tamen
2439 1052 2522 1096 est
2588 1043 2680 1113 qui
2723 1057 2823 1113 per
2878 1059 2975 1100 eos
3019 1060 3119 1102 nos
3159 1047 3436 1103 instituit:
3479 1048 3590 1103 imo

329 1128 442 1181 τῶν
469 1128 733 1182 διδάσκων
749 1132 899 1201 ἡμᾶς
915 1148 928 1160 °
957 1132 1048 1186 καὶ
1079 1133 1212 1188 αὐτὸ
1235 1134 1291 1188 δὲ
1319 1134 1381 1187 τὺ
1405 1136 1638 1188 συνιέναι
1659 1135 1753 1188 καὶ
1769 1135 1914 1191 διαν-

327 1219 578 1290 οιχθῆναι
629 1219 728 1283 τὰς
789 1222 1016 1293 καρδίας
1084 1223 1240 1295 ἡμῶν
1298 1227 1378 1290 είς
1432 1226 1530 1298 τὴν
1586 1227 1694 1280 τῶν
1752 1227 1910 1281 θείων

329 1311 674 1384 μαθημάτων
754 1315 1088 1391 παραδοχὴν,
1126 1317 1267 1374 κατά
1326 1320 1425 1392 τὴν
1486 1319 1637 1376 θείαν
1702 1321 1908 1390 γίνεται

327 1410 512 1483 χάριν.

401 1505 475 1557 Ἢ
521 1503 709 1573 λόγον
741 1519 857 1558 σου
902 1504 1256 1574 ποιούμενος
1303 1507 1534 1578 ἐλέγξει
1585 1525 1703 1573 σε;
1766 1509 1909 1581 Πρὸς
1970 1503 1972 1505 ’

322 1595 486 1650 τοῦτο
549 1598 796 1668 εἴποιμεν
861 1597 966 1663 ἂν,
1051 1599 1130 1652 ὅτι
1201 1601 1260 1652 οὐ
1338 1601 1636 1675 φροντίζων
1695 1606 1724 1657 6
1776 1604 1908 1668 Θεὸς

325 1689 538 1760 μήποτε
574 1689 736 1753 αὐτός
786 1707 838 1742 τι
889 1688 1092 1762 βλαὸῇ,
1144 1692 1352 1763 ἐλέγχει
1397 1693 1490 1746 τὸν
1527 1695 1724 1766 ἀσεϐῆ·
1771 1695 1905 1748 ἀλλά

318 1778 481 1849 λόγον
523 1781 840 1848 ποιούμενος
886 1782 980 1836 τοῦ
1024 1785 1419 1856 προνοουμένου
1459 1788 1550 1841 καὶ
1601 1787 1904 1860 εὐεργετῶν

319 1869 508 1927 αὐτόν.

417 2053 798 2126 Ἦνεχύραζες
861 2058 1021 2135 τοὺς,
1065 2060 1364 2131 ἀδελφούς
1419 2078 1535 2118 σου
1610 2066 1899 2136 διακενῆς.

325 2143 734 2220 ’Υπολαμϐάνει
786 2150 843 2204 δὲ
897 2151 1053 2206 rubro
1106 2157 1235 2225 περὶ
1294 2154 1389 2209 τοῦ
1436 2155 1556 2210 Ἰὼϐ
1620 2157 1900 2224 ἐντεῦθεν,

313 2243 403 2296 ὅτι
456 2241 571 2313 ᾔδει
617 2241 781 2294 αὐτὸν
830 2242 1121 2310 πλούσιον,
1161 2247 1254 2300 καὶ
1297 2247 1614 2302 ὑπώπτευεν
1657 2250 1766 2303 ἀπὸ
1794 2270 1903 2305 τοι·

312 2333 490 2386 ούτων
516 2333 675 2387 τινῶν
702 2333 881 2403 πόρων
905 2333 1148 2389 πλουτεῖν
1176 2338 1337 2392 αὐτόν
1357 2355 1370 2369 ⁸
1405 2340 1484 2394 διό
1509 2358 1674 2412 φησιν
1692 2345 1899 2399 ’σἩνε-

312 2423 556 2496 χύραζες
666 2424 917 2496 διακενῆς
941 2442 954 2456 ⁸
993 2446 1012 2479 ι
1056 2429 1303 2482 τουτέστι
1347 2431 1511 2502 μηδὲν
1547 2433 1903 2507 ὲποφειλόμε-

312 2532 428 2578 νος.
462 2517 894 2587 Προσεπιτείνων
932 2518 990 2573 δὲ
1035 2519 1196 2574 πάλιν
1230 2522 1398 2595 ἀλλην
1428 2523 1591 2579 αὑτοῦ
1623 2527 1900 2598 ἁμαρτίαν

315 2625 507 2679 φησιν.

399 2793 718 2862 Ἀμφίασιν
756 2793 824 2848 δὲ
864 2796 1104 2865 γυμνῶν
1149 2797 1424 2867 ἀφείλου.
1464 2799 1620 2853 Ἔστι
1650 2802 1778 2855 ποτε
1806 2801 1900 2857 λα-

310 2879 433 2939 ϐεῖν
464 2883 848 2956 ἀμφιάσματα,
879 2888 940 2940 οὑ
969 2889 1196 2960 γυμνοῦ,
1219 2887 1354 2944 ἀλλά
1386 2890 1659 2957 πλουσίου,
1685 2893 1899 2963 ἔχοντος

311 2977 652 3050 ἀποκείμενα
686 2981 958 3053 ἐνδύματα
993 2983 1182 3038 πολλά.
1230 2984 1355 3038 Ἐὰν
1408 2985 1655 3056 μέντοιγε
1698 2987 1900 3058 χιτῶνα

307 3069 413 3144 ἔχῃ
450 3090 534 3136 τις
571 3073 697 3137 ἕνα,
741 3075 835 3128 καὶ
877 3074 1065 3129 τοῦτον
1111 3076 1204 3130 τὸν
1247 3076 1448 3147 χιτῶνα
1495 3079 1765 3150 προφάσει
1803 3077 1899 3134 τοῦ

308 3167 564 3220 ἀπαιτεῖν
598 3167 658 3220 τὸ
689 3168 820 3239 ἐμὸν
864 3169 1073 3224 ἐκδώσω
1099 3211 1113 3235 ,
1154 3170 1228 3241 μὴ
1266 3169 1494 3240 ἐλεήσας
1539 3173 1740 3224 ἐκεῖνον
1801 3172 1894 3227 τὸν

306 3259 554 3330 γυμνὸν,
595 3261 861 3333 ἀμφίασιν
897 3261 992 3315 τοῦ
1024 3263 1232 3333 γυμνοῦ
1263 3261 1581 3334 ἀφειλόμην.
1628 3263 1805 3318 Πολλά
1836 3263 1892 3317 δὲ

303 3350 537 3405 τοιαῦτα
558 3353 616 3406 ἐν
642 3354 771 3423 ἡμῖν
805 3354 1033 3422 γίνεται,
1053 3355 1180 3408 ὅταν
1200 3354 1554 3426 δανείζωμεν,
1577 3355 1703 3408 ὅταν
1724 3372 1893 3427 προσ-

302 3444 591 3512 οφειλέτας
639 3445 868 3517 ἔχωμεν.
926 3447 1192 3510 Πολλάκις
1226 3451 1254 3502 6
1290 3448 1573 3520 ὀφειλέτης
1611 3448 1770 3519 ἡμῶν
1811 3449 1890 3512 είς

303 3534 614 3608 ὑπερϐολὴν
663 3538 915 3603 πένεται,
966 3540 1039 3611 μὴ
1082 3540 1376 3612 δυνάμενος
1425 3541 1743 3596 ἀποδοῦναι’
1798 3543 1891 3596 καὶ

303 3629 508 3700 ἡμεῖς,
543 3631 612 3684 τά
658 3632 940 3704 σπλάγχνα
998 3633 1154 3705 ἡμῶν
1197 3635 1640 3700 ἀποκλείσαντες,
1673 3636 1766 3690 καὶ
1815 3637 1888 3708 μὴ

303 3719 616 3790 βλέποντες,
649 3723 730 3776 ὅτι
760 3726 994 3792 γυναῖκα
1019 3725 1229 3797 τρέφει,
1258 3725 1349 3779 καὶ
1380 3726 1546 3780 τέκνα
1568 3766 1582 3789 ,
1613 3726 1704 3780 καί¹
1739 3727 1888 3797 μόλις

299 3815 564 3887 τρέφεται
597 3817 704 3869 ἀπὸ
736 3816 844 3870 τῶν
871 3817 1240 3890 ποριζομένων
1271 3818 1417 3890 αὐτῷ
1445 3819 1638 3888 ὀλίγων
1665 3819 1884 3883 ὀϐολῶν,

298 3907 646 3978 ἀπαιτοῦμεν
686 3908 935 3981 πικρῶς,
967 3910 1078 3964 ἔσθ’
1112 3912 1200 3964 ὅτε
1252 3912 1348 3964 καὶ
1394 3911 1630 3983 περισσά
1674 3911 1887 3982 ἔχοντες

301 4003 442 4073 παρ’
489 4003 716 4065 ἑαυτοῖς.
763 4002 948 4056 Ταῦτα
997 3999 1088 4056 οὖν
1135 4003 1278 4073 λέγει
1327 4004 1571 4072 ἐγκαλῶν
1617 4003 1696 4074 τῷ
1740 4001 1882 4068 Ἰὼϐ,

300 4095 423 4156 ὅτι,
466 4114 486 4146 ι
529 4096 818 4167 Ἀμφίασιν
846 4096 1067 4168 γυμνῶν
1103 4097 1347 4166 ἀφείλου.
1401 4117 1418 4148 ›
1471 4097 1630 4159 Ἴσως
1678 4096 1736 4149 δὲ
1794 4096 1886 4149 καὶ

300 4186 368 4240 τὸ
419 4187 492 4258 μὴ
534 4187 714 4241 δοῦναι
756 4187 836 4258 τῷ
883 4188 1074 4259 γυμνῷ
1106 4188 1318 4260 ἱμάτιον
1365 4187 1653 4259 ἀφαίρεσιν
1685 4185 1885 4257 ὀνομά-

301 4279 427 4343 ζεισ
476 4278 854 4350 ἀποστερητὴς
893 4278 1002 4349 γάρ
1044 4280 1159 4332 ἐστι
1207 4279 1300 4332 καὶ
1349 4278 1674 4349 πλεονέκτης
1720 4277 1813 4331 καὶ
1857 4280 1886 4332 6

304 4370 386 4442 μὴ
424 4369 620 4423 ὲνδύων
649 4370 740 4424 τὸν
765 4369 971 4438 γυμνὸν
998 4410 1011 4432 ,
1045 4371 1137 4423 καὶ
1173 4372 1200 4423 6
1243 4370 1316 4442 μὴ
1348 4370 1560 4442 τρέφων
1594 4368 1683 4422 τὸν
1718 4369 1882 4440 ἄρτου

295 4461 580 4534 δεόμενον.

389 4733 762 4804 Ἑθαύμασας
787 4731 852 4787 δέ
886 4748 1063 4786 τινων
1090 4733 1396 4800 πρόσωπα.
1445 4730 1606 4784 Ἀλλο
1639 4731 1729 4784 καὶ
1755 4727 1880 4784 τοῦ-

292 4848 363 4887 το
390 4831 712 4902 ἁμάρτημαο
739 4827 1038 4899 ἁμάρτημα
1054 4825 1162 4897 γὰρ
1189 4827 1281 4879 καὶ
1304 4825 1362 4877 τὸ
1385 4823 1684 4895 θαυμάζειν
1714 4823 1882 4894 πρόσ-

293 4942 473 4978 ωπον.
519 4925 574 4976 ’0
617 4923 783 4986 δεῖνα,
822 4922 902 4974 ὅτι
948 4917 1202 4984 πλούσιός
1233 4920 1369 4982 ἐστι,
1418 4917 1679 4987 θαυμάζω
1710 4914 1876 4968 αὑτοῦ

292 5016 360 5070 τὸ
392 5015 710 5086 πρόσωπον·
752 5009 843 5065 τὸν
878 5009 935 5065 δὲ
977 5011 1185 5082 πένητα
1216 5009 1514 5064 καταπατῶ
1534 5050 1547 5074 ,
1581 5009 1878 5080 ἐπειδήπερ

294 5110 521 5180 ἀξίωμα
547 5109 646 5161 οὐκ
671 5107 802 5177 ἔχει.

375 5296 591 5351 Ἔσται
625 5295 736 5348 οὖν
775 5310 873 5347 σοι
905 5296 936 5346 ὁ
970 5288 1392 5357 παντοκράτωρ
1419 5286 1665 5353 βοηθός.
1704 5282 1887 5351 ’Υγιὲς

291 5376 503 5446 ἐνθάδε
539 5389 713 5458 δόγμα
742 5389 770 5440 6
808 5383 1029 5453 Ἐλιφὰζ
1064 5382 1249 5451 λέγει·
1289 5381 1459 5432 οἴεται
1501 5377 1609 5449 γὰρ
1640 5378 1731 5430 τὸν
1770 5375 1887 5428 Ἰὼϐ

287 5483 388 5537 διὰ.
421 5481 487 5533 τά
511 5480 879 5550 ἁμαρτήματα
912 5475 1140 5544 πάσχειν
1161 5512 1173 5534 ,
1204 5471 1296 5524 καὶ
1341 5473 1420 5524 ὅτι
1460 5467 1758 5539 ὑπομείνας
1789 5484 1886 5518 κα-

291 5576 551 5644 θαίρεται
583 5573 647 5625 δι’
679 5569 842 5625 αὑτοῦ
887 5567 980 5622 τοῦ
1034 5567 1262 5636 πάσχειν
1289 5581 1300 5594 ·
1336 5562 1428 5618 καὶ
1461 5561 1881 5634 καθαιρόμενος,

289 5670 492 5739 ὥσπερ
528 5667 726 5737 χρυσὸς
755 5667 810 5718 ὲν
837 5662 1205 5735 χωνευτηρίῳ,
1237 5659 1457 5729 δόκιμος
1488 5656 1880 5726 ἀποφαίνεται,

292 5765 412 5817 πᾶν
455 5761 516 5812 τὸ
566 5757 841 5828 ἀλλότριον
893 5754 1259 5825 ἀποθέμενος,
1313 5751 1404 5806 καὶ
1451 5749 1631 5820 πάσης
1685 5747 1882 5812 κακίας

375 5881 421 5912 ¹⁰
469 5877 608 5933 Psal.
657 5892 822 5943 xcut,
878 5874 964 5928 10.

2013 1143 2066 1189 et
2105 1133 2236 1190 illud
2265 1135 2444 1190 divina
2476 1135 2650 1205 gratia
2684 1136 2765 1202 ﬁt,
2797 1146 2852 1191 ut
2889 1137 3274 1207 intelligamus,
3303 1151 3358 1196 et
3390 1142 3458 1196 ad
3498 1141 3586 1196 di-

2013 1226 2262 1282 vinarum
2284 1226 2659 1284 doctrinarum
2676 1230 3041 1298 reccptionem
3060 1233 3224 1287 corda
3246 1233 3580 1300 aperiamus.

2084 1503 2249 1559 Vsus.
2289 1503 2344 1561 4.
2389 1506 2493 1573 Aut
2532 1507 2787 1561 rationem
2814 1508 2896 1560 tui
2921 1508 3117 1562 habent
3153 1517 3335 1578 arguet
3367 1510 3467 1562 te?
3501 1509 3584 1564 Ad

2011 1596 2115 1652 hoc
2144 1598 2475 1667 respondere
2507 1614 2823 1669 possumus,
2853 1602 3125 1656 holuinem
3162 1601 3386 1670 impium
3411 1618 3439 1654 a
3473 1601 3583 1656 Deo

2010 1689 2192 1760 argui,
2223 1705 2332 1744 non
2365 1693 2509 1759 quod
2553 1691 2829 1749 sollicitus
2857 1694 2928 1748 sit
2958 1707 3024 1748 ne
3051 1695 3307 1748 damnum
3363 1695 3582 1765 aliquod

2009 1781 2057 1836 ei
2087 1780 2306 1844 inferat,
2354 1782 2448 1836 sed
2496 1783 2624 1851 quia
2671 1798 2836 1853 quem
2873 1787 3216 1856 providentia
3250 1801 3346 1842 sua
3390 1787 3584 1856 digna-

1935 1863 1978 1918 B
2010 1881 2118 1937 tur,
2163 1888 2354 1928 curam
2403 1873 2520 1942 ejus
2572 1887 2749 1947 gerat,
2788 1886 2843 1930 et
2875 1878 3232 1935 beneﬁcentia
3282 1893 3384 1935 sua
3427 1894 3580 1934 com-

2004 1963 2296 2033 plectatur.
3335 2027 3343 2036 _

2083 2055 2243 2112 Vsus.
2280 2057 2334 2112 6.
2376 2056 2442 2112 In
2464 2059 2652 2128 pignus
2676 2069 2851 2114 autem
2879 2061 3127 2130 accepisti
3151 2062 3346 2131 fratres
3375 2072 3494 2118 tuo:
3521 2063 3578 2115 in

2006 2163 2218 2202 vanum.
2256 2149 2368 2205 Hoc
2397 2161 2580 2206 autem
2617 2151 2684 2207 de
2711 2150 2849 2208 Jobo
2881 2167 2944 2207 ex
2978 2168 3044 2209 eo
3078 2155 3415 2223 suspicatur,
3451 2155 3577 2223 quia

2004 2240 2226 2294 divitem
2251 2256 2373 2294 eum
2405 2240 2576 2296 fuisse
2602 2255 2949 2312 cognoverat,
2979 2253 3033 2298 et
3065 2243 3331 2312 ejusmodi
3379 2245 3578 2313 aliqui-

2004 2331 2106 2387 bus
2141 2331 2444 2387 rationibus
2484 2333 2813 2402 locupletem
2864 2336 3105 2390 evasisse
3151 2336 3573 2406 suspicabatur:

2005 2427 2230 2494 idcirco,
2266 2447 2284 2480 ι
2318 2429 2541 2500 Pignus,
2574 2429 2767 2498 inquit,
2813 2429 2869 2484 in
2913 2445 3112 2486 vanum
3149 2433 3430 2503 accepisti,
3469 2451 3490 2486 ι
3522 2433 3577 2490 id

2000 2528 2086 2575 est
2134 2520 2368 2577 fructum
2411 2521 2616 2576 nullum
2651 2521 2779 2575 inde
2804 2523 3132 2594 percipiens.
3171 2523 3575 2596 lmprobitatem

2003 2621 2183 2667 autem
2226 2613 2346 2682 eius
2388 2627 2748 2684 exaggerans,
2798 2615 2943 2669 aliud
2985 2623 3248 2686 praeterea
3286 2626 3572 2688 peccatum

1999 2703 2116 2775 ejus
2143 2703 2310 2760 addit.

2072 2795 2144 2849 Et
2181 2796 2432 2850 amictum
2465 2797 2728 2850 nudorum
2760 2797 3048 2854 abstulisti.
3078 2798 3164 2855 Fit
3195 2799 3475 2857 interdum
3516 2810 3575 2855 ut

2001 2887 2374 2943 indumentum
2403 2888 2670 2957 capiatur,
2702 2903 2806 2944 non
2847 2900 3026 2946 autem
3060 2891 3218 2959 nudi,
3248 2893 3342 2949 sed
3372 2893 3577 2960 divitis,

2001 2980 2094 3050 qui
2151 2981 2318 3034 multa
2373 2982 2693 3040 vestimenta
2754 2983 3036 3040 recondita
3082 2985 3248 3041 habet
3291 3005 3305 3041 :
3354 2988 3398 3041 si
3447 3001 3576 3041 vero

2003 3071 2124 3140 quis
2150 3074 2386 3128 tunicam
2435 3076 2650 3129 unicam
2695 3084 2906 3130 tantum
2958 3077 3178 3143 habeat,
3215 3086 3270 3132 et
3300 3078 3441 3134 hanc
3473 3081 3576 3134 sub

2008 3173 2274 3234 praetextu
2326 3171 2600 3237 repetendi
2647 3171 2790 3239 quod
2846 3184 3024 3224 meum
3078 3178 3180 3239 est,
3233 3172 3380 3226 nulla
3439 3173 3567 3228 nudi

2000 3257 2143 3313 illius
2192 3259 2543 3315 miseratione
2585 3273 2780 3328 tactus,
2828 3263 3155 3328 detraxero,
3213 3265 3341 3319 nudi
3404 3266 3565 3320 indu-

2006 3356 2245 3403 mentum
2279 3350 2496 3404 abstuli.
2531 3351 2682 3406 Talia
2713 3361 2894 3406 autem
2928 3353 3096 3407 multa
3128 3353 3274 3408 inter
3309 3369 3410 3410 nos
3441 3369 3566 3410 eve-

2003 3441 2178 3508 niunt,
2207 3457 2328 3498 cum
2373 3443 2542 3499 fenori
2574 3445 2830 3514 pecunias
2873 3448 3216 3517 exponimus,
3241 3457 3295 3503 et
3324 3464 3446 3502 cum
3473 3449 3572 3503 de—

2004 3532 2270 3588 bitoribus
2301 3536 2512 3605 ncgmia
2549 3537 2833 3594 habemus.
2868 3538 3255 3608 Saepenumero
3288 3539 3380 3610 qui
3413 3539 3574 3594 nobis

2001 3623 2182 3678 debito
2214 3625 2594 3696 obstringitur,
2632 3631 2682 3683 in
2713 3645 2924 3686 summa
2966 3638 3051 3685 est
3097 3638 3359 3700 egestate,
3407 3631 3480 3683 ita
3513 3640 3575 3683 ut

2001 3717 2260 3774 solvendo
2295 3721 2526 3776 omnino
2576 3737 2684 3779 non
2733 3727 2857 3792 sit;
2901 3738 3000 3779 nos
3050 3735 3181 3777 vero
3230 3735 3574 3792 nequaquam

1997 3813 2403 3870 considerantes
2455 3822 2598 3886 quod
2641 3820 2924 3890 coujugem
2977 3826 3032 3875 et
3085 3817 3286 3874 liberos
3346 3821 3572 3876 alendus

1996 3905 2213 3970 habeat,
2246 3917 2298 3962 et
2332 3910 2520 3978 paucis
2549 3910 2712 3984 504Ι
2735 3913 2910 3968 obolis
2942 3911 3033 3980 qui
3084 3910 3161 3966 illi
3207 3911 3566 3976 exhibentur,

1995 3995 2290 4054 diﬂiculter
2334 4001 2500 4055 vitam
2551 4008 2846 4068 sustineat,
2891 4001 3128 4058 occlusis
3178 4002 3568 4058 misericordia:

1997 4087 2342 4154 visceribus,
2407 4107 2530 4145 cum
2587 4094 2891 4148 acerbitate
2951 4092 3191 4147 debitum
3256 4091 3567 4161 exigimus,

2003 4176 2162 4246 idque
2193 4178 2465 4232 interdum
2496 4195 2618 4234 cum
2656 4183 2754 4252 ipsi
2777 4197 2956 4236 rerum
2975 4181 3220 4236 omnium
3243 4181 3570 4237 abundantia

1999 4267 2459 4324 circumﬂuamus.
2492 4271 2619 4328 Haec
2644 4275 2807 4345 igitur
2837 4273 3030 4328 Jobum
3063 4273 3378 4344 vituperans
3403 4275 3568 4330 dicit:

1999 4377 2017 4411 ι
2049 4360 2320 4416 Amictutn
2345 4365 2612 4419 nudorum
2638 4366 2931 4424 abstulisti.
2967 4386 2984 4420 ι
3032 4365 3288 4422 Fortasse
3316 4367 3484 4422 etiam
3517 4377 3572 4423 et

1995 4453 2377 4509 vestimentum
2410 4458 2554 4511 nudo
2591 4474 2697 4511 non
2730 4460 2988 4526 praebere,
3020 4457 3353 4514 ablatiouem
3385 4470 3564 4515 vocat.

1917 4573 1962 4628 ι)
1993 4541 2096 4609 Qui
2152 4547 2299 4600 enim
2356 4549 2556 4602 nudum
2612 4563 2720 4602 non
2767 4548 2967 4614 induit,
3004 4558 3060 4603 et
3103 4559 3384 4606 carentem
3429 4567 3572 4621 pane

1998 4649 2104 4690 non
2136 4637 2254 4701 alit,
2291 4637 2568 4693 fraudator
2595 4647 2681 4694 est
2709 4648 2764 4694 et
2799 4638 2964 4694 alieni
2996 4639 3207 4696 avidus.

2065 4727 2230 4784 Vsus.
2263 4731 2320 4784 8.
2361 4729 2428 4782 Et
2465 4731 2760 4784 admiratus
2789 4746 2844 4784 ea
2878 4731 3229 4801 quorumdam
3262 4747 3564 4801 personant.

1989 4819 2107 4876 Hoc
2160 4829 2420 4889 praeterea
2473 4821 2616 4875 aliud
2673 4809 2879 4874 crimen
2935 4830 3041 4876 est.
3111 4820 3358 4876 Hominis
3418 4821 3566 4875 enim

1987 4926 2275 4981 personam
2332 4914 2382 4966 in
2450 4912 2809 4968 admiratione
2871 4912 3098 4980 habere,
3158 4922 3386 4982 peccato
3458 4927 3567 4968 non

1987 5015 2182 5059 caret:
2219 5005 2380 5074 hujus
2419 5020 2730 5074 personam,
2782 5004 2910 5074 quia
2962 5004 3120 5059 dives
3173 5015 3281 5071 est,
3333 5018 3566 5060 veneror

1984 5105 2042 5152 et
2081 5097 2359 5163 admiror;
2395 5112 2682 5167 pauperem
2737 5112 2891 5163 vero,
2938 5099 3062 5168 quia
3109 5097 3256 5152 nulla
3303 5096 3562 5166 dignitate

1988 5192 2253 5262 praeditus
2278 5201 2381 5256 est,
2413 5192 2512 5247 sub
2543 5191 2768 5261 pedibus
2804 5191 3088 5248 conculco.

2069 5283 2233 5340 Vnus.
2280 5284 2372 5341 25.
2419 5284 2536 5338 Erit
2577 5285 2742 5354 igitur
2792 5296 2913 5338 tuus
2962 5283 3293 5348 omnipotens
3327 5279 3560 5349 adjutor.

1992 5378 2283 5447 Eliphazus
2323 5379 2424 5433 hoc
2460 5377 2580 5434 loco
2611 5393 2807 5433 sanum
2839 5377 3038 5446 dogma
3088 5374 3332 5444 profert;
3368 5371 3562 5426 Jobum

1993 5469 2137 5523 enim
2192 5479 2412 5540 propter
2462 5477 2681 5540 peccata
2732 5468 2844 5538 pati
2889 5469 3118 5522 adversa
3162 5464 3478 5524 arbitratur,
3511 5471 3564 5516 et

1994 5561 2136 5628 quod
2205 5560 2318 5630 ipsa
2368 5559 2632 5615 malorum
2691 5557 3016 5614 toleratione
3057 5551 3375 5610 sustinendo
3433 5566 3564 5620 pur-

1993 5663 2171 5723 getur,
2223 5664 2278 5709 et
2323 5664 2604 5726 purgatus,
2659 5652 2873 5721 abjecto
2921 5648 3068 5706 omni
3111 5646 3310 5709 alieno,
3344 5652 3400 5698 et
3426 5643 3564 5697 liber

1993 5745 2060 5801 ab
2106 5746 2210 5803 ulla
2255 5747 2622 5818 improbitatis
2664 5745 2913 5801 mistura.
2965 5750 3217 5796 taneuam
3264 5752 3458 5792 aurum
3510 5737 3564 5790 in
