3870 6530
467 347 602 404 1059

1856 322 1958 402 'ex
1991 345 2308 405 omnem
2371 363 2374 368 -

3593 343 3707 398 {NO

464 463 685 514 lnrnaee
717 464 957 521 coctum,
996 457 1260 526 probatus
1308 469 1584 528 appareat.
1630 459 1688 516 Si
1734 460 1919 532 igitur,
1948 460 2022 514 in-

2133 461 2335 533 ἀμιγὴς
2358 461 2613 532 γεγονώς.
2645 461 2814 534 Φησὶν
2843 456 2960 526 οὖν,
2992 459 3110 523 ὅτι,
3143 460 3240 516 ἐὰν
3274 459 3369 512 καὶ
3401 460 3467 512 σὺ
3499 457 3703 527 ὑπομεί-

461 553 603 620 qnit,
649 568 710 607 ea
759 566 879 620 quae
919 550 1015 606 tibi
1069 551 1417 618 acciderunt,
1467 553 1813 618 sustinueris,
1869 553 2026 618 Dens,

463 654 719 714 tanquam
746 650 1029 712 argentum
1066 641 1189 711 igne
1226 651 1541 713 purgatum,
1582 659 1772 714 purum
1824 655 1874 702 te
1913 649 2034 700 red-

461 737 594 800 det;
629 745 681 790 et
711 749 881 805 purus
925 734 1124 802 lactus,
1163 744 1421 807 tanquam
1465 740 1512 794 is
1559 739 1650 808 qui
1691 749 1908 809 peccata
1934 741 2034 793 ah-

455 828 602 897 jecit,
634 826 888 882 ﬁduciam
919 827 1220 898 coneipies,
1259 838 1315 884 et
1339 831 1674 884 conscientia
1706 845 1735 885 a
1779 832 2035 886 condem-

458 919 677 975 natione
705 916 871 971 libera
905 931 1108 985 preces
1155 917 1410 982 fundens,
1459 918 1690 973 hilarem
1724 918 1928 973 vultum
1979 918 2031 972 in

458 1013 653 1068 caelum
682 1011 901 1068 attolles
929 1029 943 1066 :
972 1020 1029 1066 et
1059 1013 1104 1068 si
1133 1020 1262 1068 voto
1297 1012 1479 1082 aliquo
1537 1022 1590 1068 et
1617 1013 1884 1082 promisso
1925 1011 2034 1065 Deo

458 1116 511 1162 te
554 1105 940 1168 obstrinxeris,
995 1104 1084 1159 ille
1139 1116 1197 1158 ιιι
1246 1105 1510 1176 promissa
1565 1112 1653 1158 tua
1701 1105 1766 1157 ad
1825 1104 2035 1159 exitum

457 1186 744 1268 perdticas,
803 1197 948 1252 vires
1000 1196 1098 1251 tibi
1149 1197 1555 1267 suppeditabit;
1603 1195 1694 1250 ille
1742 1195 1885 1249 enim
1951 1201 2034 1250 est

462 1310 479 1342 ι
515 1291 604 1362 qui
637 1301 894 1361 Operatur
951 1289 1004 1343 in
1046 1289 1203 1343 nobis
1239 1300 1291 1342 et
1331 1300 1387 1343 ut
1431 1287 1679 1354 velimus,
1721 1297 1774 1342 et
1820 1295 1880 1341 ut
1921 1286 2032 1342 elli-

457 1386 688 1447 ciamus,
752 1397 850 1452 pro
897 1383 1134 1452 gratuita
1186 1396 1284 1434 sna
1333 1377 1706 1434 benevolentia
1746 1379 1811 1432 “.
1857 1397 1877 1430 ι
1926 1375 2031 1432 Pro

455 1475 547 1530 illo
587 1483 808 1540 autem,
851 1493 874 1525 ιι
927 1473 1081 1529 dabit
1134 1473 1228 1528 tibi
1281 1474 1509 1529 reddere
1561 1480 1704 1550 vota,
1738 1489 1788 1522 ·»
1827 1472 2032 1526 -ΤΙιοο-

455 1569 602 1623 dotio
651 1569 1038 1637 interpretatus
1085 1576 1191 1634 est,
1243 1584 1260 1617 ι
1307 1566 1531 1621 delinies
1561 1566 1810 1630 verbum,
1849 1573 1906 1618 et
1936 1564 2026 1619 ﬁr-

453 1676 602 1715 mum
630 1660 740 1714 erit
769 1659 889 1727 tibi,
923 1678 942 1710 ι
1005 1660 1054 1713 id
1103 1667 1208 1722 est,
1257 1658 1521 1728 quidquid
1575 1657 1929 1712 constitueris
1974 1667 2030 1712 et

455 1751 640 1806 animo
677 1751 1016 1815 formaveris,
1044 1766 1150 1805 non
1183 1750 1475 1804 intercidet
1507 1749 1602 1804 tibi
1633 1759 1686 1802 et
1715 1757 2032 1812 evanescet,

2137 571 2231 627 νῃς
2249 555 2313 620 τὰ
2341 555 2723 627 συμϐεϐηκότα
2747 573 2848 619 σοι,
2867 554 3137 608 ἀποδώσει
3164 572 3223 608 σε
3259 553 3504 623 καθαρὸν
3537 551 3704 624 ὥσπερ

2135 649 2371 719 ἄργυρον
2405 648 2799 719 πεπυρωμένον
2827 649 2857 700 ὁ
2885 648 3016 712 Θεὸς
3037 664 3052 677 ο
3081 649 3176 701 καὶ
3211 647 3456 719 καθαρὸς
3495 647 3703 715 γενόμε-

2134 756 2251 802 νος,
2294 737 2606 810 παρρησίαν
2669 737 2842 804 ἕξεις,
2873 737 2951 801 ὡς
3000 737 3340 810 ἀποθέμενος
3378 737 3449 790 τὰ
3479 738 3707 808 ἁμαρτή-

2138 848 2309 901 ματα,
2347 832 2440 884 καὶ
2484 829 2682 901 ἱλαρῶς
2714 831 2774 882 τὸ
2816 830 3107 901 πρόσωπον
3137 832 3363 902 ἐπαρεῖς
3408 831 3496 892 εἰς
3528 829 3615 881 τὸν
3637 831 3707 881 οὗ·

2138 921 2314 992 ρανὸν,
2340 919 2742 992 ἁκαταγνὼστῳ
2772 921 3036 974 συνειδότι
3068 922 3165 985 τὰς
3195 921 3435 983 ἱκετείας
3461 920 3704 990 ποιούμε-

2134 1030 2248 1078 νος·
2284 1013 2384 1066 κᾶν
2416 1031 2467 1066 τι
2500 1012 2632 1086 εὔξῃ
2665 1014 2759 1067 καὶ
2792 1014 3001 1084 ὑπόσχῃ
3030 1013 3107 1084 τῷ
3136 1013 3274 1084 Θεῷ,
3306 1013 3472 1076 αὐτὸς
3509 1015 3701 1084 ἐνισχύ-

2138 1122 2223 1158 σει
2255 1122 2314 1158 σε
2355 1104 2491 1176 πρὸς
2521 1106 2695 1177 πέρας
2733 1107 2960 1174 ἀγαγεῖν
3005 1105 3102 1170 τὰς
3135 1107 3270 1177 πρὸς
3300 1107 3469 1159 αὑτὸν
3497 1106 3692 1176 ὑποσχὲ

2137 1215 2281 1261 σειςο
2327 1198 2488 1261 αὐτὸς
2531 1198 2638 1268 γάρ
2684 1199 2831 1252 ἐστιν
2883 1218 2901 1249 ι
2939 1201 2967 1253 ὁ
3001 1200 3238 1270 ἐνεργῶν
3283 1201 3342 1252 ἐν
3375 1201 3515 1270 ἡμῖν
3547 1200 3702 1253 καὶᾶ

2134 1290 2308 1355 Οέλειν
2349 1291 2537 1358 καὶμτὸ
2581 1293 2825 1362 ἐνεργεῖν
2873 1293 3013 1364 ὑπὲρ
3053 1293 3152 1362 τῆς
3200 1293 3476 1355 εὐδοκίας.
3520 1312 3539 1343 ι
3586 1295 3702 1344 Ἀντῖ

2137 1383 2319 1454 μέντοι
2347 1383 2444 1436 τοῦ
2471 1423 2485 1448 ,
2529 1402 2548 1434 r
2588 1381 2758 1435 Δώσει
2788 1383 2844 1436 δέ
2889 1401 2970 1436 σοι
3000 1383 3290 1438 ἀποδοῦναι
3336 1385 3440 1447 τὰς
3477 1385 3658 1453 εὐχὰς,
3689 1405 3704 1436 ι

2133 1473 2456 1539 Θεοδοτίων,
2481 1494 2500 1526 ι
2524 1473 2637 1528 Καὶ
2668 1474 2834 1544 ὁριεῖς
2867 1475 3037 1546 ῥῆμα,
3070 1477 3164 1529 καὶ
3195 1476 3534 1546 σταθήσεταί
3569 1494 3662 1534 σοι.
3689 1498 3701 1526 ι

2132 1566 2388 1631 ἐξέδωκε·
2417 1566 2714 1631 τουτέστιν,
2739 1568 2883 1621 ἆπαν
2909 1568 2938 1621 ὃ
2971 1568 3036 1622 ἂν
3067 1568 3299 1638 συντάξῃ
3324 1571 3420 1620 καὶ
3446 1569 3704 1639 rat-.1333;

2130 1661 2191 1714 οὺ
2223 1661 2594 1714 διαπεσεῖται·
2639 1661 2733 1715 καὶ
2771 1661 2959 1725 ἁπλῶς
3000 1664 3208 1725 εἰπεῖν,
3235 1662 3481 1724 ,ἃπασαν
3516 1679 3596 1715 σοι
3627 1665 3706 1732 τὴν

2131 1749 2479 1825 ἁρμόζουσαν
2505 1751 2698 1824 δικαίῳ
2725 1752 2952 1824 παρέξει
2979 1753 3255 1825 διαγωγήν
3274 1771 3287 1782 ·
3329 1754 3426 1806 καὶ
3464 1755 3633 1806 πᾶσαι
3663 1756 3703 1804 1i

453 1845 546 1899 sed
579 1843 792 1898 [irinum
819 1851 878 1899 et
907 1852 1082 1897 ratum
1113 1841 1242 1908 ﬁet;
1277 1853 1327 1896 et
1359 1852 1417 1896 ut
1448 1843 1616 1897 verbo
1647 1843 1849 1906 dicam,
1879 1840 2022 1894 dabit

2133 1843 2239 1896 ὁδοί
2270 1859 2362 1896 σου
2396 1844 2929 1914 κατευοδωθήσονται
2961 1841 3067 1898 ὑπὸ
3095 1846 3189 1897 τοῦ
3233 1844 3382 1896 Θείου
3424 1844 3702 1912 ὁδηγούμεο

455 1937 552 1991 tibi
594 1935 1057 1990 conversationem
1109 1935 1161 1988 in
1206 1936 1459 1989 omnibus
1498 1935 1716 1989 homine
1753 1933 1902 2000 justo
1946 1934 2030 1987 di-

453 2043 634 2097 gnam,
670 2037 726 2082 et
756 2027 855 2082 via:
886 2036 992 2081 tua:
1022 2041 1231 2092 omnes,
1263 2027 1447 2081 divino
1482 2027 1685 2080 lumine
1732 2028 1836 2079 iter
1871 2041 2028 2082 mon-

451 2131 684 2188 strante,
731 2121 1227 2190 prosperabuntnr,
1276 2121 1356 2174 vel
1417 2120 1579 2176 etiam
1635 2120 1876 2175 actiones
1921 2129 2030 2174 tua:

448 2214 747 2284 splendida:
783 2223 835 2268 et
864 2213 1178 2269 honoriﬁca:
1209 2224 1388 2268 erunt.
1475 2249 1491 2252 -ι

521 2305 681 2360 Vens.
717 2305 808 2361 29.
853 2306 1114 2370 Quoniam
1147 2305 1444 2359 humiliavit
1476 2305 1724 2374 seipsum.
1753 2314 1800 2360 et
1828 2305 1972 2358 dices
2005 2318 2022 2355 :

451 2399 640 2454 Elatus
663 2412 735 2454 est
763 2401 818 2453 in
848 2401 1170 2468 superbiam.
1207 2398 1354 2453 Licet
1381 2395 1572 2451 Jobnm
1600 2397 1926 2466 alloquatur,
1960 2398 2026 2448 de

449 2493 558 2547 alio
580 2495 795 2547 videtur
818 2492 978 2546 verba
1009 2489 1226 2545 facere:
1268 2487 1576 2557 Propterea,
1619 2487 1814 2557 inquit,
1851 2488 2025 2558 ι)ωηί-

449 2589 676 2643 tentiam
709 2585 888 2655 agenti
909 2585 1027 2639 haec
1048 2583 1323 2647 evenient,
1347 2582 1476 2651 quia
1501 2583 1739 2652 seipsum
1766 2583 2031 2641 humilia-.

449 2677 552 2741 vit,
610 2686 664 2731 et
721 2675 1157 2745 quandoquidem
1203 2673 1346 2728 fasto
1391 2683 1445 2728 et
1490 2674 1802 2744 arrogantia
1844 2674 2031 2730 elatus.

447 2779 592 2832 erat,
627 2767 839 2822 merito
857 2775 930 2819 se'
947 2765 1280 2820 sustinuisse
1304 2764 1440 2818 dixit
1468 2779 1672 2834 eaquae
1697 2774 2016 2834 passusest.

517 2859 586 2913 Et
625 2857 908 2912 demissum
936 2857 1102 2910 oculis
1139 2856 1381 2911 saluabit.
1428 2855 1540 2910 lloc
1587 2864 1692 2919 est,
1743 2855 2022 2911 humiliter

447 2955 514 3008 de
541 2967 600 3006 se
629 2950 978 3012 sentientem,
1005 2957 1060 3003 et
1087 2949 1236 3002 humi
1269 2947 1455 3010 oculos
1499 2948 1748 3017 ﬁgentem
1795 2958 2021 3017 propter

447 3048 688 3102 animum
722 3040 849 3098 mali
892 3041 995 3096 sibi
1031 3040 1331 3100 conscium.
1358 3054 1421 3094 ac
1464 3038 1672 3093 ﬁduciae
1715 3047 2016 3106 expertem,

2130 1955 2218 1992 ναι
2242 1938 2441 2007 φωτός·
2472 1937 2504 2012 ἢ
2532 1939 2627 1992 καὶ
2659 1939 2717 1992 αἱ
2755 1937 2980 2010 πράξεις
3011 1953 3105 1990 σου
3134 1936 3392 2006 λαμπραὶ
3420 1937 3522 1988 καὶ
3548 1936 3702 1987 ἐπίδο-

2131 2027 2210 2094 ξοι
2239 2027 2471 2083 ἔσονται.

2198 2292 2324 2351 Ὅτι
2356 2297 2762 2354 ἐταπείνωσεν
2803 2299 3050 2366 ἑαυτὸν,
3092 2301 3189 2354 καὶ
3236 2298 3396 2370 ἐρεῖς
3420 2318 3435 2332 ·
3481 2303 3693 2371 τείνει-η-

2121 2393 2484 2460 φανεύσατο.
2523 2393 2611 2456 Ὠς
2641 2393 2738 2463 μὲν
2769 2394 2897 2468 περὶ
2925 2394 3112 2466 ἐτέρου
3135 2395 3285 2448 δοκεῖ
3315 2394 3504 2463 λέγειν
3526 2413 3540 2425 ·
3581 2399 3694 2466 πρὸς

2119 2483 2174 2537 δὲ
2197 2484 2287 2536 τὸν
2325 2483 2444 2536 ’1ὼό
2475 2486 2504 2537 ὁ
2542 2484 2717 2552 λόγος.
2749 2471 2848 2538 Διὰ
2892 2485 3048 2539 τοῦτο
3071 2527 3085 2550 ,
3119 2489 3284 2558 φησὶν
3305 2529 3320 2551 ,
3358 2488 3516 2540 ἐσται
3541 2489 3697 2542 ταῦτα

2119 2574 2197 2645 τῷ
2231 2576 2596 2646 μετανοοῦντι,
2637 2577 2718 2630 ὅτι
2747 2578 3107 2631 ἐταπείνωσεν
3147 2580 3376 2642 ἑαυτὸν,
3413 2580 3514 2632 καὶ
3539 2580 3690 2644 εἶπεν,

2118 2667 2198 2721 ὅτι
2231 2667 2450 2732 ἐνδίκως
2475 2669 2634 2734 αὐτὸς
2656 2668 2861 2722 ὑπέσττι
2892 2669 2927 2723 ἃ
2951 2669 3236 2735 πέπονθεν,
3268 2671 3464 2742 ἐπειδὴ
3501 2672 3693 2742 9:35;;-

2119 2758 2440 2830 φανεύεατο.
2714 2796 2721 2801 -
2752 2794 2754 2796 -
2859 2794 2865 2798 -
3141 2811 3148 2816 _
3393 2825 3402 2831 ἣ

2191 2850 2304 2906 Καὶ
2331 2851 2601 2920 στύφοντα
2630 2847 2958 2918 ὀφθαλμοῖς
2979 2845 3185 2900 σώσει.
3212 2844 3478 2897 Τουτέστι
3510 2842 3597 2894 τὸν
3622 2859 3694 2895 ται

2124 2943 2467 3015 πεινόφρονα,
2501 2943 2592 2996 τὸν
2627 2941 2778 2995 κάτω
2808 2939 3071 3010 βλέποντα
3095 2937 3181 2990 διὰ
3203 2936 3265 2989 τὺ
3291 2933 3691 3002 δυσευνείδητον

2119 3038 2215 3091 καὶ
2247 3035 2698 3110 ἀπαρρησίαστον
2719 3075 2734 3100 ,
2766 3032 3016 3103 καθάπερ
3051 3033 3079 3084 ὁ
3129 3031 3186 3082 ἐν
3211 3033 3326 3093 τοῖς
3355 3024 3690 3095 Eii-«775150;;

446 3136 896 3207 quemadmodum
921 3132 1242 3202 publicanus
1261 3131 1311 3184 in
1334 3129 2011 3200 Evangeliisjustiticatus.

2133 3127 2427 3191 5ικαιωοεὶς
2453 3126 2710 3198 τελώνης.

1025 3221 1173 3276 CAP.
1219 3219 1429 3275 XXVII.

519 3319 684 3373 Vens.
718 3320 770 3372 1.
812 3316 999 3374 Adhuc
1053 3325 1226 3367 autem
1279 3311 1382 3365 Job
1451 3310 1706 3379 adjiciam
1766 3310 2017 3377 praemio

443 3413 602 3468 disil.
635 3408 910 3473 Diabolus,
939 3416 1208 3478 potestate
1234 3413 1479 3473 accrpta,
1513 3403 1744 3473 primum
1796 3400 2012 3471 quidem

443 3504 818 3567 extrinsecus,
865 3500 1063 3555 deinde
1099 3498 1268 3567 plagis
1307 3497 1520 3564 corpori
1561 3493 1806 3559 inﬂictis,
1855 3490 2019 3563 505

447 3613 511 3650 ac
546 3605 734 3664 postea
762 3606 861 3662 per
884 3590 1115 3654 amicos,
1141 3587 1335 3642 Jobum
1363 3589 1480 3643 dies
1510 3596 1563 3642 et
1589 3595 1776 3655 noctes
1803 3584 2016 3640 crucia-

451 3687 598 3741 tibus
646 3683 973 3755 exploravit.
1029 3681 1322 3750 Postquatn
1383 3679 1528 3736 enim
1581 3692 1677 3748 per
1716 3674 2013 3746 conjugem

441 3781 688 3838 animum
715 3778 838 3848 ejus
866 3783 1252 3846 pertentasset,
1277 3782 1332 3827 et
1358 3772 1771 3837 invictumeum
1800 3784 2017 3841 perma-

441 3886 575 3928 nere
621 3871 1000 3941 cognovisset,
1053 3867 1260 3921 amicos
1317 3875 1431 3920 tres
1474 3865 1540 3918 ad
1592 3879 1715 3918 eum
1764 3862 2022 3930 adduxit,

440 3979 550 4018 non
594 3964 865 4028 inimicos,
913 3976 1089 4030 neque
1126 3959 1386 4014 insidiosa
1449 3958 1702 4027 dogma-ta
1747 3954 2025 4022 foventes”

439 4055 537 4110 sed
567 4055 658 4123 qui
685 4067 966 4108 sermones
1010 4065 1194 4112 veros,
1242 4049 1366 4103 licet
1417 4049 1600 4102 minus
1641 4048 1888 4116 apposite
1919 4061 2015 4101 ne-

441 4161 548 4216 que
579 4156 822 4216 tempore
859 4152 1164 4213 opportuno
1192 4140 1437 4209 prolatos
1478 4139 1906 4207 usurpaverint;
1949 4153 2014 4193 ac

441 4250 539 4304 per
572 4235 670 4290 hos
711 4243 768 4288 ut
789 4232 971 4301 justus
1001 4240 1190 4284 contra
1235 4228 1645 4300 Providentiam
1685 4228 1888 4297 aliquid
1915 4229 2011 4297 _lo-

396 4366 400 4369 .
442 4336 728 4395 queretur,
794 4332 1015 4394 propter
1047 4333 1337 4378 aerumnas
1386 4326 1442 4372 et
1487 4316 1764 4372 molestias
1811 4319 2019 4389 impius,

438 4419 697 4472 evaderet
717 4458 732 4485 ,
763 4426 819 4472 et
851 4413 1054 4469 doloris
1081 4411 1380 4465 acerbitate
1425 4408 1604 4481 victus.
1631 4409 1872 4464 animum
1918 4411 2012 4466 dc-

2738 3220 2876 3272 ΚΕΦ
2893 3258 2906 3271 .
2937 3221 3063 3273 KZ'.

2199 3314 2324 3368 Ἔτι
2355 3312 2423 3366 δὲ
2451 3312 2734 3381 προσθεὶς
2767 3311 2897 3366 Ἰὼϐ
2913 3310 2992 3377 τῷ
3020 3308 3308 3378 προοιμίῳ
3331 3301 3524 3359 εἶπεν.
3551 3301 3687 3355 Ἐλι-

2124 3406 2217 3459 6εν
2263 3405 2508 3472 ἐξουσίαν
2551 3404 2643 3458 τοῦ
2687 3403 2804 3457 ’1ὼὸ
2835 3406 2862 3456 ό
2897 3402 3138 3464 διάὒολος
3165 3400 3259 3452 καὶ
3302 3399 3507 3469 ἧτασεν
3543 3395 3686 3448 ditt-4

2123 3497 2314 3559 νυκτὸς
2358 3497 2452 3549 καὶ
2488 3497 2734 3569 ἡμέρας·
2770 3496 3031 3566 πρότερον
3087 3493 3187 3564 μὲν
3232 3492 3321 3544 διὰ
3368 3489 3481 3542 τῶν
3514 3484 3683 3546 ἐκτός·

2124 3586 2348 3659 ὕστερον
2377 3587 2433 3640 δέ
2467 3586 2532 3639 δι’
2577 3584 2738 3639 αὑτοῦ
2770 3585 2863 3638 τοῦ
2899 3583 3179 3653 σώματος·
3222 3581 3358 3652 μετὰ
3401 3578 3575 3632 ταῦτα
3609 3574 3686 3626 καὶ

2121 3678 2208 3731 διὰ
2249 3678 2354 3731 τῶν
2390 3678 2575 3748 φίλων.
2614 3679 2739 3730 Ὅτε
2780 3675 2887 3748 γὰρ
2933 3675 3093 3728 αὑτὸν
3142 3671 3431 3742 ἐδοκίμαζε
3469 3669 3555 3723 διὰ
3602 3669 3686 3737 τῆς

2123 3771 2379 3841 γυναικὸς
2399 3811 2413 3834 ,
2446 3761 2540 3823 καὶ
2575 3765 2711 3822 οἶδεν
2734 3808 2749 3832 ,
2779 3769 2859 3821 ὅτι
2903 3769 2962 3820 οὐ
2989 3765 3268 3836 νενίκηται
3311 3766 3339 3816 ὁ
3377 3762 3521 3826 Ἱὼό,
3553 3763 3686 3832 τβξ

2123 3863 2306 3934 φίλους
2337 3863 2567 3933 ῆνεγκεν
2587 3900 2601 3923 ,
2629 3861 2729 3913 οὐκ
2758 3859 3003 3931 ἐχθροὺς,
3035 3857 3135 3910 οὐκ
3167 3855 3431 3910 ἐπίϐουλα
3461 3854 3684 3924 δόγματα

2121 3957 2368 4028 ἔχοντας’
2405 3953 2517 4008 ἀλλ’
2545 3953 2764 4025 ἀληθεῖς
2793 3951 2889 4024 μὲν
2916 3951 3129 4020 λόγους,
3161 3951 3224 4002 οὐ
3253 3948 3434 4009 καλῶς
3461 3947 3516 3998 δέ
3534 3988 3548 4009 ,
3577 3943 3681 3996 οὐδὲ

2121 4051 2177 4102 ἐν
2202 4037 2912 4120 καιρῷλπροσφερομένους·
2953 4045 3046 4096 καὶ
3088 4042 3338 4094 ἐϐούλετο
3376 4039 3465 4091 διὰ
3497 4039 3680 4090 τούτων

2121 4141 2342 4210 ποιῆσαι
2390 4139 2480 4192 τὸν
2521 4121 2726 4192 δίκαιον
2773 4136 3107 4207 φθέγξασθαι
3143 4153 3197 4188 τι
3239 4134 3377 4187 κατὰ
3421 4132 3518 4201 τῆς
3555 4133 3681 4200 Προ-

2120 4233 2302 4297 νοίας·
2353 4231 2617 4303 ἀσεϐῆσαι
2659 4231 2746 4285 διὰ
2796 4231 2924 4294 τοὺς
2982 4228 3209 4292 πόνους’
3258 4225 3563 4294 ἐκκακῆσαι
3603 4223 3677 4276 διὰ

2119 4324 2216 4388 τὰς
2245 4324 2567 4395 ἁλγηδόνας’
2598 4323 2713 4378 ἀλλ’
2750 4325 2778 4376 ὁ
2811 4321 3034 4394 στερρὸς
3057 4320 3276 4391 ἀδάμας
3309 4315 3480 4382 οὗτος,
3513 4320 3609 4387 ripe
3631 4315 3678 4366 τι

2119 4417 2267 4486 λέγει
2317 4415 2456 4486 μετὰ
2495 4417 2620 4478 τοὺς
2666 4409 2857 4483 λόγους
2896 4413 3004 4467 τῶν
3043 4411 3245 4484 τριῶν,
3282 4411 3371 4464 ὅτε
3421 4410 3622 4462 ἐτῇιεσε
3651 4407 3676 4456 ὁ

438 4507 750 4575 Sponderet,
797 4504 958 4564 enixe
1002 4501 1406 4560 contendebat:
1454 4512 1643 4552 verum
1671 4507 1787 4566 post
1816 4499 2010 4554 horum

2133 4508 2355 4576 Ἐλιφὰζ
2386 4510 2534 4578 τρεῖς
2582 4507 2848 4572 διαλέξεις
2872 4545 2884 4567 ,
2921 4508 2949 4559 ὁ
2988 4503 3195 4557 Βαλδὰδ
3222 4505 3369 4574 τρεῖς
3393 4543 3410 4568 ,
3437 4501 3466 4553 ό
3506 4497 3672 4564 Σῡᾷᾶρ

442 4597 601 4650 trium
641 4611 945 4661 sermones,
989 4602 1272 4663 postquam
1322 4590 1613 4661 Eliphazus
1655 4599 1765 4646 tres
1807 4591 2007 4646 disser-

443 4693 692 4757 tationes,
726 4689 998 4746 Baldadns
1026 4698 1160 4753 tres,
1217 4696 1269 4742 ct
1321 4685 1601 4754 Sopharns
1647 4685 1782 4760 deas
1825 4667 2017 4741 absol-I

440 4784 627 4848 visset,
651 4783 777 4838 vide
800 4785 929 4854 quid
960 4782 1149 4846 lirmus
1177 4781 1266 4834 hic
1301 4781 1528 4842 adamas
1566 4778 1730 4834 dicat.

505 4871 670 4929 VERS.
711 4873 763 4928 6.
808 4872 1077 4942 Neclenim
1109 4869 1347 4925 conscius
1375 4885 1492 4922 sum
1525 4868 1654 4921 mihi
1687 4868 2012 4922 commisisse

435 4967 692 5022 absurda.
737 4965 851 5020 lloc
883 4965 1045 5020 etiam
1089 4963 1292 5018 Paulus
1316 4971 1512 5032 postea
1548 4961 1762 5018 locutus
1797 4971 1912 5026 est,
1957 4972 2024 5030 et,

831 5071 850 5106 ‹
877 5053 982 5110 Sed
1025 5067 1132 5108 non
1172 5068 1266 5122 per
1297 5054 1399 5107 hoc
1433 5051 1764 5121 justificatus
1805 5066 1947 5106 sum.
1986 5069 2026 5120 ι,

443 5146 634 5216 Magna
663 5144 769 5199 fuit
796 5144 895 5198 viri
917 5144 1050 5214 justi
1085 5143 1288 5200 ﬁducia,
1316 5151 1537 5214 propter
1567 5142 1690 5196 vita:
1715 5150 1847 5197 ante
1875 5154 2016 5206 acta:

431 5055 640 5112 addidit
683 5055 725 5087 “
769 5072 788 5108 .:

436 5239 828 5304 innocentiam,
856 5247 910 5290 et
935 5253 997 5291 ea
1031 5250 1154 5306 qua:
1188 5235 1516 5290 calamitatis
1550 5246 1792 5305 tempore
1828 5249 2008 5305 gesse-

434 5341 540 5397 rat,
576 5332 649 5387 ita
686 5341 744 5386 ut
771 5330 990 5394 dixerit,
1022 5327 1232 5382 Nullius
1265 5327 1394 5382 mihi
1433 5328 1688 5382 conscius
1723 5342 1863 5382 sum.

1033 5421 1182 5477 CAP.
1223 5419 1410 5474 XXIX.

505 5514 668 5573 Vens.
709 5517 764 5573 9.
805 5514 872 5569 Et
897 5523 1129 5585 potentes
1154 5520 1482 5564 cessaverunt
1510 5511 1674 5580 loqui.
1703 5510 1794 5567 Vel
1814 5526 2007 5567 secun—

435 5606 561 5662 dum
612 5609 836 5664 aliorum
891 5605 1425 5677 interpretationem,
1486 5621 1503 5652 ι
1536 5603 1826 5672 print-ipes.
1860 5623 1880 5659 ι
1939 5603 2004 5658 lli

507 5791 545 5820 “
580 5791 716 5847 Phil.
749 5811 808 5860 ιι,
852 5796 931 5848 15.
1017 5796 1057 5825 ¹²
1097 5795 1110 5847 l
1147 5793 1270 5848 Cor.
1324 5807 1395 5855 tv,
1451 5789 1504 5844 4.

2118 4595 2230 4651 δύο.

2193 4880 2275 4930 Οὺ
2301 4878 2412 4946 γὰρ
2457 4873 2708 4928 σύνοιδα
2743 4870 2976 4941 ἐμαυτῷ
3013 4870 3206 4924 ἄτοπα
3244 4868 3485 4938 πράξας.
3513 4865 3670 4918 τοῦτο

2121 4969 2214 5023 καί
2259 4968 2466 5032 Παῦλος
2509 4967 2732 5034 ὕστερον
2778 4963 3115 5032 ἐφθέγξατο,
3172 4964 3268 5016 καὶ
3317 4959 3663 5032 προσέθηκεν·

2118 5079 2136 5112 ι
2185 5060 2322 5113 Ἀλλ’
2354 5062 2454 5113 οὑκ
2494 5061 2552 5111 ἐν
2598 5057 2770 5126 τούτῳ
2799 5054 3169 5124 δεδικαίωμαι.
3212 5073 3230 5105 ι
3262 5051 3433 5121 Πολλὴ
3470 5053 3499 5121 ἡ
3537 5050 3664 5117 παρ-

2114 5152 2276 5222 ρησία
2303 5150 2398 5205 τοῦ
2427 5150 2636 5204 δικαίου
2670 5149 2764 5203 καὶ
2792 5148 2884 5201 ἐπὶ
2916 5145 2992 5217 τῷ
3023 5146 3277 5218 προτέρῳ
3320 5145 3443 5216 βίῳ,
3471 5143 3555 5195 καὶ
3582 5141 3663 5192 ἐπὶ

2108 5246 2223 5305 τοῖς
2252 5243 2407 5296 κατὰ
2427 5242 2518 5294 τὸν
2556 5241 2742 5310 καιρὸν
2784 5241 2883 5310 τῆς
2916 5239 3292 5311 περιστάσεως
3314 5278 3327 5300 ,
3357 5236 3488 5288 ὥστε
3516 5232 3661 5287 αὐτὸν

2111 5335 2314 5387 εἰπεῖν’
2352 5334 2515 5388 Οὐδὲν
2546 5331 2766 5404 ἐμαυτῷ
2795 5331 3030 5384 σύνοιδα.

2735 5425 2904 5476 ΚΕΨ.
2940 5423 3066 5476 Κθυ.

2197 5519 2386 5588 Ἀδροὶ
2427 5518 2494 5572 δὲ
2529 5519 2872 5572 ἐπαύσαντο
2919 5514 3278 5582 λαλοῦντες.
3318 5513 3383 5566 Ἥ
3420 5509 3545 5564 κατὰ
3567 5507 3654 5575 τὴν

2111 5611 2218 5665 τῶν
2248 5611 2446 5666 λοιπῶν
2472 5610 2678 5665 ἔκδοσιν
2743 5629 2761 5661 ι
2803 5611 2850 5664 οἱ
2881 5607 3160 5681 ἄρχοντες.
3203 5628 3221 5660 ι
3252 5598 3403 5662 Οὗτοι
3428 5614 3654 5672 παραχω-
