3870 6540
298 413 428 468 “Ml

1637 419 1942 477 SELECTA
1978 419 2043 475 ΙΝ
2079 419 2214 478 ,1οΒ.

3387 427 3407 478 1
3420 426 3523 482 01⁸3

299 530 516 601 ροῦντες
548 532 625 603 τῷ
655 531 847 605 δικαίῳ
871 532 965 588 τοῦ
993 534 1172 604 λόγου,
1221 535 1373 589 αὑτοὶ
1404 535 1567 589 αὑτοῦ
1601 537 1854 610 παρόντος

1971 548 2295 608 potestatem
2351 536 2603 606 loquendi
2644 537 2790 603 justo
2825 535 3222 600 concedentes,
3270 544 3532 604 praesente

295 625 513 679 ἐσίγων.

365 643 378 678 ι
419 643 513 679 ων.

363 643 676 770 ἔιὶκτυλον
709 715 1012 783 ἐπιθέντες
1045 717 1142 771 ἐπὶ
1177 717 1256 783 τῷ
1282 719 1548 787 στόματι.
1583 718 1730 784 Δόξει
1763 719 1861 790 μὲν

291 803 384 861 οὖν
416 809 762 879 κα“ι.σημεῖον
788 803 927 862 εἶναι
959 810 1170 880 σιωπῆς
1194 810 1276 874 τὸ,
1315 810 1574 865 δάκτυλον
1600 811 1860 864 ἐπιθεῖναι

291 899 385 951 ἐπὶ
422 899 498 970 τῷ
530 899 758 971 στόματι
779 917 791 931 ’
822 901 963 971 τάχα
997 901 1052 954 δὲ
1077 941 1092 963 ,
1123 903 1244 955 ἐπεὶ
1288 903 1322 973 ἡ
1367 901 1487 974 χεὶρ
1523 904 1642 957 ἀντὶ
1685 904 1860 975 ἔργων

290 989 645 1059 λαμϐάνεται,
673 989 842 1062 δηλοῖ,
871 991 952 1044 ὅτι
980 990 1038 1042 τὸ
1066 989 1223 1061 ἔργον
1247 991 1424 1045 αὑτῶν
1455 992 1650 1064 ἐφῖμου
1680 993 1876 1052 αὑτοῖς-

287 1082 356 1146 τὰ
391 1081 566 1154 χείλη,
589 1082 684 1136 καὶ
716 1085 877 1136 οἱονεὶ
902 1083 1094 1155 δεσμός
1117 1102 1198 1146 τις
1219 1083 1296 1154 τῷ
1324 1082 1549 1155 στόματι
1573 1084 1821 1137 ἐπέκειτο
1843 1100 1855 1115 ·

288 1173 606 1246 ᾐσϐήθησαν
629 1175 754 1247 γὰρ,
773 1176 854 1229 ὅτι
877 1177 976 1230 οὑκ
1009 1177 1146 1229 εἰσὶν
1170 1175 1306 1240 ἄξιοι
1325 1175 1418 1228 τοῦ
1445 1175 1646 1241 λαλεῖν,
1668 1175 1862 1246 παρόν-

286 1261 380 1328 τος
404 1261 497 1318 τοῦ
527 1265 671 1332 Ἰὼϐ,
703 1266 929 1338 ’μείζονα
957 1266 1094 1340 ἔργα
1126 1267 1502 1337 πεποιηκότος,
1526 1267 1680 1320 αὑτοὶ
1705 1267 1859 1336 ὀλίγα

288 1360 635 1430 πεπραχότες
659 1377 672 1390 ·
697 1362 726 1413 ό
747 1360 854 1433 γὰρ
881 1359 1140 1425 δάκτυλος
1161 1360 1260 1432 τὴν
1284 1360 1571 1431 ἐλαχίστην
1606 1359 1866 1431 σημαίνει·

287 1447 486 1516 πρᾶξιν
512 1450 606 1502 καὶ
639 1449 938 1522 ἐνέργειαν.

360 1541 762 1617 Δικαιοσύνην
795 1541 862 1595 δὲ
887 1541 1246 1596 ἑγδεὸὐκειν.
1274 1543 1447 1596 Καλὸν
1478 1544 1680 1614 χιτῶνα
1718 1543 1857 1612 ὑφα-

285 1647 377 1688 νεν
413 1632 590 1703 ἐαυτῷ
623 1617 670 1686 ’ό
715 1632 861 1701 Ἰὼϐ,
909 1635 995 1688 ἵνα
1034 1634 1318 1706 ἐνδύσηται
1370 1636 1468 1706 τὴν
1512 1627 1858 1707 δικαιοσύνην

286 1725 413 1778 ἀντὶ
440 1724 682 1796 χιτῶνος.
719 1725 822 1779 Ἰδε
854 1726 1017 1780 αὐτοῦ
1043 1727 1134 1780 καὶ
1161 1727 1221 1780 τὸ
1263 1727 1473 1797 ἱμάτιον
1497 1744 1510 1758 ·
1544 1727 1855 1798 δικαιοσύνη

284 1818 313 1870 ὁ
339 1815 504 1887 χιτών
522 1833 535 1846 ·
562 1819 734 1888 κρῖμα
760 1819 792 1888 ή
826 1817 1050 1882 διπλοῖς.

905 1911 1038 1962 ΚΕΦ
1062 1949 1075 1964 .
1111 1911 1233 1965 AB’.

372 2002 655 2069 Φοϐηθεὶς
697 2000 804 2056 τοῦ
846 2001 988 2071 ὑμῖν
1034 2003 1379 2074 ἀναγγεῖλαι
1430 2004 1544 2074 τὴν
1597 2005 1858 2074 ἐμαυτοῦ

283 2089 643 2161 ἐπιστήμην.
708 2095 1133 2162 Ἐπαγγέλλεται
1190 2097 1369 2167 μέντοι
1414 2116 1432 2148 ι
1479 2099 1788 2170 ἐπιστήμην
1834 2117 1852 2148 ι

237 2238 260 2252 ,
280 2181 433 2252 ἔχειν
456 2223 470 2246 ,
572 2223 586 2247 ,
618 2185 758 2238 κατὰ
783 2187 909 2250 τοὺς
937 2186 1157 2251 λοιποὺς
1183 2227 1197 2252 ,
1233 2208 1250 2238 ι
1289 2189 1488 2258 γνῶσιν
1511 2229 1524 2253 ,
1567 2209 1584 2241 ι
1624 2190 1740 2253 πῶς
1768 2189 1860 2251 ἄνα

279 2274 495 2345 Θρωποι
546 2276 843 2346 πάσχουσιν
903 2279 960 2331 ἐν
1022 2279 1100 2350 τῷ
1151 2280 1278 2350 βίῳ·
1333 2281 1450 2346 πῶς
1499 2299 1643 2346 τινες
1686 2283 1858 2336 ἄδικοι

282 2365 618 2435 εὐτυχοῦσιν.
683 2364 838 2420 Εἶδον
908 2367 1224 2434 ἀδικοῦντας
1285 2372 1379 2424 καὶ
1457 2373 1856 2444 παρανομοῦν-

281 2478 423 2524 τας,
490 2460 881 2542 εὑθηνοῦντας,
955 2465 1047 2517 καὶ
1106 2463 1238 2535 ἐμοῦ
1313 2467 1663 2538 παραμικρὸν
1722 2469 1856 2520 ἐσαι

283 2551 645 2624 Αεύθησανοοὶ
714 2553 901 2618 πόδες,
949 2554 1044 2608 ἐὰν
1102 2557 1160 2610 ἐν
1200 2554 1278 2628 τῷ
1339 2556 1439 2627 βίῳ
1489 2561 1662 2628 τούτῳ
1713 2557 1858 2629 μόνῳ

283 2644 474 2697 ἐνίδω·
505 2644 598 2698 ἐὰν
631 2645 686 2697 δὲ
720 2645 779 2696 τὸ
824 2645 1013 2716 μέλλον
1051 2649 1326 2720 ὲννοήσω,
1360 2631 1593 2713 έστῶτὲς
1627 2651 1763 2703 εισιν
1809 2653 1856 2703 οι

266 2736 447 2799 πόδες
479 2754 599 2806 μου.
721 2770 724 2773 -
1171 2763 1176 2768 ο

363 2827 460 2880 Διὸ
508 2825 676 2881 εἷπαο
730 2830 1053 2884 Ἀκούσατέ
1111 2850 1250 2901 μου.
1297 2834 1498 2904 Ἔτερά
1549 2833 1858 2908 ἀντίγραφα

277 2920 429 2991 μετὰ
455 2921 513 2974 τὸ
544 2937 562 2972 ι
604 2922 742 2992 Ἐρῶ
770 2923 875 2995 γὰρ
900 2924 1050 2993 ὑμῶν
1084 2925 1405 2989 ἀκουόντων,
1443 2944 1460 2977 ι
1484 2926 1707 2996 ἔχεικαὶ
1728 2927 1857 2980 τού-

275 3029 412 3076 τους
460 3012 708 3083 στίχους·
761 3033 779 3064 ι
847 3015 975 3068 Ἰδοὺ
1025 3017 1232 3085 ἤκουσα
1272 3017 1396 3080 τοὺς
1444 3016 1633 3084 λόγους
1680 3017 1854 3088 ὑμῶν,

284 3103 635 3174 ηνωτισάμην
663 3106 788 3175 ἄχρι
819 3107 1084 3170 συνέσεως
1116 3108 1288 3177 ὑμῶν.
1329 3127 1347 3159 ι
1379 3110 1442 3161 Ui
1469 3108 1525 3161 δὲ
1559 3109 1732 3180 ἕτεροι
1767 3111 1857 3182 ἐρ-

282 3198 550 3266 μηνευταὶ
586 3195 758 3261 οὕτως
800 3198 1158 3254 ἐκδεδὼκασιν
1184 3217 1197 3230 ·
1251 3220 1270 3251 ι
1321 3201 1483 3265 Ἰδοὺ,
1525 3202 1854 3274 ἐξεδεξάμην

287 3286 410 3350 τοὺς
453 3284 638 3354 λόγους
678 3287 849 3358 ὑμῶν’
887 3291 1243 3361 ἠκροασάμην
1281 3292 1365 3360 ἐφ’
1396 3293 1517 3346 ὅσον
1557 3296 1851 3366 ἐφρονεῖτε,

280 3375 368 3446 ἐφ’
403 3381 524 3432 ὅσον
556 3380 840 3450 ἐξητάζετε
869 3382 1058 3451 λόγους
1081 3423 1094 3446 ,
1125 3385 1220 3438 καὶ
1253 3386 1411 3457 μέχρι
1442 3388 1535 3441 τοῦ
1566 3389 1852 3458 ἐφικέσθαι

279 3470 457 3540 ὑμῶν,
489 3471 746 3526 ἐνενόουν.
788 3493 806 3524 ι
846 3475 1000 3528 Κατὰ
1036 3477 1132 3546 μὲν
1161 3474 1254 3530 οὖν
1283 3478 1486 3550 ταύτην
1515 3481 1612 3552 τὴν
1643 3481 1853 3537 ἔκδοσιν

259 3563 378 3616 -καὶ
407 3562 475 3615 τὰ
498 3563 662 3634 ἕτερα
691 3565 798 3618 τῶν
831 3567 1178 3640 ἀντιγράφων
1200 3609 1214 3631 ,
1249 3571 1456 3642 ’Ὠσπερ
1477 3613 1490 3634 ,
1525 3574 1707 3643 φησὶν,
1745 3575 1854 3644 ἐγὼ

278 3653 404 3724 μεθ’
426 3656 654 3726 ἡσυχίας
677 3657 881 3728 ἤκουσα
910 3659 1122 3712 πάντων
1147 3656 1220 3714 ὧν
1245 3662 1453 3727 εἴπατε,
1479 3667 1570 3719 καὶ
1596 3667 1855 3738 ἀνέμεινα

277 3745 446 3817 μέχρι
477 3749 934 3831 συμπεράσματος
961 3751 1067 3804 τῶν
1097 3753 1372 3824 ὑμετέρων
1401 3755 1573 3824 λόγων
1599 3775 1613 3787 ·
1639 3760 1730 3812 καὶ
1751 3759 1855 3823 ἕως

259 3839 366 3890 ’ὅτε
403 3840 584 3892 πᾶσαν
607 3841 811 3894 ἑαυτῶν
839 3843 941 3914 τὴν
961 3843 1218 3914 φρόνησιν
1244 3845 1516 3918 κενὼσητε
1541 3865 1554 3877 ·
1582 3849 1674 3900 καὶ
1699 3850 1853 3919 ὑμεῖς

282 3928 391 3982 τῶν
425 3928 572 3998 ἐμῶν
598 3930 862 3984 ἀκούσατε
906 3932 1097 4001 λόγων.
1146 3935 1300 3988 Κατὰ
1345 3935 1401 3989 δὲ
1442 3936 1510 3990 τὰ
1557 3942 1684 4010 παρ’
1721 3941 1853 4010 ἡμῖν

277 4019 584 4090 ἀντίγραφα
612 4024 640 4076 ὁ
665 4023 789 4087 νοῦς
821 4019 972 4089 οὗτος
995 4042 1007 4053 ·
1057 4026 1347 4082 Ἀκούσατέ
1370 4047 1490 4099 μου,
1517 4031 1680 4102 φησιν
1702 4050 1714 4062 ο
1744 4033 1854 4104 ἐρῶ

284 4113 390 4184 γὰρ
432 4113 583 4165 οὐδὲν
632 4115 936 4187 ὑπέρογκον
961 4156 976 4180 ,
1017 4117 1130 4171 ἀλλ’
1173 4119 1207 4172 ἃ
1268 4119 1494 4172 δύνασθε
1537 4121 1848 4193 δοκιμάσαι.

277 4219 300 4252 ‹
342 4203 454 4256 Καὶ
485 4204 674 4276 μέχρις
709 4206 861 4276 ὑμῶν
892 4210 1124 4280 συνήσω,
1169 4229 1186 4260 ι
1217 4210 1337 4263 ἀντὶ
1361 4211 1476 4272 τοῦ,
1510 4213 1584 4267 Ut)
1616 4230 1852 4283 κενοφω-

281 4293 419 4358 aiat;
449 4297 758 4367 χρήσομαι,
810 4297 924 4351 ἀλλ’
967 4298 1043 4362 ὡς
1087 4299 1314 4352 δύνασθε
1349 4303 1582 4356 συνιέναι
1615 4279 1848 4374 λαλήσω.

278 4384 350 4437 ⁴11
381 4387 555 4439 ἐκεῖνό
584 4404 767 4458 φησιν,
798 4389 898 4454 ὅτι,
938 4391 1012 4444 Οὑ
1049 4393 1308 4463 πρότερον
1347 4395 1451 4448 ποιύ
1466 4412 1624 4465 τομαι
1655 4395 1848 4461 λαλῶν,

281 4474 408 4543 πρὶν
437 4473 470 4542 ἢ
497 4477 590 4528 καὶ
622 4476 780 4546 ὑμεῖς
807 4479 932 4540 τοὺς
959 4479 1122 4548 ἐμοὺς
1155 4479 1487 4552 δοκιμάσητε
1534 4481 1722 4550 λόγους
1741 4522 1756 4544 ,
1803 4485 1851 4536 εἰ

277 4563 386 4632 ἆρα
411 4561 566 4630 κάγὼ
589 4565 822 4618 συνιέναι
847 4565 1081 4638 δύναμαι
1120 4588 1137 4618 ι
1173 4569 1365 4640 μέχρις
1399 4571 1554 4641 ὑμῶν
1581 4609 1594 4631 ,
1638 4591 1655 4622 ι
1691 4590 1848 4626 τουτ-

279 4653 429 4718 έστι,
474 4654 663 4726 μέχρις
694 4649 754 4708 οὗ
786 4657 880 4709 καὶ
913 4658 1070 4728 ὑμεῖς
1114 4661 1401 4732 ἐννοήσητε
1425 4704 1437 4726 ,
1475 4662 1506 4731 ἦ
1549 4666 1639 4716 καὶ
1681 4664 1848 4736 ὑπερ-

243 4779 252 4783 -
279 4745 458 4799 όάλλω
490 4747 587 4818 τὴν
619 4747 890 4818 ὑμετέραν
925 4749 1157 4818 σύνεσιν.

269 5075 278 5082 ,
342 5019 592 5088 Πλήρης
613 5021 722 5091 γάρ
743 5024 856 5093 ειμι
868 5024 1166 5095 ῥημάτων.
1193 5027 1386 5091 Καλῶς
1413 5022 1534 5080 εἶπε
1561 5027 1641 5091 τὸ,
1663 5046 1680 5077 ‹
1712 5027 1847 5099 πλή-

271 5127 376 5181 ρης
403 5112 520 5182 εἰμί
543 5128 558 5143 ⁸
600 5133 617 5164 ι
654 5116 682 5167 ὁ
719 5114 826 5186 γὰρ
856 5116 929 5187 μὴ
959 5117 1171 5192 πλήρης
1203 5117 1279 5170 ὢν
1315 5119 1594 5190 ῥημάτων,
1641 5120 1733 5174 κα.)⁸
1759 5121 1848 5190 ἐρ-

269 5202 504 5272 χόμενος
535 5204 629 5257 ἐπὶ
671 5205 729 5257 τὸ
757 5206 958 5274 λαλεῖν,
986 5209 1115 5263 κενὰ
1140 5211 1362 5281 λαλήσει
1399 5210 1473 5273 ὡς
1506 5212 1678 5276 κενὸς,
1707 5213 1848 5266 κατὰ

274 5291 329 5344 τὸ
373 5293 695 5363 εἰρημένονο
728 5315 745 5345 ι
790 5295 847 5349 '0
872 5296 976 5367 γὰρ
1010 5299 1188 5368 μωρὸς
1223 5299 1381 5372 μωρὰ
1421 5301 1663 5373 λαλήσει,
1695 5305 1847 5374 καὶὴ

267 5383 473 5454 σιαρδία
502 5385 665 5439 αὑτοῦ
703 5386 905 5458 μάταια
926 5391 1125 5460 νοήσει.
1159 5409 1177 5442 ι

347 5475 577 5530 ὐλέκει
600 5477 710 5547 γάρ
733 5497 809 5548 με
833 5481 899 5534 τὸ
933 5483 1166 5552 πνεῦμα
1197 5481 1306 5551 τῆς
1327 5487 1604 5553 γαστρός.
1638 5486 1846 5558 Ὥσπερ

269 5587 353 5633 τις
400 5569 597 5636 ἔγκυος
635 5573 870 5640 γίνεται,
907 5576 998 5629 καὶ
1037 5577 1411 5648 μορφωθέντος
1439 5578 1534 5631 τοῦ
1565 5579 1843 5650 γεννωμέ-

227 5727 234 5734 ,
263 5680 361 5718 μου
399 5664 459 5716 ἐν
487 5664 626 5736 αὐτῇ
659 5666 750 5719 ἐπὶ
782 5667 986 5750 ὠδῖνας.
1015 5668 1251 5741 ἔρχεται,
1283 5670 1475 5744 μέχρις
1511 5667 1570 5726 οὗ
1613 5674 1846 5744 ἀπογεν-

341 5842 386 5872 ⁸³
425 5841 550 5898 lsai.
596 5859 766 5907 xxxn,
814 5846 867 5900 6.

1969 631 2103 700 ipso,
2141 631 2410 684 silentium
2439 630 2691 699 agebant.

2043 721 2278 791 Digitum
2315 721 2636 787 impatientes
2669 734 2825 787 super
2855 734 2931 772 os.
2984 718 3153 772 Porro
3181 725 3360 772 autem
3398 715 3534 786 digi-

1971 824 2055 868 tus
2098 813 2180 866 ori
2236 813 2554 882 impositus,
2603 811 2800 866 silentii
2861 811 3074 881 signum
3117 809 3287 864 videri
3338 817 3530 878 potest.

1967 903 2130 959 Forte
2200 904 2362 958 etiam
2418 903 2893 974 (quandoquidem
2963 918 3155 956 manus
3221 916 3320 969 pro
3369 914 3534 968 opere

1967 996 2231 1064 sumitur)
2260 1011 2422 1064 opera
2460 1011 2648 1051 eorum
2693 998 2833 1052 labia
2867 995 2932 1050 iis
2965 995 3268 1058 obturasse,
3302 1004 3355 1047 et
3379 990 3532 1060 quasi

1967 1085 2238 1140 vinculum
2295 1087 2377 1138 ori
2437 1085 2709 1154 injecisse,
2765 1085 3032 1149 ostendit;
3085 1100 3144 1140 se
3193 1084 3336 1138 enim
3381 1082 3533 1151 quod

1966 1177 2156 1245 exigua
2200 1177 2598 1246 praestitissent,
2653 1177 2902 1246 indignos
2955 1192 3077 1232 esse
3133 1175 3532 1230 animadverte-

1967 1277 2115 1334 runt,
2135 1269 2225 1336 qui
2257 1283 2440 1324 coram
2462 1267 2596 1324 Jobo
2625 1285 2688 1324 os
2721 1270 3015 1340 aperirent,
3042 1269 3131 1338 qui
3159 1269 3364 1338 majora
3400 1267 3532 1324 faei-

1966 1375 2098 1415 nora
2151 1361 2452 1425 edidisset;
2511 1362 2900 1432 digitusenim
2948 1363 3215 1420 actionem
3247 1371 3301 1414 et
3335 1375 3552 1428 Opertis.

1969 1452 2166 1504 tionem
2191 1451 2466 1505 minimam
2503 1452 2790 1521 significat.

2037 1538 2198 1593 Vens.
2242 1539 2329 1592 14.
2371 1536 2643 1594 Justitiam
2670 1539 2785 1595 vero
2808 1542 3023 1595 indutus
3047 1558 3182 1594 sum.
3209 1541 3530 1597 Praeclaram

1966 1623 2218 1684 tunicam
2261 1628 2430 1684 Jobus
2475 1631 2576 1686 sibi
2632 1633 2951 1697 contexuit,
3007 1634 3066 1685 ut
3110 1632 3380 1701 justitiam
3432 1638 3531 1699 pro

1965 1722 2146 1777 tunica
2180 1723 2447 1777 indueret.
2494 1723 2629 1779 Vide
2653 1726 2812 1779 etiam
2846 1726 2961 1796 ejus
3011 1725 3247 1794 pallium.
3293 1723 3550 1788 Justitia,-

1967 1813 2146 1868 tunica
2172 1831 2186 1878 ;
2209 1811 2494 1882 judicium,
2538 1814 2750 1883 diplois.

2540 1905 2694 1960 CAP.
2736 1904 2949 1960 XXXII.

2033 1993 2198 2049 Vens.
2235 1996 2288 2050 6.
2334 1996 2541 2050 Timens
2577 1998 2627 2049 in
2663 1998 2802 2050 vobis
2825 2009 3144 2053 annuntiare
3173 2013 3337 2050 meam
3365 1997 3528 2064 ipsius

1960 2089 2247 2141 scientiam.
2298 2087 2594 2142 Profitctur
2655 2087 2872 2157 quidem
2935 2105 2954 2138 ι
2987 2087 3291 2148 scientiam,
3324 2107 3343 2140 ι
3406 2086 3526 2152 vel,

1955 2179 2106 2248 juxta
2131 2179 2288 2244 alios,
2322 2179 2654 2234 «notitiam»
2688 2194 2746 2233 se
2786 2181 2986 2234 habere
3008 2219 3021 2244 ,
3054 2179 3321 2248 quomodo
3353 2179 3542 2236 liomi-_

1962 2288 2057 2326 nes
2091 2273 2141 2326 in
2167 2272 2274 2325 vita
2304 2272 2605 2342 patiantur,
2634 2281 2687 2326 et
2711 2289 2816 2342 qua
2849 2273 3056 2326 ratione
3077 2271 3314 2325 nonnulli
3341 2270 3524 2340 injusti

1962 2380 2214 2435 prospera
2250 2367 2463 2419 fortuna
2490 2373 2728 2418 utantur.
2775 2364 2889 2419 Vidi
2921 2364 3148 2432 injustos
3170 2374 3225 2419 et
3254 2363 3530 2434 improbos

1961 2459 2218 2514 felicitate
2251 2458 2512 2521 fruentes,
2543 2469 2596 2513 et
2620 2458 2781 2528 pedes
2803 2459 2912 2512 mei
2939 2473 3074 2527 pene
3097 2458 3349 2512 commoti
3377 2467 3550 2521 sunt,

1959 2554 2002 2606 si
2067 2553 2227 2606 vitam
2272 2553 2408 2606 lianc
2444 2561 2759 2620 prmsenteui
2795 2561 3002 2604 tantum
3055 2549 3428 2618 contempler;
3479 2551 3543 2603 si.

1959 2660 2089 2698 vero
2116 2646 2257 2712 quod
2291 2644 2531 2698 futurum
2569 2653 2644 2697 est
2675 2654 2854 2698 mente
2881 2643 3212 2712 cogitavero,
3239 2643 3402 2712 pedes
3421 2642 3526 2694 tnei

1959 2736 2050 2790 fixi
2087 2746 2265 2794 stant.
2461 2775 2464 2780 .
2529 2773 2535 2780 .
2775 2747 2780 2751 '

2030 2827 2190 2886 Vens.
2233 2828 2316 2882 10.
2362 2827 2538 2892 Quare
2569 2828 2713 2881 dixi:
2751 2827 2940 2879 Audite
2969 2843 3067 2878 me.
3101 2825 3218 2878 Alia
3249 2824 3536 2891 exetnpla-.
3623 2875 3637 2893 κ

1958 2920 2058 2985 ria,
2096 2929 2213 2989 post
2262 2918 2696 2984 illud,‘('l)icatn
2743 2917 2896 2970 vobis
2940 2916 3374 2980 audientibushx
3418 2914 3521 2966 hos

1958 3026 2146 3066 versus
2191 3010 2390 3066 habent
2424 3030 2436 3064 :
2471 3028 2490 3062 ι
2516 3009 2655 3064 Ecce
2694 3009 2876 3064 audivi
2936 3022 3218 3062 sermones
3268 3015 3480 3060 vestros
3506 3043 3542 3067 ,ι

1957 3102 2255 3156 auscultavi
2305 3115 2474 3170 usque
2511 3102 2578 3154 ad
2608 3100 3020 3170 intelligentiam
3057 3108 3312 3154 vestram.
3341 3116 3360 3150 ι
3404 3096 3523 3152 Cte-

1960 3194 2059 3248 teri
2090 3207 2216 3248 vero
2242 3193 2567 3263 interpretes
2597 3193 2676 3246 sic
2707 3192 3088 3246 reddiderunt:
3129 3209 3146 3242 ι
3172 3189 3314 3244 Ecce
3337 3188 3533 3255 excepi

1885 3283 1924 3340 C
1958 3298 2238 3339 sermones
2259 3292 2495 3347 vestros,
2523 3283 2820 3338 auscultavi
2853 3281 3025 3337 donec
3045 3281 3330 3350 saperetis,
3353 3280 3524 3334 donec

1956 3377 2318 3446 exquireretis
2337 3376 2498 3448 506
2517 3391 2821 3437 sermones,
2841 3385 2896 3429 et
2919 3377 3265 3445 quoadusque
3287 3387 3380 3427 vos
3401 3387 3527 3442 per-

1956 3469 2234 3532 veniretis,
2267 3469 2734 3523 considerabath
2769 3467 2925 3521 Juxta
2955 3469 3092 3522 hanc
3125 3467 3288 3534 igitur
3312 3465 3521 3519 versio—

1958 3578 2079 3615 nem
2132 3572 2187 3614 et.
2241 3561 2447 3630 reliqua
2501 3560 2827 3628 exemplaria
2854 3599 2866 3623 ,
2903 3558 3362 3622 Quemadmodum
3402 3570 3523 3625 ego,

1957 3655 2150 3724 inquit,
2176 3655 2355 3709 omnia
2389 3668 2509 3722 qua:
2529 3652 2744 3716 dixiSLis
2769 3652 2968 3710 audivi,
2994 3659 3046 3702 et
3073 3651 3138 3702 ad
3170 3648 3329 3702 linem
3358 3663 3538 3716 usque.

1957 3758 2258 3803 VCSU‘OI’UHI
2308 3760 2644 3808 sermonum,
2693 3759 2756 3797 ac
2811 3745 2987 3812 quoad
3031 3755 3243 3796 OIDIICIII
3289 3749 3522 3794 νεεῑιιὶιιι

1957 3840 2274 3910 sapientiam
2331 3837 2742 3902 exhauriretis,
2800 3835 2960 3889 tacite
2993 3833 3359 3903 exspectavi;
3427 3846 3523 3884 vos

1955 3934 2117 3987 etiam
2155 3931 2407 3987 similiter
2447 3929 2583 3984 meis
2633 3930 2983 3983 sermonibus
3033 3942 3216 3981 aurem
3264 3925 3522 3994 praebete.-

1954 4025 2115 4080 Juxta
2148 4034 2329 4078 autem
2361 4021 2696 4088 exemplaria
2729 4020 2926 4088 quibus
2961 4034 3058 4074 nos
3085 4019 3306 4082 utimur,
3330 4031 3526 4073 sensus

1955 4118 2042 4172 hic
2083 4126 2168 4171 est
2191 4131 2205 4168 :
2232 4115 2550 4171 Auscultate
2576 4115 2713 4168 mihi
2737 4154 2751 4177 ,
2795 4114 2986 4183 inquit,
3017 4110 3152 4166 nihil
3185 4111 3332 4164 enim
3364 4108 3528 4163 tumi-

1953 4210 2079 4263 dum
2115 4219 2168 4264 et
2195 4209 2428 4269 elatum,
2481 4208 2575 4262 sed
2606 4221 2724 4276 quae
2763 4221 2856 4261 vos
2906 4206 3006 4272 ipsi
3054 4203 3338 4273 evplorare
3373 4212 3524 4271 pote-

1955 4303 2110 4364 ritis,
2171 4300 2225 4355 in
2290 4301 2521 4355 medium
2576 4299 2885 4370 proferam:
2925 4316 2944 4351 ι
2980 4297 3048 4352 Ει
3095 4311 3262 4365 usque
3315 4295 3382 4349 ad
3431 4309 3525 4348 vos

1955 4390 2272 4460 intelligam,
2300 4409 2320 4443 ι
2361 4390 2412 4444 id
2453 4400 2572 4454 est,
2623 4389 2767 4443 nulla
2812 4387 3217 4456 vaniloquentia
3251 4395 3392 4448 utar,
3427 4384 3528 4437 sed

1953 4498 2070 4551 qua:
2118 4483 2332 4553 assequi
2383 4483 2573 4537 valetis
2630 4482 2844 4551 loquar.
2905 4479 3002 4535 Vel
3050 4480 3154 4534 hoc
3199 4477 3330 4531 dicit
3371 4476 3522 4530 :Non

1955 4574 2104 4644 prius
2135 4574 2388 4644 loquendi
2419 4573 2579 4627 finem
2627 4573 2841 4639 faciam,
2872 4585 3031 4642 quam
3074 4573 3168 4624 Vos
3195 4569 3360 4624 etiam
3403 4583 3522 4624 ser-

1957 4681 2143 4719 mones
2199 4681 2350 4719 meos
2398 4663 2868 4726 exatninaveritis,
2918 4663 2961 4716 si
3016 4672 3069 4714 et
3109 4676 3209 4730 ego
3264 4679 3280 4712 ι
3315 4660 3381 4714 ad
3426 4673 3522 4714 vos

1955 4773 2121 4826 usque
2157 4775 2175 4808 ι
2210 4757 2512 4826 intelligere
2543 4771 2782 4825 possum,
2818 4755 2867 4808 id
2895 4764 2996 4819 est,
3032 4754 3204 4808 donec
3232 4767 3326 4808 vos
3354 4751 3520 4804 etiam

1953 4849 2373 4914 intellexeritis,
2436 4852 2518 4903 vel
2577 4855 2810 4902 vestram
2880 4847 3047 4900 etiam
3109 4845 3521 4911 intelligentiam
3585 4887 3588 4890 λ

1951 4943 2227 4996 excedaun

2022 5033 2188 5088 Vens.
2231 5035 2319 5089 18.
2379 5031 2573 5087 Plenus
2633 5033 2769 5087 enim
2824 5049 2937 5086 sum
3002 5032 3294 5086 verborum.
3359 5032 3522 5085 Recte

1951 5126 2107 5184 dixit.
2140 5144 2158 5176 ι
2185 5125 2375 5195 plenus
2401 5141 2556 5192 sum;
2595 5147 2613 5177 ι
2669 5125 2762 5194 qtti
2807 5125 2949 5180 enim
2979 5125 3268 5178 verborum
3304 5123 3522 5176 minime

1952 5219 2142 5287 plenus
2179 5218 2244 5271 ad
2277 5215 2600 5286 loquendum
2650 5217 2977 5281 accesserit,
3033 5225 3292 5284 tanquam
3345 5214 3522 5267 inanis

1939 5308 2131 5363 inania
2152 5308 2422 5378 loquetur,
2447 5309 2599 5377 juxta
2629 5307 2758 5363 illud
2791 5308 2834 5339 ¹³
2867 5325 2879 5361 :
2919 5325 2937 5358 ι
2972 5307 3176 5361 Fatuus
3205 5305 3346 5360 enim
3377 5303 3520 5358 fatua

1950 5399 2220 5470 loquetur,
2253 5409 2307 5454 et
2337 5415 2429 5454 cor
2459 5401 2574 5467 ejus
2607 5414 2744 5455 vana
2777 5399 3060 5466 intelliget.
3091 5416 3110 5449 ι

2030 5491 2206 5546 Perdit
2249 5493 2390 5546 enim
2419 5509 2496 5545 me
2523 5493 2738 5560 spiritus
2786 5491 3004 5545 ventris.
3055 5484 3520 5555 Quemadmodum

1954 5583 2387 5654 muliergravida
2417 5583 2648 5653 primum
2686 5584 2764 5647 lit,
2804 5589 2858 5636 et
2897 5579 3132 5634 formato
3170 5578 3318 5642 fetu,
3353 5577 3523 5630 donec

1954 5685 2278 5746 conceptum
2308 5679 2452 5746 edat,
2491 5686 2678 5746 partus
2699 5674 2910 5758 dolores
2933 5671 3139 5736 sentit;
3173 5670 3314 5725 idem
3340 5670 3522 5722 animo
