3870 6504
465 365 608 420 1045

1857 345 1947 404 EX
1989 343 2295 402 ORIGENE

3597 333 3708 390 10M

465 481 713 538 discendi
739 479 936 549 cupido
963 475 1162 532 accidit
1195 487 1546 531 :sermonem
1592 469 1740 527 enim
1782 466 2038 536 concipit,

2167 464 2284 537 ιήσῃ
2307 461 2368 514 τὸ
2395 459 2694 531 συλληφθέν
2709 475 2721 488 ο
2750 455 2892 512 κατά
2911 455 3084 509 ταῦτα
3104 453 3161 508 δὲ
3174 454 3268 507 και
3281 450 3375 506 ἐπὶ
3391 449 3492 519 τῆς
3511 448 3704 520 φιλομα-

463 585 522 630 et
551 574 892 630 enuntiatum
926 570 1102 639 lingit,
1131 576 1184 624 et
1218 567 1411 622 ordine
1435 565 1636 620 decoro
1660 563 1875 624 format;
1915 570 2042 612 tunc

462 677 648 724 autem
680 671 822 737 parit
847 665 866 738 (
889 675 944 722 et
967 665 1142 720 donec
1173 661 1373 732 pariat,
1400 660 1716 732 gravidatur
1747 665 1800 711 et
1825 655 2044 710 dolores

2145 553 2269 616 ϐοῦς
2303 552 2477 623 ψυχῆς
2521 550 2731 620 γίνεται
2754 565 2766 578 ο
2803 545 3169 616 συλλαμϐάνει
3202 544 3312 614 γὰρ
3345 542 3441 594 τὸν
3470 539 3706 605 16761.6»

2144 643 2620 714 ἀπαγγελλόμενον
2652 640 2850 711 μορφοῖ
2868 678 2882 702 ,
2911 649 3008 690 και
3034 637 3195 688 τυποῖ
3221 634 3386 687 αὐτὸν
3436 634 3504 700 τῇ
3545 629 3675 692 τάξει
3693 647 3704 659 ·

465 723 703 831 patitur.)
750 723 872 815 cum
929 758 1114 814 [ictum
1167 764 1223 812 et
1272 755 1601 819 formatum,
1646 749 1949 822 perfectum
1988 746 2042 801 in

2167 740 2268 790 ιταν
2300 736 2356 789 δὲ
2384 734 2524 805 μετά
2560 731 2620 784 τὸ
2651 728 2901 784 τυπῶσαι
2928 727 3021 780 καὶ
3052 725 3357 799 μορφῶσαι,
3393 723 3710 790 τετελειωμὲρ

460 851 638 910 lucem
663 851 913 908 ediderit.

533 1033 701 1090 Vsus.
740 1034 832 1092 20.
874 1033 1088 1105 Loquar
1137 1042 1194 1088 ut
1249 1032 1576 1102 requiescam
1609 1026 1848 1098 aperiens
1877 1023 2042 1077 labia.

463 1127 569 1197 Qui
621 1126 800 1184 verbis
861 1127 1139 1191 abundat,
1194 1133 1251 1180 et
1299 1123 1689 1192 intelligentem
1738 1117 2045 1172 auditores:

463 1229 656 1277 nactus
687 1219 871 1288 fuerit,
901 1220 1174 1291 loquendo
1197 1258 1214 1284 ,
1241 1214 1674 1287 superﬂuitatem
1705 1210 1854 1266 illam
1888 1205 2045 1278 quasi

461 1314 785 1370 esinaniens
815 1322 870 1370 et
894 1313 1168 1382 rejiciens,
1202 1306 1513 1380 requiescit.

1043 1491 1194 1548 CAP.
1238 1489 1456 1546 XXXV.

541 1584 703 1642 Vnus.
743 1586 797 1641 5.
841 1585 1032 1656 Aspice
1071 1585 1127 1638 in
1177 1582 1386 1637 cazlum.
1438 1581 1494 1637 In
1551 1580 1752 1638 ctelum
1794 1579 2046 1650 suspicit,

465 1691 572 1732 non
606 1677 701 1748 qui
733 1677 922 1733 oculos
964 1690 1256 1745 corporeos
1290 1673 1486 1730 attollit
1539 1687 1597 1730 et
1629 1674 1827 1732 easlum
1869 1675 2048 1728 intue-

463 1778 594 1837 tur;
642 1771 745 1826 hac
793 1770 937 1826 enim
995 1770 1204 1824 ratione
1253 1784 1418 1825 canes
1461 1776 1514 1824 et
1545 1769 1684 1824 asini
1718 1767 2044 1836 suspiciunt.

2144 848 2234 886 νον
2265 830 2426 883 αὐτὸν
2458 825 2704 899 παραδῷ,
2731 826 2852 881 τότε
2882 825 3088 879 τίκτειο
3123 823 3220 877 καὶ
3260 821 3457 892 μέχρις
3492 819 3556 870 ἂν
3581 818 3708 889 τέκῃ,

2149 921 2441 993 βαρύνεται
2475 921 2532 973 ἐν
2561 918 2730 972 ὠδῖνι.

2219 1007 2501 1077 Λαλήσω,
2546 1008 2648 1062 ἵνα
2678 1006 3115 1074 ἀναπαύσωμαι
3149 1000 3407 1068 ἀνοίξας
3433 1001 3506 1052 τὰ
3547 1000 3710 1066 χείλη.

2160 1103 2217 1156 '0
2251 1099 2533 1171 τυγχάνων
2566 1098 2786 1153 συνετοῦ
2819 1097 3091 1169 ἀκροατοῦ
3111 1137 3126 1159 ,
3156 1098 3252 1149 καὶ
3279 1094 3356 1147 ῶν
3401 1092 3614 1162 πλήρης
3649 1091 3707 1143 1’:

2147 1211 2280 1262 γων,
2318 1192 2494 1245 λαλῶν
2524 1190 2886 1257 ἀναπαύεται,
2914 1190 3010 1262 τὴν
3031 1188 3403 1262 περισσότητα
3437 1180 3550 1240 οἷον
3577 1183 3703 1236 κενέ)

2152 1303 2249 1352 σας
2284 1287 2377 1342 καὶ
2407 1285 2716 1343 ἀποϐαλών.

2772 1489 2911 1543 ΚΕΦ
2930 1528 2943 1541 .
2986 1489 3108 1542 AE’.

2230 1584 2603 1654 Ἀνάϐλεψον
2623 1585 2710 1650 εις
2732 1583 2838 1637 τόν
2861 1583 3142 1652 οὐρανόν.
3186 1579 3516 1634 Ἀναόλέττει
3552 1579 3630 1642 εἰς
3655 1577 3723 1631 τοι

2151 1677 2378 1749 οὐρανὸν
2418 1677 2516 1746 οὐχ
2562 1676 2590 1729 6
2620 1676 2747 1740 τοὺς
2779 1675 3124 1746 σωματικοὺς
3162 1673 3484 1742 ὀφθαλμοὺς
3517 1672 3724 1742 ἐπάρας,

2153 1770 2246 1823 καὶ
2271 1767 2394 1822 ἰδὼν
2417 1767 2508 1821 τὸν
2529 1768 2589 1820 ού
2599 1767 2754 1837 ρανόν
2774 1784 2788 1797 ο
2820 1767 2981 1820 τοῦτο
3001 1767 3109 1838 γὰρ
3126 1766 3188 1818 τὺ
3208 1764 3411 1819 ἀναελέ
3421 1781 3488 1816 πε
3497 1782 3548 1816 ιν
3575 1763 3728 1832 ἒχαοτι

462 1861 634 1919 Nemo
659 1863 753 1934 qui
792 1862 1052 1918 mundum
1089 1861 1283 1933 diligit,
1327 1862 1380 1916 in
1411 1863 1606 1916 coelum
1640 1861 1871 1930 suspicit
1895 1901 1911 1924 ,
1952 1861 2046 1915 sed

2167 1863 2246 1916 tati.
2276 1864 2324 1916 οἱ
2352 1862 2512 1926 κύνες
2543 1862 2638 1914 καὶ
2684 1861 2733 1914 οἱ
2765 1860 2896 1913 δνοι.
2935 1831 3122 1921 οὐδείς
3161 1857 3502 1926 φιλόκοσμος
3535 1854 3729 1907 ἁναεὶέ-

461 1958 556 2030 qui
588 1972 688 2013 nec
709 1957 996 2022 mundum,
1021 1970 1122 2011 nec
1151 1971 1213 2011 ea
1244 1969 1362 2024 qum
1384 1954 1437 2008 in
1473 1954 1674 2008 mundo
1697 1961 1844 2017 sunt,
1877 1965 2045 2007 amat.

465 2047 678 2105 Rursus
720 2048 891 2102 nubes
928 2061 1032 2101 non
1074 2048 1208 2101 adeo
1241 2045 1502 2099 sublimes
1552 2053 1682 2100 sunt
1726 2053 1780 2099 et
1825 2059 1853 2097 a
1894 2043 2049 2098 nobis

464 2150 708 2206 remotae,
755 2137 912 2208 quin,
963 2137 1008 2192 si
1059 2136 1260 2208 Moysis
1286 2137 1450 2191 vitam
1485 2147 1539 2192 et
1575 2137 2047 2193 conversationem

462 2246 570 2300 qua
604 2230 714 2285 Deo
741 2229 966 2302 placuit,
999 2245 1289 2300 meamque
1323 2231 1640 2284 tenuitatem
1681 2239 1734 2284 et
1769 2229 2046 2284 humilita-

464 2333 573 2378 tem
603 2322 1004 2393 contemplatus
1039 2322 1214 2387 l‘uero,
1252 2323 1448 2377 nubem
1491 2323 1636 2376 banc
1669 2321 2046 2376 sublimiorem

459 2423 517 2468 et
554 2415 900 2469 remotiorem
947 2429 977 2468 a
1033 2430 1118 2470 me
1178 2413 1394 2470 visurus
1449 2415 1552 2470 sim
1600 2431 1613 2467 :
1660 2414 1706 2469 si
1743 2413 1810 2468 ad
1860 2410 2046 2467 Jesum

465 2507 638 2562 ﬁlium
683 2506 852 2572 Nave,
893 2517 950 2563 et
1000 2509 1065 2562 ad
1116 2511 1505 2578 prophetarum
1555 2509 1695 2562 vitas
1747 2507 2045 2572 devenero,

463 2597 790 2667 illorumque
824 2613 911 2654 res
946 2610 1125 2670 gestas
1147 2601 1433 2669 diligenter
1465 2600 1871 2663 examinavero,
1903 2598 2048 2667 quod

465 2692 729 2761 scriptum
766 2702 853 2748 est
881 2699 1010 2746 tunc
1046 2691 1354 2762 adimplebo
1379 2737 1392 2759 ,
1441 2701 1497 2747 ct
1531 2692 1700 2747 nubes
1728 2699 1934 2761 quanto
1963 2704 2048 2744 me

466 2782 817 2839 sublimiores
845 2785 952 2838 sint
974 2824 988 2848 ,
1023 2784 1324 2839 addiscam.

537 2875 709 2937 Vens.
743 2877 794 2934 6.
826 2877 887 2933 Si
908 2877 1157 2946 peccasti,
1190 2877 1315 2945 quid
1351 2893 1472 2946 ages
1496 2876 1523 2930 Ρ
1551 2876 1630 2930 An
1660 2875 1823 2942 nosti,
1853 2875 2050 2945 inquit,

467 2968 513 3023 si
547 2970 861 3038 peccaveris
889 2968 1021 3039 quid
1059 2967 1156 3022 tibi
1192 2967 1500 3023 faciendum
1541 2968 1646 3034 sit,
1679 2979 1738 3022 ut
1765 2978 2048 3037 peceatum

467 3061 755 3116 diluatur?
794 3062 849 3116 Si
895 3060 1075 3115 verbis
1117 3059 1431 3129 deliquisti,
1487 3061 1672 3116 verbis
1715 3061 2049 3127 sanioribus,

469 3149 631 3221 507
651 3159 704 3206 et
722 3153 764 3206 si
791 3151 1046 3221 operibus
1066 3149 1362 3215 oﬂ‘endisti,
1389 3149 1548 3207 factis
1563 3154 1797 3222 egregiis
1816 3152 2048 3223 teipsum
2079 3178 2122 3236 ρ

469 3257 693 3309 curans,
739 3241 832 3298 tibi
875 3241 1136 3308 medere;
1171 3244 1215 3296 si
1252 3257 1381 3296 vero
1427 3241 1744 3314 iniquitates
1778 3244 1960 3298 multae
2000 3255 2054 3300 et

469 3332 802 3390 incurabiles
835 3334 1078 3402 fuerint,
1115 3345 1337 3406 propter
1365 3334 1561 3389 delicta
1592 3335 2014 3392 immedicabilis
2037 3377 2052 3401 ,

469 3439 592 3489 qua:
624 3424 721 3494 ipsi
762 3441 956 3483 curare
987 3442 1092 3482 non
1130 3441 1450 3496 possumus,
1480 3426 1548 3482 de
1581 3426 1736 3482 etnlis
1776 3428 2057 3484 descendit

467 3513 630 3572 Iesus
674 3516 924 3574 Christus
971 3528 1031 3574 ut
1067 3517 1393 3573 insanabilia
1426 3527 1779 3582 sanarentur,
1817 3518 2057 3588 illudque

466 3605 724 3663 effectum
763 3611 1056 3666 sortiretur
1093 3629 1107 3666 :
1153 3629 1172 3662 ι
1202 3610 1354 3666 Beati
1390 3624 1621 3680 quorum
1653 3610 1898 3665 remissae
1927 3620 2058 3666 sunt

469 3696 790 3767 iniquitates
826 3702 888 3757 “.
917 3722 935 3756 ι

548 3789 712 3850 Vens.
765 3797 855 3850 10.
917 3795 1022 3862 Qui
1080 3795 1354 3852 distribuit
1417 3797 1688 3852 custodias
1743 3808 2056 3855 nocturnas.

473 3885 611 3944 Vide
653 3889 806 3944 Elius
839 3888 1027 3944 laudes
1073 3891 1164 3946 Dei
1197 3900 1251 3947 et
1286 3893 1560 3962 przeconia
1610 3892 1902 3963 persequi,
1934 3907 2058 3947 cum

475 3977 546 4033 de
575 3994 640 4033 eo
672 3979 823 4034 dicat
857 3998 869 4034 :
903 3999 922 4032 ι
946 3981 1052 4050 Qui
1081 3983 1361 4038 distribuit
1387 3987 1668 4042 custodias
1697 3995 2052 4041 nocturnas»

475 4067 573 4125 Vis
601 4081 781 4124 autem
817 4072 1006 4127 videre
1034 4076 1308 4144 quomodo
1344 4078 1484 4133 Deus
1518 4089 1821 4134 nocturnas
1844 4078 2060 4148 vigilias

478 4161 808 4217 distribuat?
859 4162 1056 4220 Totum
1106 4166 1265 4234 hujus
1312 4168 1439 4224 vitae
1477 4179 1689 4240 tempus
1734 4187 1843 4227 nox
1884 4182 1968 4228 est
2006 4182 2063 4228 et

477 4255 738 4322 tenebrae,
792 4253 882 4310 lux
926 4257 978 4310 in
1028 4267 1302 4328 posterum
1355 4262 1448 4317 tibi
1498 4273 1852 4331 reservatur;
1908 4282 2053 4322 nunc

475 4344 624 4400 enim
670 4347 724 4402 in
765 4347 983 4418 speculo
1023 4350 1168 4405 vides
1212 4352 1274 4412 ⁸⁵,
1323 4351 1497 4408 lucem
1534 4362 1714 4410 autem
1764 4356 2060 4426 aliquando

475 4437 694 4496 visurus
732 4455 812 4495 es.
849 4439 964 4495 Nox
993 4441 1270 4499 enimvero
1293 4443 1396 4500 hoc
1423 4445 1680 4501 saeculum
1713 4458 1817 4512 est,
1843 4458 1897 4502 et
1920 4449 2058 4518 vigi-

2152 1971 2241 2008 πει
2270 1957 2349 2019 εἰς
2377 1954 2468 2008 τὸν
2505 1951 2733 2023 οὐρανὸν
2753 1993 2766 2016 ,
2799 1952 2913 2006 ἀλλ’
2953 1952 2981 2006 6
3015 1952 3089 2024 μὴ
3123 1950 3360 2020 ἀγαπῶν
3393 1949 3491 2001 τὸν
3528 1949 3729 2018 κόσμον,

2154 2047 2289 2119 μηδὲ
2344 2047 2411 2100 τὰ
2472 2049 2530 2101 ἐν
2583 2046 2662 2118 τῷ
2709 2046 2921 2118 κόσμῳ.
2982 2045 3148 2100 Πάλιν
3321 2044 3429 2113 οὐχ
3486 2041 3632 2095 οὕτω
3678 2043 3732 2095 τα

2151 2141 2287 2211 νέφη
2335 2139 2516 2211 ὑψηλά
2559 2140 2652 2208 ἀφ’
2685 2139 2844 2211 ἡμῶν
2890 2141 3058 2202 ἐστιν,
3093 2137 3169 2199 ὡς
3206 2137 3302 2190 ἐὰν
3367 2137 3470 2188 ἴδω
3510 2136 3602 2188 τὸν
3631 2136 3730 2189 Mer

2153 2209 2289 2297 σέως
2322 2209 2456 2303 βίον,
2479 2235 2574 2286 καὶ
2606 2209 2937 2304 τὴν-ἐκείνου
2963 2231 3098 2301 πρὸς
3129 2229 3265 2284 Θεὸν
3302 2229 3629 2300 ἀρέσκειαν,
3658 2209 3752 2280 καὶ.

2149 2324 2248 2396 τὴν
2271 2324 2509 2395 ἐμαυτοῦ
2543 2324 2882 2396 σμικρότητα
2911 2325 3006 2377 καὶ
3035 2322 3434 2391 ταπεινότητα,
3469 2321 3618 2376 οὕτω

2151 2433 2238 2470 πω
2261 2416 2322 2468 τὸ
2344 2415 2505 2486 νέφος
2540 2415 2742 2486 ὑψηλὸν
2773 2416 2866 2468 ἀπ’
2900 2414 3036 2486 ἐμοῦ
3061 2432 3074 2445 ·
3104 2415 3201 2468 ἐὰν
3232 2413 3378 2467 ἔλθω
3410 2414 3512 2466 ἐπὶ
3551 2412 3730 2483 Ἰησοῦν

2149 2507 2240 2561 τὸν
2263 2507 2356 2561 τοῦ
2387 2507 2564 2578 Ναυῆ,
2586 2508 2678 2560 ἐπὶ
2706 2507 2831 2570 τοὺς
2860 2507 3007 2577 βίους
3032 2507 3140 2560 τῶν
3170 2505 3505 2578 προφητῶν,
3537 2504 3630 2558 ἐὰν
3661 2506 3730 2570 ἐξ·

2151 2601 2330 2665 ετάζω
2361 2595 2538 2655 αὐτῶν
2561 2601 2660 2664 τὰς
2695 2599 2942 2673 πράξεις,
2975 2600 3100 2655 τότε
3140 2599 3282 2653 ποιῶ
3318 2599 3385 2652 τὸ
3429 2599 3725 2669 γεγραμμέο

2151 2713 2260 2758 νον,
2317 2696 2410 2750 καὶ
2449 2693 2849 2766 καταμανθάνω
2895 2695 3060 2748 πόσον
3106 2693 3222 2746 ἐστὶ
3278 2694 3352 2747 τὰ
3393 2693 3534 2762 νέφη
3575 2692 3724 2762 ὑέτιὶὰ

2152 2787 2246 2844 ἀπ’
2273 2785 2428 2858 ἐμοῦ.

2227 2877 2294 2929 Ε)
2325 2875 2603 2945 ἥμαρτες,
2638 2875 2696 2928 τί
2723 2873 3003 2943 πράξεις;
3033 2871 3181 2946 Ἀρα
3211 2868 3329 2938 οῦν,
3369 2875 3561 2944 φησιν,
3587 2867 3724 2933 οἶδας.

2153 2967 2202 3019 εἰ
2229 2966 2496 3038 ἥμαρτες,
2518 2965 2570 3018 τί
2596 2965 2822 3038 πράξεις
2846 2966 2938 3019 ἐπὶ
2963 2967 3023 3019 τὸ
3045 2966 3208 3020 λῦσαι
3230 2965 3295 3020 τὺ
3321 2965 3725 3037 ἡμαρτημένᾱνξ

2154 3058 2217 3110 Εἰ
2238 3059 2484 3129 ἥμαρτες
2506 3057 2705 3126 λόγοις,
2729 3057 2908 3126 λόγοις
2939 3057 3249 3128 κρείττοσιν
3272 3058 3432 3111 ῐασαι
3453 3071 3467 3084 °
3499 3056 3549 3107 εἰ
3573 3054 3726 3123 6.3.1?-

2154 3168 2244 3215 τες
2285 3153 2342 3204 ἐν
2381 3150 2592 3223 ἔργοις,
2629 3150 2809 3222 ἔργοις
2848 3150 3196 3222 διαφέρουσιν
3236 3149 3404 3213 αὐτὸς
3443 3149 3630 3201 tau-.61:
3657 3145 3729 3199 ξό-

2163 3259 2322 3314 μενος
2341 3258 2355 3272 ·
2383 3245 2430 3296 εἰ
2462 3243 2519 3296 δέ
2552 3243 2742 3298 πολλαὶ
2767 3244 2858 3297 καὶ
2892 3243 3099 3297 ἀνίατοι
3123 3245 3181 3295 αἱ
3212 3242 3462 3312 ἀνομίαι,
3491 3241 3579 3294 διὰ
3598 3239 3730 3292 τοῦτο

2159 3336 2252 3389 ἐπὶ
2283 3338 2394 3398 τοῖς
2426 3335 2683 3400 ἀνιάτοις,
2705 3330 2785 3399 οἷς
2816 3337 3040 3399 ἑαυτοὺς
3070 3333 3330 3388 ίάσασῢαι
3359 3335 3423 3387 ού
3455 3331 3725 3402 δυνάμεθει.

2157 3423 2319 3500 ἦλθεν
2355 3430 2562 3501 Ἰησοῦς
2594 3430 2824 3502 Χριστὸς
2855 3428 2915 3495 ἐξ
2937 3429 3207 3500 οὐρανῶν,
3225 3429 3316 3482 ἵνα
3343 3429 3418 3482 τὰ
3448 3429 3637 3481 ἀνίατα
3666 3427 3729 3477 ii-

2163 3540 2346 3594 σηται,
2384 3525 2475 3577 καὶ
2497 3523 2719 3596 γένηται
2788 3522 2874 3580 τὸ,
2899 3541 2918 3577 ι
2955 3523 3240 3593 Μακάριοι
3269 3515 3347 3577 ὧν
3376 3519 3650 3592 ἀφέθησαν
3683 3518 3728 3570 αἱ

2161 3615 2446 3690 ἁμαρτίαι.
2494 3635 2512 3666 ι

2243 3798 2298 3849 Ὁ
2327 3796 2725 3851 κατατάσσων
2744 3796 3023 3866 φυλακὰς
3061 3792 3442 3862 νυκτερινὰς.
3503 3791 3639 3862 Ὅρα
3665 3790 3731 3842 ὅτι

2161 3891 2410 3963 ἐγκώμια
2439 3891 2532 3944 τοῦ
2561 3891 2696 3944 Θεοῦ
2727 3892 2818 3944 καὶ
2849 3890 3050 3962 ὕμνους
3079 3888 3418 3960 διεξέρχεται
3445 3887 3474 3942 6
3528 3882 3730 3946 'Eitzrisg,

2161 3985 2334 4054 λέγων
2366 3986 2495 4056 περὶ
2519 3983 2706 4048 αὑτοῦ,
2738 4003 2756 4035 ι
2797 3983 2854 4036 '0
2881 3982 3242 4038 κατατάσσων
3278 3979 3530 4050 φυλακὰς
3562 3992 3729 4029 νυκτε-

2164 4077 2336 4150 ρινάς.
2381 4097 2400 4130 ι
2433 4076 2619 4140 Θέλεις
2655 4076 2779 4129 ἰδεῖν
2815 4074 2930 4138 πῶς
2981 4073 3318 4128 κατατάσσει
3364 4070 3610 4140 φυλακὰς
3656 4088 3732 4119 νυ-

2162 4169 2416 4243 κτερινὰς
2451 4171 2479 4223 6
2507 4169 2672 4234 Θεός;
2708 4167 2865 4231 Ὃλος
2891 4169 2920 4220 6
2947 4165 3081 4219 αἰὼν
3123 4160 3281 4229 οὗτος
3313 4163 3414 4228 νύξ
3443 4166 3580 4225 ἐστι,
3628 4161 3731 4213 σκέ-

2161 4282 2253 4329 τος
2279 4264 2412 4318 ἐστί.
2452 4264 2524 4316 Τὸ
2558 4262 2673 4330 φῶς
2701 4261 2948 4332 τηρεῖται
2981 4277 3094 4313 σοι’
3130 4259 3226 4313 νῦν
3255 4261 3366 4331 γὰρ
3395 4259 3463 4311 δι’
3494 4258 3730 4320 sedi-apo.

2166 4341 2402 4429 βλέπεις,
2434 4355 2646 4426 μέλλεις
2679 4354 2736 4407 δέ
2759 4371 2886 4407 ποτε
2915 4353 3129 4423 βλέπειν
3166 4352 3226 4404 τὸ
3251 4351 3390 4421 φῶς.
3426 4349 3628 4404 Οὐκοῦν
3655 4344 3732 4406 νύξ

2167 4451 2281 4503 ἐστι
2306 4449 2414 4511 πᾶς
2443 4451 2472 4502 ό
2498 4445 2653 4510 αἰὼν,
2686 4445 2780 4500 καὶ
2813 4445 2972 4516 χρεία
3001 4444 3257 4514 φυλάκων
3299 4443 3641 4512 τεταγμένων
3670 4441 3732 4498 si;

476 4530 568 4588 liis
621 4534 898 4604 dispositis
944 4535 997 4589 in
1056 4544 1217 4591 nocte
1267 4537 1368 4592 bac
1414 4553 1548 4606 opus
1594 4549 1700 4603 est,
1763 4549 1821 4593 ut
1869 4540 2053 4608 vigiles

2167 4538 2335 4594 νύκτα
2357 4537 2672 4609 ταύτην,ἴνα
2698 4537 2747 4588 οἱ
2771 4535 3082 4606 φύλακες,οἱ
3105 4533 3330 4586 ἐπὶτῶν
3360 4533 3732 4598 νυκτῶνθρω-

477 4627 731 4682 noctibus
775 4629 1041 4698 deputati,
1102 4645 1132 4684 a
1179 4629 1499 4698 latronibus,
1538 4649 1566 4684 a
1609 4632 1743 4687 feris
1803 4641 1858 4686 et
1889 4633 2065 4688 hosti-

479 4718 603 4781 bus,
637 4733 730 4774 eos
757 4721 846 4790 qui
872 4722 924 4774 in
953 4731 1111 4776 nocte
1136 4731 1280 4788 sunt,
1308 4725 1636 4779 custodiant.
1669 4723 1900 4790 Quinam
1934 4740 2064 4780 vero

2174 4631 2310 4703 ρῶσι
2338 4633 2462 4696 τοὺς
2493 4633 2551 4685 ἐν
2572 4629 2722 4698 νυξίν
2744 4629 2852 4684 ἀπὸ
2877 4628 2985 4681 τῶν
3008 4626 3240 4699 λῃστῶν,
3263 4626 3376 4679 ἀπὸ
3405 4626 3514 4678 τῶν
3535 4622 3730 4696 θηρίων.

2171 4724 2279 4778 ἀπὸ
2310 4723 2418 4777 τῶν
2449 4723 2743 4796 πολεμίων.
2775 4721 2932 4786 Τίνες
2964 4723 3012 4775 οἱ
3043 4719 3322 4790 φύλακες;
3355 4720 3423 4772 Οἱ
3445 4713 3731 4788 παρεμιέιὶο

481 4821 610 4867 sunt
644 4817 938 4872 custodes?
965 4819 1154 4890 Angeli
1186 4819 1278 4890 qui
1302 4819 1450 4875 circa
1480 4835 1577 4876 nos
1626 4821 1858 4876 tentoria
1895 4819 2053 4891 ﬁgunt

2170 4815 2351 4881 λοντες
2384 4816 2623 4886 ἄγγελοι.

481 4915 539 4962 et
569 4915 1048 4966 castrantetantur.

557 4997 725 5054 Vsus.
767 4999 855 5053 11.
885 5001 988 5066 Qui
1017 5013 1228 5073 separat
1259 5022 1338 5060 me
1366 5022 1396 5058 a
1429 5005 1860 5076 quadrupedibus
1887 5014 2064 5059 terrea.

485 5089 799 5168 Secundum
854 5093 1090 5163 reliquos
1145 5111 1293 5159 vero,
1357 5099 1488 5167 «qui
1543 5099 1707 5152 docet
1749 5113 1845 5153 nos
1901 5112 2069 5168 super

481 5182 730 5255 iumenta
760 5193 956 5250 terrm,
991 5195 1046 5241 et
1071 5188 1346 5257 sapientes
1369 5205 1468 5244 nos
1508 5189 1687 5244 reddit
1716 5205 1884 5259 super
1911 5190 2066 5244 vola-

487 5277 603 5332 tilia
633 5291 755 5348 quae
798 5293 894 5347 per
937 5293 1117 5334 aerem
1159 5280 1475 5344 volitant;»
1517 5281 1663 5337 solus
1700 5283 1845 5336 enim
1903 5282 2067 5337 bomo

485 5371 698 5425 ratione
741 5380 970 5426 ornatus
1010 5381 1112 5426 est.
1143 5371 1448 5427 Creationis
1489 5373 1653 5443 igitur
1692 5373 1961 5429 beneﬁcio
1997 5374 2065 5429 ab

483 5465 738 5521 omnibus
800 5466 1124 5520 animalibus
1183 5465 1424 5520 distincti
1481 5482 1725 5535 sumus;
1777 5468 1822 5521 si
1883 5479 2065 5522 autem

484 5564 744 5623 peccator
774 5564 831 5610 et
885 5556 1098 5610 adulter
1127 5555 1403 5619 evaseris,
1451 5565 1506 5611 et
1554 5572 1724 5626 prono
1767 5555 1960 5612 aﬂ'ectu
1998 5559 2066 5614 ad

489 5653 692 5703 terram
725 5649 1098 5717 propenderis,
1139 5663 1168 5702 a
1200 5648 1647 5719 quadrupedibus
1687 5659 1844 5707 terrae
1879 5664 2064 5709 secre-

567 5823 612 5859 "
644 5824 944 5892 l‘sal.xxxt,
988 5830 1037 5885 1.
1122 5829 1163 5860 ⁸⁸
1205 5829 1224 5883 1
1259 5827 1382 5884 Cor.
1430 5843 1550 5893 xm,
1592 5829 1678 5886 l2.

2252 5004 2304 5056 Ὀ
2334 5001 2599 5073 διορίζων
2629 5020 2706 5074 με
2761 5002 2879 5057 ἀπὸ
2918 4999 3302 5070 τετραπόδων
3329 4998 3465 5068 γῆς.
3511 4995 3654 5051 Κατὰ
3685 4991 3728 5042 ἃ

2170 5096 2295 5161 τοὺς
2319 5097 2558 5158 λοιποὺς,
2601 5113 2618 5145 ι
2654 5094 2921 5148 διδάσκων
2955 5095 3102 5165 ἡμᾶς
3171 5093 3312 5164 ὑπὲρ
3360 5092 3431 5144 τὰ
3465 5091 3625 5158 κτήνη
3651 5085 3727 5148 τῆς

2168 5189 2294 5260 γῆς,
2322 5189 2416 5242 καὶ
2447 5188 2682 5257 σοφίζων
2715 5188 2852 5260 ύπέρ
2877 5187 2944 5240 τά
2978 5185 3117 5239 κατὰ
3138 5186 3229 5238 τὸν
3261 5185 3403 5256 ἀέρα
3438 5182 3726 5246 διιπτάμιι

2173 5284 2425 5338 πετεινάο
2466 5302 2485 5335 ι
2521 5281 2681 5353 μόνος
2715 5280 2822 5351 γὰρ
2847 5281 2874 5333 6
2922 5279 3206 5350 ἄνθρωπος
3251 5279 3397 5346 λόγῳ
3455 5277 3724 5344 τετίμηται.

2177 5373 2331 5427 Κατὰ
2362 5373 2461 5444 μὲν
2493 5369 2584 5426 οὖν
2612 5371 2700 5425 τὸν
2727 5371 2883 5440 λόγον
2912 5371 3010 5441 τῆς
3041 5370 3103 5440 δη
3113 5369 3404 5440 μιουργξας
3433 5360 3726 5435 διωρίσμεθα

2176 5468 2283 5522 ἀπὸ
2310 5468 2527 5521 πάντων
2553 5466 2662 5520 τῶν
2696 5463 2850 5530 ζώων
2873 5481 2886 5495 ·
2923 5463 3018 5517 ἐὰν
3057 5464 3114 5516 δὲ
3142 5459 3208 5535 ᾗς
3242 5460 3574 5533 ἁμαρτωλὸς.
3613 5455 3724 5523 πόρ-

2176 5579 2285 5627 νος,
2310 5560 2654 5633 κατωφερὴς,
2695 5561 2756 5614 ού
2782 5559 3070 5633 διωρίσϐης
3103 5558 3211 5611 ἀπὸ
3251 5553 3584 5628 τετραπόδων
3617 5547 3722 5615 τῆς.

2175 5653 2313 5714 ἀλλὰ
2371 5651 2858 5730 παρασυνεὸλήθης
2917 5653 3030 5718 τοῖς
3062 5651 3307 5724 κτήνεσι,
3350 5650 3443 5704 καὶ
3463 5646 3632 5716 ἐγένου
3658 5639 3726 5697 ὦς
