3870 6546
369 333 504 388 10-ίὲ
1719 341 1923 400 SELEC

2061 344 2126 399 ΙΝ
2156 343 2183 398 J
2189 344 2295 400 OB.
3448 341 3588 397 10ιὸ

368 449 532 512 ἵππος
562 448 656 501 καὶ
690 449 912 520 ἡμίονος
931 490 944 514 ,
973 447 1053 515 οἷς
1081 451 1180 506 οὑκ
1225 452 1337 508 ἔστι
1377 453 1588 518 σύνεσις
1607 496 1619 520 ,
1650 458 1741 510 καὶ
1768 457 1923 524 ἵππος

2043 471 2127 516 tus
2149 475 2252 514 non
2285 475 2342 514 es
2367 503 2380 526 ,
2422 457 2512 512 sed
2542 463 2884 528 comparatus
2913 469 2971 511 es
2995 453 3276 526 jumeutis,
3306 459 3588 526 factusque

363 538 700 611 θηλυμανής.

997 824 1134 877 ΚΕΦ
1158 862 1174 878 .
1199 817 1291 878 Μ’.

418 915 537 986 Μὴ,
570 915 731 971 ἀλλὰ
766 913 940 976 ζῶσαι
964 912 1167 983 ὥσπερ
1194 913 1347 981 ἀνὴρ
1371 912 1487 981 τὴν
1548 913 1748 982 ὀσφύν
1778 927 1917 969 σου.

343 1007 426 1062 Τά
464 1007 562 1078 μὲν
591 1006 768 1060 τέλεια
793 1005 901 1058 τῶν
956 1005 1348 1076 ἀγωνισμάτων
1379 1006 1490 1070 τοῖς
1543 1005 1722 1069 καλῶς
1753 1005 1920 1076 ἀθλή-

343 1115 471 1152 σασι
505 1097 640 1169 μετά
669 1096 760 1152 τὸν
797 1095 908 1167 βίον
931 1097 1218 1152 ἀπόκειται
1249 1095 1458 1150 τοῦτον·
1489 1096 1640 1150 οὐδὲν
1671 1097 1728 1150 δὲ
1759 1093 1920 1168 ἧττον

344 1192 438 1244 καὶ
465 1190 566 1262 ἤδη
597 1192 628 1260 ἡ
666 1189 824 1262 χάρις
853 1187 943 1242 τοῦ
981 1187 1115 1242 Θεοῦ
1144 1187 1572 1260 ἀρραϐωνίζεται
1603 1189 1729 1252 τοὺς
1760 1186 1923 1258 ἀθλη-

343 1281 460 1345 τάς.
494 1279 592 1333 Διά
627 1273 808 1342 τοῦτο,
839 1279 927 1332 ὅτε
979 1279 1286 1348 ἠγωνίσατο
1312 1279 1379 1332 τὰ
1416 1279 1646 1349 μέγιστα
1692 1279 1720 1331 6
1763 1279 1884 1332 Ἰώδ
1905 1297 1918 1310 ·

343 1369 455 1433 ὅτε,
486 1367 776 1423 ἀποϐαλὼν
807 1370 874 1422 τὰ
908 1371 1240 1441 ὑπάρχοντα,
1269 1369 1484 1436 ἐδόξασε
1510 1369 1600 1423 τὸν
1630 1370 1920 1424 δεδωκότα·

343 1461 453 1522 ὅτε,
477 1460 813 1528 ἀποθέμενος
837 1459 904 1512 τὰ
935 1459 1119 1524 τέκνα,
1151 1460 1509 1531 εὐχαρίστησε
1530 1459 1608 1530 τῷ
1663 1461 1924 1532 παρειλη-

345 1552 484 1622 φότι·
517 1553 626 1616 ὅτε,
662 1554 896 1623 νοσήσας
926 1552 1000 1615 ὡς
1049 1550 1334 1622 σκώληκας
1381 1552 1669 1623 ἀνομὸρείν
1695 1551 1802 1605 ἀπὸ
1829 1551 1922 1605 τοῦ

343 1643 618 1716 σῲματος,
673 1645 734 1702 οὑ
772 1646 1046 1716 νενίκηται
1101 1643 1208 1698 ἀπὸ
1259 1643 1366 1697 τῶν
1401 1645 1606 1698 πόνων·
1664 1645 1923 1716 προοίμια

340 1739 440 1789 καὶ
464 1736 756 1807 ἀρραϐῶνα
781 1737 886 1790 τῶν
914 1737 1088 1790 ἄθλων
1119 1735 1331 1789 δίδωσιν
1362 1737 1508 1808 αὑτῷ
1538 1739 1564 1790 6
1613 1737 1764 1801 Θεὸς,
1791 1756 1928 1810 χρη-

2019 575 2078 615 es
2121 557 2269 610 sicut
2308 566 2480 620 equus
2503 561 2558 604 et
2591 551 2789 616 ntuld5,
2832 551 2887 604 in
2918 549 3114 620 quibus
3146 565 3251 603 non
3301 557 3384 604 est
3428 550 3588 602 intel-

2019 649 2191 705 lectus
2231 645 2295 712 ¹⁶,
2360 654 2415 698 ει
2464 657 2635 713 equus
2686 642 2907 712 quidem
2959 650 3129 697 (nstro
3179 640 3416 696 libidinis
3461 656 3588 710 per-

2019 742 2156 796 citus
2190 739 2254 795 ”.

2651 821 2804 878 CAP.
2839 823 2953 878 XL.

2093 921 2256 976 Vens.
2319 921 2372 976 7.
2445 915 2832 986 Nequaquam,
2893 919 2984 970 sed
3031 918 3298 984 accingere
3336 917 3470 972 sicut
3509 917 3590 969 vir

2019 1014 2250 1067 lumbum
2284 1018 2454 1065 tamn.
2497 1008 2566 1062 lis
2614 1008 2829 1076 quidem
2860 1008 2948 1075 qui
2985 1023 3042 1062 se
3070 1016 3321 1062 strenuos
3359 1007 3589 1061 athletas

2019 1105 2423 1175 praestiterunt,
2493 1100 2713 1167 praemia
2769 1099 3210 1168 praastantissima
3275 1107 3395 1168 post
3450 1099 3592 1152 hanc

2017 1195 2187 1251 vitam
2225 1191 2502 1248 recondita
2554 1199 2715 1253 sunt;
2767 1189 3116 1246 nihilominus
3153 1207 3294 1246 nunc
3339 1191 3499 1246 etiam
3534 1193 3589 1245 in

2021 1283 2272 1356 prtesenti
2306 1280 2526 1340 steculo.
2559 1279 2666 1334 illis
2695 1279 2872 1350 gratia
2907 1279 3000 1334 Dei
3027 1295 3126 1350 pro
3151 1280 3455 1336 arrhabone
3484 1290 3589 1336 est.

2021 1375 2227 1430 Idcirco
2275 1372 2442 1428 anus
2487 1385 2612 1425 cum
2673 1385 2944 1424 summum
3007 1371 3299 1424 discrimen
3347 1373 3590 1434 adiisset,

2023 1482 2144 1522 cum
2185 1465 2340 1518 bonis
2376 1465 2635 1526 nudatus,
2685 1462 2928 1531 largitori
2983 1461 3210 1532 gloriam
3269 1463 3590 1530 detulisset;

2024 1569 2145 1608 cum
2176 1552 2358 1607 liberis
2387 1561 2642 1614 ornatus,
2673 1551 2872 1620 gratias
2901 1549 3164 1605 auferenti
3193 1552 3394 1622 egisset
3419 1571 3435 1618 ;
3473 1569 3593 1608 cum

2022 1643 2342 1715 aegritudine
2399 1643 2736 1706 laborasset,
2793 1642 2866 1696 ita
2917 1653 2978 1696 ut
3031 1656 3242 1697 vermes
3301 1657 3330 1698 e
3369 1658 3596 1711 corpore

2028 1738 2202 1792 instar
2245 1735 2436 1790 imbris
2494 1734 2868 1804 proﬂuxerint,
2927 1734 3185 1789 molestiis
3230 1745 3286 1790 et
3338 1737 3596 1790 aerumnis

341 1828 577 1899 ματίσας
610 1827 756 1900 αὑτῷ
783 1829 869 1882 διὰ
897 1828 1092 1899 νέφους
1117 1829 1209 1882 καὶ
1239 1828 1519 1894 λαίλαπος.
1549 1830 1809 1894 Ἀκούσας
1829 1827 1920 1885 οὖν

2032 1838 2309 1898 superatus
2337 1843 2446 1882 non
2477 1837 2600 1894 est;
2642 1841 2830 1881 verum
2879 1826 3019 1881 Deus
3046 1843 3076 1880 e
3125 1836 3268 1882 nube
3299 1837 3353 1883 et
3385 1830 3598 1884 turbine

237 1927 254 1936 '
341 1919 452 1972 τῶν
487 1920 767 1991 προτέρων
801 1920 993 1989 λόγων,
1027 1921 1144 1974 δέον
1173 1922 1568 1993 ἀποκρίνασθαι
1599 1923 1734 1994 πρὸς
1763 1923 1916 1987 Θεὸν,

341 2015 544 2084 σιωπᾷ,
581 2011 656 2076 ὼς
685 2014 784 2066 οὐκ
818 2013 954 2084 ἔχων
988 2013 1296 2084 παρρησίαν
1318 2031 1330 2043 ·
1385 2013 1536 2066 οὔπω
1562 2015 1669 2086 γὰρ
1695 2015 1808 2086 ᾔδει
1839 2017 1918 2080 τὸ,

345 2119 366 2152 ι
411 2103 615 2172 Μωσῆς
640 2103 837 2169 ἐλάλει,
873 2106 900 2156 6
925 2104 982 2156 δὲ
1012 2104 1143 2167 Θεὸς
1168 2104 1498 2175 ἀπεκρίνατο
1527 2106 1674 2176 αὑτῷ
1697 2109 1867 2178 φωνῇ.
1894 2125 1914 2160 ι

351 2193 416 2247 '0
449 2195 629 2265 μέντοι
682 2195 812 2258 Θεὸς
841 2197 1056 2250 δίδωσιν
1087 2198 1235 2268 αὑτῷ
1268 2199 1578 2272 παρρησίαν
1605 2197 1695 2250 τοῦ
1717 2197 1916 2268 λέγειν·

340 2287 439 2340 καὶ
492 2287 727 2358 τοσαύτη
755 2289 900 2342 ἐστὶν
933 2289 1096 2342 αὑτοῦ
1127 2293 1159 2360 ἡ
1189 2291 1512 2361 χρηστότης,
1542 2289 1681 2343 ὥστε
1724 2289 1922 2343 ἀναλα-

337 2377 458 2432 ϐεῖν
491 2380 650 2434 αὑτὸν
681 2381 968 2452 πρόσωπον
996 2383 1056 2435 οὑ
1090 2383 1386 2453 κρίνοντος,
1421 2383 1554 2436 ἀλλά
1605 2382 1920 2454 κρινομένου

341 2469 486 2540 μετά
518 2469 610 2522 τοῦ
641 2469 948 2542 ἀνθρώπου.
981 2471 1091 2524 Καὶ
1119 2472 1274 2525 ἄλλαι
1307 2472 1464 2525 τοῦτο
1502 2471 1748 2538 ἐδίδαξαν
1781 2473 1921 2543 Γρα-

337 2558 474 2630 φαί·
506 2559 581 2624 ὡς
611 2559 692 2622 τὸ,
714 2579 732 2612 ι
762 2561 944 2625 Δεῦτε,
981 2563 1074 2615 κοιλ⁴
1105 2562 1498 2634 διαλεχθῶμεν·
1543 2582 1560 2615 ι
1593 2564 1707 2624 καὶ,
1737 2583 1754 2615 ι
1782 2563 1922 2628 Λαός

339 2666 471 2720 μου,
499 2652 551 2704 τί
606 2653 834 2723 ἐποίησά
865 2671 980 2720 σοις
1016 2673 1034 2706 ι
1075 2655 1210 2726 Ἤδη
1245 2651 1403 2708 ἆθλον
1456 2656 1668 2709 δίδωσιν
1703 2656 1851 2728 αὑτῷ
1895 2657 1923 2709 6

339 2739 498 2804 Θεὸς,
531 2742 613 2794 ὅτι
665 2743 948 2816 ἄνθρωπον
977 2745 1177 2816 ἐρωτᾷ,
1237 2747 1316 2798 ὅτι
1361 2745 1685 2800 πυνθάνεται
1735 2745 1920 2812 αὑτοῦ,

337 2831 428 2882 ὅτι
454 2832 664 2885 δίδωσιν
687 2834 934 2900 ἐξουσίαν
957 2836 1054 2906 τῆς
1083 2835 1444 2906 ἀποκρίσεως.
1485 2837 1547 2888 Εἰ
1591 2836 1665 2908 μὴ
1700 2831 1767 2907 ἦν
1787 2853 1924 2890 νενι-

337 2922 552 2991 κηκὼς,
577 2925 676 2977 οὑκ
715 2926 1016 2997 ἐλάμϐανεν
1035 2943 1049 2958 ·
1087 2929 1134 2980 εί
1169 2928 1242 2998 μὴ
1271 2923 1338 2998 ἦν
1387 2928 1706 2999 ὑπομείνας,
1733 2929 1833 2981 οὑκ
1857 2927 1921 2982 ἂν

337 3013 574 3085 ἢκουσε·
609 3033 627 3065 ι
663 3014 840 3068 Ζῶσαι
896 3015 1082 3088 ὥσπερ
1136 3017 1272 3088 ἀνὴρ
1302 3018 1399 3087 τὴν
1428 3017 1595 3087 ὀσφύν
1623 3035 1737 3080 σου,
1781 3038 1799 3070 ι
1831 3017 1923 3072 καὶ

341 3105 424 3176 μὴ
459 3104 672 3159 σιώπα·
706 3106 818 3159 ἀλλ’
850 3106 1096 3178 ἀνδρίζου
1133 3109 1268 3180 πρὸς
1297 3110 1394 3172 τὰς
1448 3111 1772 3180 ἐρωτήσεις·
1815 3109 1924 3182 ὅσῳ

338 3199 456 3271 γὰρ
485 3201 652 3270 ὀσφύς
677 3219 818 3264 τινος
843 3203 943 3256 οὑκ
973 3201 1221 3268 ἔζωσται,
1257 3203 1374 3257 οὑδέ
1403 3204 1807 3274 συνέσφιγκται,
1831 3205 1925 3258 ἀλ-
1953 3183 1994 3240 C

337 3291 414 3344 λὰ
440 3291 736 3358 λέλυται,οὑ
761 3293 980 3348 δύναται
1011 3295 1244 3364 εὑλόγως
1272 3295 1667 3365 ἀποκρίνασθαι
1689 3297 1766 3369 τῷ
1781 3297 1919 3370 Θεῷ.

337 3385 438 3456 Μὴ
473 3384 738 3458 πρότερον
771 3383 862 3440 οὖν
907 3387 1292 3458 ἀ-ποκρινάσθω
1319 3405 1400 3451 τις
1432 3387 1507 3458 τῷ
1536 3389 1674 3461 Θεῷ,
1721 3391 1815 3444 ἐὰν
1849 3391 1924 3462 μὴ

337 3477 486 3548 ἀνὴρ
518 3477 739 3548 γένηται
765 3479 967 3544 τέλειος
1017 3480 1115 3551 τὴν
1144 3479 1517 3551 πνευματικὴν
1563 3482 1776 3552 ἡλικίαν
1832 3485 1926 3537 καὶ

337 3568 444 3640 τὴν
473 3571 640 3638 ὀσφὺν
670 3570 926 3643 ζὼσηται.

2026 1935 2148 1975 eum
2175 1921 2462 1986 allocutus,
2489 1919 2834 1988 prtemiorum
2867 1919 3222 1988 primordium
3256 1929 3309 1974 et
3336 1921 3596 1974 arrhabo-

2029 2029 2149 2068 nem
2204 2015 2250 2067 ei
2321 2013 2586 2067 concedit.
2654 2012 3098 2080 Quandoquidem
3156 2022 3336 2068 autem
3400 2014 3597 2068 auditis

2028 2105 2394 2174 superioribus
2443 2104 2532 2158 Dei
2588 2103 2966 2170 sermonibus,
3025 2119 3149 2157 cum
3193 2105 3342 2159 vices
3377 2119 3596 2174 respon-

2027 2196 2186 2250 dendi
2230 2195 2300 2248 illi
2335 2194 2727 2258 incubuissent,
2772 2193 2968 2247 ﬁducia
3003 2193 3254 2262 loquendi
3281 2195 3594 2260 destitutus,

2029 2291 2300 2344 silentiqu
2367 2287 2569 2358 egisset
2619 2286 2878 2357 (nondum
2931 2286 3077 2340 enim
3129 2287 3256 2341 illud
3308 2288 3595 2348 didicerat.

2035 2397 2054 2430 ι
2083 2378 2257 2432 Moses
2283 2378 2622 2447 loquebatur,
2653 2377 2788 2429 Deus
2820 2383 2995 2429 autem
3028 2391 3158 2431 voce
3179 2377 3226 2428 ei
3246 2369 3602 2440 respondit»),

2031 2475 2171 2528 Deus
2211 2471 2460 2541 loquendi
2503 2471 2755 2524 liduciam
2784 2469 2832 2523 ei
2872 2469 3148 2538 impertit;
3189 2477 3444 2538 tantaque
3482 2471 3597 2540 ejus

2027 2561 2337 2631 benignitas
2388 2549 2491 2627 est,
2536 2568 2596 2612 ut
2641 2573 2742 2613 non
2793 2560 3021 2629 judicis,
3069 2561 3161 2615 sed
3211 2575 3332 2615 cum
3377 2561 3598 2616 homine

2030 2653 2372 2708 decernentis
2429 2666 2712 2721 personam
2767 2651 3236 2720 suscipiat:quod
3291 2653 3410 2706 aliis
3448 2651 3598 2706 Scri-

2028 2755 2200 2815 pturae
2225 2742 2358 2796 locis
2373 2739 2700 2808 ostenditur;
2720 2751 2797 2806 ut,
2827 2742 3070 2806 «Venite,
3089 2753 3142 2794 et
3169 2757 3455 2812 arguamus
3485 2742 3526 2772 ⁸⁸
3547 2760 3594 2808 ςι

2031 2847 2129 2891 et:
2175 2835 2454 2905 (Populus
2503 2849 2688 2900 meus,
2735 2835 2864 2903 quid
2919 2835 3020 2890 feci
3086 2835 3180 2890 tibi
3249 2835 3337 2889 li'?
3366 2855 3384 2887 ι
3446 2835 3597 2902 Quod

2029 2929 2305 2985 hominem
2363 2929 2685 2996 interroget,
2742 2929 2885 2996 quod
2940 2928 3246 2997 loquentem
3293 2929 3495 2993 audiat,
3547 2935 3600 2980 et

2031 3023 2176 3094 quod
2221 3020 2580 3090 respondendi
2643 3019 2916 3074 licentiam
2976 3021 3274 3086 concedat,
3339 3021 3600 3074 hactenus

2031 3115 2253 3188 prtemio
2282 3129 2402 3168 eum
2433 3115 2573 3168 Deus
2597 3111 2797 3167 affecit.
2831 3111 2889 3167 Si
2922 3112 3099 3166 victor
3128 3127 3233 3165 non
3261 3111 3556 3165 exstitisset
3581 3149 3598 3174 ,

2031 3202 2195 3274 508
2223 3203 2500 3272 praemium
2533 3219 2636 3257 non
2671 3210 3032 3272 reportasset;
3068 3201 3110 3254 si
3153 3201 3319 3253 animi
3347 3209 3601 3254 constan-

2033 3299 2160 3353 tiam
2199 3313 2306 3351 non
2341 3297 2687 3360 ostendisset,
2737 3296 2864 3350 illud
2906 3301 3090 3366 utique
3139 3310 3245 3348 non
3283 3293 3598 3358 audivisset,

2034 3408 2056 3444 ι
2079 3391 2308 3460 Accingc
2338 3391 2478 3445 sicut
2507 3390 2590 3442 vir
2623 3388 2864 3442 lumbum
2904 3398 3076 3449 tuum.
3113 3407 3130 3440 ι
3177 3386 3286 3442 noli
3322 3385 3596 3441 silentium

2033 3495 2218 3552 agere,
2239 3481 2331 3535 sed
2358 3481 2423 3534 ad
2452 3478 2880 3547 respondendum
2912 3479 3149 3532 animum
3176 3478 3382 3532 virilem
3415 3477 3597 3530 indue:

2032 3583 2298 3644 quatenus
2341 3573 2484 3627 enim
2521 3573 2688 3626 lumbi
2739 3570 2966 3638 alicujus
3005 3571 3227 3624 minime
3267 3569 3494 3624 accincti
3547 3577 3602 3621 et

339 3667 650 3733 constricti,
683 3670 775 3722 sed
833 3669 991 3724 soluti
1030 3680 1176 3739 sunt,
1227 3672 1272 3727 is
1325 3671 1457 3739 Deo,
1497 3681 1658 3742 prout
1695 3681 2116 3726 consentaneum
2159 3679 2264 3734 est,
2305 3670 2634 3737 respondere
2675 3685 2778 3723 non
2832 3677 3024 3738 potest.
3063 3667 3172 3723 Deo
3233 3667 3394 3736 igitur
3442 3679 3600 3720 nemo

338 3766 498 3823 prius
529 3759 874 3826 respondeat,
922 3749 1080 3831 quam
1119 3763 1386 3832 spirituali
1426 3773 1627 3818 statura
1677 3765 1760 3817 vir
1791 3771 2200 3818 consummatus
2220 3763 2478 3826 evaserit,
2505 3772 2557 3815 et
2581 3761 2792 3816 lumbos
2815 3760 3137 3814 accinxerit.

415 3853 512 3920 Μὴ
538 3855 832 3909 ἀρτοποιοῦ
856 3874 975 3925 μου
1001 3857 1062 3910 τὸ
1093 3859 1290 3928 κρῖμα.
1319 3859 1410 3932 Μὴ
1441 3859 1553 3914 οἴου
1587 3859 1796 3929 ἀλόγως
1829 3876 1924 3913 κε-

337 3945 569 4016 κρίσθαι
617 3964 704 4016 μοι
748 3948 917 4001 ταῦτα
948 3949 1086 4022 ἅπερ
1120 3950 1436 4021 ὑπέμεινας,
1499 3952 1630 4021 μηδὲ
1661 3950 1926 4004 ἀποποιοῦ

343 4055 452 4110 μου
481 4039 540 4091 τὸ
561 4042 751 4112 κρῖμα.
783 4039 986 4094 Τούτου
1013 4041 1106 4095 τοῦ
1147 4041 1332 4114 ῥητοῦ,
1358 4043 1432 4106 ὡς
1470 4043 1740 4115 χρησίμου
1788 4061 1928 4116 μνη-

343 4131 682 4202 μονεύωμεν,
711 4133 836 4186 ὅταν
857 4134 884 4186 6
905 4134 1035 4198 Θεὸς
1069 4135 1261 4190 παθεῖν
1289 4153 1340 4188 τι
1373 4137 1519 4206 ἡμᾶς
1543 4136 1722 4209 κρίνῃ,
1741 4136 1928 4190 τέκνον

338 4222 662 4283 ἀποϐαλεῖν,
703 4225 875 4296 ἀρχὴν
901 4225 1180 4288 ἀπολέσαι,
1239 4227 1460 4298 νοσῆσαι
1496 4227 1635 4280 κατὰ
1657 4228 1716 4280 τὸ
1744 4228 1926 4298 σῶμα,

337 4316 372 4368 ὃ
399 4332 452 4367 τι
480 4315 674 4386 δήποτε
697 4318 898 4370 τούτων
933 4319 1266 4389 ὑποστῆναι·
1314 4318 1464 4372 οὐδὲν
1502 4320 1706 4372 τούτων
1731 4315 1840 4372 οἷόν
1873 4337 1933 4373 τε

341 4405 544 4460 παθεῖν
567 4409 597 4479 ἡ
608 4410 733 4478 μᾶς,
770 4408 843 4480 μὴ
874 4410 1148 4481 κρίνοντος
1169 4410 1260 4463 τοῦ
1293 4409 1449 4466 Θεοῦ.
1493 4411 1644 4463 Ἐπεὶ
1665 4408 1756 4465 οὖν
1781 4411 1932 4465 οὐδὲν

339 4497 550 4550 τούτων
599 4499 804 4566 γίνεται
839 4501 1006 4571 χωρὶς
1053 4501 1320 4572 κρίματος
1373 4501 1466 4554 τοῦ
1519 4501 1676 4564 Θεοῦ,
1717 4501 1930 4571 λέγεται

340 4591 487 4660 πρὸς
513 4591 603 4644 τὸν
641 4591 876 4644 παθόντα
901 4609 912 4620 ·
947 4611 963 4642 ι
997 4593 1088 4663 Μὴ
1133 4593 1396 4647 ἀποποιοῦ
1439 4613 1540 4664 μου
1586 4594 1647 4647 τὸ
1676 4597 1868 4665 κρῖμα·
1906 4614 1924 4646 ι

2105 3857 2267 3913 Vsus.
2309 3857 2364 3913 8.
2409 3855 2492 3912 Ne
2516 3855 3019 3925 repellasjudicium
3045 3869 3235 3909 meum.
3266 3851 3384 3908 Noli
3411 3854 3599 3910 existi-

2030 3965 2182 4007 mare
2227 3965 2310 4004 me
2362 3963 2646 4020 perperam
2673 3955 2726 4000 et
2754 3948 2868 4001 sine
2899 3944 3130 4010 ratione,
3171 3960 3232 3999 ea
3263 3960 3383 4014 qua:
3408 3959 3602 4014 passus

2030 4043 2400 4114 esjndicasse,
2437 4054 2610 4109 neque
2649 4038 2914 4109 judicium
2951 4052 3127 4091 meum
3159 4037 3418 4106 defugito.
3459 4035 3600 4092 Dicti

2033 4135 2192 4202 hujus
2215 4133 2501 4186 utilitatem
2529 4129 2790 4185 memoria
2819 4127 3152 4194 recolamus,
3181 4144 3301 4182 cum
3332 4127 3470 4183 Deus
3493 4127 3602 4197 pali

2033 4243 2133 4282 nos
2188 4225 2395 4294 aliquid
2449 4223 2774 4288 decreverit,
2831 4221 2876 4276 si
2929 4220 3220 4276 liberorum
3265 4220 3552 4280 orbitatem
3585 4263 3602 4289 ,

2031 4321 2340 4376 dominatus
2376 4316 2744 4380 amissionem,
2787 4313 3034 4384 corporis
3070 4315 3444 4386 aagritndinem
3468 4353 3483 4380 ,
3516 4313 3603 4368 vel

2030 4413 2232 4483 aliquid
2271 4409 2576 4480 hujusmodi
2611 4408 2800 4464 subire
2825 4416 3077 4476 oporteat
3109 4423 3122 4461 :
3159 4408 3274 4462 fieri
3313 4408 3455 4462 enim
3493 4424 3600 4462 non

2030 4513 2228 4574 potest,
2257 4511 2315 4556 ut
2345 4502 2462 4557 sine
2503 4500 2594 4556 Dei
2619 4499 2824 4568 judicio
2872 4498 3165 4567 quidquam
3205 4499 3392 4552 horum
3426 4499 3602 4566 patia-

2033 4609 2174 4650 mur.
2198 4593 2329 4648 Cum
2363 4593 2545 4662 itaque
2573 4591 2778 4659 absque
2809 4589 3213 4658 divinojudicio
3245 4591 3376 4645 nihil
3411 4591 3600 4645 horum

337 4683 612 4746 τουτέστι,
645 4683 734 4754 Μὴ
781 4682 1026 4754 ἀπαρνοῦ
1079 4684 1216 4756 ὅπερ
1246 4684 1436 4757 ἔκρινα
1479 4686 1606 4757 περὶ
1663 4685 1784 4738 σοῦ·
1836 4685 1923 4740 τὸν

2032 4687 2268 4750 eveniat,
2323 4687 2552 4738 adversa
2606 4681 2854 4744 toleranti
2913 4681 3128 4747 dicitur,
3194 4683 3307 4742 «Ne
3376 4682 3604 4752 repellas

339 4772 594 4844 παρόντα
618 4772 762 4842 λέγει
781 4772 1182 4846 χρηματισμόν.

422 5052 544 5105 Οἴει
586 5051 652 5106 δέ
677 5069 753 5121 με
794 5051 994 5120 ἄλλως
1027 5071 1124 5108 σοι
1169 5055 1696 5126 κεγρηματικέυι··αι,
1737 5058 1775 5126 ἢ
1822 5059 1923 5112 ἵνα

339 5143 660 5212 ἀναφανῇς
686 5145 949 5210 Naturae;
1007 5145 1399 5218 Ἀπολογοῦμαί
1429 5164 1537 5200 σοι·
1603 5148 1804 5213 δίκαιος
1831 5146 1920 5220 ἧς,

340 5234 462 5288 ἀλλ’
516 5235 615 5288 οὑκ
664 5232 731 5307 ἦς
782 5237 1036 5308 φανερός·
1107 5239 1383 5310 ὑπομονὴν
1443 5236 1625 5310 εἶχες·
1694 5241 1798 5294 ἔδει
1857 5259 1925 5313 με

341 5328 600 5400 ἀφορμὴν
644 5333 941 5402 παρασχεῖν
973 5331 1064 5384 τοῦ
1089 5331 1295 5402 λάμψαι
1336 5351 1429 5386 σου
1459 5333 1558 5402 τὴν
1606 5335 1878 5406 ὑπομονήν
1906 5352 1920 5366 ·

342 5413 495 5488 εῖχες
519 5421 766 5492 ἀνδρείαν
788 5439 800 5451 ·
857 5422 971 5475 ἀλλ’
1002 5423 1300 5496 ἐκρύπτετο
1324 5427 1380 5477 ἐν
1413 5425 1521 5478 σοί·
1563 5427 1611 5478 οἱ
1648 5426 1923 5497 συμϐεϐη-

342 5510 506 5574 sake;
539 5513 687 5565 πόνοι
725 5512 928 5577 ἔδειξαν
965 5531 1057 5566 σου
1089 5516 1186 5585 τὴν
1231 5516 1499 5588 ἀνδρείαν.
1547 5516 1762 5570 Τούτων
1791 5535 1925 5590 μνη-

347 5603 662 5674 μονεύωμεν
683 5605 740 5657 ἐν
764 5607 873 5662 τοῖς
895 5605 1000 5658 τῶν
1025 5607 1389 5677 περιστάσεων
1411 5614 1636 5679 καιροῖς,
1658 5611 1748 5662 καὶ
1767 5609 1929 5674 δόξω-

427 5788 472 5818 ¹⁶
515 5786 652 5840 l’sat.
698 5803 891 5854 XLVIII,
941 5788 1024 5854 l5,
1057 5789 1145 5856 2|,
1191 5806 1338 5854 χχιι,
1401 5791 1454 5846 9.

1529 5793 1568 5824 ”
1627 5791 1826 5848 Jerem.
1869 5810 1921 5858 v,
1972 5793 2023 5847 8.

2026 4779 2290 4850 judicium
2327 4791 2526 4838 meum,
2557 4795 2576 4829 ι
2623 4775 2676 4829 id
2714 4785 2817 4840 est,
2847 4774 2988 4843 quod
3024 4772 3090 4829 de
3121 4781 3171 4827 te
3196 4772 3402 4841 judicio
3437 4775 3600 4828 slatui

2032 4873 2298 4942 (praesens
2348 4869 2559 4924 scilicet
2621 4882 2937 4937 responsum
2997 4867 3197 4937 meum)
3259 4867 3365 4922 noli
3417 4867 3600 4922 detre—

2028 4975 2198 5020 ctare.

2105 5056 2270 5114 Putas
2302 5065 2474 5109 autem
2520 5071 2599 5108 me
2644 5055 2800 5108 aliter
2831 5057 2925 5110 tibi
2961 5056 3288 5124 respondisse
3313 5097 3326 5122 ,
3354 5071 3509 5119 quam
3547 5064 3598 5106 ut

2031 5159 2284 5214 apparens
2317 5143 2543 5212 justus?
2587 5142 2773 5200 Justus
2807 5159 2958 5210 eras,
3007 5145 3196 5209 fateor,
3253 5161 3441 5198 verum
3483 5145 3600 5198 aliis

2032 5239 2285 5307 ignotus;
2313 5236 2571 5304 patientia
2605 5236 2985 5302 iustruebaris,
3013 5237 3106 5291 sed
3133 5246 3186 5290 ut
3217 5237 3472 5305 patientia
3509 5247 3595 5287 tua

2031 5331 2280 5394 eniteret,
2319 5329 2661 5384 occasionem
2710 5344 2795 5384 me
2835 5331 3074 5398 praebere
3097 5329 3376 5396 oportuit;
3417 5329 3600 5382 animo

2033 5419 2156 5476 forti
2184 5435 2326 5483 eras,
2359 5421 2451 5475 sed
2486 5420 2739 5474 latentem
2771 5422 2823 5476 iu
2855 5431 2906 5476 te
2939 5420 3309 5476 fortitudinem
3343 5435 3599 5474 aerumna:

2033 5525 2088 5572 et
2121 5513 2379 5568 molestiae
2404 5527 2521 5582 qua:
2548 5513 2640 5568 tibi
2671 5515 3034 5582 contigerunt,
3062 5511 3394 5579 perspicuam
3423 5512 3602 5564 reddi-

2038 5609 2249 5662 derunt.
2309 5605 2507 5659 llnrum
2563 5609 2928 5668 recordemur,
2979 5617 3097 5657 cum
3133 5603 3471 5656 calamitates
3505 5616 3600 5656 nos

2104 5793 2145 5824 ⁸⁸
2185 5791 2310 5848 Isai.
2343 5807 2380 5856 ι,
2411 5789 2498 5846 18.
2577 5791 2618 5822 ¹⁹
2660 5789 2819 5845 Mich.
2862 5805 2938 5858 Vl,
2980 5788 3032 5844 5.
