3870 6540
437 273 581 333 1017

1838 280 1933 337 EX
1970 276 2272 337 ()RIGENE

3551 267 3671 325 1018

432 406 707 469 premunt,
764 407 818 453 et
868 400 1033 455 Deum
1081 412 1420 473 praesentem,
1471 421 1675 476 nosque
1713 404 1985 475 alloquen-

2102 417 2202 471 μεν
2229 397 2324 452 τοῦ
2360 395 2494 450 Θεοῦ
2532 393 2749 450 ἀκούειν
2797 390 3069 465 παρόντος
3115 388 3214 442 καὶ
3247 386 3501 456 λέγοντος
3524 385 3668 455 ἦμῖν·

433 499 538 542 tem
578 489 763 545 audire
806 491 1196 558 existimemus,
1238 511 1261 548 ι
1295 495 1527 551 Putasne
1589 511 1675 549 me
1708 493 1867 548 aliter
1904 484 2010 547 tibi

433 581 799 651 respondisse,
825 600 843 634 ι
886 582 937 636 id
983 594 1094 650 est,
1128 594 1322 642 tentari
1355 596 1406 644 te
1433 603 1650 657 passum
1680 570 1997 656 esse,quatn

433 679 485 725 ut
516 668 1123 743 ignorantibusjusiitia
1165 687 1253 731 tua
1297 679 1582 735 manifesta
1610 674 1742 734 liat‘?

504 762 669 820 Vsus.
712 766 798 821 10.
840 765 1061 823 Assume
1090 769 1184 824 tibi
1225 770 1579 827 altitudinem.
1639 768 1788 827 Licet
1831 759 1995 824 etiam

430 854 532 914 hoc
575 855 733 912 modo
769 873 958 913 versus
1006 850 1341 931 intelligere:
1369 867 1549 923 Victus
1598 878 1627 918 a
1670 875 1723 920 te
1755 872 1997 919 tentator

429 956 534 1015 cst,
574 948 739 1005 animi
795 950 871 1005 tui
912 951 1286 1009 celsitudinem
1330 964 1383 1009 et
1421 955 1563 1010 vires
1601 968 1720 1012 tuas
1762 970 1994 1020 resume,

427 1053 685 1094 coronam
708 1041 927 1113 accipe,
960 1050 1015 1096 et
1044 1043 1208 1097 decus
1241 1043 1401 1100 indue
1427 1061 1441 1099 :
1473 1045 1671 1101 bellum
1710 1045 1801 1101 tibi
1832 1047 1996 1099 movit

426 1131 782 1198 conviciator,
821 1142 875 1190 tu
919 1149 1052 1189 vero
1095 1136 1403 1206 superbiam
1453 1136 1569 1206 ejus
1618 1139 1894 1202 domuisti,
1942 1145 1997 1201 et

424 1237 552 1279 cum
619 1223 846 1281 cohorte
906 1239 1004 1282 sua
1067 1213 1260 1297 procul
1328 1228 1481 1284 illum
1547 1245 1668 1284 cum
1730 1229 1996 1286 dedecore

425 1312 644 1388 fugasti.
1064 1380 1067 1381 ν

1047 1409 1195 1464 CAP.
1239 1408 1375 1467 XLI.

498 1497 659 1554 Vens.
688 1498 741 1554 5.
778 1497 950 1556 Ludes
989 1511 1162 1556 autem
1192 1503 1244 1555 in
1274 1519 1333 1558 eo
1364 1503 1502 1557 sicut
1524 1502 1606 1556 avi
1629 1502 1655 1555 .9
1681 1511 1772 1556 aut
1803 1501 1992 1572 lignbis

425 1602 545 1642 eum
576 1588 709 1643 sicut
741 1605 1005 1658 passerem
1037 1607 1197 1660 puero
1219 1594 1244 1646 'I
1276 1590 1478 1664 Magni,
1505 1593 1710 1648 strenui
1764 1602 1819 1647 et
1872 1606 1992 1660 per-

425 1678 553 1735 fecti
585 1679 751 1735 animi
786 1680 1012 1749 gloriam
1044 1691 1097 1737 et
1126 1682 1383 1737 honorem
1415 1681 1713 1748 describit;
1750 1693 1804 1737 et
1842 1684 1988 1751 quod

423 1772 588 1829 draco
618 1772 717 1840 illi,
755 1781 813 1829 ut
841 1789 1029 1843 passer
1070 1790 1257 1845 puero,
1292 1776 1524 1831 traditus
1557 1776 1648 1843 sit,
1678 1777 1766 1847 qui
1812 1750 1987 1844 puero
2021 1750 2061 1805 Β

424 1880 618 1921 nocere
652 1881 755 1919 non
791 1874 1010 1936 potest:
1056 1882 1191 1938 puer
1216 1867 1363 1922 enim
1392 1881 1512 1922 eum
1554 1867 1656 1921 sibi
1692 1867 1988 1938 alligatum,

420 1972 739 2027 quocunque
784 1957 897 2012 vult
939 1957 1089 2013 ducit
1137 1968 1191 2013 et
1247 1958 1559 2015 circumfert
1593 1975 1608 2012 :
1640 1959 1780 2014 haud
1834 1973 1993 2028 secus

418 2048 588 2120 gratia
614 2048 820 2114 divina,
863 2049 1036 2105 instar
1077 2050 1337 2121 passeris,
1370 2051 1424 2105 in
1456 2060 1778 2121 potestatem
1816 2049 1994 2104 infan-

419 2140 550 2195 tium
587 2149 641 2195 et
676 2135 1021 2203 laetantium,
1071 2156 1134 2197 ex
1182 2156 1414 2213 quorum
1460 2155 1555 2199 ore
1608 2142 1749 2196 Deus
1781 2140 1989 2196 laudem

417 2232 663 2301 periecit,
693 2230 924 2288 Satanas
952 2233 1167 2290 vinctus
1198 2235 1436 2289 devenit.
1708 2306 1711 2309 ν

488 2324 652 2380 Vens.
693 2325 747 2380 6.
792 2323 1092 2382 Pascuntur
1120 2336 1295 2382 autem
1327 2328 1383 2381 in
1412 2343 1471 2383 eo
1493 2337 1691 2397 gentes.
1723 2326 1992 2394 Quemad‘

420 2420 632 2477 modum
670 2418 931 2476 Dominus
974 2420 1251 2485 ﬁdelium,
1283 2420 1358 2474 ita
1400 2420 1567 2475 etiam
1601 2421 1765 2474 draco
1796 2417 1989 2493 impio-

419 2524 542 2565 rum
575 2510 730 2566 cibus
761 2517 887 2565 est:
928 2527 948 2561 ι
981 2509 1184 2564 Dedisti
1213 2509 1356 2564 enim
1401 2524 1521 2564 eum
1560 2523 1738 2565 escam
1780 2507 1990 2579 pupulis

415 2600 782 2672 Ethiopibus,
816 2620 836 2656 ι
876 2601 930 2657 id
956 2612 1041 2656 est
1073 2601 1198 2657 liliis
1226 2602 1596 2666 tenebrarum,
1624 2602 1717 2671 qui
1752 2602 1801 2655 in
1840 2601 1992 2671 igno-

415 2693 594 2748 rantia
618 2703 929 2748 versantur.
976 2692 1261 2749 Vescimur
1302 2694 1449 2749 enim
1485 2692 1648 2764 509
1674 2692 1824 2747 omni
1875 2705 1991 2747 ser-

417 2800 580 2841 mone
612 2799 773 2856 quem
811 2786 1036 2843 auribus
1077 2786 1416 2856 accipimus,
1465 2784 1552 2840 vel
1585 2800 1613 2838 a
1646 2786 1909 2861 dracone,
1942 2783 1987 2857 si

416 2889 560 2930 vana
581 2885 635 2930 et
668 2874 842 2931 l‘utilia
866 2875 1273 2941 audiverimus;
1311 2875 1397 2931 vel
1432 2889 1462 2930 a
1488 2872 1727 2940 Christo,
1754 2875 1800 2929 si
1825 2874 1987 2929 verba

417 2966 741 3022 :rdiﬁcantia
770 2977 825 3022 et.
857 2966 1008 3045 utilia
1041 2967 1432 3038 acceperimus.
1968 2960 1977 2964 ”

2083 486 2125 545 ἰ
2168 484 2283 545 Οἴει
2307 490 2364 544 δέ
2393 506 2460 561 με
2490 487 2665 551 ἄλλως
2705 504 2787 540 σοι
2837 480 3341 555 κεχρηματικέναι,
3387 498 3407 530 ι
3448 476 3669 531 statim

2098 586 2190 640 τὸν
2212 581 2512 655 πειρασμὸν
2537 578 2909 651 συγχωρῆσαι,
2936 577 2971 646 ἢ
3004 578 3093 630 ἵνα
3121 576 3235 636 τοῖς
3266 568 3529 640 ἀγνοοῦσι
3555 566 3671 638 δήλη

2102 676 2135 746 ἡ
2167 674 2233 745 σὴ
2263 670 2573 740 δικαιοσύνη
2604 664 2672 743 ᾖ;

2181 764 2467 820 Ἀνάλαϐε
2487 762 2562 830 δὴ
2588 761 2765 830 ὕψος.
2797 760 2954 812 Ἔστι
2978 757 3036 819 δὲ
3060 759 3153 810 καὶ
3176 754 3326 809 οὕτω
3350 751 3549 822 νοῆσαι
3564 752 3670 813 τοῦς

2100 857 2346 929 στίχους·
2378 853 2689 924 Νενίκηκας
2726 850 3177 922 τὸνπειραστήν·
3211 845 3459 905 ἀνάλαϐέ
3500 861 3589 896 σου
3624 844 3671 896 τὶ

2098 950 2259 1021 ὕψος·
2293 948 2528 1004 ἀνάλαϐέ
2558 966 2650 1002 σου
2676 946 2776 1019 τὴν
2820 946 3046 1015 δύναμιν
3067 961 3081 974 ’
3121 943 3507 1011 στεφάνωσαι·
3546 937 3652 990 {via

2098 1060 2188 1097 σαι
2211 1043 2561 1114 εὐπρέπειαν.
2600 1041 2658 1093 '0
2686 1038 2945 1112 ὑϐριστὴς
2974 1035 3384 1108 ἐστρατεύσατο
3408 1031 3551 1085 κατὰ
3574 1029 3665 1083 σώ-

2086 1136 2162 1208 δσὺ
2185 1136 2240 1189 δὲ
2275 1135 2365 1187 τὸν
2396 1134 2742 1205 ὑπερήφανον
2772 1130 3161 1194 ὲταπείνωσας,
3186 1126 3289 1180 καὶ
3321 1124 3548 1196 μακρὰν
3573 1123 3670 1193 μετ’

2089 1225 2353 1298 ,αἰσχύνης
2384 1223 2729 1296 ἀπέστρεψας
2759 1222 2897 1296 μετὰ
2915 1222 3017 1294 τῆς
3055 1218 3219 1273 αὐτοῦ
3245 1218 3560 1288 φάλαγγος.

2711 1408 2865 1460 ΚΕΦ.
2900 1407 3035 1460 MA’.

2163 1502 2355 1570 Παίξῃ
2378 1499 2445 1555 δὲ
2465 1500 2535 1554 ἐν
2553 1497 2712 1565 αὐτῷ
2730 1497 2931 1566 ὥσπερ
2955 1496 3170 1565 ὀρνέῳ;
3194 1495 3237 1564 ἢ
3264 1493 3488 1559 δήσεις
3509 1489 3675 1544 αὐτὰ*

2091 1595 2294 1664 ὥσπερ
2319 1593 2640 1661 στρουθίον
2664 1590 2920 1656 ambigo;
2948 1588 3206 1660 Μεγάλης
3235 1587 3334 1639 καὶ
3369 1582 3677 1656 ἐρρωμένης

2092 1688 2186 1742 καὶ
2221 1686 2430 1749 τελείας
2456 1683 2634 1756 ψυχῆς
2683 1682 2971 1754 διαγράφει
2996 1682 3058 1734 τὸ
3086 1681 3262 1743 τέλος,
3296 1680 3385 1732 ὅτι
3416 1694 3486 1745 γε
3515 1678 3546 1729 6
3566 1674 3678 1745 δρί-

2093 1798 2205 1836 κων
2233 1777 2399 1849 αὐτῷ,
2427 1777 2615 1849 ὥσπερ
2638 1774 2917 1848 στρουθίον
2942 1773 3307 1845 παραδέδοται
3337 1768 3571 1840 παιδίῳ,
3592 1785 3679 1839 μηο

2092 1872 2148 1925 δὲ
2202 1870 2399 1942 βλάψαι
2448 1869 2508 1923 τὸ
2567 1868 2775 1921 παιδίον
2825 1866 3143 1937 δυνάμενον,
3170 1865 3255 1918 ὅτι
3284 1864 3383 1917 καὶ
3410 1859 3679 1931 δεδεμένοι

2092 1964 2224 2018 αὐτὸ
2247 1964 2368 2032 ἄγει
2416 1962 2549 2015 ὃπου
2578 1976 2638 2029 γε
2665 1958 2912 2029 βούλεται
2934 1957 2995 2011 τὸ
3021 1955 3234 2009 παιδίον
3255 1955 3355 2008 καὶ
3378 1949 3677 2024 περιφέρει*

2091 2054 2233 2109 οὕτω
2261 2057 2326 2126 τῇ
2355 2052 2535 2125 χάριτι
2566 2050 2662 2105 τοῦ
2692 2050 2920 2122 Κυρίου,
2941 2047 3015 2112 ὡς
3038 2045 3324 2120 στρουθίον
3353 2041 3677 2114 ὑποχείριον,

2090 2149 2118 2205 ὁ
2152 2146 2396 2209 Σατανᾶς
2435 2142 2715 2215 δεδεμένος
2740 2140 3029 2212 γεγένηται
3064 2142 3176 2202 τοῖς
3201 2137 3433 2208 νηπίοις
3458 2134 3555 2187 καὶ
3596 2130 3678 2202 θη-

2091 2236 2364 2302 λάξουσιν,
2395 2226 2470 2288 ὧν
2500 2236 2564 2288 ἐκ
2591 2234 2856 2305 στόματος
2887 2232 3271 2304 κατηρτήσατο
3292 2224 3455 2281 αἶνον
3484 2226 3515 2277 6
3542 2222 3675 2286 Θεᾶς.

2173 2328 2585 2383 Ἑνσιτοῡνται
2637 2326 2705 2379 δὲ
2750 2325 2821 2379 ἐν
2865 2323 3026 2390 αὐτῷ
3069 2322 3240 2389 ἔθνη.
3303 2319 3533 2391 Ὠσπερ
3582 2314 3676 2368 τῶν

2095 2421 2300 2475 πιστῶν
2343 2418 2540 2491 βρῶμα
2591 2420 2620 2472 6
2647 2417 2877 2489 Κύριος,
2913 2414 3087 2478 οὕτως
3112 2415 3142 2467 6
3171 2413 3400 2483 δράκων
3426 2408 3538 2462 τῶν
3566 2408 3673 2460 άπ-

2090 2512 2200 2565 ϐῶν
2216 2528 2228 2541 ·
2259 2531 2277 2563 ι
2300 2510 2547 2573 Ἔδωκας
2572 2508 2680 2581 γὰρ
2696 2508 2858 2563 αὑτὸν
2878 2506 3071 2578 βρῶμα
3086 2505 3237 2567 λαοῖς
3248 2506 3367 2567 τοῖς
3393 2500 3601 2569 male!”
3617 2516 3630 2529 ·
3649 2517 3667 2550 ι

2089 2603 2354 2667 τουτέστι,
2372 2605 2485 2665 τοῖς
2502 2603 2635 2666 υἱοῖς
2652 2599 2747 2655 τοῦ
2766 2600 3009 2663 σκύτους,
3027 2600 3139 2661 τοῖς
3168 2598 3226 2649 ἐν
3254 2594 3530 2665 ἀγνωσία.
3548 2592 3668 2645 Καθ’

2088 2695 2318 2750 ἕκαστον
2342 2693 2452 2767 γὰρ
2489 2693 2645 2763 λόγον
2671 2692 2731 2747 ὃν
2780 2688 3220 2764 παραδεχόμεθα,
3272 2687 3401 2758 ἦτοι
3456 2683 3563 2738 ἀπὺ
3585 2681 3666 2736 τεῦ

2083 2772 2377 2861 δράκοντος
2429 2784 2835 2857 ὲσθίομεν,.ὲάν
2892 2777 3330 2854 παραδεξώμεθα
3358 2776 3533 2847 ἀκοὴν
3580 2791 3668 2844 μα-

2084 2880 2268 2943 ταίαν,
2300 2880 2333 2951 ἢ
2365 2879 2471 2934 ἀπὸ
2492 2877 2587 2933 τοῦ
2612 2873 2872 2949 Χριστοῦ,
2923 2873 3016 2933 ἐὰν
3046 2866 3497 2949 παραδεξώμεθα
3526 2865 3664 2938 λόγον

2086 2972 2475 3047 ¹οἰκοδομοῦντα
2499 2969 2594 3026 καὶ
2630 2968 2963 3041 ὠφελοῦντα.

485 3057 649 3115 Vsus.
664 3060 718 3115 7.
738 3057 903 3115 Omne
920 3060 1170 3130 navigans
1188 3059 1494 3114 conveniens
1508 3075 1610 3114 non
1626 3057 1789 3128 ferent
1805 3056 1985 3125 pellem

2163 3062 2294 3119 Πᾶν
2324 3062 2392 3116 δὲ
2419 3063 2658 3117 πλωτὸν
2685 3062 2989 3118 συνελθὸν
3012 3062 3085 3116 οὐ
3098 3058 3187 3129 μὴ
3216 3056 3513 3128 Mm.

416 3168 579 3207 unam
595 3164 780 3208 caudae
799 3157 933 3221 ejus.
951 3152 1014 3208 Ut
1031 3152 1233 3207 clarius
1250 3152 1483 3216 dicatur,
1498 3152 1744 3208 homines
1759 3151 1848 3222 qui
1863 3165 1986 3207 cor-

416 3242 643 3312 poribus
668 3252 924 3313 tauquam
949 3243 1178 3315 navigiis
1200 3253 1445 3307 utuntur,
1468 3242 1722 3298 draconis
1745 3250 1985 3297 extrema

413 3343 469 3388 et
498 3332 689 3390 ultima
720 3348 821 3389 suo
850 3342 1027 3389 marte
1060 3334 1329 3389 coniicere
1366 3347 1473 3389 non
1508 3343 1771 3404 possunt;
1806 3334 1986 3415 divina

412 3438 542 3483 vero
581 3424 825 3494 potentia
866 3423 1020 3481 nobis
1067 3425 1408 3496 invigilante,
1458 3435 1627 3480 totum
1662 3425 1828 3480 etiam
1861 3440 1983 3481 eum

410 3523 633 3587 portare
656 3524 710 3571 et
736 3530 970 3572 enecare
990 3531 1276 3588 possumus
1301 3533 1316 3570 :
1354 3515 1551 3588 singuli
1586 3526 1789 3585 autem,
1818 3504 1984 3586 quan-

414 3615 531 3664 tum
566 3608 619 3663 in
658 3608 814 3665 nobis
837 3617 941 3674 est,
974 3608 1249 3664 diabolum
1277 3620 1450 3665 morte
1483 3621 1803 3673 mactemus,
1833 3610 1985 3682 juxta

412 3698 547 3756 illud
590 3702 636 3734 ⁸ο
681 3719 696 3756 :
748 3720 768 3754 ι
814 3702 1076 3759 Dominus
1102 3703 1359 3758 Satanam
1399 3705 1500 3760 sub
1532 3703 1757 3775 pedibus
1789 3704 1986 3763 vestris

409 3789 676 3846 velociter
710 3800 974 3848 conteret.
1013 3811 1033 3846 ι

480 3878 647 3937 Vsus.
682 3882 771 3938 15.
806 3881 873 3938 1η
903 3900 1088 3954 rugam
1130 3888 1355 3954 pectoris
1385 3889 1501 3958 ejus
1539 3889 1658 3959 quis
1687 3887 1866 3958 utique
1899 3886 1984 3940 in-

411 3973 728 4042 grediatur?
755 3972 888 4029 Pars
921 3976 1166 4045 corporis
1199 3978 1254 4033 in
1287 3992 1391 4047 qua
1424 3979 1563 4034 ratio
1599 3980 1783 4035 sedem
1820 3980 1984 4035 habet

410 4073 470 4118 et
510 4063 798 4135 imperium
826 4075 1081 4135 exercet,
1113 4068 1308 4125 thorax
1335 4079 1389 4125 et
1432 4081 1622 4141 pectus
1659 4071 1979 4143 appellatur.

412 4153 635 4210 Thorax
662 4154 780 4225 ejus
805 4156 1032 4227 simplex
1066 4173 1169 4213 non
1202 4168 1286 4214 est
1312 4201 1327 4226 ,
1362 4172 1613 4216 versutus
1645 4171 1699 4216 et
1738 4162 1982 4231 implica-

409 4254 501 4302 tus
526 4253 609 4301 est
635 4264 649 4300 :
680 4253 903 4302 sanctus
936 4256 1120 4302 autem
1152 4248 1403 4319 detegere
1428 4264 1571 4315 eum,
1601 4258 1655 4304 et
1685 4246 1980 4304 involutum

408 4350 531 4393 esse
558 4337 848 4395 ostendere
873 4347 1085 4413 potest;
1113 4338 1231 4395 viro
1254 4340 1397 4395 cnim
1431 4351 1621 4396 sancto
1648 4342 1979 4412 implicatum

411 4443 516 4484 non
539 4438 641 4485 88l-

480 4518 647 4577 νεεδ.
684 4520 769 4577 16.
804 4520 1034 4592 Spiritus
1065 4532 1237 4578 autent
1270 4538 1374 4576 non
1410 4522 1650 4575 transibit
1677 4538 1817 4577 eum.
1848 4520 1981 4577 Illud

411 4620 618 4678 autem,
672 4630 691 4664 ι
740 4628 848 4668 non
885 4614 1173 4681 transibit,
1200 4632 1220 4666 ι
1257 4629 1362 4668 non
1392 4615 1537 4683 quod
1570 4630 1679 4669 non
1707 4624 1983 4683 pertrans-

410 4709 502 4756 eat
556 4712 611 4757 et
672 4713 992 4772 percurrat,
1044 4706 1139 4761 sed
1199 4706 1327 4776 quia
1394 4705 1529 4761 nihil
1589 4706 1763 4776 ipsum
1822 4703 1988 4759 lateat

413 4808 715 4866 omnesque
743 4811 840 4864 per
872 4797 1046 4867 ipsum
1085 4799 1320 4855 transire
1348 4808 1617 4870 oporteat,
1651 4811 1821 4869 quare
1852 4811 1985 4867 quo-

419 4883 596 4939 minus
627 4884 682 4938 in
711 4894 975 4954 potestate
1001 4886 1121 4958 ejus
1153 4889 1527 4957 detineamur,
1561 4904 1660 4947 nos
1691 4891 1835 4960 ipsos
1861 4903 1988 4944 cum

415 4976 592 5031 studio
632 4976 1002 5048 accingamur.
1860 4999 1871 5007 ’

487 5066 654 5123 Vens.
709 5065 796 5122 18.
841 5067 910 5122 Et
950 5069 1090 5123 oculi
1132 5069 1247 5139 ejus
1297 5074 1491 5141 species
1536 5072 1789 5142 Luciferi.
1831 5072 1986 5129 Oculi

415 5159 583 5229 igitur
615 5156 734 5227 ejus
774 5174 881 5212 non
930 5169 1054 5214 sunt
1094 5158 1369 5229 Luciferi,
1402 5163 1497 5218 sed
1537 5182 1555 5215 ι
1597 5161 1833 5218 Luciferi
1870 5178 1988 5233 spe-

412 5254 559 5318 cies;
585 5271 601 5304 ι
623 5250 1044 5307 transformatur
1063 5254 1205 5308 enim
1235 5256 1287 5308 in
1315 5255 1558 5325 angelum
1584 5256 1740 5324 lucis;
1767 5257 1988 5312 simulat

407 5358 469 5401 se
500 5362 621 5404 esse
646 5346 796 5404 sidus
830 5347 1082 5416 cmleste,
1115 5359 1168 5405 et
1194 5350 1304 5406 diei
1335 5349 1632 5422 symbolum
1669 5352 1980 5407 ementitur.

482 5530 645 5587 Vsus.
685 5531 774 5589 19.
813 5532 981 5600 Quasi
1020 5501 1290 5608 lampades
1322 5496 1575 5592 accensae.
1610 5533 1725 5609 Ego
1761 5535 1976 5609 quidem

513 5709 541 5739 ¹
584 5707 740 5764 Rom.
772 5726 888 5777 xvt,
910 5710 1003 5767 20.

2093 3171 2215 3210 σαν
2240 3156 2390 3226 μίαν
2419 3154 2603 3224 οὐρᾶς
2639 3154 2848 3210 αὐτοῦ.
2878 3154 3215 3224 Σαφέστερον
3257 3150 3316 3205 δὲ
3372 3150 3579 3201 είπεῖν·
3605 3146 3659 3199 οι

2094 3245 2389 3316 ἄνθρωποι,
2416 3248 2466 3300 oi
2516 3246 2719 3310 πλοίοις
2741 3248 2855 3307 τοῖς
2884 3243 3098 3315 σώμασι
3142 3240 3442 3314 χρώμενοι,
3494 3236 3561 3290 τά
3583 3252 3659 3289 τε·

2093 3337 2311 3392 λευταῖα
2342 3337 2436 3392 τοῦ
2458 3339 2747 3411 δράκοντος
2781 3340 2875 3392 καὶ
2903 3336 2971 3392 τὰ
2995 3335 3198 3406 ἔσχατα
3226 3332 3506 3404 νεκρῶσαι
3524 3328 3660 3383 αὐτοὶ

2093 3430 2214 3485 καθ’
2242 3433 2467 3496 ἑαυτοὺς
2492 3432 2551 3485 οὐ
2578 3430 2852 3485 δύνανται·
2880 3429 3030 3492 Θείας
3060 3427 3118 3482 δὲ
3138 3425 3430 3496 δυνάμεως
3459 3425 3658 3476 ἐπασκο-

2081 3511 2319 3595 ’πούσης,
2352 3524 2446 3579 καὶ
2472 3524 2590 3578 ὅλον
2627 3523 2790 3577 αὐτὸν
2821 3508 3043 3592 δέομίσαι
3079 3519 3175 3573 καὶ
3203 3516 3481 3590 νεκρῶσαι
3520 3513 3657 3567 δῃά-

2095 3612 2252 3685 μεθα.
2280 3614 2596 3685 Νεκροῦμεν
2619 3613 2677 3666 δὲ
2706 3612 2952 3677 ἕκαστος,
2989 3610 3050 3663 τὸ
3083 3610 3206 3663 ὅσον
3230 3607 3319 3678 ἐφ’
3352 3605 3551 3677 ἐαυτῷ,
3579 3605 3658 3655 τὶν

2089 3701 2352 3768 διάϐολον,
2387 3702 2527 3757 κατὰ
2558 3702 2635 3756 τό·
2677 3720 2696 3753 ι
2744 3702 2804 3755 Ὁ
2831 3700 2889 3767 δὲ
2913 3699 3046 3764 Θεὸς
3078 3697 3362 3771 συντρίψει
3382 3696 3476 3749 τὸν
3510 3710 3656 3747 eata-

2089 3800 2187 3853 νᾶν
2212 3798 2316 3852 ὑπὸ
2344 3799 2470 3858 τοὺς
2500 3796 2664 3859 πόδας
2693 3793 2847 3866 ὑμῶν
2873 3794 2930 3847 ὲν
2958 3792 3130 3864 τάχει.
3174 3809 3194 3843 ι

2161 3888 2265 3956 Εἷς
2313 3886 2531 3952 πτύειν
2572 3884 2837 3954 θώρακος
2860 3881 3047 3939 αὐτοῦ
3094 3880 3190 3947 τίς
3238 3880 3321 3935 ἂν
3365 3878 3650 3939 civilem,

2090 3978 2282 4053 Θώραξ
2313 3978 2409 4033 καὶ
2440 3977 2632 4049 στῆθος
2654 3975 2996 4047 ὀνομάζεται,
3026 3974 3161 4027 ὅπου
3195 3970 3315 4024 ἐστὶ
3335 3970 3400 4023 τὸ
3426 3971 3659 4041 ἡγεμονι-

2089 4071 2202 4125 κόν.
2253 4071 2365 4142 Οὐχ
2417 4068 2621 4132 ἁπλοῦς
2643 4069 2788 4120 ἐστιν
2813 4068 2842 4120 6
2873 4063 3053 4137 θώραξ
3077 4061 3243 4117 αὐτοῦ
3263 4078 3279 4092 ·
3312 4060 3487 4125 δόλιος
3509 4063 3656 4123 ἐστιν,

2089 4162 2426 4232 ὲπτυγμένος
2457 4158 2629 4214 ἐστίν·
2666 4159 2820 4229 ἅγιος
2847 4156 2903 4210 δὲ
2932 4154 3174 4226 ἐλέγχειν
3213 4152 3382 4206 αὐτὸν
3430 4150 3657 4215 δύναται,

2091 4255 2184 4308 καὶ
2214 4253 2405 4320 δεῖξαι,
2464 4253 2547 4307 ὅτι
2573 4251 2876 4306 ἐπτυκται·
2936 4246 3015 4319 τῷ
3041 4246 3151 4319 γὰρ
3183 4244 3330 4316 ἁγίῳ
3375 4244 3479 4297 οὐκ
3519 4242 3660 4297 ἔπτυ-

2074 4345 2234 4401 ’κται.

2011 4457 2058 4515 D

2150 4526 2391 4594 Πνεῦμα
2445 4524 2513 4579 δὲ
2568 4526 2641 4580 οὐ
2680 4523 2767 4595 μὴ
2800 4522 3007 4592 διέλθῃ
3055 4523 3264 4577 αὐτόν.
3320 4520 3416 4584 T6,
3450 4536 3471 4568 ι
3504 4519 3653 4586 ain

2077 4616 2281 4689 διέλθῃ,
2322 4636 2339 4667 ι
2367 4618 2465 4688 οὐχ
2487 4617 2569 4670 ὅτι
2619 4617 2680 4670 οὐ
2712 4616 2980 4688 διέρχεται
3014 4616 3107 4669 καὶ
3139 4612 3506 4685 παρέρχεται,
3554 4608 3655 4662 ἀλλ’

2080 4707 2163 4762 ὅτι
2184 4708 2335 4763 οὐδὲν
2357 4709 2520 4763 αὑτὸν
2545 4707 2795 4763 λανθάνει
2815 4726 2829 4738 ’
2866 4708 3072 4771 πάντας
3096 4706 3177 4759 δεῖ
3193 4705 3261 4758 δι’
3285 4704 3460 4758 αὐτοῦ
3478 4700 3650 4756 ἐλθεῖν.

2091 4800 2349 4865 Ἑαυτοὺς
2379 4797 2474 4855 οὖν
2495 4801 3024 4873 παρασκευάσωμεν,
3044 4798 3137 4853 τοῦ
3166 4799 3242 4871 μὴ
3264 4795 3653 4867 κατασχεθῆναι

2081 4894 2173 4949 ὑπ’
2198 4893 2384 4951 αὐτοῦ.

2162 5083 2226 5135 Ol
2286 5079 2354 5134 δὲ
2405 5080 2698 5149 ὀφθαλμοὶ
2745 5077 2934 5133 αὐτοῦ
2987 5076 3147 5143 εἶδος
3187 5076 3555 5146 Ἕωςοορου.
3601 5074 3656 5125 Οιί

2086 5172 2357 5244 ὀφθαλμοὶ
2380 5171 2510 5241 γοῦν
2542 5169 2706 5224 αὑτοῦ
2734 5170 2833 5222 οὐκ
2865 5169 3003 5223 εἰσὶν
3038 5167 3362 5239 Έωσφύροι,
3394 5168 3509 5221 ἀλλ’
3545 5185 3564 5217 ι
3592 5161 3656 5217 εἷο

2083 5268 2173 5331 δος
2209 5266 2546 5337 Ἑωσφόρου·
2595 5282 2612 5315 ι
2657 5261 3193 5334 μετασχηματίζεται
3233 5260 3347 5332 γὰρ
3394 5262 3477 5324 εἰς
3501 5260 3652 5329 ἄγγε-

2083 5340 2173 5411 λον
2203 5357 2397 5427 φωτός.
2428 5355 2811 5428 Προσποιεῖται
2836 5349 2974 5407 εἶναι
2995 5352 3246 5423 οὐράνιος
3272 5353 3471 5425 ἀστήρ⁸
3500 5366 3650 5422 πως·

2087 5452 2320 5503 ποιεῖται
2362 5446 2627 5518 σύμϐολον
2652 5446 2887 5518 ἡμέρας.

2080 5536 2085 5539 ⁷
2168 5535 2265 5604 Ὦς
2287 5533 2597 5606 λαμπάδες
2626 5533 2951 5604 καιόμεναι.
2978 5527 3143 5604 Οἶμαι
3177 5531 3279 5603 μὲν
3322 5532 3415 5587 καί
3459 5531 3638 5590 πάντας
