3870 6520
266 371 411 428 1055

1540 348 1850 408 SELECTA
1885 347 1950 403 IN
1988 346 2327 403 PSALMOS.

3388 335 3526 392 1054

266 493 408 547 alios
442 485 723 555 scriptores
752 476 1159 555 ecclesiasticos,
1189 473 1481 555 Eusebium
1514 481 1662 539 puta,
1705 468 2114 555 Theodoretum,
2140 476 2237 555 out
2252 461 2992 555 .uliostguoslittetr,‘parentes
3019 459 3210 513 habere
3237 458 3527 555 (lepra/ten-

263 528 443 617 3:st
467 575 486 623 ;
518 528 705 609 cictera
728 566 844 604 vero
872 546 1195 603 admittenda
1228 544 1334 597 visa
1363 528 1715 605 sunt,'non'ut
1744 540 1870 592 certi
1902 550 2054 605 atque
2080 535 2364 588 indubitati
2399 528 2640 601 Origenis
2664 533 2825 601 fetus,
2858 536 2949 585 nec
2974 546 3029 584 ut
3054 546 3168 599 qua:
3193 528 3268 584 vel
3295 545 3319 581 e
3348 529 3526 589 tomis,

1179 615 1253 623 ....
1371 614 1381 623 ο
1681 612 1691 623 ι
1808 610 1818 623 ι
2060 608 2071 617 υ
2117 606 2127 623 9
2279 613 2514 623 ,μ--..αι..
2560 619 2659 623 ----
2722 612 2906 623 ,_“-.-‘
2987 602 3070 623 --J
3116 610 3169 623 -.ο
3223 614 3334 623 -..ι-α
3364 599 3512 623 -.ε-ιζ-

261 599 347 687 ἵει
379 646 443 682 ea:
467 600 803 686 ,I'Incltiridio,
833 629 923 673 aut
950 634 1014 671 ea:
1048 615 1305 676 homiliis,
1336 614 1381 665 si
1424 599 1590 687 pauca
1625 610 1912 662 admodum
1960 599 2212 673 excipias,
2266 599 2517 671 excerptd
2549 599 2673 655 esse»
2708 612 2931 667 constet,
2981 602 3070 654 sed
3116 610 3169 651 ut
3210 614 3334 687 gum
3359 599 3512 651 certis

262 668 596 769 E-gumentis
634 668 954 769 Αᾌάαιζῖαιηιξρ
994 694 1172 769 nostra
1218 668 1434 769 prorsus
1480 680 1796 769 abj'udifarg
1837 694 1940 769 npn
1989 668 2275 769 potuimus.
2309 668 2609 769 Ea‘par'tim
2635 688 2661 724 e
2693 670 2906 769 Catenis
2934 672 3091 769 editi:
3120 686 3157 751 ιι
3204 668 3523 769 ΒαίιΙιιιΙῗςιτε

262 758 525 824 (Ιοῖνάειθὶο
558 772 607 816 et
655 759 872 816 Daniele
902 758 1164 816 Barbara,

1220 739 1413 822 'partim
1450 739 1940 822 εεὲΙιεάίιμϐιοαΙᾳὶἱ
1987 747 2080 822 qui
2124 746 2330 822 codices
2384 743 2734 810 Anglicanas,
2770 740 3153 822 etgombeﬁsii
3197 740 3289 807 qui
3324 739 3527 822 codices

264 808 1253 908 ﬂebas-exscripsit,'pciuimdenique
1285 838 1313 878 ι
1349 822 1506 877 codd.
1533 837 1660 874 mss.
1686 808 2012 873 bibliotheca}
2041 815 2404 871 Coisliuiauw.
2436 808 2526 865 nec
2555 827 2658 865 non
2686 825 2750 864 ea:
2791 811 2912 865 aliis
2957 810 3087 865 locis
3131 827 3248 880 qua:
3286 824 3381 866 suo
3416 808 3529 862 loco

262 906 595 970 indicantur,
614 906 918 972 deprompta
947 907 1090 951 sunt.

276 1055 3513 1104 ___________________._____.___——————————

753 1295 1073 1469 EK
1196 1285 1647 1462 ΤΩΝ
1740 1182 3051 1507 ΩΡΙΓΕΝΟΥΣ

1283 1573 1549 1703 ΕΙΣ
1621 1559 2517 1697 ΨΑΛΜΟΥΣ.

1438 1980 1629 2094 EX
1703 1972 2376 2093 ORIGENIS

1020 2218 1949 2317 COMMENTARIIS
2023 2217 2150 2307 IN
2229 2208 2798 2305 PSALMOS.

353 2586 452 2641 Διὰ
479 2584 603 2650 τοὺς
626 2576 1135 2653 ἐπιγεγραμμένους
1165 2575 1417 2648 ψαλμοὺς
1465 2592 1484 2628 ι
1528 2575 1609 2639 είς
1654 2573 1717 2627 τὸ
1765 2572 1860 2627 τέ-

2038 2570 2197 2642 513
2216 2565 2708 2638 Propterpsalmos,
2731 2580 2750 2613 ι
2776 2563 2826 2615 in
2845 2560 3001 2614 ﬁnem
3025 2576 3044 2610 ι
3065 2557 3372 2627 inscriptos,
3394 2560 3546 2613 vocis

270 2680 394 2743 λος,
432 2698 451 2731 ι
488 2672 861 2745 ἐπελεξάμεθα
898 2672 1026 2734 τοὺς
1070 2670 1232 2741 ὅρους
1263 2666 1451 2731 αὑτοῦ,
1491 2667 1556 2720 ἐκ
1615 2666 1713 2737 μὲν
1757 2664 1868 2718 τῶν

288 2768 691 2841 Ἀριστοτέλους
714 2765 887 2829 οὕτως
912 2764 1134 2834 ἔχοντας
1152 2779 1167 2793 ⁸
1199 2762 1365 2825 Τέλος
1393 2760 1544 2814 ἐστὶν
1577 2752 1638 2813 οὗ
1680 2759 1868 2813 ἕνεκεν

268 2861 350 2915 τὰ
377 2860 530 2924 ἄλλα,
565 2858 695 2912 αὐτὸ
726 2857 781 2910 δὲ
815 2855 1039 2927 μηδενὸς
1064 2853 1250 2909 ἕνεκεν
1286 2870 1299 2883 ’
1340 2852 1373 2924 ἢ
1401 2851 1603 2915 οὕτως’
1655 2846 1716 2905 οὗ
1750 2851 1868 2904 ἕνε-

273 2968 381 3004 γρν
416 2951 484 3004 τὰ
515 2948 668 3015 ἄλλα,
696 2948 825 3001 αὐτὸ
856 2946 913 2999 δὲ
945 2946 1044 2998 οὐκ
1074 2945 1251 2998 αὐτῶν
1272 2943 1466 2996 ἕνεκα·
1499 2942 1531 3013 ἢ
1565 2941 1768 3005 οὕτως’
1800 2941 1868 2993 δι’

272 3032 345 3093 οὗ
373 3040 442 3092 τὰ
466 3039 600 3093 ἄλλα
623 3055 706 3102 τις
739 3037 991 3108 πράττει,
1034 3036 1165 3088 αὐτὸ
1186 3035 1243 3088 δὲ
1277 3034 1364 3087 διὰ
1396 3034 1562 3104 μηδὲν
1591 3031 1720 3086 ἄλλο
1739 3048 1754 3062 ο
1803 3031 1871 3084 ὲκ

275 3130 340 3184 δὲ
368 3129 479 3183 τῶν
518 3127 805 3200 Ἦροφίλου
840 3126 967 3198 περὶ
1008 3124 1254 3195 Στωϊκῆς
1301 3123 1580 3193 ὀνομάτων
1621 3121 1870 3192 χρήσεως

276 3222 492 3287 οὕτως’
528 3223 695 3283 Τέλος
726 3221 769 3274 δ’
808 3215 947 3272 εἶναι
974 3218 1191 3286 λέγουσι
1222 3216 1330 3286 (17)
1390 3214 1757 3287 κατηγόρημα
1807 3206 1868 3267 οὗ

277 3306 471 3367 ἕνεκεν
505 3312 575 3366 τὰ
599 3309 763 3364 λοιπὰ
788 3310 1122 3381 πράττομεν,
1163 3306 1293 3359 αὐτὸ
1317 3305 1374 3358 δὲ
1396 3304 1609 3367 οὐδενὸς
1643 3303 1831 3357 ἕνεκεν
1851 3318 1866 3331 ·

278 3408 345 3463 τὸ
392 3407 448 3463 δὲ
484 3402 754 3475 συζιδγοῦν
796 3401 992 3473 τούτῳ,
1044 3400 1298 3470 καθάπερ
1334 3401 1368 3470 ἡ
1430 3395 1745 3468 εὐδαιμονία
1790 3395 1871 3467 τῷ

280 3499 646 3571 εὐδαιμονεῖν,
683 3496 917 3549 σκοπόν⁹
955 3492 983 3547 ὃ
1018 3492 1082 3564 δὴ
1116 3490 1343 3562 ἔσχατόν
1400 3490 1517 3544 ἐστι
1557 3488 1667 3543 τῶν
1721 3491 1870 3561 αἱρε-

279 3609 420 3646 των.

359 3766 427 3820 El.
459 3765 515 3821 δὲ
546 3765 639 3818 καὶ
671 3765 721 3818 οἱ
752 3764 880 3836 περὶ
913 3760 1048 3815 Θεοῦ
1082 3762 1218 3833 ὅροι,
1264 3760 1359 3814 καὶ
1394 3761 1495 3815 ὅσα
1546 3758 1873 3831 σημαίνεται

284 3862 353 3914 ὲν
379 3859 480 3930 τῆς
523 3859 667 3924 Θεός
706 3856 1097 3927 προσηγορίας,
1129 3854 1395 3926 χρήσιμόν
1436 3870 1492 3906 τι
1545 3853 1677 3923 ἡμῖν
1730 3870 1873 3924 παρ-

1970 2663 2113 2719 illius
2156 2660 2501 2717 deﬁnitiones
2526 2656 2816 2725 selegimus
2871 2668 2936 2706 ex
2980 2651 3273 2705 Aristotele
3308 2650 3421 2704 sic:
3450 2650 3544 2702 Fi-

1970 2759 2058 2813 nis
2088 2764 2171 2811 est
2199 2754 2251 2809 id
2283 2750 2437 2821 cujus
2460 2764 2630 2806 causa
2664 2748 2793 2810 alia,
2819 2745 2994 2815 ipsum
3023 2758 3150 2797 vero
3186 2742 3391 2796 nullius
3412 2757 3547 2795 cau-

1970 2863 2064 2913 sa;
2110 2845 2196 2899 vel
2246 2845 2350 2899 hoc
2386 2839 2765 2908 modozcujus
2811 2850 2977 2892 causa
3028 2834 3157 2898 alia,
3194 2834 3369 2903 ipsum
3406 2846 3537 2887 vero

1971 2955 2079 2996 non
2125 2952 2313 2992 eorum
2355 2948 2553 2999 causa;
2601 2932 2715 2987 sive
2764 2929 2867 2983 hoc.
2914 2935 3109 2997 pacto:
3149 2935 3370 2995 prOplel‘
3398 2922 3549 2993 quod

1973 3033 2076 3088 alia
2118 3030 2294 3102 quivis
2339 3036 2619 3098 operatur,
2654 3025 2827 3093 ipsum
2859 3038 2988 3076 vero
3018 3030 3237 3090 propter
3275 3018 3422 3072 aliud
3457 3018 3547 3073 ni-

1971 3126 2068 3182 hil.
2102 3125 2183 3180 Ex
2215 3119 2508 3190 Herophilo
2531 3126 2735 3180 autem,
2775 3116 2840 3171 de
2877 3113 3061 3170 Stoico
3109 3112 3388 3167 nominum
3424 3125 3547 3175 usu,

1974 3216 2077 3270 hoc
2134 3215 2334 3269 modo:
2385 3211 2575 3266 Finem
2608 3222 2738 3263 vero
2782 3206 2971 3261 dicunt
3021 3219 3141 3259 esse
3178 3213 3547 3273 categorema,

1975 3319 2072 3360 seu
2091 3302 2462 3374 praedicatum,
2486 3299 2641 3368 cujus
2657 3311 2822 3352 causa
2858 3295 3059 3364 reliqua
3086 3294 3336 3357 facimus,
3364 3292 3538 3360 ipsum

1972 3411 2108 3451 vero
2142 3394 2349 3449 nullius
2381 3406 2570 3446 causa.
2599 3389 2754 3456 Quod
2782 3398 2964 3442 autem
3006 3387 3157 3451 huic,
3193 3384 3402 3438 scilicet
3436 3383 3553 3447 ﬁni,

1974 3487 2277 3560 conjungit,
2306 3484 2479 3540 veluti
2500 3482 2780 3539 beatitudo
2806 3481 2854 3535 ei
2880 3480 3022 3549 quod
3054 3487 3137 3533 est
3169 3476 3385 3531 beatum
3414 3488 3553 3539 esse,

1974 3595 2197 3650 scopum
2257 3576 2576 3648 appellant:
2611 3572 2756 3644 quod
2818 3580 2903 3627 est
2950 3569 3375 3641 appetendarum
3430 3564 3546 3618 ulti-

1975 3686 2146 3728 mum.

2047 3763 2130 3817 An
2168 3775 2299 3816 vero
2342 3758 2686 3815 deﬁnitiones
2741 3753 2833 3808 Dei
2879 3763 2931 3808 et
2964 3750 3129 3805 varia:
3176 3748 3337 3819 huius
3400 3745 3550 3801 vocis

1981 3857 2122 3911 Deus
2165 3853 2614 3926 signiﬁcationes,
2675 3865 2743 3904 ex
2796 3847 3013 3918 optimis
3064 3842 3424 3913 scriptoribus
3474 3856 3557 3895 se-

282 3950 525 4018 έξουσιν,
554 3946 931 4019 ἐκλεξαμένοις
958 3947 1053 4001 ἀπ’
1082 3946 1261 3999 αὐτῶν
1285 3945 1410 4009 τοὺς
1427 3944 1783 4016 διαφέροντας
1808 3948 1874 4018 τῇ

1983 3951 2156 4017 lectae,
2191 3947 2393 4017 aliquid
2436 3944 2590 4000 nobis
2640 3940 2894 3997 utilitatis
2939 3938 3252 3998 conferant,
3303 3934 3551 3989 conside.

286 4045 508 4114 Γραφῇ,
551 4043 647 4097 καὶ
687 4042 850 4105 αὐτὸς
904 4041 1239 4111 ἐπιστήσεις.
1288 4038 1456 4109 Φησὶν
1488 4033 1580 4091 οὖν
1633 4039 1662 4090 ό
1715 4038 1879 4102 αὐτὸς

299 4136 592 4208 Ἡρόφιλος
615 4153 630 4165 ο
663 4132 794 4188 Θεὸν
828 4132 925 4204 μὲν
952 4130 1290 4201 γενικώτατα
1315 4130 1533 4200 λέγουσι
1573 4129 1713 4194 ζῶον
1742 4128 1880 4183 ἀθά-

286 4248 476 4293 νατον,
511 4227 749 4297 λογικὸν,
780 4226 915 4281 καθὸ
946 4227 1097 4279 πᾶσα
1134 4224 1327 4295 λογικὴ
1358 4223 1506 4295 ψυχὴ
1537 4223 1673 4287 Θεός
1706 4225 1877 4278 ἐστιν.

292 4323 510 4387 Ἄλλως
533 4322 609 4385 δὲ,
637 4321 772 4386 ζῶον
803 4320 1090 4386 ἀθάνατον,
1117 4318 1352 4387 λογικὸν,
1387 4316 1509 4371 καθ’
1536 4316 1668 4370 αὐτὸ
1692 4316 1771 4369 δνο
1803 4314 1880 4378 ὡς

288 4411 398 4474 τὰς
423 4412 481 4463 ὲν
523 4412 655 4482 ἡμῖν
698 4409 1091 4480 περιεχομένας
1130 4408 1310 4482 ψυχὰς
1371 4407 1446 4479 μὴ
1498 4402 1637 4461 εἶναι
1689 4405 1878 4470 θεούςο

290 4480 705 4572 ἀπαλλαγείσας
733 4503 791 4556 δὲ
822 4502 931 4555 τῶν
966 4502 1233 4573 σωμάτων
1252 4480 1510 4555 ’ἔσεσθαμ
1552 4503 1688 4555 Κατ’
1723 4502 1882 4556 ἄλλον

290 4596 353 4651 δὲ
386 4595 608 4668 τρόπον,
649 4596 781 4649 Θεὸν
812 4594 1065 4664 λέγεσθαι
1122 4592 1260 4659 ζῶον
1291 4593 1578 4659 ἀθάνατον,
1644 4594 1878 4663 λογικὸν,

294 4689 622 4743 σπουδαῖον·
659 4688 799 4743 ὥστε
833 4690 1013 4743 πᾶσαν
1050 4687 1271 4741 ἀστείαν
1322 4686 1503 4758 ψυχὴν
1539 4688 1672 4741 Θεὸν
1705 4687 1882 4760 ὑπάρ-

294 4800 436 4855 χειν,
462 4783 566 4838 κᾶν
592 4784 650 4836 ὲν
676 4781 947 4855 ἀνθρώπῳ
970 4782 1311 4855 περιέχηται’
1340 4781 1513 4844 ἄλλως
1534 4781 1592 4835 δὲ
1630 4779 1883 4849 λέγεσθαι

294 4876 435 4931 Θεὸν
465 4876 527 4930 τὸ
557 4875 678 4930 καθ’
712 4874 846 4929 αὐτὸ
882 4874 940 4929 ὃν
965 4873 1103 4939 ζῶον
1136 4873 1423 4937 ἀθάνατον,
1464 4872 1746 4926 σπουδαῖον
1766 4889 1779 4901 ·
1808 4871 1884 4935 ὡς

294 4970 402 5033 τὰς
440 4971 498 5023 ὲν
555 4968 866 5042 ἀνθρώποις
908 4970 1092 5037 σοφοῖς
1150 4966 1544 5039 περιεχομένας
1587 4965 1764 5035 ψυχὰς
1808 4964 1882 5033 μὴ

295 5065 569 5136 ὑπάρχειν
601 5062 778 5126 θεούς.
819 5061 932 5114 Καὶ
970 5060 1052 5114 ἔτι
1086 5059 1260 5123 ἄλλως
1284 5059 1501 5115 λέγουσι
1523 5058 1655 5112 Θεόν
1675 5075 1687 5089 ’
1737 5056 1884 5109 Ζῶον

296 5158 592 5218 ἀθάνατον,
621 5154 906 5208 σπουδαῖον
942 5193 957 5218 ,
1016 5152 1137 5224 ἕχον
1183 5151 1306 5205 τινὰ
1346 5149 1671 5203 ἐπιστασίαν
1713 5150 1772 5201 ἐν
1809 5146 1886 5217 τῷ

1983 4042 2213 4099 randum
2247 4041 2340 4096 tibi
2376 4053 2642 4109 propono.
2674 4036 2765 4089 Ait
2794 4035 2960 4105 igitur
3000 4033 3144 4085 idem
3180 4026 3502 4095 Herophilus
3532 4042 3548 4079 :

1983 4137 2151 4191 Deum
2204 4131 2425 4203 quidem
2480 4126 2895 4201 generalissime
2947 4123 3159 4187 dicunt,
3193 4118 3398 4173 animal
3457 4117 3562 4171 im-

1983 4224 2239 4289 mortale,
2279 4219 2584 4285 rationale;
2614 4215 2911 4272 secundum
2971 4227 3132 4282 quam
3183 4209 3560 4265 deﬁnitionem

1986 4318 2167 4374 omnis
2198 4316 2377 4371 anima
2410 4309 2689 4367 rationalis
2713 4316 2796 4362 est
2819 4307 2981 4361 Deus.
3001 4304 3125 4359 Alio
3146 4312 3325 4357 autem
3356 4300 3516 4355 modo
3545 4313 3561 4351 :

1983 4409 2203 4467 Animal
2260 4405 2552 4474 rationale,
2589 4401 2916 4466 immortale,
2964 4397 3265 4454 secundum
3318 4408 3377 4449 se
3420 4392 3567 4447 exsi-

1984 4513 2169 4568 stens;
2200 4501 2273 4554 ita
2302 4508 2360 4553 ut
2390 4499 2588 4552 anima:
2614 4496 2739 4550 dum
2779 4495 2833 4547 in
2864 4491 3021 4546 nobis
3054 4488 3424 4552 continentur,
3455 4498 3563 4537 non

1985 4595 2097 4649 sint
2130 4593 2225 4658 dii,
2251 4592 2345 4647 sed
2375 4590 2564 4645 solutae
2610 4603 2640 4641 a
2674 4599 2906 4655 corpore
2942 4582 3012 4636 dii
3047 4580 3241 4633 futura:
3278 4578 3405 4632 sint.
3442 4574 3564 4629 Alio

1988 4696 2166 4743 autem
2200 4685 2360 4740 modo
2391 4683 2562 4736 Deum
2592 4680 2669 4733 ait
2703 4677 2807 4732 dici
2840 4690 2852 4723 :
2884 4671 3098 4728 Animal
3125 4667 3453 4736 immortale,
3478 4681 3566 4721 ra-

1988 4779 2207 4845 tionale,
2248 4788 2576 4838 strenuum;
2614 4773 2687 4825 ita
2721 4778 2779 4822 ut
2818 4766 2997 4821 omnis
3029 4764 3207 4818 anima
3250 4761 3473 4829 elegans
3512 4766 3567 4811 ct

1986 4872 2194 4925 urbana
2263 4869 2407 4922 Deus
2438 4866 2530 4928 sit,
2557 4860 2768 4916 etiamsi
2811 4858 2863 4912 in
2907 4856 3129 4911 homine
3186 4853 3564 4916 contineatur;

1986 4962 2092 5018 alio
2138 4963 2267 5015 item
2320 4958 2480 5012 modo
2532 4955 2701 5009 Deum
2734 4950 2971 5015 deﬁniri,
3005 4947 3146 5018 quod
3178 4944 3476 5000 secundum
3509 4956 3568 4996 se

1991 5061 2078 5108 est
2129 5049 2335 5106 animal
2381 5043 2713 5107 immortale,
2746 5050 3062 5106 strenuum;
3104 5054 3211 5110 quo
3242 5036 3416 5107 posito
3450 5032 3570 5087 ani-

1990 5161 2093 5201 mae
2140 5145 2449 5213 sapientum
2498 5139 2571 5194 dii
2626 5153 2731 5191 non
2778 5144 2921 5189 sunt.
2964 5131 3191 5201 insuper
3240 5129 3348 5183 alio
3404 5126 3567 5181 modo

298 5250 495 5320 κόσμῳ
524 5245 669 5300 κατὰ
693 5244 791 5317 τὴν
817 5219 1104 5314 διοίκησιν,
1132 5243 1191 5297 ὃν
1224 5243 1423 5316 τρόπον
1466 5243 1495 5294 ὁ
1521 5242 1673 5313 ἥλιος
1719 5239 1815 5293 καὶ
1849 5240 1876 5309 ἡ

1992 5239 2159 5293 Deum
2195 5235 2458 5290 deﬁniunt
2493 5251 2506 5286 :
2537 5228 2753 5285 Animal
2788 5226 3429 5288 immortale,strenuum,
3464 5219 3565 5272 ha-

1995 5333 2003 5337 .
2188 5329 2217 5337 ..
2538 5324 2559 5337 ρ
2628 5333 2636 5337 .
2832 5324 2844 5335 ι
3064 5321 3104 5337 1-
3144 5315 3436 5337 ,,---.....Ι.-....
3464 5313 3530 5337 ..Δ

302 5313 528 5413 σελίγνῇ.
556 5313 764 5402 ’Ἄλλως
794 5338 852 5392 δὲ
874 5337 1024 5405 λέγει
1058 5336 1190 5389 Θεὸν
1223 5313 1312 5389 τὸν
1362 5333 1577 5406 πρῶτον
1627 5333 1876 5402 διοικητι-

1990 5333 2128 5387 hens
2154 5329 2385 5397 aliquam
2423 5324 2800 5395 prtcfecturam
2831 5324 2884 5376 in
2914 5321 3113 5376 mundo
3140 5315 3437 5372 secundum
3463 5313 3565 5365 ad-

200 5496 201 5501 η
300 5434 399 5488 κὸν
425 5431 522 5487 τοῦ
556 5430 785 5502 κόσμου.
825 5429 949 5484 Ἐπὶ
982 5429 1117 5482 πᾶσι
1155 5427 1213 5481 δὲ
1256 5427 1386 5481 Θεὸν
1426 5427 1674 5497 λέγουσι’
1738 5424 1888 5480 Ζῶον

1990 5421 2465 5484 ministrationem,
2501 5415 2957 5488 quemadmodum
3023 5411 3103 5465 sol
3150 5417 3205 5463 et
3244 5407 3395 5461 luna.
3442 5403 3566 5459 Alio

378 5632 494 5703 (17)
528 5632 709 5700 Τέλος
726 5631 776 5686 δ’
800 5625 955 5688 εἶναι
975 5629 1246 5700 λέγουσι,
1274 5638 1383 5687 etc.
1415 5627 1474 5703 ξ.
1502 5627 1742 5703 Hilarius
1763 5640 1876 5697 pro

1989 5637 2125 5703 vero
2157 5619 2303 5703 aliud
2330 5614 2944 5703 postﬁnemnl‘la‘mque
2965 5612 3039 5703 ad
3545 5642 3563 5668 ν

305 5699 433 5775 Iugo
476 5699 535 5759 in
590 5699 788 5758 librum
836 5699 1176 5775 Psalmornm
1215 5716 1366 5755 num.
1413 5701 1471 5754 l8
1507 5699 1764 5775 :_t_-Fil.t‘is
1796 5706 1881 5753 est

305 5769 466 5844 cuius
504 5791 669 5829 causa
700 5784 894 5828 czetcra
933 5777 1088 5844 ﬁunt,
1120 5773 1439 5844 ipseautetn
1467 5770 1598 5823 nulli
1628 5769 1719 5844 alii
1751 5784 1879 5844 can:

304 5838 427 5904 sain
483 5863 636 5903 suam
688 5853 928 5915 praestat.
985 5842 1067 5899 οι)
1118 5843 1280 5899 ﬁnem
1316 5842 1459 5897 enim
1497 5841 1696 5909 omnia,
1745 5838 1881 5896 nihil

1991 5673 2309 5750 scd‘inrline
2334 5673 2641 5745 'desinitur.
2673 5685 2746 5739 lla
2778 5673 2900 5739 ﬁnis
2928 5693 2981 5737 ct
3013 5680 3345 5735 anteriorum
3380 5673 3561 5750 perie-

1988 5745 2229 5827 ciioesl,
2270 5770 2323 5815 et
2360 5776 2419 5815 se
2450 5761 2501 5814 in
2530 5758 2665 5812 nihil
2694 5755 2839 5809 aliud
2878 5752 3229 5824 protendens,
3260 5746 3477 5820 propria
3508 5745 3562 5799 in

1990 5845 2161 5894 semet
2181 5834 2261 5892 sui
2285 5832 2399 5905 ipse
2430 5828 2704 5901 pOSSt'SSiO
2726 5834 2827 5881 est.
2864 5844 2883 5877 ι
