3870 6506
131 331 252 390 1057

1380 343 1686 404 SELECTA
1726 346 1796 402 IN
1832 331 2179 408 PSALMOS.

3183 375 3188 380 ·
3218 355 3359 421 1058

131 471 151 504 ι
170 455 336 521 Δεῦτε,
358 455 811 532 ἀγαλλιασώμεθα
951 463 1162 535 Κυρίῳ,
1206 485 1224 518 ι
1263 467 1356 519 καὶ
1386 468 1477 522 τὸν
1505 473 1601 536 ιβ’,
1631 487 1659 521 ο

1799 487 1818 518 ι
1846 467 1980 524 Dens
2012 471 2270 524 ultionum
2303 473 2731 543 Dominus";tet
2757 475 3166 546 nonagesimum
3193 495 3362 548 quan.

126 543 303 618 ἡάρχὴ
323 563 341 592 ς·
369 548 604 619 ι’ᾼσατε
628 548 707 621 τῷ
736 551 927 624 Κυρίῳ
959 549 1109 625 ᾇσμα
1139 557 1322 609 καινὸν
1347 598 1360 620 ,
1401 557 1572 628 ᾄσατε
1609 558 1685 630 τῷ

125 635 310 708 κυρίῳ,
325 639 524 712 πᾶσαὴ
550 640 622 712 γῆ
644 659 656 671 ·
673 661 690 695 ι
728 644 821 697 καὶ
847 643 937 697 τὸν
961 646 1312 717 ἐνενηκοστὸν
1339 649 1519 714 ἕκτον,
1563 644 1624 703 οὗ
1649 653 1680 722 ἡ

126 729 284 800 ἀρχήο
308 748 326 782 ι
351 729 408 784 Ὀ
433 732 636 803 Κύριος
664 735 1007 790 ἐϐασίλευσεν
1028 777 1042 803 ,
1074 739 1458 808 ἀγαλλιάσεται
1486 745 1518 814 ἡ
1546 741 1680 815 γῆοἰ

125 820 214 872 καὶ
233 823 257 874 ὁ
277 821 387 887 ις’,
422 822 481 886 ὃς
512 825 892 898 ἐπεγέγραπτο
928 827 1107 899 μόνον,
1138 831 1442 903 «Ψαλμόςί
1479 827 1680 908 τὸγὰρ,

127 911 227 982 «τῷ
245 912 448 977 Δαυΐδῃ
487 916 563 979 ὡς
585 917 698 987 ἔχει
723 918 780 973 ἐν
805 937 945 973 τισιν
977 923 1350 994 ἀντιγράφοις,
1381 926 1504 980 οὕτε
1532 932 1589 982 έν
1606 931 1683 1000 τῷ

129 1003 387 1076 Ἑϐραῖκῷ
416 1002 484 1078 ἦν
509 1007 632 1062 οὔτε
667 1011 725 1063 ὲν
775 1015 895 1076 ταῖς
921 1013 1136 1080 λοιπαῖς
1170 1017 1446 1073 ἐκδόσεσιν
1482 1038 1495 1050 ·
1543 1023 1574 1093 ἡ
1626 1023 1682 1076 δὲ

116 1096 249 1166 ἀρχὴ
273 1097 433 1150 αὐτοῦ
463 1095 533 1170 ἦν
556 1116 567 1131 ·
603 1121 620 1151 ί
668 1102 870 1173 ’ᾼσατε
899 1104 976 1176 τῷ
1006 1108 1209 1178 ⁴Κυρίῳ
1272 1105 1424 1181 ᾆσμα
1471 1113 1678 1176 καινὸν,

115 1184 194 1237 ὅτι
217 1186 493 1259 Θαυμαστὰ
525 1192 798 1263 ἐποίησεν.
844 1215 861 1246 ι
894 1198 1000 1250 Καὶ⁸
1033 1199 1062 1250 ὁ
1102 1203 1137 1264 ‘1
1164 1199 1218 1252 δὲ
1264 1207 1316 1270 η’
1374 1201 1464 1254 τοῦ
1516 1205 1679 1258 αὐτοῦ

115 1277 316 1347 ἐλέγετο
335 1277 496 1343 εἶναι,
531 1278 590 1338 οὗ
620 1286 652 1355 ἡ
683 1285 824 1356 ἀρχή
848 1303 861 1317 ο
904 1307 922 1338 ι
972 1290 1029 1342 ὐ
1078 1291 1278 1362 Κύριος
1309 1293 1678 1364 ἐϐασίλευσεν;

113 1374 502 1444 ὀργιζέσθωσαν
537 1377 652 1432 λαοί
675 1397 688 1410 ο
713 1401 730 1432 ι
771 1383 864 1434 καὶ
892 1384 920 1435 ὁ
957 1386 1304 1456 ἐνενηκοστὸς
1355 1389 1538 1454 ἔνατος
1569 1431 1583 1454 ,
1621 1391 1679 1454 ὃς

112 1465 482 1539 ἐπεγέγραπτο
510 1487 522 1500 ·
555 1490 573 1522 ι
592 1471 819 1544 Ψαλμὸς
854 1476 934 1540 εἰς
964 1476 1370 1551 ἐξομολόγησιν,
1389 1502 1404 1532 ι
1431 1476 1540 1550 oili]
1580 1485 1678 1554 ἀρ-

110 1557 177 1628 χή
199 1575 229 1588 ’τ
253 1577 270 1610 ι
316 1560 644 1629 Ἀλαλάξατε
670 1564 748 1636 τῷ
777 1566 1195 1642 Κυρίῳ,πᾶσαή
1226 1573 1320 1642 γῆ.
1357 1593 1375 1624 ι
1429 1575 1584 1628 Μετά
1621 1576 1678 1629 δὲ

107 1648 321 1714 τούτους
349 1654 475 1718 τοὺς
506 1663 574 1708 ια’
620 1658 1004 1730 ἐπεγέγραπτο
1051 1663 1146 1715 καὶ
1187 1665 1242 1717 ὲν
1284 1664 1362 1736 τῷ
1406 1666 1677 1748 Ἑϐραῖκῷ

106 1742 199 1794 καὶ
229 1743 374 1813 παρά
389 1747 575 1811 πᾶσιν,
612 1766 630 1800 ι
667 1748 744 1821 τῷ
766 1750 928 1804 Δαυῒδ
965 1752 1198 1825 ψαλμδς.
1229 1775 1248 1808 ι
1286 1757 1380 1811 καὶ
1429 1753 1497 1827 ἦν
1535 1742 1574 1814 *ὁ
1627 1742 1673 1832 ῥ’

103 1832 280 1888 οὐκέτι
299 1837 431 1889 Matii
440 1836 593 1903 σέως.

165 2177 373 2232 Τούτων
426 2180 732 2252 εἰρημένων
783 2182 895 2255 (20)
950 2189 1030 2251 είς
1085 2190 1213 2254 τοὺς
1291 2192 1537 2264 ψαλμοὺς
1606 2197 1671 2255 οἵ

91 2267 202 2321 ἀπὸ
250 2269 508 2341 Ἐϐραίων
531 2274 892 2347 ἀναφέρονται
938 2281 1016 2343 εἰς
1058 2283 1316 2347 Μωῦσέα,
1358 2286 1660 2356 ἀνθυποφο-

90 2358 194 2428 ρὶν
227 2362 572 2434 ὑπειδόμενος
597 2367 626 2418 ὁ
667 2367 940 2432 Ἰουδαῖος,
973 2371 1168 2443 έθηκεν
1194 2375 1363 2446 αὐτὴν
1401 2377 1499 2448 τὴν
1536 2395 1664 2446 φαι-

91 2452 316 2524 νομένην
338 2457 485 2528 αὐτῷ
511 2456 662 2511 λύσιν
691 2461 881 2531 αὐτῆς.
916 2463 1094 2537 Ἐώρα
1122 2466 1230 2538 γὰρ
1254 2509 1267 2532 ,
1294 2470 1376 2522 ὃτι
1408 2471 1660 2527 ἀντεῖπεν

87 2542 256 2610 Ξντις
277 2549 400 2619 περὶ
431 2549 522 2603 τοῦ
555 2553 630 2622 μὴ
667 2549 804 2606 εἶναι
824 2555 914 2608 τὸν
939 2557 1033 2611 ἕνα
1068 2558 1176 2613 τῶν
1200 2568 1266 2614 ια’
1293 2561 1545 2634 ψαλμῶν,
1571 2565 1662 2618 τὸν

89 2643 197 2707 'rq',
221 2639 516 2710 Μωῦσέως,
559 2645 623 2698 ὲκ
659 2646 774 2699 τοῦ·
815 2667 832 2699 ι
869 2649 1095 2720 ’Υψοῦτε
1155 2652 1360 2724 Κύριον
1394 2656 1487 2708 τὸν
1528 2658 1667 2711 θεὸν

86 2728 266 2798 ἡμῶν,
307 2734 398 2785 καὶ
454 2741 810 2806 προσκυνεῖτε
863 2741 940 2812 τῷ
987 2743 1262 2816 ὑποποδίῳ
1319 2733 1426 2802 τῶν
1483 2749 1660 2804 ποδῶν

81 2823 268 2877 αὐτοῦ.
308 2825 491 2894 ’Ἄγιος
514 2831 750 2902 Μωῦσῆς
783 2833 877 2887 καὶ
919 2836 1126 2904 Ἀαρὼν
1175 2840 1232 2892 ὲν
1269 2843 1381 2904 τοῖς
1425 2842 1658 2914 ἱερεῦσιν

78 2914 270 2979 αὐτοῦ,
297 2919 387 2970 καὶ
413 2919 664 2992 Σαμουὴλ
685 2921 743 2975 ὲν
766 2927 877 2987 τοῖς
906 2927 1358 2999 ἐπικαλουμένοις
1385 2931 1444 2984 τὸ
1484 2933 1658 3006 ὄνομα

77 3006 270 3060 αὐτοῦ.
313 3009 704 3068 Ἐπεκαλοῦντο
730 3015 819 3068 τὸν
848 3017 1048 3088 Κύριον
1081 3060 1093 3082 ,
1138 3022 1232 3074 καὶ
1287 3023 1447 3087 αὐτὸς
1504 3027 1656 3099 εἰσή-

76 3114 276 3151 κουσεν
297 3101 506 3155 αὐτῶν·
549 3106 605 3157 ὲν
644 3107 821 3178 στύλῳ
870 3104 1100 3183 νεφέλης
1141 3113 1318 3167 ἐλάλει
1363 3117 1498 3187 πρὸς
1555 3121 1655 3172 αύ-

75 3189 228 3253 τούς.
270 3211 288 3243 ι
329 3193 387 3246 '0
414 3195 706 3266 ἀντιλέγων
762 3195 915 3254 εἶπεν
965 3203 1054 3270 ἂν,
1082 3204 1199 3268 πῶς
1231 3207 1291 3259 τὸ
1333 3208 1502 3278 ὄνομα
1558 3212 1652 3266 τοῦ

73 3283 352 3356 Bagoan},
387 3291 678 3360 γενομένου
707 3293 944 3348 πλείοσιν
975 3296 1198 3370 ὕστερον
1229 3288 1464 3369 γενεαῖς,
1491 3305 1657 3357 Μωῡ-

67 3375 178 3445 σῆς
207 3376 402 3450 ἔθηκεν
427 3383 484 3434 ὲν
526 3383 604 3454 τῷ
650 3387 842 3440 ἑαυτοῦ
869 3388 1087 3460 ψαλμῷ.
1123 3392 1344 3462 Ἔλεγεν
1390 3392 1483 3449 οὖν
1521 3397 1656 3468 πρὸς

61 3466 262 3533 τοῦτο,
319 3473 401 3527 ὅτι
450 3475 600 3531 οὐδὲν
657 3471 967 3551 θαυμαστὸν
1016 3488 1498 3558 προπεφητεῦσθαι
1548 3491 1654 3544 ὑπὸ

65 3561 356 3628 Μωῦσέως
382 3566 443 3618 τὸ
477 3567 645 3639 ὄνομα
678 3572 948 3645 Σαμουὴλ,
972 3577 1165 3648 ἀνδρὸς
1196 3582 1237 3632 is
1250 3581 1363 3650 ροῦ.
1411 3586 1506 3637 καὶ
1540 3604 1655 3641 συν-

58 3651 467 3726 αριθμηθέντος
500 3659 603 3713 ὑπὸ
639 3662 900 3734 Ἰερεμίου
927 3666 1003 3737 τῷ
1024 3669 1231 3742 Μωῦσῇ
1260 3673 1317 3724 ἐν
1343 3673 1421 3744 τῷ
1447 3692 1460 3704 ·
1487 3694 1503 3725 ι
1531 3678 1652 3731 Οὐδ’

61 3744 139 3796 ἂν
178 3750 278 3818 στῇ
306 3749 548 3821 Μωῦσῆς
575 3756 668 3807 καὶ
703 3757 984 3829 Σαμουὴλ,
1023 3781 1041 3813 ι
1076 3762 1165 3837 ὅτε
1205 3765 1278 3833 γὲν
1327 3770 1652 3836 ταῖς-,Βασι-

61 3838 248 3904 λείαις
306 3843 516 3910 Ἰωσίας
564 3836 980 3924 προεςρήτέύθη·
1010 3836 1049 3906 ἰ
1100 3836 1520 3932 Θυσιαστήριον,
1567 3865 1653 3917 Ου-

52 3936 420 4013 σιαστήριον,
459 3940 582 3994 τάδε
617 3941 766 4011 λέγει
804 3945 1034 4019 Κύριος·
1091 3949 1198 4004 ίδοὺ
1250 3952 1360 4017 υἱὸς
1409 3956 1648 4012 τίκτεται

46 4024 141 4097 τῷ
171 4028 374 4084 Δαυῒδ’
425 4034 634 4100 Ἰωσίας
671 4037 840 4110 ὄνομα
865 4041 1031 4095 αύτῶ.
1074 4063 1091 4094 ι
1254 4024 1258 4029 ἱ

129 4205 410 4301 Πολλάκις
442 4208 683 4285 ζητήσας
714 4215 826 4288 (21)
865 4219 962 4292 τὴν
991 4223 1172 4278 αἰτίαν
1201 4226 1294 4280 τοῦ
1349 4229 1647 4301 ἐπιγράφε-

51 4296 192 4350 σθαι
236 4299 443 4369 μεταξὺ
479 4306 586 4360 τῶν
647 4308 876 4387 ψαλμῶν
920 4312 1232 4386 διάψαλμα,
1283 4317 1504 4390 ὕστερον
1540 4339 1644 4393 παέ

1790 569 1926 624 tum,
1964 558 2120 628 cujus
2172 562 2386 615 initium
2417 579 2431 614 τ
2463 583 2482 615 ι
2511 563 2725 630 Venite,
2780 565 3116 622 cxsultemns
3168 571 3356 626 Domi-

1787 667 1856 707 no
1874 653 1954 717 ³¹;
1991 672 2010 706 ι
2045 663 2100 709 et
2153 657 2565 726 nonagesimum
2598 659 2876 729 quintum,
2908 662 3062 730 Clljﬂa
3094 662 3305 717 initium
3343 679 3358 720 ε

1791 763 1808 795 ι
1830 744 2062 802 Cantate
2092 747 2320 802 Domino
2349 749 2623 805 canticum
2660 767 2885 818 novum,
2916 763 3136 810 cantate
3170 755 3358 810 Domis

1784 852 1876 897 no.
1909 838 2090 892 omnis
2115 848 2258 894 terra
2277 839 2322 870 ³³
2347 855 2360 904 ;
2389 858 2410 892 ι
2443 847 2496 894 et
2543 843 3223 913 nonagesimum-sextum,
3257 862 3358 901 cu-

1777 926 1866 996 jus
1888 929 2100 984 initium
2132 947 2145 983 :
2181 949 2199 981 ι
2229 930 2488 986 Dominus
2514 935 2789 1002 regnavit,
2815 937 3050 992 exsultet
3083 947 3224 992 terra
3239 937 3353 1004 ⁸δ;ι

1781 1029 1835 1072 et
1872 1021 2281 1088 nonagesimum
2337 1021 2652 1088 septimum,
2690 1025 2782 1092 qui
2819 1025 3115 1097 inscriptus
3149 1038 3355 1084 tantum

1782 1119 1902 1164 erat
1932 1129 1951 1161 ι
1981 1112 2316 1180 psalmus":
2345 1132 2363 1164 ι
2399 1129 2522 1167 nam
2576 1115 2737 1181 illud,
2780 1135 2798 1168 ι
2825 1117 3035 1184 Davidi,
3070 1140 3089 1173 ι
3122 1125 3265 1191 quod
3303 1123 3356 1178 in

1780 1201 2106 1268 quibusdam
2163 1202 2570 1273 exemplaribus
2629 1205 2882 1271 habetur,
2939 1225 3113 1279 neque
3165 1214 3219 1267 in
3250 1212 3360 1269 lle-

1780 1293 2002 1358 braico,‘
2041 1307 2218 1363 neque
2261 1294 2312 1347 in
2355 1294 2586 1362 reliquis
2619 1298 2958 1380 editionib'us
2993 1302 3224 1360 haberi.:
3251 1307 3350 1361 hu-

1775 1385 1864 1455 jus
1897 1395 2074 1440 autem
2104 1387 2320 1441 initium
2358 1400 2481 1443 est:
2520 1408 2538 1440 ‹
2569 1389 2801 1445 Cantate
2833 1377 3060 1450 Domino
3085 1399 3352 1452 canticum

1780 1491 1999 1542 novum,
2028 1480 2154 1548 quia
2187 1481 2455 1534 mirabilia
2491 1481 2692 1536 fecit".
2721 1503 2739 1534 ι
2780 1483 3177 1556 Nonagesimus
3224 1489 3352 1544 item

1779 1574 2010 1621 octavus
2075 1567 2490 1642 ipsiusparitcr
2548 1587 2670 1627 esse
2725 1574 3030 1640 dicebatur,
3069 1578 3220 1638 cuius
3259 1582 3353 1635 ini-

1777 1657 1910 1736 tium
1935 1668 2056 1712 est-:
2089 1677 2107 1708 ι
2143 1659 2404 1715 Dominus
2445 1667 3342 1746 regnavit,irascantnrpOpnli";i

1776 1749 2054 1818 etiamque
2086 1765 2211 1807 xcnt
2266 1754 2606 1823 inscriptus:
2646 1774 2664 1806 ι
2691 1755 2934 1813 Psalmus
2961 1760 3015 1814 in
3054 1762 3350 1820 confessio-

1777 1855 1958 1902 nem.)
1990 1842 2142 1910 cujus
2193 1847 2444 1900 initium:
2477 1847 2756 1905 «Jubilate
2810 1850 2939 1917 Deo,
3005 1854 3183 1910 omnis
3234 1867 3345 1911 ter-

1773 1949 1828 1986 ra
1851 1934 1918 1987 ³⁷.
1947 1954 1966 1986 ι
2001 1934 2132 1990 Post
2159 1938 2255 1992 hos
2288 1951 2469 1993 autem
2505 1941 2776 2007 undecim,
2812 1941 3130 2012 inscriptum
3157 1945 3344 2002 haberi

1772 2034 1880 2077 tum
1911 2026 1964 2079 in
2001 2026 2285 2092 llebraico,
2323 2039 2432 2083 tmn
2489 2034 2628 2101 apud
2660 2047 2850 2088 omnes
2880 2051 2891 2085 :
2933 2054 2950 2086 ι
2980 2035 3165 2090 Davidi
3199 2037 3345 2092 Psal-

1768 2128 1921 2179 mus;
1952 2135 1968 2166 ι
2005 2119 2072 2169 ita
2107 2127 2163 2171 ut
2200 2121 2531 2174 centesimus
2576 2137 2681 2176 non
2743 2125 2880 2178 ult-ra
2942 2125 3143 2197 Moysis
3176 2139 3342 2185 esset.

1838 2203 1998 2276 515
2033 2205 2136 2263 liis
2175 2211 2248 2264 ita
2310 2212 2495 2266 dictis
2524 2213 2668 2268 circa
2729 2221 2966 2282 psalmos
3015 2219 3108 2288 qui
3140 2221 3206 2274 ab
3237 2219 3346 2274 lle-

1765 2295 1925 2352 braais
1949 2299 2120 2371 Moysi
2145 2305 2515 2370 ascribunt’nr,
2544 2322 2669 2361 cum
2699 2309 3076 2378 suspicaretur
3100 2311 3339 2378 Jmlteus,

1769 2392 2132 2461 objectionem
2168 2397 2266 2450 sibi
2303 2401 2498 2468 opponi
2549 2416 2726 2468 posse,
2763 2402 2903 2456 hanc
2927 2403 3044 2472 ejus
3075 2404 3218 2458 dedit
3253 2420 3340 2460 so-

1766 2485 2050 2542 lutionem.
2086 2487 2455 2559 ProSpiciebat
2504 2493 2648 2548 enim
2691 2494 2796 2550 sibi
2846 2495 3151 2566 quempiam
3181 2499 3340 2565 posse

1763 2581 2152 2644 contradicere,
2211 2598 2274 2638 ac
2328 2601 2527 2655 negare
2577 2603 2744 2642 unum
2792 2604 2858 2643 ex
2918 2589 3024 2644 illis
3085 2591 3337 2645 undecim

1763 2671 2002 2738 psalmis,
2043 2673 2293 2729 videlicet
2354 2679 2767 2748 nonagesimum
2817 2690 3089 2746 octavum,
3141 2681 3340 2753 Moysis

1759 2779 1899 2828 esse,
1926 2781 1992 2819 ex
2027 2766 2109 2819 his
2147 2782 2338 2836 nempe
2392 2771 2575 2824 verbis
2598 2771 2643 2802 ³⁸
2672 2788 2684 2823 :
2724 2790 2741 2822 ι
2765 2771 3012 2827 Exaltate
3047 2773 3334 2828 Dominum

1759 2852 1926 2906 Deum
1965 2865 2234 2918 nostrum,
2263 2866 2318 2911 et
2347 2859 2573 2915 adorate
2628 2863 2928 2916 seabelhnn
2977 2865 3173 2932 pedum
3196 2865 3344 2934 ejus.

1759 2941 1994 2998 Sanctus
2049 2944 2261 3014 Moyses
2290 2959 2344 3002 et
2373 2950 2556 3004 Aaron
2587 2951 2641 3004 in
2677 2954 3060 3010 sacerdotibus
3115 2955 3252 3025 ejus,
3282 2965 3336 3011 et

1758 3033 2151 3092 Samuel'inter
2189 3053 2284 3094 eos
2318 3040 2412 3109 qui
2449 3042 2702 3097 invocant
2759 3061 2954 3100 nomen
3006 3045 3142 3114 ejus.
3177 3047 3336 3102 Invoe

1727 3128 1957 3185 fcabant
1989 3129 2300 3198 Dominum,
2334 3142 2388 3186 et
2418 3134 2530 3202 ipse
2586 3137 2914 3192 exaudiebat
2970 3140 3082 3203 eos,
3136 3139 3187 3193 in
3239 3155 3333 3194 co-

1760 3217 1946 3274 lumna
1970 3222 2127 3276 nubis
2157 3224 2482 3292 loquebatur
2513 3227 2577 3280 ad
2610 3243 2729 3283 eos.
2750 3249 2770 3286 ›
2813 3225 2987 3298 Objici
3030 3247 3160 3286 vero
3181 3243 3332 3302 pote-

1761 3321 1866 3378 rat,
1898 3314 2170 3380 quomodo
2199 3330 2391 3370 nomen
2418 3318 2712 3385 Samuelis,
2753 3323 2844 3389 qui
2876 3322 3058 3378 multis
3084 3333 3206 3392 post
3237 3341 3332 3396 ge-

1757 3405 2132 3459 nerationibus
2171 3405 2292 3470 fuit,
2325 3405 2534 3478 Moyses
2566 3412 2814 3478 posuerit
2860 3413 2914 3466 in
2973 3415 3179 3482 psalmo
3209 3432 3328 3472 suo.

1756 3496 1836 3550 Ad
1869 3496 1986 3551 haec
2018 3500 2399 3567 respondebat,
2439 3502 2572 3555 nihil
2600 3505 2791 3559 mirum
2840 3519 2959 3559 esse
3013 3507 3056 3560 si
3107 3509 3332 3577 prophe-

1757 3587 1860 3642 tice
1886 3591 2294 3656 pronuntiatum
2345 3591 2507 3646 fuerit
2533 3611 2560 3645 a
2593 3593 2773 3663 Moyse
2807 3611 3000 3651 nomen
3036 3595 3325 3663 Samuelis,

1755 3678 1854 3732 viri
1891 3682 2034 3734 sacri
2057 3682 2147 3748 qui
2181 3697 2210 3734 a
2249 3680 2485 3737 Jerentia
2539 3699 2662 3738 cum
2708 3685 2890 3757 Moyse
2938 3701 3326 3746 annnmeratus

1751 3778 1839 3825 est
1864 3767 1922 3828 in
1945 3769 2095 3826 illo!”
2119 3787 2133 3824 :
2165 3789 2182 3820 ι
2205 3769 2388 3838 Neque
2411 3773 2457 3825 si
2483 3774 2944 3845 steteritMoyses.
2962 3788 3014 3832 et
3033 3777 3251 3835 Sam-uel
3270 3799 3328 3855 η

1750 3861 2186 3932 quandoquidem
2225 3863 2276 3916 in
2310 3863 2460 3918 libris
2491 3861 2799 3936 Regnorum
2829 3866 3007 3926 Josias
3043 3871 3166 3926 item
3201 3889 3326 3943 pro-

1747 3952 1960 4028 phetica
1999 3954 2312 4009 enuntiatus
2365 3955 2539 4010 est“:
2575 3974 2593 4008 ι
2617 3958 2830 4024 Altare,
2853 3960 3045 4027 altare,
3076 3965 3198 4026 hate
3241 3967 3325 4021 di-

1750 4036 1826 4098 cit
1866 4028 2150 4111 Dominus,
2199 4033 2329 4101 Ecce
2389 4039 2532 4102 Illius
2565 4061 2844 4109 nascetur
2896 4053 3111 4122 Davidi,
3139 4054 3334 4125 Jusias,

1746 4128 1938 4192 nomen
1971 4138 2109 4209 ejus.
2130 4156 2150 4190 ι
2933 4205 2937 4209 ,

1818 4212 1970 4300 ὃωρε
2002 4245 2251 4300 quaerens
2301 4231 2497 4300 causas
2524 4245 2623 4286 cur
2648 4231 2702 4286 in
2735 4227 3054 4303 quibustlam
3093 4236 3316 4304 psalmis

1746 4322 2124 4393 interponatur
2181 4313 2507 4394 diapsalma,
2557 4326 2842 4403 observavi
2901 4327 3317 4399 diligentissime

35 4395 385 4466 ρατηρήσας
417 4399 474 4449 ὲν
497 4399 575 4470 τῷ
609 4401 898 4473 Ἐϐραῖκῷ,
940 4405 1032 4457 καὶ
1083 4408 1450 4474 συνεξετάζων
1495 4413 1643 4484 αύτῷ

1891 4379 1903 4393 .
2271 4379 2287 4394 .
2374 4389 2376 4391 ,
2493 4379 2506 4390 ,
2568 4379 2579 4380 κ
2635 4379 2679 4403 τ
2736 4379 2782 4380 η
2830 4379 2840 4383 -
2907 4379 3316 4399 ν-ηυ------------

1768 4431 1799 4468 ιι
1841 4414 2086 4482 Hebrzco,
2114 4425 2316 4471 etcum
2347 4415 2541 4472 Graeco
2591 4417 2815 4482 contuli,
2868 4419 3158 4488 iuvenique
3189 4419 3336 4496 quia.

29 4485 106 4538 τὸ
136 4485 482 4558 Ἑλληνικὸν,
507 4487 685 4564 εὗρον,
716 4495 796 4548 ὅτι
822 4497 956 4549 ὅπου
991 4499 1050 4552 τὸ
1095 4500 1375 4571 Ἐϐραϊστὶ
1411 4523 1428 4554 ι
1465 4504 1556 4557 σὲλ
1577 4547 1590 4569 ,
1623 4526 1639 4555 ι

1764 4508 1832 4562 ibi
1871 4507 2056 4576 lingua
2111 4508 2338 4564 Hebraea
2376 4510 2527 4584 tsela
2561 4511 2687 4579 (ms.
2719 4508 2831 4580 sel)
2854 4528 2872 4560 ι
2909 4485 3092 4574 habet,
3123 4485 3335 4584 Grieca:

39 4573 377 4649 Ἑλληνιστὶ
409 4582 465 4636 δὲ
500 4603 519 4634 ι
544 4585 650 4650 ἀεὶ,
678 4606 695 4638 ι
729 4587 762 4658 ἦ
793 4605 844 4641 τι
889 4589 1065 4660 τούτῳ
1102 4593 1474 4664 ἰσοδυναμοῦν,
1530 4599 1647 4650 ἐκεῖ

1764 4615 1870 4655 'ero
1898 4618 1916 4650 ‹
1955 4573 2194 4666 semper,
2230 4619 2247 4650 ι
2280 4573 2602 4668 ευιοιίηιιῑιΙ
2633 4597 2954 4662 istiusmodi,
2988 4597 3057 4652 ibi
3091 4598 3314 4667 Septua-

22 4673 86 4724 οἰ
107 4671 546 4744 Ἐὅδομήκοντα,
563 4677 656 4731 καὶ
683 4679 994 4746 Θεοδοτίων,
1011 4685 1106 4737 καὶ
1124 4684 1420 4756 Σύμμαχος
1449 4687 1642 4753 ἔταξαν

1764 4691 1883 4756 εἰηιιι
1918 4701 1972 4745 et
2019 4689 2376 4753 Theodotion,
2412 4700 2468 4744 et
2499 4690 2862 4760 Symmachus
2917 4687 3335 4760 transtulerunt

18 4764 95 4816 τὸ
129 4783 151 4815 ι
179 4763 490 4838 διάψαλμα.
530 4789 549 4822 ι
583 4771 656 4824 Ού
698 4775 875 4844 χεῖρον
906 4775 963 4827 δὲ
1005 4777 1412 4848 παραδείγματι
1444 4780 1505 4832 τὸ
1555 4780 1642 4833 λε-

1789 4783 2102 4851 diapsalma.
2136 4802 2154 4835 ι
2191 4783 2378 4854 Neque
2407 4800 2533 4839 vero
2567 4793 2725 4836 nocet
2748 4779 3013 4849 exemplis
3040 4777 3332 4863 alIirmare

109 4881 158 4914 ³¹
187 4880 348 4958 Psal.
384 4897 537 4958 x_c_u_i,
575 4886 626 4958 1.
735 4887 778 4917 ³³
812 4887 952 4943 Psal.
989 4905 1129 4950 χειν,
1170 4891 1220 4945 1.
1328 4893 1372 4924 ³³
1402 4892 1544 4947 Psal.
1576 4911 1659 4949 xei

1770 4935 1783 4949 .
1899 4895 1940 4927 “
1977 4895 2116 4948 Psal.
2149 4911 2292 4958 xc",
2324 4896 2376 4950 1.
2489 4895 2534 4927 ³⁵
2571 4895 2712 4948 Psal.
2744 4910 2910 4958 xcrn,
2936 4895 2986 4947 1.
3100 4893 3311 4951 “Psal.

16 4967 246 5019 xcvm,
282 4955 335 5009 1.
414 4953 618 5010 "Psal.
643 4972 789 5024 XCIX,
819 4961 840 5012 1
877 4968 932 5014 et
959 4961 1009 5013 “2.
1104 4960 1147 4993 ³⁸
1173 4961 1312 5016 Psal.
1348 4979 1530 5030 xcvm,
1569 4965 1623 5031 5,
1658 4953 1710 5033 6,
1749 4967 1801 5020 7.
1898 4966 1941 4997 ³⁸
1965 4963 2164 5020 Jerem.
2202 4953 2291 5033 xv,
2325 4967 2376 5019 1.
2452 4965 2496 4997 ⁸ο
2531 4967 2590 5020 lll
2624 4967 2755 5036 Reg.
2794 4953 2915 5031 xm,
2945 4967 2998 5019 2.

1740 5083 2039 5150 pmphetae,
2074 5091 2257 5150 postea
2294 5081 2624 5147 licetfuturi,
2659 5097 2854 5137 nomen
2885 5081 3154 5137 ediderit:
3181 5097 3309 5138 cum

1740 5153 1792 5205 in
1828 5153 2146 5221 Regnorum
2197 5154 2331 5207 libro
2379 5151 2538 5206 Josia:
2583 5153 2722 5220 regis
2762 5167 2957 5225 nomen
3003 5155 3093 5215 sit,
3154 5164 3327 5225 ante-l

1737 5239 1899 5290 quam
1938 5233 2214 5283 nascatur,
2274 5227 2678 5291 prophetatum,
2726 5224 2992 5292 propheta
3048 5225 3306 5278 dicente:

1735 5292 2040 5362 Altarium,
2076 5292 2350 5358 altarium,
2381 5294 2492 5347 lucc
2537 5295 2664 5346 dicit
2699 5293 3119 5354 Dominus,Ecce
3161 5293 3329 5362 [ilius’

1736 5373 1981 5416 nascetur
2015 5361 2206 5427 David,
2235 5364 2412 5417 Josias
2453 5381 2642 5417 nomen
2686 5363 2800 5432 ejus
2832 5379 2850 5417 :
2886 5361 3170 5433 per_quod
3201 5379 3308 5417 non

1737 5433 2058 5512 incredibile
2092 5447 2214 5487 esse
2241 5444 2514 5502 oportere,
2547 5444 2603 5486 ut
2633 5431 2850 5514 Samuel
2957 5431 3138 5512 Moyse
3165 5449 3304 5514 prte—

1733 5505 1912 5558 dictus
1942 5503 2010 5557 sit
2060 5522 2072 5556 :
2116 5507 2354 5557 maxime
2390 5520 2512 5559 cum
2560 5506 2858 5558 secundum
2885 5502 3181 5557 Jereniiam
3223 5503 3307 5555 di-

1728 5585 1962 5638 centem,
1985 5591 2077 5628 nec
2099 5575 2144 5626 si
2169 5585 2265 5627 stet
2295 5573 2503 5644 Moyses
2543 5585 2588 5627 et
2618 5573 2851 5640 Samuel,
2885 5571 3055 5642 Moysi
3099 5588 3306 5628 conum

1729 5647 1966 5700 minatus
1999 5645 2070 5699 sit
2107 5661 2172 5699 ex
2207 5647 2402 5700 merito
2438 5644 2803 5699 sanctitatis.»

1800 5715 1910 5788 (Ἣ)
1948 5715 2251 5788 Πολλάκις
2297 5714 2580 5788 ζητήσας,
2625 5723 2730 5788 etc.
2759 5712 3142 5788 lnlcrprctatio
3203 5711 3304 5766 La-

1725 5782 1835 5841 tina
1872 5782 2036 5856 hujus
2072 5787 2176 5842 loci
2204 5801 2376 5856 usque
2409 5788 2477 5840 ad
2506 5786 2668 5838 linem
2694 5782 2982 5852 fragmenti
3019 5783 3302 5852 desmnpta

1899 4895 1940 4927 “
1977 4895 2116 4948 Psal.
2149 4911 2292 4962 xcrt,
2324 4896 2376 4950 1.

1898 4966 1941 4997 ³⁸
1965 4963 2164 5020 Jerem.
2202 4983 2289 5033 xv,
2325 4967 2376 5019 1.

102 5068 522 5142 (20)ᾼΤούτων
571 5073 918 5142 εἰρημένων,
976 5085 1079 5131 etc.
1139 5077 1381 5133 Hilarius
1435 5081 1633 5136 ibidem

13 5140 194 5219 μυξη.
296 5157 325 5219 _:
362 5158 381 5193 ι
411 5143 566 5219 Ouod
593 5140 636 5219 si
662 5140 804 5198 forte
832 5145 1029 5212 aliquis
1055 5163 1152 5219 per
1181 5151 1230 5202 id
1259 5149 1634 5219 intelligentia:

13 5211 164 5265 huic
232 5211 404 5290 ﬁdem
466 5215 750 5290 detrahet__.
792 5211 933 5284 quod
991 5211 1068 5271 in'
1104 5218 1209 5272 his.
1257 5211 1480 5288 psalntivs
1542 5223 1633 5290 qui

13 5296 156 5357 eunt
212 5282 519 5350 psalmum.
562 5282 906 5357 cuiMoyses
963 5300 1155 5343 auctor
1213 5282 1467 5356 praelatus
1525 5282 1632 5357 est,

13 5355 509 5424 subsequuntur,
569 5355 829 5424 scriptum
905 5362 1012 5421 sit,
1073 5360 1122 5412 id
1187 5355 1272 5414 est
1350 5363 1402 5414 in
1464 5355 1635 5417 nona;

13 5423 253 5492 gesimo
293 5435 555 5496 .octavo,
612 5423 816 5496 Moyses
875 5437 923 5482 et
989 5430 1164 5483 Aaron
1225 5433 1278 5484 in
1329 5434 1627 5487 sacerdotes

13 5489 165 5562 ᾔεις,
203 5502 256 5546 et
281 5489 502 5571 Sqntuel
531 5496 670 5550 inter
696 5489 782 5550 Eos
807 5501 1107 5553 invocantes
1143 5517 1326 5571 nomen
1347 5505 1485 5571 ejus,
1518 5519 1623 5557 non

20 5579 194 5636 iosse
247 5577 282 5616 a
339 5564 524 5636 Moyse
573 5583 695 5622 eum
732 5572 1118 5636 prophetatum.
1141 5570 1332 5636 videri,
1368 5564 1490 5627 cum
1525 5573 1618 5630 Sa-

19 5634 173 5689 nuel
204 5634 445 5714 nomen,
479 5634 747 5714 qui_tanto
773 5634 962 5714 postea
987 5657 1147 5714 quam
1181 5634 1416 5714 Moyses.
1457 5654 1616 5700 natus

13 5715 114 5762 :st.
157 5714 366 5776 exstet
393 5706 443 5759 in
477 5708 728 5776 psalmo:
774 5706 1086 5766 ineminerit
1124 5706 1489 5768 nulli'tnirum
1523 5725 1618 5769 aut

13 5775 256 5830 liilicile
283 5775 772 5848 videri’oliortere,
829 5791 884 5834 ut
934 5789 1116 5836 tantus
1166 5784 1426 5853 pmpheta
1479 5786 1613 5842 tanti
