  <div class='ocr_page' id='page_1' title='image "/cluster/home/n/w/nwhite01/storage/ocr_20150623/12/hvd.32044019207638/534.png"; bbox 0 0 3870 6532; ppageno 0'>
   <div class='ocr_carea' id='block_1_1' title="bbox 161 345 270 401">
    <p class='ocr_par' dir='ltr' id='par_1_1' title="bbox 161 345 270 401">
     <span class='ocr_line' id='line_1_1' title="bbox 161 345 270 401; baseline 0 -1"><span class='ocrx_word' id='word_1_1' title='bbox 161 345 270 401; x_wconf 85' lang='grc'><strong>1061</strong></span> 
     </span>
    </p>
   </div>
   <div class='ocr_carea' id='block_1_2' title="bbox 1387 335 2176 396">
    <p class='ocr_par' dir='ltr' id='par_1_2' title="bbox 1387 335 2176 396">
     <span class='ocr_line' id='line_1_2' title="bbox 1387 335 2176 396; baseline -0.004 0"><span class='ocrx_word' id='word_1_2' title='bbox 1387 335 1701 396; x_wconf 82' lang='lat' dir='ltr'><strong>SELECTA</strong></span> <span class='ocrx_word' id='word_1_3' title='bbox 1733 336 1802 393; x_wconf 88' lang='lat' dir='ltr'><strong>IN</strong></span> <span class='ocrx_word' id='word_1_4' title='bbox 1833 337 2176 395; x_wconf 82' lang='lat' dir='ltr'><strong>PSALMOS.</strong></span> 
     </span>
    </p>
   </div>
   <div class='ocr_carea' id='block_1_3' title="bbox 3237 337 3377 397">
    <p class='ocr_par' dir='ltr' id='par_1_3' title="bbox 3237 337 3377 397">
     <span class='ocr_line' id='line_1_3' title="bbox 3237 337 3377 397; baseline 0.007 -1"><span class='ocrx_word' id='word_1_5' title='bbox 3237 337 3377 397; x_wconf 73' lang='lat' dir='ltr'><strong>l0(2</strong></span> 
     </span>
    </p>
   </div>
   <div class='ocr_carea' id='block_1_4' title="bbox 156 458 1705 534">
    <p class='ocr_par' dir='ltr' id='par_1_4' title="bbox 156 459 1695 534">
     <span class='ocr_line' id='line_1_4' title="bbox 156 459 1695 534; baseline -0.003 -17"><span class='ocrx_word' id='word_1_6' title='bbox 156 461 223 532; x_wconf 79' lang='grc' dir='ltr'><strong>τῷ</strong></span> <span class='ocrx_word' id='word_1_7' title='bbox 249 459 400 532; x_wconf 79' lang='grc' dir='ltr'>ὀγδόῳ</span> <span class='ocrx_word' id='word_1_8' title='bbox 421 460 624 533; x_wconf 80' lang='grc' dir='ltr'>ψαλμῷ</span> <span class='ocrx_word' id='word_1_9' title='bbox 677 459 850 516; x_wconf 76' lang='grc' dir='ltr'>οὕτω·</span> <span class='ocrx_word' id='word_1_10' title='bbox 903 459 1154 534; x_wconf 75' lang='grc' dir='ltr'>«Κύριε,</span> <span class='ocrx_word' id='word_1_11' title='bbox 1198 461 1229 514; x_wconf 91' lang='lat'><strong>6</strong></span> <span class='ocrx_word' id='word_1_12' title='bbox 1289 459 1492 533; x_wconf 84' lang='grc' dir='ltr'>Κύριος</span> <span class='ocrx_word' id='word_1_13' title='bbox 1540 460 1695 532; x_wconf 78' lang='grc' dir='ltr'>ἡμῶν</span> 
     </span>
    </p>
   </div>
   <div class='ocr_carea' id='block_1_5' title="bbox 1810 458 3380 534">
    <p class='ocr_par' dir='ltr' id='par_1_5' title="bbox 1810 458 3380 532">
     <span class='ocr_line' id='line_1_5' title="bbox 1810 458 3380 532; baseline 0.003 -18"><span class='ocrx_word' id='word_1_14' title='bbox 1810 477 1908 532; x_wconf 87' lang='lat' dir='ltr'><strong>que</strong></span> <span class='ocrx_word' id='word_1_15' title='bbox 1936 463 1987 515; x_wconf 91' lang='lat' dir='ltr'><strong>in</strong></span> <span class='ocrx_word' id='word_1_16' title='bbox 2019 470 2218 516; x_wconf 90' lang='lat' dir='ltr'><strong>octavo</strong></span> <span class='ocrx_word' id='word_1_17' title='bbox 2249 458 2459 530; x_wconf 87' lang='lat' dir='ltr'><strong>psalmo</strong></span> <span class='ocrx_word' id='word_1_18' title='bbox 2495 458 2698 515; x_wconf 92' lang='lat' dir='ltr'><strong>dictum</strong></span> <span class='ocrx_word' id='word_1_19' title='bbox 2727 465 2851 516; x_wconf 90' lang='lat' dir='ltr'><strong>est:</strong></span> <span class='ocrx_word' id='word_1_20' title='bbox 2885 477 2906 513; x_wconf 77' lang='grc' dir='ltr'><strong>ι</strong></span> <span class='ocrx_word' id='word_1_21' title='bbox 2932 458 3162 516; x_wconf 84' lang='lat' dir='ltr'><strong>Domine</strong></span> <span class='ocrx_word' id='word_1_22' title='bbox 3197 462 3380 518; x_wconf 89' lang='lat' dir='ltr'><strong>Domi-</strong></span> 
     </span>
    </p>
   </div>
   <div class='ocr_carea' id='block_1_6' title="bbox 157 550 1692 625">
    <p class='ocr_par' dir='ltr' id='par_1_6' title="bbox 157 550 1692 625">
     <span class='ocr_line' id='line_1_6' title="bbox 157 550 1692 625; baseline -0.003 -16"><span class='ocrx_word' id='word_1_23' title='bbox 157 551 272 623; x_wconf 69' lang='grc'><strong>(25),</strong></span> <span class='ocrx_word' id='word_1_24' title='bbox 300 553 368 616; x_wconf 82' lang='grc' dir='ltr'>ὡς</span> <span class='ocrx_word' id='word_1_25' title='bbox 400 550 710 623; x_wconf 83' lang='grc' dir='ltr'>θαυμαστὸν</span> <span class='ocrx_word' id='word_1_26' title='bbox 757 553 818 605; x_wconf 87' lang='grc' dir='ltr'><strong>τὸ</strong></span> <span class='ocrx_word' id='word_1_27' title='bbox 839 551 1009 622; x_wconf 79' lang='grc' dir='ltr'>ὄνομά</span> <span class='ocrx_word' id='word_1_28' title='bbox 1039 569 1132 604; x_wconf 90' lang='grc' dir='ltr'><strong>σου</strong></span> <span class='ocrx_word' id='word_1_29' title='bbox 1155 553 1210 604; x_wconf 79' lang='grc' dir='ltr'>ὲν</span> <span class='ocrx_word' id='word_1_30' title='bbox 1239 552 1390 625; x_wconf 75' lang='grc' dir='ltr'>πάσῃ</span> <span class='ocrx_word' id='word_1_31' title='bbox 1417 555 1484 623; x_wconf 78' lang='grc' dir='ltr'>τῇ</span> <span class='ocrx_word' id='word_1_32' title='bbox 1524 555 1594 623; x_wconf 84' lang='grc' dir='ltr'>γῇ</span> <span class='ocrx_word' id='word_1_33' title='bbox 1619 555 1631 606; x_wconf 87' lang='lat'><strong>!</strong></span> <span class='ocrx_word' id='word_1_34' title='bbox 1673 573 1692 605; x_wconf 69' lang='grc' dir='ltr'><strong>ι</strong></span> 
     </span>
    </p>
   </div>
   <div class='ocr_carea' id='block_1_7' title="bbox 150 642 1699 716">
    <p class='ocr_par' dir='ltr' id='par_1_7' title="bbox 150 642 1699 716">
     <span class='ocr_line' id='line_1_7' title="bbox 150 642 1699 716; baseline -0.001 -19"><span class='ocrx_word' id='word_1_35' title='bbox 150 647 322 715; x_wconf 84' lang='grc' dir='ltr'>Σαφως</span> <span class='ocrx_word' id='word_1_36' title='bbox 337 649 438 715; x_wconf 84' lang='grc' dir='ltr'>γὰρ</span> <span class='ocrx_word' id='word_1_37' title='bbox 476 643 787 715; x_wconf 74' lang='grc' dir='ltr'>παρέστησε</span> <span class='ocrx_word' id='word_1_38' title='bbox 816 642 914 706; x_wconf 85' lang='grc' dir='ltr'><strong>τάς</strong></span> <span class='ocrx_word' id='word_1_39' title='bbox 943 643 1047 696; x_wconf 86' lang='grc' dir='ltr'><strong>ἀνὰ</strong></span> <span class='ocrx_word' id='word_1_40' title='bbox 1084 645 1263 697; x_wconf 78' lang='grc' dir='ltr'>πᾶσαν</span> <span class='ocrx_word' id='word_1_41' title='bbox 1309 644 1408 715; x_wconf 86' lang='grc' dir='ltr'>τὴν</span> <span class='ocrx_word' id='word_1_42' title='bbox 1446 645 1699 716; x_wconf 88' lang='grc' dir='ltr'>οἱκουμέ-</span> 
     </span>
    </p>
   </div>
   <div class='ocr_carea' id='block_1_8' title="bbox 155 733 1700 806">
    <p class='ocr_par' dir='ltr' id='par_1_8' title="bbox 155 733 1700 806">
     <span class='ocr_line' id='line_1_8' title="bbox 155 733 1700 806; baseline 0.001 -18"><span class='ocrx_word' id='word_1_43' title='bbox 155 752 242 806; x_wconf 89' lang='grc' dir='ltr'>νην</span> <span class='ocrx_word' id='word_1_44' title='bbox 264 736 436 805; x_wconf 77' lang='grc' dir='ltr'>ληνοὺς</span> <span class='ocrx_word' id='word_1_45' title='bbox 465 733 558 787; x_wconf 88' lang='grc' dir='ltr'><strong>τοῦ</strong></span> <span class='ocrx_word' id='word_1_46' title='bbox 580 733 736 788; x_wconf 82' lang='grc' dir='ltr'>Θεοῦ.</span> <span class='ocrx_word' id='word_1_47' title='bbox 761 735 870 788; x_wconf 71' lang='grc' dir='ltr'><strong>Καὶ</strong></span> <span class='ocrx_word' id='word_1_48' title='bbox 895 735 922 787; x_wconf 98' lang='lat'><strong>6</strong></span> <span class='ocrx_word' id='word_1_49' title='bbox 953 735 1306 806; x_wconf 81' lang='grc' dir='ltr'><strong>ὀγδοηκοστὸς</strong></span> <span class='ocrx_word' id='word_1_50' title='bbox 1337 735 1414 798; x_wconf 86' lang='grc' dir='ltr'><strong>δὲ,</strong></span> <span class='ocrx_word' id='word_1_51' title='bbox 1451 736 1546 789; x_wconf 73' lang='grc' dir='ltr'>καὶ</span> <span class='ocrx_word' id='word_1_52' title='bbox 1603 737 1700 789; x_wconf 87' lang='grc' dir='ltr'>αύ-</span> 
     </span>
    </p>
   </div>
   <div class='ocr_carea' id='block_1_9' title="bbox 156 825 1702 898">
    <p class='ocr_par' dir='ltr' id='par_1_9' title="bbox 156 825 1702 898">
     <span class='ocr_line' id='line_1_9' title="bbox 156 825 1702 898; baseline 0.001 -19"><span class='ocrx_word' id='word_1_53' title='bbox 156 828 236 891; x_wconf 86' lang='grc' dir='ltr'><strong>τὸς</strong></span> <span class='ocrx_word' id='word_1_54' title='bbox 265 825 522 898; x_wconf 80' lang='grc' dir='ltr'>ἐπιλήνιος</span> <span class='ocrx_word' id='word_1_55' title='bbox 552 826 663 897; x_wconf 64' lang='grc'><strong>(24)</strong></span> <span class='ocrx_word' id='word_1_56' title='bbox 688 825 783 890; x_wconf 83' lang='grc' dir='ltr'><strong>ῶν,</strong></span> <span class='ocrx_word' id='word_1_57' title='bbox 824 828 936 890; x_wconf 85' lang='grc' dir='ltr'>τοῖς</span> <span class='ocrx_word' id='word_1_58' title='bbox 963 827 1137 879; x_wconf 75' lang='grc' dir='ltr'>ἔθνεσι</span> <span class='ocrx_word' id='word_1_59' title='bbox 1165 827 1299 879; x_wconf 79' lang='grc' dir='ltr'>πᾶσι</span> <span class='ocrx_word' id='word_1_60' title='bbox 1329 827 1702 897; x_wconf 88' lang='grc' dir='ltr'>παρακελεύε-</span> 
     </span>
    </p>
   </div>
   <div class='ocr_carea' id='block_1_10' title="bbox 155 916 1696 989">
    <p class='ocr_par' dir='ltr' id='par_1_10' title="bbox 155 916 1696 989">
     <span class='ocr_line' id='line_1_10' title="bbox 155 916 1696 989; baseline 0.001 -18"><span class='ocrx_word' id='word_1_61' title='bbox 155 937 234 971; x_wconf 82' lang='grc' dir='ltr'><strong>ται</strong></span> <span class='ocrx_word' id='word_1_62' title='bbox 251 917 315 988; x_wconf 85' lang='grc' dir='ltr'>τῷ</span> <span class='ocrx_word' id='word_1_63' title='bbox 345 917 462 987; x_wconf 85' lang='grc' dir='ltr'><strong>Θεῷ</strong></span> <span class='ocrx_word' id='word_1_64' title='bbox 495 917 604 970; x_wconf 87' lang='grc' dir='ltr'><strong>τῶν</strong></span> <span class='ocrx_word' id='word_1_65' title='bbox 651 916 944 989; x_wconf 77' lang='grc' dir='ltr'><strong>προφητῶν</strong></span> <span class='ocrx_word' id='word_1_66' title='bbox 997 917 1305 970; x_wconf 76' lang='grc' dir='ltr'>ἀποδιδόναι</span> <span class='ocrx_word' id='word_1_67' title='bbox 1360 918 1453 970; x_wconf 89' lang='grc' dir='ltr'><strong>τὸν</strong></span> <span class='ocrx_word' id='word_1_68' title='bbox 1493 917 1696 989; x_wconf 69' lang='grc' dir='ltr'>ὕμνον·</span> 
     </span>
    </p>
   </div>
   <div class='ocr_carea' id='block_1_11' title="bbox 151 1008 1696 1086">
    <p class='ocr_par' dir='ltr' id='par_1_11' title="bbox 151 1008 1696 1086">
     <span class='ocr_line' id='line_1_11' title="bbox 151 1008 1696 1086; baseline 0.003 -22"><span class='ocrx_word' id='word_1_69' title='bbox 151 1012 282 1080; x_wconf 84' lang='grc' dir='ltr'>λέγει</span> <span class='ocrx_word' id='word_1_70' title='bbox 307 1012 359 1064; x_wconf 78' lang='grc' dir='ltr'>δὲ</span> <span class='ocrx_word' id='word_1_71' title='bbox 386 1008 478 1064; x_wconf 82' lang='grc' dir='ltr'>οὖν</span> <span class='ocrx_word' id='word_1_72' title='bbox 496 1028 510 1041; x_wconf 90' lang='grc'><strong>·</strong></span> <span class='ocrx_word' id='word_1_73' title='bbox 536 1029 554 1062; x_wconf 80' lang='grc' dir='ltr'><strong>ι</strong></span> <span class='ocrx_word' id='word_1_74' title='bbox 577 1011 928 1080; x_wconf 81' lang='grc' dir='ltr'>Ἀγαλλιᾶσθε</span> <span class='ocrx_word' id='word_1_75' title='bbox 955 1012 1032 1084; x_wconf 81' lang='grc' dir='ltr'>τῷ</span> <span class='ocrx_word' id='word_1_76' title='bbox 1063 1012 1182 1083; x_wconf 82' lang='grc' dir='ltr'>Θεῷ</span> <span class='ocrx_word' id='word_1_77' title='bbox 1211 1013 1287 1085; x_wconf 79' lang='grc' dir='ltr'>τῷ</span> <span class='ocrx_word' id='word_1_78' title='bbox 1313 1014 1490 1086; x_wconf 82' lang='grc' dir='ltr'>βοηθῷ</span> <span class='ocrx_word' id='word_1_79' title='bbox 1519 1017 1552 1086; x_wconf 85' lang='grc' dir='ltr'>ὴ</span> <span class='ocrx_word' id='word_1_80' title='bbox 1563 1015 1696 1085; x_wconf 88' lang='grc' dir='ltr'>μῶν·</span> 
     </span>
    </p>
   </div>
   <div class='ocr_carea' id='block_1_12' title="bbox 151 1101 1702 1176">
    <p class='ocr_par' dir='ltr' id='par_1_12' title="bbox 151 1101 1702 1176">
     <span class='ocr_line' id='line_1_12' title="bbox 151 1101 1702 1176; baseline 0.002 -18"><span class='ocrx_word' id='word_1_81' title='bbox 151 1104 424 1168; x_wconf 82' lang='grc' dir='ltr'>άλαλάξατε</span> <span class='ocrx_word' id='word_1_82' title='bbox 473 1103 549 1174; x_wconf 82' lang='grc' dir='ltr'>τῷ</span> <span class='ocrx_word' id='word_1_83' title='bbox 577 1102 696 1174; x_wconf 80' lang='grc' dir='ltr'>Θεῷ</span> <span class='ocrx_word' id='word_1_84' title='bbox 741 1101 955 1157; x_wconf 80' lang='grc' dir='ltr'>Ἰακώϐ.</span> <span class='ocrx_word' id='word_1_85' title='bbox 1003 1123 1020 1155; x_wconf 73' lang='grc' dir='ltr'><strong>ι</strong></span> <span class='ocrx_word' id='word_1_86' title='bbox 1074 1102 1208 1160; x_wconf 77' lang='grc' dir='ltr'>Εἶτα</span> <span class='ocrx_word' id='word_1_87' title='bbox 1255 1106 1384 1176; x_wconf 77' lang='grc' dir='ltr'>ἑξῆς</span> <span class='ocrx_word' id='word_1_88' title='bbox 1423 1108 1702 1161; x_wconf 85' lang='grc' dir='ltr'>ὑποκατα-</span> 
     </span>
    </p>
   </div>
   <div class='ocr_carea' id='block_1_13' title="bbox 150 1196 1699 1270">
    <p class='ocr_par' dir='ltr' id='par_1_13' title="bbox 150 1196 1699 1270">
     <span class='ocr_line' id='line_1_13' title="bbox 150 1196 1699 1270; baseline 0.002 -20"><span class='ocrx_word' id='word_1_89' title='bbox 150 1199 260 1263; x_wconf 70' lang='grc' dir='ltr'>ϐὰς,</span> <span class='ocrx_word' id='word_1_90' title='bbox 279 1199 365 1269; x_wconf 86' lang='grc' dir='ltr'>τὴν</span> <span class='ocrx_word' id='word_1_91' title='bbox 392 1197 662 1268; x_wconf 77' lang='grc' dir='ltr'>ἀποϐολὴν</span> <span class='ocrx_word' id='word_1_92' title='bbox 681 1196 773 1250; x_wconf 87' lang='grc' dir='ltr'><strong>τοῦ</strong></span> <span class='ocrx_word' id='word_1_93' title='bbox 799 1196 1062 1268; x_wconf 80' lang='grc' dir='ltr'>προτέρου</span> <span class='ocrx_word' id='word_1_94' title='bbox 1094 1198 1223 1252; x_wconf 90' lang='grc' dir='ltr'>λαοῦ</span> <span class='ocrx_word' id='word_1_95' title='bbox 1266 1199 1552 1270; x_wconf 89' lang='grc' dir='ltr'>σημαίνει,</span> <span class='ocrx_word' id='word_1_96' title='bbox 1607 1199 1699 1253; x_wconf 85' lang='grc' dir='ltr'>λέ-</span> 
     </span>
    </p>
   </div>
   <div class='ocr_carea' id='block_1_14' title="bbox 150 1290 1698 1362">
    <p class='ocr_par' dir='ltr' id='par_1_14' title="bbox 150 1290 1698 1362">
     <span class='ocr_line' id='line_1_14' title="bbox 150 1290 1698 1362; baseline 0.001 -19"><span class='ocrx_word' id='word_1_97' title='bbox 150 1306 254 1357; x_wconf 85' lang='grc' dir='ltr'><strong>γων</strong></span> <span class='ocrx_word' id='word_1_98' title='bbox 275 1306 286 1318; x_wconf 96' lang='grc'><strong>·</strong></span> <span class='ocrx_word' id='word_1_99' title='bbox 320 1291 455 1342; x_wconf 77' lang='grc' dir='ltr'>«Καὶ</span> <span class='ocrx_word' id='word_1_100' title='bbox 485 1291 584 1343; x_wconf 85' lang='grc' dir='ltr'><strong>οὐκ</strong></span> <span class='ocrx_word' id='word_1_101' title='bbox 609 1290 839 1362; x_wconf 77' lang='grc' dir='ltr'>ῆκουσεν</span> <span class='ocrx_word' id='word_1_102' title='bbox 868 1291 896 1343; x_wconf 89' lang='lat'><strong>6</strong></span> <span class='ocrx_word' id='word_1_103' title='bbox 926 1290 1056 1354; x_wconf 86' lang='grc' dir='ltr'>λαός</span> <span class='ocrx_word' id='word_1_104' title='bbox 1079 1307 1178 1361; x_wconf 90' lang='grc' dir='ltr'><strong>μου</strong></span> <span class='ocrx_word' id='word_1_105' title='bbox 1210 1290 1312 1361; x_wconf 85' lang='grc' dir='ltr'><strong>τῆς</strong></span> <span class='ocrx_word' id='word_1_106' title='bbox 1351 1293 1533 1362; x_wconf 92' lang='grc' dir='ltr'>φωνῆς</span> <span class='ocrx_word' id='word_1_107' title='bbox 1576 1309 1698 1362; x_wconf 90' lang='grc' dir='ltr'>μου,</span> 
     </span>
    </p>
   </div>
   <div class='ocr_carea' id='block_1_15' title="bbox 149 1383 1704 1456">
    <p class='ocr_par' dir='ltr' id='par_1_15' title="bbox 149 1383 1704 1456">
     <span class='ocr_line' id='line_1_15' title="bbox 149 1383 1704 1456; baseline 0.001 -20"><span class='ocrx_word' id='word_1_108' title='bbox 149 1383 238 1437; x_wconf 74' lang='grc' dir='ltr'><strong>καὶ</strong></span> <span class='ocrx_word' id='word_1_109' title='bbox 267 1383 467 1456; x_wconf 81' lang='grc' dir='ltr'>Ἰσραὴλ</span> <span class='ocrx_word' id='word_1_110' title='bbox 491 1385 550 1436; x_wconf 83' lang='grc' dir='ltr'><strong>οὐ</strong></span> <span class='ocrx_word' id='word_1_111' title='bbox 580 1384 852 1455; x_wconf 78' lang='grc' dir='ltr'>προσέσχε</span> <span class='ocrx_word' id='word_1_112' title='bbox 896 1401 1006 1454; x_wconf 88' lang='grc' dir='ltr'>μοι.</span> <span class='ocrx_word' id='word_1_113' title='bbox 1057 1384 1168 1436; x_wconf 77' lang='grc' dir='ltr'><strong>Καὶ</strong></span> <span class='ocrx_word' id='word_1_114' title='bbox 1203 1383 1558 1447; x_wconf 82' lang='grc' dir='ltr'>ὲξαπέστειλα</span> <span class='ocrx_word' id='word_1_115' title='bbox 1606 1385 1704 1438; x_wconf 87' lang='grc' dir='ltr'>αὐ-</span> 
     </span>
    </p>
   </div>
   <div class='ocr_carea' id='block_1_16' title="bbox 146 1473 1694 1547">
    <p class='ocr_par' dir='ltr' id='par_1_16' title="bbox 146 1473 1694 1547">
     <span class='ocr_line' id='line_1_16' title="bbox 146 1473 1694 1547; baseline 0.001 -21"><span class='ocrx_word' id='word_1_116' title='bbox 146 1475 264 1538; x_wconf 82' lang='grc' dir='ltr'>τοὺς</span> <span class='ocrx_word' id='word_1_117' title='bbox 289 1473 422 1528; x_wconf 89' lang='grc' dir='ltr'><strong>κατά</strong></span> <span class='ocrx_word' id='word_1_118' title='bbox 453 1473 520 1527; x_wconf 86' lang='grc' dir='ltr'><strong>τά</strong></span> <span class='ocrx_word' id='word_1_119' title='bbox 553 1473 958 1547; x_wconf 82' lang='grc' dir='ltr'>ἐπιτηδεύματα</span> <span class='ocrx_word' id='word_1_120' title='bbox 993 1474 1100 1528; x_wconf 90' lang='grc' dir='ltr'><strong>τῶν</strong></span> <span class='ocrx_word' id='word_1_121' title='bbox 1141 1474 1376 1546; x_wconf 79' lang='grc' dir='ltr'>καρδιῶν</span> <span class='ocrx_word' id='word_1_122' title='bbox 1431 1476 1631 1530; x_wconf 78' lang='grc' dir='ltr'>αὐτῶν.</span> <span class='ocrx_word' id='word_1_123' title='bbox 1677 1496 1694 1528; x_wconf 73' lang='grc' dir='ltr'><strong>ι</strong></span> 
     </span>
    </p>
   </div>
   <div class='ocr_carea' id='block_1_17' title="bbox 146 1564 1702 1639">
    <p class='ocr_par' dir='ltr' id='par_1_17' title="bbox 146 1564 1702 1639">
     <span class='ocr_line' id='line_1_17' title="bbox 146 1564 1702 1639; baseline 0.003 -23"><span class='ocrx_word' id='word_1_124' title='bbox 146 1564 296 1617; x_wconf 77' lang='grc' dir='ltr'><strong>Καὶό</strong></span> <span class='ocrx_word' id='word_1_125' title='bbox 322 1564 674 1634; x_wconf 81' lang='grc' dir='ltr'>ὀγδοηκοστὸς</span> <span class='ocrx_word' id='word_1_126' title='bbox 703 1565 885 1636; x_wconf 81' lang='grc' dir='ltr'>τρίτος</span> <span class='ocrx_word' id='word_1_127' title='bbox 910 1567 1007 1636; x_wconf 85' lang='grc' dir='ltr'>τὴν</span> <span class='ocrx_word' id='word_1_128' title='bbox 1065 1566 1234 1635; x_wconf 82' lang='grc' dir='ltr'>αὐτὴν</span> <span class='ocrx_word' id='word_1_129' title='bbox 1279 1565 1418 1637; x_wconf 81' lang='grc' dir='ltr'>ἔχων</span> <span class='ocrx_word' id='word_1_130' title='bbox 1463 1585 1702 1639; x_wconf 89' lang='grc' dir='ltr'>προγρα-</span> 
     </span>
    </p>
   </div>
   <div class='ocr_carea' id='block_1_18' title="bbox 146 1655 1702 1731">
    <p class='ocr_par' dir='ltr' id='par_1_18' title="bbox 146 1655 1702 1731">
     <span class='ocr_line' id='line_1_18' title="bbox 146 1655 1702 1731; baseline 0.004 -24"><span class='ocrx_word' id='word_1_131' title='bbox 146 1655 264 1726; x_wconf 79' lang='grc' dir='ltr'>φὴν,</span> <span class='ocrx_word' id='word_1_132' title='bbox 290 1656 364 1708; x_wconf 83' lang='grc' dir='ltr'><strong>ὅτι</strong></span> <span class='ocrx_word' id='word_1_133' title='bbox 389 1656 486 1708; x_wconf 83' lang='grc' dir='ltr'><strong>οὐκ</strong></span> <span class='ocrx_word' id='word_1_134' title='bbox 517 1656 662 1709; x_wconf 82' lang='grc' dir='ltr'>ἔστιν</span> <span class='ocrx_word' id='word_1_135' title='bbox 696 1656 753 1710; x_wconf 78' lang='grc' dir='ltr'>ἓν</span> <span class='ocrx_word' id='word_1_136' title='bbox 790 1658 1077 1729; x_wconf 84' lang='grc' dir='ltr'>σκήνωμα,</span> <span class='ocrx_word' id='word_1_137' title='bbox 1121 1659 1242 1712; x_wconf 81' lang='grc' dir='ltr'>οὐδὲ</span> <span class='ocrx_word' id='word_1_138' title='bbox 1304 1658 1362 1711; x_wconf 82' lang='grc' dir='ltr'>ἓν</span> <span class='ocrx_word' id='word_1_139' title='bbox 1409 1659 1702 1731; x_wconf 82' lang='grc' dir='ltr'>θυσιαστή-</span> 
     </span>
    </p>
   </div>
   <div class='ocr_carea' id='block_1_19' title="bbox 145 1745 1702 1821">
    <p class='ocr_par' dir='ltr' id='par_1_19' title="bbox 145 1745 1702 1821">
     <span class='ocr_line' id='line_1_19' title="bbox 145 1745 1702 1821; baseline 0.004 -24"><span class='ocrx_word' id='word_1_140' title='bbox 145 1762 255 1816; x_wconf 84' lang='grc' dir='ltr'>ριον</span> <span class='ocrx_word' id='word_1_141' title='bbox 276 1746 328 1798; x_wconf 69' lang='grc' dir='ltr'>ὲν</span> <span class='ocrx_word' id='word_1_142' title='bbox 367 1745 778 1818; x_wconf 85' lang='grc' dir='ltr'>Ἱεροσολύμοις,</span> <span class='ocrx_word' id='word_1_143' title='bbox 830 1748 964 1801; x_wconf 88' lang='grc' dir='ltr'><strong>ἀλλά</strong></span> <span class='ocrx_word' id='word_1_144' title='bbox 1006 1749 1179 1802; x_wconf 83' lang='grc' dir='ltr'>πολλά</span> <span class='ocrx_word' id='word_1_145' title='bbox 1226 1749 1558 1821; x_wconf 78' lang='grc' dir='ltr'>σκηνώματα</span> <span class='ocrx_word' id='word_1_146' title='bbox 1608 1753 1702 1806; x_wconf 71' lang='grc' dir='ltr'>καὶ</span> 
     </span>
    </p>
   </div>
   <div class='ocr_carea' id='block_1_20' title="bbox 1800 554 3375 623">
    <p class='ocr_par' dir='ltr' id='par_1_20' title="bbox 1800 554 3375 623">
     <span class='ocr_line' id='line_1_20' title="bbox 1800 554 3375 623; baseline -0.001 -13"><span class='ocrx_word' id='word_1_147' title='bbox 1800 570 1902 610; x_wconf 88' lang='lat' dir='ltr'><strong>nus</strong></span> <span class='ocrx_word' id='word_1_148' title='bbox 1938 564 2142 616; x_wconf 90' lang='lat' dir='ltr'><strong>noster,</strong></span> <span class='ocrx_word' id='word_1_149' title='bbox 2177 570 2338 623; x_wconf 89' lang='lat' dir='ltr'><strong>quam</strong></span> <span class='ocrx_word' id='word_1_150' title='bbox 2385 554 2710 609; x_wconf 79' lang='lat' dir='ltr'><strong>admirabile</strong></span> <span class='ocrx_word' id='word_1_151' title='bbox 2760 563 2844 608; x_wconf 90' lang='lat' dir='ltr'><strong>est</strong></span> <span class='ocrx_word' id='word_1_152' title='bbox 2901 568 3098 609; x_wconf 87' lang='lat' dir='ltr'><strong>nomen</strong></span> <span class='ocrx_word' id='word_1_153' title='bbox 3131 564 3284 609; x_wconf 91' lang='lat' dir='ltr'><strong>tuum</strong></span> <span class='ocrx_word' id='word_1_154' title='bbox 3319 555 3375 610; x_wconf 91' lang='lat' dir='ltr'><strong>in</strong></span> 
     </span>
    </p>
   </div>
   <div class='ocr_carea' id='block_1_21' title="bbox 1800 643 3375 715">
    <p class='ocr_par' dir='ltr' id='par_1_21' title="bbox 1800 643 3375 715">
     <span class='ocr_line' id='line_1_21' title="bbox 1800 643 3375 715; baseline 0 -16"><span class='ocrx_word' id='word_1_155' title='bbox 1800 645 2052 700; x_wconf 86' lang='lat' dir='ltr'><strong>universa</strong></span> <span class='ocrx_word' id='word_1_156' title='bbox 2075 653 2220 698; x_wconf 90' lang='lat' dir='ltr'><strong>terra</strong></span> <span class='ocrx_word' id='word_1_157' title='bbox 2239 644 2283 675; x_wconf 66' lang='lat'><strong>‘7</strong></span> <span class='ocrx_word' id='word_1_158' title='bbox 2307 645 2354 697; x_wconf 77' lang='grc' dir='ltr'>ι»</span> <span class='ocrx_word' id='word_1_159' title='bbox 2387 643 2546 698; x_wconf 88' lang='lat' dir='ltr'><strong>Clare</strong></span> <span class='ocrx_word' id='word_1_160' title='bbox 2559 645 2760 715; x_wconf 82' lang='lat' dir='ltr'><strong>quippe</strong></span> <span class='ocrx_word' id='word_1_161' title='bbox 2778 645 3053 714; x_wconf 80' lang='lat' dir='ltr'><strong>signiﬁcat</strong></span> <span class='ocrx_word' id='word_1_162' title='bbox 3079 645 3375 700; x_wconf 88' lang='lat' dir='ltr'><strong>toreularia</strong></span> 
     </span>
    </p>
   </div>
   <div class='ocr_carea' id='block_1_22' title="bbox 1803 737 3380 809">
    <p class='ocr_par' dir='ltr' id='par_1_22' title="bbox 1803 737 3380 809">
     <span class='ocr_line' id='line_1_22' title="bbox 1803 737 3380 809; baseline 0.001 -18"><span class='ocrx_word' id='word_1_163' title='bbox 1803 737 1893 793; x_wconf 86' lang='lat' dir='ltr'><strong>Dei</strong></span> <span class='ocrx_word' id='word_1_164' title='bbox 1920 753 2015 807; x_wconf 89' lang='lat' dir='ltr'><strong>per</strong></span> <span class='ocrx_word' id='word_1_165' title='bbox 2051 747 2222 793; x_wconf 87' lang='lat' dir='ltr'><strong>totum</strong></span> <span class='ocrx_word' id='word_1_166' title='bbox 2268 737 2456 792; x_wconf 91' lang='lat' dir='ltr'><strong>orhem</strong></span> <span class='ocrx_word' id='word_1_167' title='bbox 2492 739 2810 792; x_wconf 89' lang='lat' dir='ltr'><strong>constituta.</strong></span> <span class='ocrx_word' id='word_1_168' title='bbox 2841 737 3216 809; x_wconf 83' lang='lat' dir='ltr'><strong>Octogesimus</strong></span> <span class='ocrx_word' id='word_1_169' title='bbox 3240 753 3380 808; x_wconf 92' lang='lat' dir='ltr'><strong>quo-</strong></span> 
     </span>
    </p>
   </div>
   <div class='ocr_carea' id='block_1_23' title="bbox 1801 828 3380 899">
    <p class='ocr_par' dir='ltr' id='par_1_23' title="bbox 1801 828 3380 899">
     <span class='ocr_line' id='line_1_23' title="bbox 1801 828 3380 899; baseline 0.001 -16"><span class='ocrx_word' id='word_1_170' title='bbox 1801 845 1906 899; x_wconf 90' lang='lat' dir='ltr'><strong>que</strong></span> <span class='ocrx_word' id='word_1_171' title='bbox 1940 830 2207 898; x_wconf 82' lang='lat' dir='ltr'><strong>psalmus,</strong></span> <span class='ocrx_word' id='word_1_172' title='bbox 2245 845 2367 884; x_wconf 88' lang='lat' dir='ltr'><strong>cum</strong></span> <span class='ocrx_word' id='word_1_173' title='bbox 2402 831 2469 885; x_wconf 92' lang='lat' dir='ltr'><strong>de</strong></span> <span class='ocrx_word' id='word_1_174' title='bbox 2500 830 2867 885; x_wconf 90' lang='lat' dir='ltr'><strong>torcularibus</strong></span> <span class='ocrx_word' id='word_1_175' title='bbox 2896 838 3040 899; x_wconf 81' lang='lat' dir='ltr'><strong>agat,</strong></span> <span class='ocrx_word' id='word_1_176' title='bbox 3078 828 3232 897; x_wconf 83' lang='lat' dir='ltr'><strong>jubet</strong></span> <span class='ocrx_word' id='word_1_177' title='bbox 3255 844 3380 885; x_wconf 86' lang='lat' dir='ltr'><strong>om-</strong></span> 
     </span>
    </p>
   </div>
   <div class='ocr_carea' id='block_1_24' title="bbox 1802 921 3379 992">
    <p class='ocr_par' dir='ltr' id='par_1_24' title="bbox 1802 921 3379 992">
     <span class='ocr_line' id='line_1_24' title="bbox 1802 921 3379 992; baseline 0 -16"><span class='ocrx_word' id='word_1_178' title='bbox 1802 936 1898 976; x_wconf 90' lang='lat' dir='ltr'><strong>nes</strong></span> <span class='ocrx_word' id='word_1_179' title='bbox 1922 931 2111 992; x_wconf 77' lang='lat' dir='ltr'><strong>gentes</strong></span> <span class='ocrx_word' id='word_1_180' title='bbox 2153 921 2546 991; x_wconf 85' lang='lat' dir='ltr'><strong>prophetarum</strong></span> <span class='ocrx_word' id='word_1_181' title='bbox 2577 921 2688 976; x_wconf 91' lang='lat' dir='ltr'><strong>Deo</strong></span> <span class='ocrx_word' id='word_1_182' title='bbox 2723 921 2984 990; x_wconf 85' lang='lat' dir='ltr'><strong>hymnum</strong></span> <span class='ocrx_word' id='word_1_183' title='bbox 3027 921 3268 976; x_wconf 79' lang='lat' dir='ltr'><strong>referre:</strong></span> <span class='ocrx_word' id='word_1_184' title='bbox 3300 923 3379 977; x_wconf 89' lang='lat' dir='ltr'><strong>sic</strong></span> 
     </span>
    </p>
   </div>
   <div class='ocr_carea' id='block_1_25' title="bbox 1801 1009 3372 1079">
    <p class='ocr_par' dir='ltr' id='par_1_25' title="bbox 1801 1009 3372 1079">
     <span class='ocr_line' id='line_1_25' title="bbox 1801 1009 3372 1079; baseline 0 -12"><span class='ocrx_word' id='word_1_185' title='bbox 1801 1022 1984 1067; x_wconf 88' lang='lat' dir='ltr'><strong>autem</strong></span> <span class='ocrx_word' id='word_1_186' title='bbox 2046 1012 2214 1066; x_wconf 87' lang='lat' dir='ltr'><strong>habet</strong></span> <span class='ocrx_word' id='word_1_187' title='bbox 2233 1009 2670 1065; x_wconf 58' lang='lat' dir='ltr'><strong>‘thExsultate</strong></span> <span class='ocrx_word' id='word_1_188' title='bbox 2721 1009 2831 1064; x_wconf 90' lang='lat' dir='ltr'><strong>Deo</strong></span> <span class='ocrx_word' id='word_1_189' title='bbox 2877 1009 3115 1079; x_wconf 84' lang='lat' dir='ltr'><strong>adjutori</strong></span> <span class='ocrx_word' id='word_1_190' title='bbox 3166 1017 3372 1068; x_wconf 69' lang='lat' dir='ltr'><strong>nostrc.</strong></span> 
     </span>
    </p>
   </div>
   <div class='ocr_carea' id='block_1_26' title="bbox 1802 1099 3370 1175">
    <p class='ocr_par' dir='ltr' id='par_1_26' title="bbox 1802 1099 3370 1175">
     <span class='ocr_line' id='line_1_26' title="bbox 1802 1099 3370 1175; baseline -0.002 -18"><span class='ocrx_word' id='word_1_191' title='bbox 1802 1103 2041 1175; x_wconf 85' lang='lat' dir='ltr'><strong>jubilate</strong></span> <span class='ocrx_word' id='word_1_192' title='bbox 2089 1104 2197 1158; x_wconf 89' lang='lat' dir='ltr'><strong>Deo</strong></span> <span class='ocrx_word' id='word_1_193' title='bbox 2225 1101 2414 1158; x_wconf 87' lang='lat' dir='ltr'><strong>Jacob.</strong></span> <span class='ocrx_word' id='word_1_194' title='bbox 2443 1120 2460 1153; x_wconf 78' lang='grc' dir='ltr'><strong>ι</strong></span> <span class='ocrx_word' id='word_1_195' title='bbox 2503 1101 2766 1170; x_wconf 86' lang='lat' dir='ltr'><strong>Deinceps</strong></span> <span class='ocrx_word' id='word_1_196' title='bbox 2823 1099 3076 1168; x_wconf 80' lang='lat' dir='ltr'><strong>inferius,</strong></span> <span class='ocrx_word' id='word_1_197' title='bbox 3109 1102 3370 1170; x_wconf 89' lang='lat' dir='ltr'><strong>reproba-</strong></span> 
     </span>
    </p>
   </div>
   <div class='ocr_carea' id='block_1_27' title="bbox 1806 1188 3363 1264">
    <p class='ocr_par' dir='ltr' id='par_1_27' title="bbox 1806 1188 3363 1264">
     <span class='ocr_line' id='line_1_27' title="bbox 1806 1188 3363 1264; baseline -0.001 -15"><span class='ocrx_word' id='word_1_198' title='bbox 1806 1195 2010 1250; x_wconf 90' lang='lat' dir='ltr'><strong>tionem</strong></span> <span class='ocrx_word' id='word_1_199' title='bbox 2045 1195 2244 1264; x_wconf 87' lang='lat' dir='ltr'><strong>prioris</strong></span> <span class='ocrx_word' id='word_1_200' title='bbox 2294 1188 2480 1264; x_wconf 87' lang='lat' dir='ltr'><strong>populi</strong></span> <span class='ocrx_word' id='word_1_201' title='bbox 2525 1192 2821 1262; x_wconf 76' lang='lat' dir='ltr'><strong>significat,</strong></span> <span class='ocrx_word' id='word_1_202' title='bbox 2858 1191 3086 1248; x_wconf 89' lang='lat' dir='ltr'><strong>dicens:</strong></span> <span class='ocrx_word' id='word_1_203' title='bbox 3119 1211 3138 1244; x_wconf 74' lang='grc' dir='ltr'><strong>ι</strong></span> <span class='ocrx_word' id='word_1_204' title='bbox 3163 1194 3229 1247; x_wconf 83' lang='lat' dir='ltr'><strong>Et</strong></span> <span class='ocrx_word' id='word_1_205' title='bbox 3272 1208 3363 1248; x_wconf 72' lang='lat' dir='ltr'><strong>uer</strong></span> 
     </span>
    </p>
   </div>
   <div class='ocr_carea' id='block_1_28' title="bbox 1801 1285 3382 1357">
    <p class='ocr_par' dir='ltr' id='par_1_28' title="bbox 1801 1285 3382 1357">
     <span class='ocr_line' id='line_1_28' title="bbox 1801 1285 3382 1357; baseline 0.001 -16"><span class='ocrx_word' id='word_1_206' title='bbox 1801 1287 2011 1342; x_wconf 88' lang='lat' dir='ltr'><strong>audivit</strong></span> <span class='ocrx_word' id='word_1_207' title='bbox 2045 1286 2276 1357; x_wconf 91' lang='lat' dir='ltr'><strong>populus</strong></span> <span class='ocrx_word' id='word_1_208' title='bbox 2331 1301 2483 1341; x_wconf 91' lang='lat' dir='ltr'><strong>meus</strong></span> <span class='ocrx_word' id='word_1_209' title='bbox 2527 1301 2714 1341; x_wconf 87' lang='lat' dir='ltr'><strong>vocem</strong></span> <span class='ocrx_word' id='word_1_210' title='bbox 2751 1299 2948 1351; x_wconf 87' lang='lat' dir='ltr'><strong>meam,</strong></span> <span class='ocrx_word' id='word_1_211' title='bbox 2983 1294 3038 1340; x_wconf 92' lang='lat' dir='ltr'><strong>et</strong></span> <span class='ocrx_word' id='word_1_212' title='bbox 3073 1285 3238 1342; x_wconf 88' lang='lat' dir='ltr'><strong>Israel</strong></span> <span class='ocrx_word' id='word_1_213' title='bbox 3272 1302 3382 1343; x_wconf 87' lang='lat' dir='ltr'><strong>non</strong></span> 
     </span>
    </p>
   </div>
   <div class='ocr_carea' id='block_1_29' title="bbox 1805 1375 3382 1432">
    <p class='ocr_par' dir='ltr' id='par_1_29' title="bbox 1805 1375 3382 1432">
     <span class='ocr_line' id='line_1_29' title="bbox 1805 1375 3382 1432; baseline 0.001 -2"><span class='ocrx_word' id='word_1_214' title='bbox 1805 1377 2036 1432; x_wconf 88' lang='lat' dir='ltr'><strong>intendit</strong></span> <span class='ocrx_word' id='word_1_215' title='bbox 2079 1377 2232 1430; x_wconf 89' lang='lat' dir='ltr'><strong>mihi.</strong></span> <span class='ocrx_word' id='word_1_216' title='bbox 2284 1375 2349 1430; x_wconf 86' lang='lat' dir='ltr'><strong>Et</strong></span> <span class='ocrx_word' id='word_1_217' title='bbox 2396 1375 2576 1430; x_wconf 91' lang='lat' dir='ltr'><strong>dimisi</strong></span> <span class='ocrx_word' id='word_1_218' title='bbox 2631 1390 2725 1430; x_wconf 89' lang='lat' dir='ltr'><strong>eos</strong></span> <span class='ocrx_word' id='word_1_219' title='bbox 2772 1375 3072 1429; x_wconf 87' lang='lat' dir='ltr'><strong>secundum</strong></span> <span class='ocrx_word' id='word_1_220' title='bbox 3114 1375 3382 1432; x_wconf 85' lang='lat' dir='ltr'><strong>desideria</strong></span> 
     </span>
    </p>
   </div>
   <div class='ocr_carea' id='block_1_30' title="bbox 1803 1466 3382 1538">
    <p class='ocr_par' dir='ltr' id='par_1_30' title="bbox 1803 1466 3382 1538">
     <span class='ocr_line' id='line_1_30' title="bbox 1803 1466 3382 1538; baseline -0.001 -14"><span class='ocrx_word' id='word_1_221' title='bbox 1803 1469 1983 1524; x_wconf 88' lang='lat' dir='ltr'><strong>cordis</strong></span> <span class='ocrx_word' id='word_1_222' title='bbox 2016 1483 2204 1524; x_wconf 90' lang='lat' dir='ltr'><strong>eorum</strong></span> <span class='ocrx_word' id='word_1_223' title='bbox 2232 1468 2300 1521; x_wconf 69' lang='grc'><strong>⁸³.</strong></span> <span class='ocrx_word' id='word_1_224' title='bbox 2342 1488 2360 1520; x_wconf 74' lang='grc' dir='ltr'><strong><em>ο</em></strong></span> <span class='ocrx_word' id='word_1_225' title='bbox 2403 1467 2777 1538; x_wconf 82' lang='lat' dir='ltr'><strong>Octogesimus</strong></span> <span class='ocrx_word' id='word_1_226' title='bbox 2827 1466 2957 1520; x_wconf 90' lang='lat' dir='ltr'><strong>item</strong></span> <span class='ocrx_word' id='word_1_227' title='bbox 3018 1466 3233 1532; x_wconf 88' lang='lat' dir='ltr'><strong>tertius,</strong></span> <span class='ocrx_word' id='word_1_228' title='bbox 3286 1467 3382 1537; x_wconf 90' lang='lat' dir='ltr'><strong>qui</strong></span> 
     </span>
    </p>
   </div>
   <div class='ocr_carea' id='block_1_31' title="bbox 1801 1557 3384 1630">
    <p class='ocr_par' dir='ltr' id='par_1_31' title="bbox 1801 1557 3384 1630">
     <span class='ocr_line' id='line_1_31' title="bbox 1801 1557 3384 1630; baseline -0.003 -13"><span class='ocrx_word' id='word_1_229' title='bbox 1801 1562 2049 1617; x_wconf 81' lang='lat' dir='ltr'><strong>eamdem</strong></span> <span class='ocrx_word' id='word_1_230' title='bbox 2095 1561 2260 1616; x_wconf 87' lang='lat' dir='ltr'><strong>habet</strong></span> <span class='ocrx_word' id='word_1_231' title='bbox 2317 1559 2754 1630; x_wconf 87' lang='lat' dir='ltr'><strong>inscriptionem,</strong></span> <span class='ocrx_word' id='word_1_232' title='bbox 2809 1575 2915 1612; x_wconf 91' lang='lat' dir='ltr'><strong>non</strong></span> <span class='ocrx_word' id='word_1_233' title='bbox 2953 1574 3120 1612; x_wconf 90' lang='lat' dir='ltr'><strong>unum</strong></span> <span class='ocrx_word' id='word_1_234' title='bbox 3171 1557 3384 1614; x_wconf 85' lang='lat' dir='ltr'><strong>habita-</strong></span> 
     </span>
    </p>
   </div>
   <div class='ocr_carea' id='block_1_32' title="bbox 1801 1649 3382 1724">
    <p class='ocr_par' dir='ltr' id='par_1_32' title="bbox 1801 1649 3382 1724">
     <span class='ocr_line' id='line_1_32' title="bbox 1801 1649 3382 1724; baseline -0.003 -14"><span class='ocrx_word' id='word_1_235' title='bbox 1801 1655 2008 1720; x_wconf 91' lang='lat' dir='ltr'><strong>culum,</strong></span> <span class='ocrx_word' id='word_1_236' title='bbox 2040 1668 2220 1724; x_wconf 89' lang='lat' dir='ltr'><strong>neque</strong></span> <span class='ocrx_word' id='word_1_237' title='bbox 2274 1667 2444 1707; x_wconf 90' lang='lat' dir='ltr'><strong>unum</strong></span> <span class='ocrx_word' id='word_1_238' title='bbox 2476 1651 2649 1706; x_wconf 90' lang='lat' dir='ltr'><strong>altare</strong></span> <span class='ocrx_word' id='word_1_239' title='bbox 2676 1649 3056 1722; x_wconf 85' lang='lat' dir='ltr'><strong>Jerosolymis.</strong></span> <span class='ocrx_word' id='word_1_240' title='bbox 3088 1650 3183 1705; x_wconf 89' lang='lat' dir='ltr'><strong>sed</strong></span> <span class='ocrx_word' id='word_1_241' title='bbox 3213 1651 3382 1706; x_wconf 91' lang='lat' dir='ltr'><strong>multa</strong></span> 
     </span>
    </p>
   </div>
   <div class='ocr_carea' id='block_1_33' title="bbox 1804 1741 3379 1811">
    <p class='ocr_par' dir='ltr' id='par_1_33' title="bbox 1804 1741 3379 1811">
     <span class='ocr_line' id='line_1_33' title="bbox 1804 1741 3379 1811; baseline -0.002 -10"><span class='ocrx_word' id='word_1_242' title='bbox 1804 1760 1924 1801; x_wconf 91' lang='lat' dir='ltr'><strong>esse</strong></span> <span class='ocrx_word' id='word_1_243' title='bbox 1973 1742 2310 1811; x_wconf 87' lang='lat' dir='ltr'><strong>habitacula,</strong></span> <span class='ocrx_word' id='word_1_244' title='bbox 2352 1741 2522 1797; x_wconf 90' lang='lat' dir='ltr'><strong>multa</strong></span> <span class='ocrx_word' id='word_1_245' title='bbox 2566 1741 2758 1796; x_wconf 87' lang='lat' dir='ltr'><strong>altaria</strong></span> <span class='ocrx_word' id='word_1_246' title='bbox 2819 1742 3088 1797; x_wconf 90' lang='lat' dir='ltr'><strong>declarat.</strong></span> <span class='ocrx_word' id='word_1_247' title='bbox 3113 1742 3379 1810; x_wconf 82' lang='lat' dir='ltr'><strong>Quamob-</strong></span> 
     </span>
    </p>
   </div>
   <div class='ocr_carea' id='block_1_34' title="bbox 143 1825 1705 1912">
    <p class='ocr_par' dir='ltr' id='par_1_34' title="bbox 143 1825 1701 1912">
     <span class='ocr_line' id='line_1_34' title="bbox 143 1825 1701 1912; baseline 0.004 -22"><span class='ocrx_word' id='word_1_248' title='bbox 143 1837 302 1890; x_wconf 73' lang='grc' dir='ltr'>πολλά</span> <span class='ocrx_word' id='word_1_249' title='bbox 320 1837 678 1910; x_wconf 81' lang='grc' dir='ltr'>θυσιαστήρια</span> <span class='ocrx_word' id='word_1_250' title='bbox 708 1841 1024 1912; x_wconf 83' lang='grc' dir='ltr'>παρίστησι.</span> <span class='ocrx_word' id='word_1_251' title='bbox 1076 1825 1174 1895; x_wconf 76' lang='grc' dir='ltr'>Διὸ</span> <span class='ocrx_word' id='word_1_252' title='bbox 1225 1843 1320 1895; x_wconf 73' lang='grc' dir='ltr'><strong>καὶ</strong></span> <span class='ocrx_word' id='word_1_253' title='bbox 1373 1843 1448 1907; x_wconf 87' lang='grc' dir='ltr'>ὼς</span> <span class='ocrx_word' id='word_1_254' title='bbox 1491 1844 1701 1898; x_wconf 84' lang='grc' dir='ltr'>πολλῶν</span> 
     </span>
    </p>
   </div>
   <div class='ocr_carea' id='block_1_35' title="bbox 1810 1825 3384 1912">
    <p class='ocr_par' dir='ltr' id='par_1_35' title="bbox 1817 1831 3384 1902">
     <span class='ocr_line' id='line_1_35' title="bbox 1817 1831 3384 1902; baseline -0.002 -12"><span class='ocrx_word' id='word_1_255' title='bbox 1817 1852 1960 1902; x_wconf 89' lang='lat' dir='ltr'><strong>rem,</strong></span> <span class='ocrx_word' id='word_1_256' title='bbox 2011 1851 2074 1891; x_wconf 87' lang='lat' dir='ltr'><strong>ac</strong></span> <span class='ocrx_word' id='word_1_257' title='bbox 2129 1835 2174 1891; x_wconf 95' lang='lat' dir='ltr'><strong>si</strong></span> <span class='ocrx_word' id='word_1_258' title='bbox 2232 1835 2349 1889; x_wconf 63' lang='lat' dir='ltr'><strong>haec</strong></span> <span class='ocrx_word' id='word_1_259' title='bbox 2396 1831 2706 1887; x_wconf 86' lang='lat' dir='ltr'><strong>habitacula</strong></span> <span class='ocrx_word' id='word_1_260' title='bbox 2759 1841 2924 1901; x_wconf 88' lang='lat' dir='ltr'><strong>atque</strong></span> <span class='ocrx_word' id='word_1_261' title='bbox 2973 1831 3183 1896; x_wconf 86' lang='lat' dir='ltr'><strong>altaria,</strong></span> <span class='ocrx_word' id='word_1_262' title='bbox 3217 1833 3384 1887; x_wconf 86' lang='lat' dir='ltr'><strong>multa</strong></span> 
     </span>
    </p>
   </div>
   <div class='ocr_carea' id='block_1_36' title="bbox 140 1929 1702 2004">
    <p class='ocr_par' dir='ltr' id='par_1_36' title="bbox 140 1929 1702 2004">
     <span class='ocr_line' id='line_1_36' title="bbox 140 1929 1702 2004; baseline 0.001 -21"><span class='ocrx_word' id='word_1_263' title='bbox 140 1929 306 1984; x_wconf 72' lang='grc' dir='ltr'>οὐσῶν</span> <span class='ocrx_word' id='word_1_264' title='bbox 327 1929 523 2000; x_wconf 90' lang='grc' dir='ltr'>ληνῶν,</span> <span class='ocrx_word' id='word_1_265' title='bbox 554 1931 761 1986; x_wconf 87' lang='grc' dir='ltr'>τούτων</span> <span class='ocrx_word' id='word_1_266' title='bbox 802 1932 981 1986; x_wconf 81' lang='grc' dir='ltr'>αὐτῶν</span> <span class='ocrx_word' id='word_1_267' title='bbox 1020 1932 1126 1986; x_wconf 88' lang='grc' dir='ltr'><strong>τῶν</strong></span> <span class='ocrx_word' id='word_1_268' title='bbox 1182 1935 1556 2004; x_wconf 82' lang='grc' dir='ltr'>σκηνωμάτων</span> <span class='ocrx_word' id='word_1_269' title='bbox 1607 1933 1702 1987; x_wconf 76' lang='grc' dir='ltr'><strong>καὶ</strong></span> 
     </span>
    </p>
   </div>
   <div class='ocr_carea' id='block_1_37' title="bbox 139 2021 1697 2097">
    <p class='ocr_par' dir='ltr' id='par_1_37' title="bbox 139 2021 1697 2097">
     <span class='ocr_line' id='line_1_37' title="bbox 139 2021 1697 2097; baseline 0.003 -24"><span class='ocrx_word' id='word_1_270' title='bbox 139 2021 245 2073; x_wconf 89' lang='grc' dir='ltr'><strong>τῶν</strong></span> <span class='ocrx_word' id='word_1_271' title='bbox 274 2021 694 2093; x_wconf 85' lang='grc' dir='ltr'>θυσιαστηρίων,</span> <span class='ocrx_word' id='word_1_272' title='bbox 728 2025 869 2096; x_wconf 81' lang='grc' dir='ltr'>ὑπὲρ</span> <span class='ocrx_word' id='word_1_273' title='bbox 896 2024 1004 2077; x_wconf 90' lang='grc' dir='ltr'><strong>τῶν</strong></span> <span class='ocrx_word' id='word_1_274' title='bbox 1036 2025 1213 2097; x_wconf 86' lang='grc' dir='ltr'>ληνῶν</span> <span class='ocrx_word' id='word_1_275' title='bbox 1251 2026 1697 2096; x_wconf 83' lang='grc' dir='ltr'>προγέγραπται·</span> 
     </span>
    </p>
   </div>
   <div class='ocr_carea' id='block_1_38' title="bbox 139 2108 1707 2188">
    <p class='ocr_par' dir='ltr' id='par_1_38' title="bbox 139 2108 1707 2188">
     <span class='ocr_line' id='line_1_38' title="bbox 139 2108 1707 2188; baseline 0.003 -23"><span class='ocrx_word' id='word_1_276' title='bbox 139 2113 280 2183; x_wconf 81' lang='grc' dir='ltr'>λέγει</span> <span class='ocrx_word' id='word_1_277' title='bbox 311 2114 364 2166; x_wconf 86' lang='grc' dir='ltr'><strong>δὲ</strong></span> <span class='ocrx_word' id='word_1_278' title='bbox 389 2108 480 2164; x_wconf 79' lang='grc' dir='ltr'><strong>οὖν</strong></span> <span class='ocrx_word' id='word_1_279' title='bbox 500 2127 514 2144; x_wconf 88' lang='lat'>&#39;</span> <span class='ocrx_word' id='word_1_280' title='bbox 544 2134 562 2166; x_wconf 76' lang='grc' dir='ltr'><strong>ι</strong></span> <span class='ocrx_word' id='word_1_281' title='bbox 599 2115 684 2178; x_wconf 82' lang='grc' dir='ltr'>Ὡς</span> <span class='ocrx_word' id='word_1_282' title='bbox 718 2116 974 2187; x_wconf 86' lang='grc' dir='ltr'>ἀγαπητά</span> <span class='ocrx_word' id='word_1_283' title='bbox 997 2117 1065 2169; x_wconf 86' lang='grc' dir='ltr'>τὰ</span> <span class='ocrx_word' id='word_1_284' title='bbox 1092 2116 1424 2188; x_wconf 83' lang='grc' dir='ltr'>σκηνώματά</span> <span class='ocrx_word' id='word_1_285' title='bbox 1452 2135 1564 2182; x_wconf 90' lang='grc' dir='ltr'>σου,</span> <span class='ocrx_word' id='word_1_286' title='bbox 1595 2119 1707 2170; x_wconf 86' lang='grc' dir='ltr'><strong>Κύ-</strong></span> 
     </span>
    </p>
   </div>
   <div class='ocr_carea' id='block_1_39' title="bbox 141 2207 1701 2282">
    <p class='ocr_par' dir='ltr' id='par_1_39' title="bbox 141 2207 1701 2282">
     <span class='ocr_line' id='line_1_39' title="bbox 141 2207 1701 2282; baseline 0.003 -24"><span class='ocrx_word' id='word_1_287' title='bbox 141 2223 224 2277; x_wconf 86' lang='grc' dir='ltr'><strong>ριε</strong></span> <span class='ocrx_word' id='word_1_288' title='bbox 252 2208 348 2262; x_wconf 91' lang='grc' dir='ltr'><strong>τῶν</strong></span> <span class='ocrx_word' id='word_1_289' title='bbox 388 2209 697 2280; x_wconf 85' lang='grc' dir='ltr'>δυνάμεωνὶ</span> <span class='ocrx_word' id='word_1_290' title='bbox 746 2207 1028 2261; x_wconf 84' lang='grc' dir='ltr'>Ἑπιποθεῖ</span> <span class='ocrx_word' id='word_1_291' title='bbox 1068 2209 1161 2262; x_wconf 68' lang='grc' dir='ltr'><strong>καὶ</strong></span> <span class='ocrx_word' id='word_1_292' title='bbox 1203 2208 1442 2262; x_wconf 83' lang='grc' dir='ltr'>ἐκλείπει</span> <span class='ocrx_word' id='word_1_293' title='bbox 1487 2209 1701 2282; x_wconf 37' lang='grc' dir='ltr'>ήηψυχή</span> 
     </span>
    </p>
   </div>
   <div class='ocr_carea' id='block_1_40' title="bbox 140 2300 1706 2374">
    <p class='ocr_par' dir='ltr' id='par_1_40' title="bbox 140 2300 1706 2374">
     <span class='ocr_line' id='line_1_40' title="bbox 140 2300 1706 2374; baseline 0.003 -23"><span class='ocrx_word' id='word_1_294' title='bbox 140 2315 240 2367; x_wconf 85' lang='grc' dir='ltr'><strong>μου</strong></span> <span class='ocrx_word' id='word_1_295' title='bbox 268 2302 341 2365; x_wconf 89' lang='grc' dir='ltr'><strong>είς</strong></span> <span class='ocrx_word' id='word_1_296' title='bbox 374 2301 470 2366; x_wconf 84' lang='grc' dir='ltr'>τὰς</span> <span class='ocrx_word' id='word_1_297' title='bbox 499 2301 668 2364; x_wconf 84' lang='grc' dir='ltr'>αὐλὰς</span> <span class='ocrx_word' id='word_1_298' title='bbox 698 2300 791 2354; x_wconf 88' lang='grc' dir='ltr'><strong>τοῦ</strong></span> <span class='ocrx_word' id='word_1_299' title='bbox 818 2300 1053 2373; x_wconf 79' lang='grc' dir='ltr'>Κυρίου·</span> <span class='ocrx_word' id='word_1_300' title='bbox 1092 2321 1109 2352; x_wconf 71' lang='grc' dir='ltr'><strong>ι</strong></span> <span class='ocrx_word' id='word_1_301' title='bbox 1142 2301 1236 2355; x_wconf 70' lang='grc' dir='ltr'><strong>καὶ</strong></span> <span class='ocrx_word' id='word_1_302' title='bbox 1261 2302 1510 2374; x_wconf 76' lang='grc' dir='ltr'>ἐπιφέρει</span> <span class='ocrx_word' id='word_1_303' title='bbox 1530 2319 1542 2332; x_wconf 87' lang='grc'><strong>·</strong></span> <span class='ocrx_word' id='word_1_304' title='bbox 1577 2322 1592 2352; x_wconf 65' lang='grc' dir='ltr'><strong>ι</strong></span> <span class='ocrx_word' id='word_1_305' title='bbox 1626 2302 1706 2355; x_wconf 84' lang='grc' dir='ltr'>Τὰ</span> 
     </span>
    </p>
   </div>
   <div class='ocr_carea' id='block_1_41' title="bbox 136 2389 1706 2464">
    <p class='ocr_par' dir='ltr' id='par_1_41' title="bbox 136 2389 1706 2464">
     <span class='ocr_line' id='line_1_41' title="bbox 136 2389 1706 2464; baseline 0.003 -23"><span class='ocrx_word' id='word_1_306' title='bbox 136 2389 490 2463; x_wconf 79' lang='grc' dir='ltr'>θυσιαστήριά</span> <span class='ocrx_word' id='word_1_307' title='bbox 514 2410 630 2456; x_wconf 92' lang='grc' dir='ltr'>σου,</span> <span class='ocrx_word' id='word_1_308' title='bbox 661 2391 833 2464; x_wconf 86' lang='grc' dir='ltr'>Κύριε</span> <span class='ocrx_word' id='word_1_309' title='bbox 860 2391 970 2444; x_wconf 91' lang='grc' dir='ltr'><strong>τῶν</strong></span> <span class='ocrx_word' id='word_1_310' title='bbox 1009 2392 1318 2463; x_wconf 85' lang='grc' dir='ltr'>δυνάμεων·</span> <span class='ocrx_word' id='word_1_311' title='bbox 1364 2412 1382 2445; x_wconf 73' lang='grc' dir='ltr'><strong>ι</strong></span> <span class='ocrx_word' id='word_1_312' title='bbox 1421 2394 1516 2447; x_wconf 70' lang='grc' dir='ltr'><strong>καὶ</strong></span> <span class='ocrx_word' id='word_1_313' title='bbox 1546 2392 1706 2446; x_wconf 87' lang='grc' dir='ltr'>πάλιν</span> 
     </span>
    </p>
   </div>
   <div class='ocr_carea' id='block_1_42' title="bbox 134 2481 1710 2556">
    <p class='ocr_par' dir='ltr' id='par_1_42' title="bbox 134 2481 1710 2556">
     <span class='ocr_line' id='line_1_42' title="bbox 134 2481 1710 2556; baseline 0.003 -23"><span class='ocrx_word' id='word_1_314' title='bbox 134 2481 504 2553; x_wconf 79' lang='grc' dir='ltr'>πληθυντικῶς</span> <span class='ocrx_word' id='word_1_315' title='bbox 533 2483 803 2552; x_wconf 76' lang='grc' dir='ltr'>ἐπιλέγει·</span> <span class='ocrx_word' id='word_1_316' title='bbox 843 2502 860 2534; x_wconf 77' lang='lat' dir='ltr'><strong>t</strong></span> <span class='ocrx_word' id='word_1_317' title='bbox 902 2484 1314 2555; x_wconf 87' lang='grc' dir='ltr'>Ὑπερασπιστά</span> <span class='ocrx_word' id='word_1_318' title='bbox 1343 2483 1520 2556; x_wconf 78' lang='grc' dir='ltr'>ἡμῶν,</span> <span class='ocrx_word' id='word_1_319' title='bbox 1558 2484 1633 2537; x_wconf 78' lang='grc' dir='ltr'><strong>ἴδε</strong></span> <span class='ocrx_word' id='word_1_320' title='bbox 1681 2485 1710 2537; x_wconf 94' lang='lat'><strong>6</strong></span> 
     </span>
    </p>
   </div>
   <div class='ocr_carea' id='block_1_43' title="bbox 135 2572 1707 2648">
    <p class='ocr_par' dir='ltr' id='par_1_43' title="bbox 135 2572 1707 2648">
     <span class='ocr_line' id='line_1_43' title="bbox 135 2572 1707 2648; baseline 0.003 -24"><span class='ocrx_word' id='word_1_321' title='bbox 135 2572 289 2637; x_wconf 83' lang='grc' dir='ltr'>Θεὸς,</span> <span class='ocrx_word' id='word_1_322' title='bbox 331 2576 423 2628; x_wconf 77' lang='grc' dir='ltr'>καὶ</span> <span class='ocrx_word' id='word_1_323' title='bbox 467 2575 754 2644; x_wconf 72' lang='grc' dir='ltr'>ἐπίϐλεψον</span> <span class='ocrx_word' id='word_1_324' title='bbox 793 2577 872 2639; x_wconf 84' lang='grc' dir='ltr'>εἰς</span> <span class='ocrx_word' id='word_1_325' title='bbox 915 2574 974 2628; x_wconf 89' lang='grc' dir='ltr'><strong>τὸ</strong></span> <span class='ocrx_word' id='word_1_326' title='bbox 1015 2575 1304 2646; x_wconf 82' lang='grc' dir='ltr'>πρόσωπον</span> <span class='ocrx_word' id='word_1_327' title='bbox 1335 2575 1429 2629; x_wconf 86' lang='grc' dir='ltr'><strong>τοῦ</strong></span> <span class='ocrx_word' id='word_1_328' title='bbox 1473 2574 1707 2648; x_wconf 80' lang='grc' dir='ltr'>Χριστοῦ</span> 
     </span>
    </p>
   </div>
   <div class='ocr_carea' id='block_1_44' title="bbox 132 2666 1710 2740">
    <p class='ocr_par' dir='ltr' id='par_1_44' title="bbox 132 2666 1710 2740">
     <span class='ocr_line' id='line_1_44' title="bbox 132 2666 1710 2740; baseline 0.003 -23"><span class='ocrx_word' id='word_1_329' title='bbox 132 2681 230 2718; x_wconf 84' lang='grc' dir='ltr'><strong>σου</strong></span> <span class='ocrx_word' id='word_1_330' title='bbox 252 2684 265 2696; x_wconf 94' lang='grc'><strong>·</strong></span> <span class='ocrx_word' id='word_1_331' title='bbox 288 2666 368 2719; x_wconf 82' lang='grc' dir='ltr'>ὅτι</span> <span class='ocrx_word' id='word_1_332' title='bbox 394 2666 662 2739; x_wconf 86' lang='grc' dir='ltr'>κρείσσων</span> <span class='ocrx_word' id='word_1_333' title='bbox 684 2667 867 2738; x_wconf 81' lang='grc' dir='ltr'>ἡμέρα</span> <span class='ocrx_word' id='word_1_334' title='bbox 892 2667 987 2738; x_wconf 87' lang='grc' dir='ltr'><strong>μία</strong></span> <span class='ocrx_word' id='word_1_335' title='bbox 1013 2669 1068 2720; x_wconf 81' lang='grc' dir='ltr'>ὲν</span> <span class='ocrx_word' id='word_1_336' title='bbox 1088 2671 1208 2732; x_wconf 88' lang='grc' dir='ltr'>ταῖς</span> <span class='ocrx_word' id='word_1_337' title='bbox 1235 2669 1424 2733; x_wconf 85' lang='grc' dir='ltr'>αὐλαῖς</span> <span class='ocrx_word' id='word_1_338' title='bbox 1454 2685 1545 2721; x_wconf 90' lang='grc' dir='ltr'><strong>σου</strong></span> <span class='ocrx_word' id='word_1_339' title='bbox 1569 2669 1710 2740; x_wconf 84' lang='grc' dir='ltr'>ὑπὲρ</span> 
     </span>
    </p>
   </div>
   <div class='ocr_carea' id='block_1_45' title="bbox 131 2757 1709 2832">
    <p class='ocr_par' dir='ltr' id='par_1_45' title="bbox 131 2757 1709 2832">
     <span class='ocr_line' id='line_1_45' title="bbox 131 2757 1709 2832; baseline 0.004 -24"><span class='ocrx_word' id='word_1_340' title='bbox 131 2757 390 2825; x_wconf 84' lang='grc' dir='ltr'>χιλιάδας.</span> <span class='ocrx_word' id='word_1_341' title='bbox 428 2778 446 2810; x_wconf 71' lang='grc' dir='ltr'><strong>ι</strong></span> <span class='ocrx_word' id='word_1_342' title='bbox 477 2758 645 2811; x_wconf 85' lang='grc' dir='ltr'>Ἔνθα</span> <span class='ocrx_word' id='word_1_343' title='bbox 668 2761 947 2830; x_wconf 79' lang='grc' dir='ltr'>τηρήσεις,</span> <span class='ocrx_word' id='word_1_344' title='bbox 972 2760 1046 2824; x_wconf 86' lang='grc' dir='ltr'>ὡς</span> <span class='ocrx_word' id='word_1_345' title='bbox 1071 2762 1162 2813; x_wconf 74' lang='grc' dir='ltr'><strong>καὶ</strong></span> <span class='ocrx_word' id='word_1_346' title='bbox 1195 2761 1454 2832; x_wconf 77' lang='grc' dir='ltr'>ὀνομαστὶ</span> <span class='ocrx_word' id='word_1_347' title='bbox 1473 2759 1709 2832; x_wconf 79' lang='grc' dir='ltr'>Χριστοῦ</span> 
     </span>
    </p>
   </div>
   <div class='ocr_carea' id='block_1_46' title="bbox 131 2848 1705 2924">
    <p class='ocr_par' dir='ltr' id='par_1_46' title="bbox 131 2848 1705 2924">
     <span class='ocr_line' id='line_1_46' title="bbox 131 2848 1705 2924; baseline 0.004 -25"><span class='ocrx_word' id='word_1_348' title='bbox 131 2848 422 2920; x_wconf 81' lang='grc' dir='ltr'>μέμνηται.</span> <span class='ocrx_word' id='word_1_349' title='bbox 446 2851 583 2914; x_wconf 89' lang='grc' dir='ltr'>Τοὺς</span> <span class='ocrx_word' id='word_1_350' title='bbox 603 2852 1112 2922; x_wconf 78' lang='grc' dir='ltr'>ἐπιγεγραμμένους</span> <span class='ocrx_word' id='word_1_351' title='bbox 1139 2871 1157 2903; x_wconf 76' lang='grc' dir='ltr'><strong>ι</strong></span> <span class='ocrx_word' id='word_1_352' title='bbox 1184 2853 1322 2924; x_wconf 82' lang='grc' dir='ltr'>ὑπὲρ</span> <span class='ocrx_word' id='word_1_353' title='bbox 1347 2853 1443 2923; x_wconf 90' lang='grc' dir='ltr'><strong>τῆς</strong></span> <span class='ocrx_word' id='word_1_354' title='bbox 1465 2853 1654 2923; x_wconf 86' lang='grc' dir='ltr'>ὀγδόης</span> <span class='ocrx_word' id='word_1_355' title='bbox 1686 2872 1705 2905; x_wconf 68' lang='grc' dir='ltr'><strong>ι</strong></span> 
     </span>
    </p>
   </div>
   <div class='ocr_carea' id='block_1_47' title="bbox 125 2940 1714 3016">
    <p class='ocr_par' dir='ltr' id='par_1_47' title="bbox 125 2940 1714 3016">
     <span class='ocr_line' id='line_1_47' title="bbox 125 2940 1714 3016; baseline 0.004 -24"><span class='ocrx_word' id='word_1_356' title='bbox 125 2940 225 2994; x_wconf 87' lang='grc' dir='ltr'><strong>δύο</strong></span> <span class='ocrx_word' id='word_1_357' title='bbox 255 2941 493 3012; x_wconf 61' lang='grc' dir='ltr'>ψαλμοὺς</span> <span class='ocrx_word' id='word_1_358' title='bbox 533 2942 768 3014; x_wconf 84' lang='grc' dir='ltr'>ἡγοῦμαι</span> <span class='ocrx_word' id='word_1_359' title='bbox 799 2945 894 3015; x_wconf 79' lang='grc' dir='ltr'><strong>τῆν</strong></span> <span class='ocrx_word' id='word_1_360' title='bbox 929 2947 1194 3016; x_wconf 80' lang='grc' dir='ltr'>σωτήριον</span> <span class='ocrx_word' id='word_1_361' title='bbox 1222 2945 1322 3015; x_wconf 89' lang='grc' dir='ltr'><strong>τῆς</strong></span> <span class='ocrx_word' id='word_1_362' title='bbox 1363 2945 1714 3009; x_wconf 81' lang='grc' dir='ltr'>ἀναστάσεως</span> 
     </span>
    </p>
   </div>
   <div class='ocr_carea' id='block_1_48' title="bbox 125 3033 1711 3107">
    <p class='ocr_par' dir='ltr' id='par_1_48' title="bbox 125 3033 1711 3107">
     <span class='ocr_line' id='line_1_48' title="bbox 125 3033 1711 3107; baseline 0.002 -20"><span class='ocrx_word' id='word_1_363' title='bbox 125 3034 343 3104; x_wconf 75' lang='grc' dir='ltr'>ἡμέραν</span> <span class='ocrx_word' id='word_1_364' title='bbox 381 3033 473 3086; x_wconf 89' lang='grc' dir='ltr'><strong>τοῦ</strong></span> <span class='ocrx_word' id='word_1_365' title='bbox 519 3035 723 3106; x_wconf 84' lang='grc' dir='ltr'>Κυρίου</span> <span class='ocrx_word' id='word_1_366' title='bbox 757 3035 1107 3089; x_wconf 88' lang='grc' dir='ltr'>αἰνίττεσθαι.</span> <span class='ocrx_word' id='word_1_367' title='bbox 1145 3036 1254 3107; x_wconf 80' lang='grc' dir='ltr'>Τὴν</span> <span class='ocrx_word' id='word_1_368' title='bbox 1298 3034 1435 3107; x_wconf 90' lang='grc' dir='ltr'>πρὸς</span> <span class='ocrx_word' id='word_1_369' title='bbox 1483 3035 1711 3090; x_wconf 88' lang='grc' dir='ltr'>θάνατον</span> 
     </span>
    </p>
   </div>
   <div class='ocr_carea' id='block_1_49' title="bbox 127 3123 1712 3198">
    <p class='ocr_par' dir='ltr' id='par_1_49' title="bbox 127 3123 1712 3198">
     <span class='ocr_line' id='line_1_49' title="bbox 127 3123 1712 3198; baseline 0.003 -21"><span class='ocrx_word' id='word_1_370' title='bbox 127 3123 263 3193; x_wconf 88' lang='grc' dir='ltr'>γοῦν</span> <span class='ocrx_word' id='word_1_371' title='bbox 297 3126 564 3198; x_wconf 84' lang='grc' dir='ltr'>ἁμαρ-τίαν</span> <span class='ocrx_word' id='word_1_372' title='bbox 596 3127 969 3197; x_wconf 77' lang='grc' dir='ltr'>ἐργασάμενος</span> <span class='ocrx_word' id='word_1_373' title='bbox 1012 3129 1040 3181; x_wconf 91' lang='lat'><strong>6</strong></span> <span class='ocrx_word' id='word_1_374' title='bbox 1071 3127 1255 3193; x_wconf 81' lang='grc' dir='ltr'>Δαυῖδ,</span> <span class='ocrx_word' id='word_1_375' title='bbox 1303 3127 1533 3181; x_wconf 77' lang='grc' dir='ltr'>ἱκετεύει</span> <span class='ocrx_word' id='word_1_376' title='bbox 1570 3126 1712 3181; x_wconf 88' lang='grc' dir='ltr'><strong>κατά</strong></span> 
     </span>
    </p>
   </div>
   <div class='ocr_carea' id='block_1_50' title="bbox 121 3198 1782 3290">
    <p class='ocr_par' dir='ltr' id='par_1_50' title="bbox 121 3198 1782 3290">
     <span class='ocr_line' id='line_1_50' title="bbox 121 3198 1782 3290; baseline 0.002 -22"><span class='ocrx_word' id='word_1_377' title='bbox 121 3214 222 3271; x_wconf 72' lang='grc' dir='ltr'><strong>τὸν</strong></span> <span class='ocrx_word' id='word_1_378' title='bbox 257 3216 428 3281; x_wconf 74' lang='grc' dir='ltr'>ἕκτον,</span> <span class='ocrx_word' id='word_1_379' title='bbox 463 3216 537 3288; x_wconf 80' lang='grc' dir='ltr'>μὴ</span> <span class='ocrx_word' id='word_1_380' title='bbox 573 3216 667 3269; x_wconf 90' lang='grc' dir='ltr'><strong>τοῦ</strong></span> <span class='ocrx_word' id='word_1_381' title='bbox 698 3216 893 3288; x_wconf 91' lang='grc' dir='ltr'>θυμοῦ,</span> <span class='ocrx_word' id='word_1_382' title='bbox 942 3218 1077 3290; x_wconf 86' lang='grc' dir='ltr'>μηδὲ</span> <span class='ocrx_word' id='word_1_383' title='bbox 1108 3219 1207 3290; x_wconf 89' lang='grc' dir='ltr'><strong>τῆς</strong></span> <span class='ocrx_word' id='word_1_384' title='bbox 1237 3217 1408 3290; x_wconf 84' lang='grc' dir='ltr'>ὀργῆς</span> <span class='ocrx_word' id='word_1_385' title='bbox 1450 3218 1544 3272; x_wconf 90' lang='grc' dir='ltr'><strong>τοῦ</strong></span> <span class='ocrx_word' id='word_1_386' title='bbox 1575 3218 1709 3272; x_wconf 85' lang='grc' dir='ltr'>Θεοῦ</span> <span class='ocrx_word' id='word_1_387' title='bbox 1740 3198 1782 3259; x_wconf 80' lang='lat' dir='ltr'>c</span> 
     </span>
    </p>
   </div>
   <div class='ocr_carea' id='block_1_51' title="bbox 125 3307 1709 3382">
    <p class='ocr_par' dir='ltr' id='par_1_51' title="bbox 125 3307 1709 3382">
     <span class='ocr_line' id='line_1_51' title="bbox 125 3307 1709 3382; baseline 0.003 -23"><span class='ocrx_word' id='word_1_388' title='bbox 125 3307 512 3378; x_wconf 79' lang='grc' dir='ltr'>πειρασθῆναι,</span> <span class='ocrx_word' id='word_1_389' title='bbox 544 3308 722 3373; x_wconf 84' lang='grc' dir='ltr'>ὲλέους</span> <span class='ocrx_word' id='word_1_390' title='bbox 759 3308 822 3364; x_wconf 82' lang='grc' dir='ltr'><strong>δὲ</strong></span> <span class='ocrx_word' id='word_1_391' title='bbox 849 3308 942 3362; x_wconf 78' lang='grc' dir='ltr'><strong>καὶ</strong></span> <span class='ocrx_word' id='word_1_392' title='bbox 982 3309 1174 3374; x_wconf 77' lang='grc' dir='ltr'>ἰάσεως</span> <span class='ocrx_word' id='word_1_393' title='bbox 1207 3309 1304 3381; x_wconf 83' lang='grc' dir='ltr'><strong>τὴν</strong></span> <span class='ocrx_word' id='word_1_394' title='bbox 1342 3309 1518 3382; x_wconf 77' lang='grc' dir='ltr'>ψυχὴν</span> <span class='ocrx_word' id='word_1_395' title='bbox 1545 3309 1709 3364; x_wconf 87' lang='grc' dir='ltr'>αὐτοῦ</span> 
     </span>
    </p>
   </div>
   <div class='ocr_carea' id='block_1_52' title="bbox 118 3399 1714 3470">
    <p class='ocr_par' dir='ltr' id='par_1_52' title="bbox 118 3399 1714 3470">
     <span class='ocr_line' id='line_1_52' title="bbox 118 3399 1714 3470; baseline 0.003 -19"><span class='ocrx_word' id='word_1_396' title='bbox 118 3400 345 3468; x_wconf 75' lang='grc' dir='ltr'>τυχεῖν·</span> <span class='ocrx_word' id='word_1_397' title='bbox 396 3399 551 3452; x_wconf 88' lang='grc' dir='ltr'>τοῦτο</span> <span class='ocrx_word' id='word_1_398' title='bbox 599 3400 657 3452; x_wconf 80' lang='grc' dir='ltr'>δὲ</span> <span class='ocrx_word' id='word_1_399' title='bbox 704 3400 920 3453; x_wconf 76' lang='grc' dir='ltr'>ἔσεσθαι</span> <span class='ocrx_word' id='word_1_400' title='bbox 959 3400 1203 3464; x_wconf 78' lang='grc' dir='ltr'>θεσπίζει</span> <span class='ocrx_word' id='word_1_401' title='bbox 1246 3401 1446 3470; x_wconf 88' lang='grc' dir='ltr'>λέγων·</span> <span class='ocrx_word' id='word_1_402' title='bbox 1488 3421 1505 3453; x_wconf 78' lang='lat' dir='ltr'><strong>t</strong></span> <span class='ocrx_word' id='word_1_403' title='bbox 1565 3403 1714 3456; x_wconf 87' lang='grc' dir='ltr'>Ἐπί-</span> 
     </span>
    </p>
   </div>
   <div class='ocr_carea' id='block_1_53' title="bbox 121 3488 1712 3564">
    <p class='ocr_par' dir='ltr' id='par_1_53' title="bbox 121 3488 1712 3564">
     <span class='ocr_line' id='line_1_53' title="bbox 121 3488 1712 3564; baseline 0.003 -22"><span class='ocrx_word' id='word_1_404' title='bbox 121 3489 384 3562; x_wconf 71' lang='grc' dir='ltr'>στρεψον,</span> <span class='ocrx_word' id='word_1_405' title='bbox 420 3490 611 3562; x_wconf 87' lang='grc' dir='ltr'>Κύριε,</span> <span class='ocrx_word' id='word_1_406' title='bbox 650 3491 807 3562; x_wconf 79' lang='grc' dir='ltr'>ῥῦσαι</span> <span class='ocrx_word' id='word_1_407' title='bbox 869 3488 964 3564; x_wconf 81' lang='grc' dir='ltr'><strong>τὴν</strong></span> <span class='ocrx_word' id='word_1_408' title='bbox 1016 3493 1195 3564; x_wconf 79' lang='grc' dir='ltr'>ψυχήν</span> <span class='ocrx_word' id='word_1_409' title='bbox 1243 3509 1365 3563; x_wconf 91' lang='grc' dir='ltr'>μου,</span> <span class='ocrx_word' id='word_1_410' title='bbox 1415 3493 1588 3547; x_wconf 87' lang='grc' dir='ltr'>σῶσόν</span> <span class='ocrx_word' id='word_1_411' title='bbox 1643 3511 1712 3564; x_wconf 90' lang='grc' dir='ltr'><strong>με</strong></span> 
     </span>
    </p>
   </div>
   <div class='ocr_carea' id='block_1_54' title="bbox 117 3579 1712 3655">
    <p class='ocr_par' dir='ltr' id='par_1_54' title="bbox 117 3579 1712 3655">
     <span class='ocr_line' id='line_1_54' title="bbox 117 3579 1712 3655; baseline 0.001 -23"><span class='ocrx_word' id='word_1_412' title='bbox 117 3579 315 3634; x_wconf 67' lang='grc' dir='ltr'>ἕνεκεν</span> <span class='ocrx_word' id='word_1_413' title='bbox 344 3579 437 3632; x_wconf 87' lang='grc' dir='ltr'><strong>τοῦ</strong></span> <span class='ocrx_word' id='word_1_414' title='bbox 463 3579 650 3644; x_wconf 84' lang='grc' dir='ltr'>ἐλέους</span> <span class='ocrx_word' id='word_1_415' title='bbox 684 3599 806 3635; x_wconf 89' lang='grc' dir='ltr'>σου·</span> <span class='ocrx_word' id='word_1_416' title='bbox 848 3583 930 3636; x_wconf 80' lang='grc' dir='ltr'>ὅτι</span> <span class='ocrx_word' id='word_1_417' title='bbox 981 3584 1081 3636; x_wconf 79' lang='grc' dir='ltr'><strong>οὐκ</strong></span> <span class='ocrx_word' id='word_1_418' title='bbox 1119 3583 1266 3637; x_wconf 77' lang='grc' dir='ltr'>ἔστιν</span> <span class='ocrx_word' id='word_1_419' title='bbox 1299 3582 1356 3636; x_wconf 81' lang='grc' dir='ltr'>ὲν</span> <span class='ocrx_word' id='word_1_420' title='bbox 1393 3582 1470 3653; x_wconf 80' lang='grc' dir='ltr'>τῷ</span> <span class='ocrx_word' id='word_1_421' title='bbox 1498 3583 1712 3655; x_wconf 84' lang='grc' dir='ltr'>θανάτῳ</span> 
     </span>
    </p>
   </div>
   <div class='ocr_carea' id='block_1_55' title="bbox 114 3667 1711 3749">
    <p class='ocr_par' dir='ltr' id='par_1_55' title="bbox 114 3667 1711 3749">
     <span class='ocr_line' id='line_1_55' title="bbox 114 3667 1711 3749; baseline 0.003 -23"><span class='ocrx_word' id='word_1_422' title='bbox 114 3675 150 3726; x_wconf 78' lang='grc' dir='ltr'>ὁ</span> <span class='ocrx_word' id='word_1_423' title='bbox 189 3673 542 3745; x_wconf 84' lang='grc' dir='ltr'>μνημονεύων</span> <span class='ocrx_word' id='word_1_424' title='bbox 570 3691 684 3738; x_wconf 92' lang='grc' dir='ltr'>σου,</span> <span class='ocrx_word' id='word_1_425' title='bbox 710 3677 767 3729; x_wconf 80' lang='grc' dir='ltr'><strong>ὲν</strong></span> <span class='ocrx_word' id='word_1_426' title='bbox 795 3677 851 3729; x_wconf 84' lang='grc' dir='ltr'>δὲ</span> <span class='ocrx_word' id='word_1_427' title='bbox 891 3676 968 3748; x_wconf 79' lang='grc' dir='ltr'><strong>τῷ</strong></span> <span class='ocrx_word' id='word_1_428' title='bbox 1007 3677 1108 3748; x_wconf 72' lang='grc' dir='ltr'><strong>ᾅδῃ</strong></span> <span class='ocrx_word' id='word_1_429' title='bbox 1145 3677 1228 3740; x_wconf 89' lang='grc' dir='ltr'><strong>τίς</strong></span> <span class='ocrx_word' id='word_1_430' title='bbox 1257 3667 1711 3749; x_wconf 76' lang='grc' dir='ltr'>ἐξομολογήσεταί</span> 
     </span>
    </p>
   </div>
   <div class='ocr_carea' id='block_1_56' title="bbox 116 3767 1712 3840">
    <p class='ocr_par' dir='ltr' id='par_1_56' title="bbox 116 3767 1712 3840">
     <span class='ocr_line' id='line_1_56' title="bbox 116 3767 1712 3840; baseline 0.003 -23"><span class='ocrx_word' id='word_1_431' title='bbox 116 3780 247 3830; x_wconf 86' lang='grc' dir='ltr'>σοι;</span> <span class='ocrx_word' id='word_1_432' title='bbox 282 3785 300 3817; x_wconf 73' lang='grc' dir='ltr'><strong>ι</strong></span> <span class='ocrx_word' id='word_1_433' title='bbox 341 3767 620 3838; x_wconf 77' lang='grc' dir='ltr'>μονονουχὶ</span> <span class='ocrx_word' id='word_1_434' title='bbox 652 3767 742 3821; x_wconf 86' lang='grc' dir='ltr'><strong>τὸν</strong></span> <span class='ocrx_word' id='word_1_435' title='bbox 773 3769 975 3840; x_wconf 82' lang='grc' dir='ltr'>Κύριον</span> <span class='ocrx_word' id='word_1_436' title='bbox 999 3769 1161 3822; x_wconf 76' lang='grc' dir='ltr'>αὐτὸν</span> <span class='ocrx_word' id='word_1_437' title='bbox 1199 3771 1263 3821; x_wconf 84' lang='grc' dir='ltr'>ὲκ</span> <span class='ocrx_word' id='word_1_438' title='bbox 1286 3769 1512 3823; x_wconf 84' lang='grc' dir='ltr'>θανάτου</span> <span class='ocrx_word' id='word_1_439' title='bbox 1545 3768 1712 3840; x_wconf 82' lang='grc' dir='ltr'>ῥύσα-</span> 
     </span>
    </p>
   </div>
   <div class='ocr_carea' id='block_1_57' title="bbox 112 3858 1713 3934">
    <p class='ocr_par' dir='ltr' id='par_1_57' title="bbox 112 3858 1713 3934">
     <span class='ocr_line' id='line_1_57' title="bbox 112 3858 1713 3934; baseline 0.002 -23"><span class='ocrx_word' id='word_1_440' title='bbox 112 3858 251 3912; x_wconf 84' lang='grc' dir='ltr'>σθαι</span> <span class='ocrx_word' id='word_1_441' title='bbox 289 3859 455 3912; x_wconf 81' lang='grc' dir='ltr'>αὐτοῦ</span> <span class='ocrx_word' id='word_1_442' title='bbox 492 3861 590 3932; x_wconf 83' lang='grc' dir='ltr'>τὴν</span> <span class='ocrx_word' id='word_1_443' title='bbox 635 3860 808 3931; x_wconf 76' lang='grc' dir='ltr'>ψυχὴν</span> <span class='ocrx_word' id='word_1_444' title='bbox 835 3862 1111 3915; x_wconf 89' lang='grc' dir='ltr'>ἱκετεύων.</span> <span class='ocrx_word' id='word_1_445' title='bbox 1161 3863 1380 3934; x_wconf 82' lang='grc' dir='ltr'>Προϊὼν</span> <span class='ocrx_word' id='word_1_446' title='bbox 1399 3862 1455 3916; x_wconf 84' lang='grc' dir='ltr'>δὲ</span> <span class='ocrx_word' id='word_1_447' title='bbox 1488 3861 1595 3915; x_wconf 85' lang='grc' dir='ltr'><strong>τῶν</strong></span> <span class='ocrx_word' id='word_1_448' title='bbox 1624 3861 1713 3914; x_wconf 84' lang='grc' dir='ltr'>εὑ-</span> 
     </span>
    </p>
   </div>
   <div class='ocr_carea' id='block_1_58' title="bbox 111 3948 1711 4027">
    <p class='ocr_par' dir='ltr' id='par_1_58' title="bbox 111 3948 1711 4027">
     <span class='ocr_line' id='line_1_58' title="bbox 111 3948 1711 4027; baseline 0.004 -26"><span class='ocrx_word' id='word_1_449' title='bbox 111 3951 235 4020; x_wconf 84' lang='grc' dir='ltr'>χῶν</span> <span class='ocrx_word' id='word_1_450' title='bbox 280 3951 640 4022; x_wconf 82' lang='grc' dir='ltr'>τετυχηκέναι</span> <span class='ocrx_word' id='word_1_451' title='bbox 687 3953 838 4025; x_wconf 83' lang='grc' dir='ltr'>δηλοῖ</span> <span class='ocrx_word' id='word_1_452' title='bbox 874 3953 942 4006; x_wconf 88' lang='grc' dir='ltr'>δι’</span> <span class='ocrx_word' id='word_1_453' title='bbox 991 3948 1066 4007; x_wconf 84' lang='grc' dir='ltr'>ὧν</span> <span class='ocrx_word' id='word_1_454' title='bbox 1099 3971 1290 4025; x_wconf 88' lang='grc' dir='ltr'>φησιν·</span> <span class='ocrx_word' id='word_1_455' title='bbox 1341 3974 1361 4006; x_wconf 84' lang='grc'><em>‹</em></span> <span class='ocrx_word' id='word_1_456' title='bbox 1411 3956 1711 4027; x_wconf 80' lang='grc' dir='ltr'>Είσήκουσε</span> 
     </span>
    </p>
   </div>
   <div class='ocr_carea' id='block_1_59' title="bbox 107 4040 1712 4118">
    <p class='ocr_par' dir='ltr' id='par_1_59' title="bbox 107 4040 1712 4118">
     <span class='ocr_line' id='line_1_59' title="bbox 107 4040 1712 4118; baseline 0.005 -26"><span class='ocrx_word' id='word_1_457' title='bbox 107 4040 332 4112; x_wconf 78' lang='grc' dir='ltr'>Κύριος</span> <span class='ocrx_word' id='word_1_458' title='bbox 357 4044 454 4113; x_wconf 85' lang='grc' dir='ltr'><strong>τῆς</strong></span> <span class='ocrx_word' id='word_1_459' title='bbox 485 4044 670 4114; x_wconf 81' lang='grc' dir='ltr'>φωνῆς</span> <span class='ocrx_word' id='word_1_460' title='bbox 696 4045 788 4098; x_wconf 88' lang='grc' dir='ltr'><strong>τοῦ</strong></span> <span class='ocrx_word' id='word_1_461' title='bbox 819 4045 1097 4116; x_wconf 88' lang='grc' dir='ltr'>κλαυθμοῦ</span> <span class='ocrx_word' id='word_1_462' title='bbox 1125 4064 1223 4117; x_wconf 92' lang='grc' dir='ltr'><strong>μου</strong></span> <span class='ocrx_word' id='word_1_463' title='bbox 1241 4063 1256 4078; x_wconf 90' lang='grc'><strong>·</strong></span> <span class='ocrx_word' id='word_1_464' title='bbox 1288 4047 1574 4118; x_wconf 83' lang='grc' dir='ltr'>εἰσήκουσε</span> <span class='ocrx_word' id='word_1_465' title='bbox 1597 4045 1712 4099; x_wconf 86' lang='grc' dir='ltr'><strong>Κύ-</strong></span> 
     </span>
    </p>
   </div>
   <div class='ocr_carea' id='block_1_60' title="bbox 106 4137 1708 4215">
    <p class='ocr_par' dir='ltr' id='par_1_60' title="bbox 106 4137 1708 4215">
     <span class='ocr_line' id='line_1_60' title="bbox 106 4137 1708 4215; baseline 0.006 -28"><span class='ocrx_word' id='word_1_466' title='bbox 106 4153 238 4205; x_wconf 82' lang='grc' dir='ltr'>ριος</span> <span class='ocrx_word' id='word_1_467' title='bbox 280 4137 382 4208; x_wconf 88' lang='grc' dir='ltr'><strong>τῆς</strong></span> <span class='ocrx_word' id='word_1_468' title='bbox 419 4137 653 4210; x_wconf 79' lang='grc' dir='ltr'>δεήσεώς</span> <span class='ocrx_word' id='word_1_469' title='bbox 698 4157 836 4210; x_wconf 89' lang='grc' dir='ltr'>μου,</span> <span class='ocrx_word' id='word_1_470' title='bbox 883 4143 1087 4213; x_wconf 86' lang='grc' dir='ltr'>Κύριος</span> <span class='ocrx_word' id='word_1_471' title='bbox 1118 4143 1214 4214; x_wconf 77' lang='grc' dir='ltr'>τὴν</span> <span class='ocrx_word' id='word_1_472' title='bbox 1253 4144 1558 4215; x_wconf 77' lang='grc' dir='ltr'>προσευχήν</span> <span class='ocrx_word' id='word_1_473' title='bbox 1608 4161 1708 4214; x_wconf 90' lang='grc' dir='ltr'><strong>μου</strong></span> 
     </span>
    </p>
   </div>
   <div class='ocr_carea' id='block_1_61' title="bbox 103 4227 1708 4302">
    <p class='ocr_par' dir='ltr' id='par_1_61' title="bbox 103 4227 1708 4302">
     <span class='ocr_line' id='line_1_61' title="bbox 103 4227 1708 4302; baseline 0.004 -23"><span class='ocrx_word' id='word_1_474' title='bbox 103 4227 503 4298; x_wconf 81' lang='grc' dir='ltr'>προσεδέξατο.</span> <span class='ocrx_word' id='word_1_475' title='bbox 541 4248 558 4280; x_wconf 72' lang='grc' dir='ltr'><strong>ι</strong></span> <span class='ocrx_word' id='word_1_476' title='bbox 584 4230 694 4301; x_wconf 87' lang='grc' dir='ltr'><strong>Τὴν</strong></span> <span class='ocrx_word' id='word_1_477' title='bbox 725 4230 835 4301; x_wconf 79' lang='grc' dir='ltr'>γὰρ</span> <span class='ocrx_word' id='word_1_478' title='bbox 877 4231 1171 4286; x_wconf 79' lang='grc' dir='ltr'>ἀναϐίωσιν</span> <span class='ocrx_word' id='word_1_479' title='bbox 1205 4232 1369 4286; x_wconf 84' lang='grc' dir='ltr'>αὐτοῦ</span> <span class='ocrx_word' id='word_1_480' title='bbox 1394 4233 1493 4302; x_wconf 80' lang='grc' dir='ltr'>τὴν</span> <span class='ocrx_word' id='word_1_481' title='bbox 1524 4235 1587 4286; x_wconf 80' lang='grc' dir='ltr'>ὲκ</span> <span class='ocrx_word' id='word_1_482' title='bbox 1615 4232 1708 4286; x_wconf 89' lang='grc' dir='ltr'><strong>τοῦ</strong></span> 
     </span>
    </p>
   </div>
   <div class='ocr_carea' id='block_1_62' title="bbox 98 4318 1709 4394">
    <p class='ocr_par' dir='ltr' id='par_1_62' title="bbox 98 4318 1709 4394">
     <span class='ocr_line' id='line_1_62' title="bbox 98 4318 1709 4394; baseline 0.002 -22"><span class='ocrx_word' id='word_1_483' title='bbox 98 4318 356 4372; x_wconf 80' lang='grc' dir='ltr'>Θανάτου</span> <span class='ocrx_word' id='word_1_484' title='bbox 381 4320 516 4389; x_wconf 86' lang='grc' dir='ltr'><strong>μετά</strong></span> <span class='ocrx_word' id='word_1_485' title='bbox 545 4321 641 4391; x_wconf 88' lang='grc' dir='ltr'><strong>τῆς</strong></span> <span class='ocrx_word' id='word_1_486' title='bbox 664 4321 757 4374; x_wconf 91' lang='grc' dir='ltr'><strong>τοῦ</strong></span> <span class='ocrx_word' id='word_1_487' title='bbox 785 4323 1019 4392; x_wconf 87' lang='grc' dir='ltr'>Χριστοῦ</span> <span class='ocrx_word' id='word_1_488' title='bbox 1046 4324 1392 4386; x_wconf 73' lang='grc' dir='ltr'>ἀναστάσεως</span> <span class='ocrx_word' id='word_1_489' title='bbox 1412 4322 1709 4394; x_wconf 87' lang='grc' dir='ltr'>γενομένην</span> 
     </span>
    </p>
   </div>
   <div class='ocr_carea' id='block_1_63' title="bbox 91 4409 1709 4483">
    <p class='ocr_par' dir='ltr' id='par_1_63' title="bbox 91 4409 1709 4483">
     <span class='ocr_line' id='line_1_63' title="bbox 91 4409 1709 4483; baseline 0.002 -20"><span class='ocrx_word' id='word_1_490' title='bbox 91 4410 196 4464; x_wconf 80' lang='grc' dir='ltr'>διὰ</span> <span class='ocrx_word' id='word_1_491' title='bbox 245 4409 456 4464; x_wconf 89' lang='grc' dir='ltr'>τούτων</span> <span class='ocrx_word' id='word_1_492' title='bbox 500 4411 734 4483; x_wconf 71' lang='grc' dir='ltr'>ᾐνίξατο.</span> <span class='ocrx_word' id='word_1_493' title='bbox 770 4413 1050 4478; x_wconf 79' lang='grc' dir='ltr'>Ὡσαύτως</span> <span class='ocrx_word' id='word_1_494' title='bbox 1091 4415 1149 4468; x_wconf 84' lang='grc' dir='ltr'><strong>δὲ</strong></span> <span class='ocrx_word' id='word_1_495' title='bbox 1205 4416 1299 4468; x_wconf 73' lang='grc' dir='ltr'><strong>καὶ</strong></span> <span class='ocrx_word' id='word_1_496' title='bbox 1346 4416 1374 4468; x_wconf 89' lang='grc' dir='ltr'>ὁ</span> <span class='ocrx_word' id='word_1_497' title='bbox 1427 4414 1709 4478; x_wconf 79' lang='grc' dir='ltr'>ἑνδέκατος</span> 
     </span>
    </p>
   </div>
   <div class='ocr_carea' id='block_1_64' title="bbox 98 4501 1708 4576">
    <p class='ocr_par' dir='ltr' id='par_1_64' title="bbox 98 4501 1708 4576">
     <span class='ocr_line' id='line_1_64' title="bbox 98 4501 1708 4576; baseline 0.002 -25"><span class='ocrx_word' id='word_1_498' title='bbox 98 4519 124 4551; x_wconf 74' lang='grc' dir='ltr'><strong>σ</strong></span> <span class='ocrx_word' id='word_1_499' title='bbox 167 4501 312 4571; x_wconf 80' lang='grc' dir='ltr'>περὶ</span> <span class='ocrx_word' id='word_1_500' title='bbox 367 4501 466 4572; x_wconf 86' lang='grc' dir='ltr'><strong>τῆς</strong></span> <span class='ocrx_word' id='word_1_501' title='bbox 509 4502 702 4572; x_wconf 82' lang='grc' dir='ltr'>ὀγδόης</span> <span class='ocrx_word' id='word_1_502' title='bbox 738 4523 756 4554; x_wconf 75' lang='grc' dir='ltr'><strong>ι</strong></span> <span class='ocrx_word' id='word_1_503' title='bbox 791 4504 1214 4576; x_wconf 79' lang='grc' dir='ltr'>ἐπιγέγραπται,</span> <span class='ocrx_word' id='word_1_504' title='bbox 1253 4503 1346 4557; x_wconf 87' lang='grc' dir='ltr'><strong>τοῦ</strong></span> <span class='ocrx_word' id='word_1_505' title='bbox 1395 4503 1558 4558; x_wconf 80' lang='grc' dir='ltr'>Δαυῒδ</span> <span class='ocrx_word' id='word_1_506' title='bbox 1610 4502 1708 4574; x_wconf 85' lang='grc' dir='ltr'>τὴν</span> 
     </span>
    </p>
   </div>
   <div class='ocr_carea' id='block_1_65' title="bbox 85 4593 1709 4668">
    <p class='ocr_par' dir='ltr' id='par_1_65' title="bbox 85 4593 1709 4668">
     <span class='ocr_line' id='line_1_65' title="bbox 85 4593 1709 4668; baseline 0 -20"><span class='ocrx_word' id='word_1_507' title='bbox 85 4593 312 4663; x_wconf 79' lang='grc' dir='ltr'>ὁμοίαν</span> <span class='ocrx_word' id='word_1_508' title='bbox 344 4593 547 4646; x_wconf 84' lang='grc' dir='ltr'>ἱκεσίαν</span> <span class='ocrx_word' id='word_1_509' title='bbox 579 4595 846 4667; x_wconf 81' lang='grc' dir='ltr'>περιέχων</span> <span class='ocrx_word' id='word_1_510' title='bbox 874 4595 1174 4664; x_wconf 88' lang='grc' dir='ltr'>φάσκοντος</span> <span class='ocrx_word' id='word_1_511' title='bbox 1194 4612 1206 4624; x_wconf 94' lang='grc'><strong>·</strong></span> <span class='ocrx_word' id='word_1_512' title='bbox 1233 4616 1250 4647; x_wconf 80' lang='grc' dir='ltr'><strong>ι</strong></span> <span class='ocrx_word' id='word_1_513' title='bbox 1281 4596 1460 4651; x_wconf 87' lang='grc' dir='ltr'>Σῶσόν</span> <span class='ocrx_word' id='word_1_514' title='bbox 1487 4615 1575 4668; x_wconf 90' lang='grc' dir='ltr'><strong>με,</strong></span> <span class='ocrx_word' id='word_1_515' title='bbox 1595 4596 1709 4649; x_wconf 79' lang='grc' dir='ltr'><strong>Κύ-</strong></span> 
     </span>
    </p>
   </div>
   <div class='ocr_carea' id='block_1_66' title="bbox 90 4684 1712 4759">
    <p class='ocr_par' dir='ltr' id='par_1_66' title="bbox 90 4684 1712 4759">
     <span class='ocr_line' id='line_1_66' title="bbox 90 4684 1712 4759; baseline 0.002 -22"><span class='ocrx_word' id='word_1_516' title='bbox 90 4703 214 4756; x_wconf 85' lang='grc' dir='ltr'>ριε,</span> <span class='ocrx_word' id='word_1_517' title='bbox 254 4686 350 4739; x_wconf 78' lang='grc' dir='ltr'>ὅτι</span> <span class='ocrx_word' id='word_1_518' title='bbox 378 4686 687 4740; x_wconf 76' lang='grc' dir='ltr'>ἐκλέλοιπεν</span> <span class='ocrx_word' id='word_1_519' title='bbox 718 4689 882 4751; x_wconf 85' lang='grc' dir='ltr'>ὅσιος.</span> <span class='ocrx_word' id='word_1_520' title='bbox 929 4709 946 4739; x_wconf 77' lang='grc' dir='ltr'><strong>ι</strong></span> <span class='ocrx_word' id='word_1_521' title='bbox 982 4684 1112 4741; x_wconf 80' lang='grc' dir='ltr'>Εἶτα</span> <span class='ocrx_word' id='word_1_522' title='bbox 1144 4688 1204 4740; x_wconf 87' lang='grc' dir='ltr'><strong>τὸ</strong></span> <span class='ocrx_word' id='word_1_523' title='bbox 1234 4687 1359 4759; x_wconf 81' lang='grc' dir='ltr'>ἑξῆς</span> <span class='ocrx_word' id='word_1_524' title='bbox 1391 4689 1491 4741; x_wconf 87' lang='grc' dir='ltr'><strong>ούκ</strong></span> <span class='ocrx_word' id='word_1_525' title='bbox 1527 4691 1712 4742; x_wconf 75' lang='grc' dir='ltr'>ἐπικε-</span> 
     </span>
    </p>
   </div>
   <div class='ocr_carea' id='block_1_67' title="bbox 83 4778 1711 4850">
    <p class='ocr_par' dir='ltr' id='par_1_67' title="bbox 83 4778 1711 4850">
     <span class='ocr_line' id='line_1_67' title="bbox 83 4778 1711 4850; baseline 0.002 -19"><span class='ocrx_word' id='word_1_526' title='bbox 83 4778 510 4849; x_wconf 81' lang='grc' dir='ltr'>καλυμμένως,</span> <span class='ocrx_word' id='word_1_527' title='bbox 549 4779 684 4833; x_wconf 86' lang='grc' dir='ltr'><strong>ἀλλά</strong></span> <span class='ocrx_word' id='word_1_528' title='bbox 721 4779 1008 4850; x_wconf 80' lang='grc' dir='ltr'>τηλαυγῶς</span> <span class='ocrx_word' id='word_1_529' title='bbox 1035 4778 1284 4850; x_wconf 74' lang='grc' dir='ltr'>ἐπιφέρει</span> <span class='ocrx_word' id='word_1_530' title='bbox 1310 4779 1511 4848; x_wconf 88' lang='grc' dir='ltr'>λέγων·</span> <span class='ocrx_word' id='word_1_531' title='bbox 1545 4798 1562 4830; x_wconf 73' lang='grc' dir='ltr'><strong>ι</strong></span> <span class='ocrx_word' id='word_1_532' title='bbox 1597 4779 1711 4834; x_wconf 84' lang='grc' dir='ltr'>Νῦν</span> 
     </span>
    </p>
   </div>
   <div class='ocr_carea' id='block_1_68' title="bbox 78 4871 1701 4944">
    <p class='ocr_par' dir='ltr' id='par_1_68' title="bbox 78 4871 1701 4944">
     <span class='ocr_line' id='line_1_68' title="bbox 78 4871 1701 4944; baseline -0.001 -20"><span class='ocrx_word' id='word_1_533' title='bbox 78 4871 525 4942; x_wconf 84' lang='grc' dir='ltr'>ἀναστήσομαι,</span> <span class='ocrx_word' id='word_1_534' title='bbox 557 4872 706 4940; x_wconf 85' lang='grc' dir='ltr'>λέγει</span> <span class='ocrx_word' id='word_1_535' title='bbox 749 4871 982 4944; x_wconf 84' lang='grc' dir='ltr'>Κύριος·</span> <span class='ocrx_word' id='word_1_536' title='bbox 1014 4871 1246 4943; x_wconf 88' lang='grc' dir='ltr'>θήσομαι</span> <span class='ocrx_word' id='word_1_537' title='bbox 1275 4871 1332 4923; x_wconf 81' lang='grc' dir='ltr'>ὲν</span> <span class='ocrx_word' id='word_1_538' title='bbox 1369 4871 1640 4943; x_wconf 77' lang='grc' dir='ltr'>σωτηρίῳ.</span> <span class='ocrx_word' id='word_1_539' title='bbox 1683 4891 1701 4923; x_wconf 70' lang='grc' dir='ltr'><strong>ι</strong></span> 
     </span>
    </p>
   </div>
   <div class='ocr_carea' id='block_1_69' title="bbox 71 4962 1708 5036">
    <p class='ocr_par' dir='ltr' id='par_1_69' title="bbox 71 4962 1708 5036">
     <span class='ocr_line' id='line_1_69' title="bbox 71 4962 1708 5036; baseline 0 -19"><span class='ocrx_word' id='word_1_540' title='bbox 71 4965 170 5018; x_wconf 83' lang='grc' dir='ltr'><strong>Δι’</strong></span> <span class='ocrx_word' id='word_1_541' title='bbox 210 4966 292 5035; x_wconf 77' lang='grc' dir='ltr'>ἣν</span> <span class='ocrx_word' id='word_1_542' title='bbox 331 4963 628 5018; x_wconf 81' lang='grc' dir='ltr'>ἀνάστασιν</span> <span class='ocrx_word' id='word_1_543' title='bbox 672 4963 767 5018; x_wconf 88' lang='grc' dir='ltr'><strong>τοῦ</strong></span> <span class='ocrx_word' id='word_1_544' title='bbox 811 4965 1015 5036; x_wconf 85' lang='grc' dir='ltr'>Κύριου</span> <span class='ocrx_word' id='word_1_545' title='bbox 1050 4966 1116 5035; x_wconf 79' lang='grc' dir='ltr'><strong>τῇ</strong></span> <span class='ocrx_word' id='word_1_546' title='bbox 1165 4962 1302 5034; x_wconf 81' lang='grc' dir='ltr'>μετὰ</span> <span class='ocrx_word' id='word_1_547' title='bbox 1329 4962 1389 5014; x_wconf 85' lang='grc' dir='ltr'><strong>τὸ</strong></span> <span class='ocrx_word' id='word_1_548' title='bbox 1431 4963 1708 5017; x_wconf 79' lang='grc' dir='ltr'>Σάϐϐατον</span> 
     </span>
    </p>
   </div>
   <div class='ocr_carea' id='block_1_70' title="bbox 68 5052 1710 5128">
    <p class='ocr_par' dir='ltr' id='par_1_70' title="bbox 68 5052 1710 5128">
     <span class='ocr_line' id='line_1_70' title="bbox 68 5052 1710 5128; baseline 0 -20"><span class='ocrx_word' id='word_1_549' title='bbox 68 5056 327 5128; x_wconf 75' lang='grc' dir='ltr'>ἡμέρᾳ,</span> <span class='ocrx_word' id='word_1_550' title='bbox 377 5057 496 5126; x_wconf 75' lang='grc' dir='ltr'>ἥτις</span> <span class='ocrx_word' id='word_1_551' title='bbox 527 5052 593 5128; x_wconf 76' lang='grc' dir='ltr'>ἦν</span> <span class='ocrx_word' id='word_1_552' title='bbox 639 5056 822 5128; x_wconf 82' lang='grc' dir='ltr'>ὀγδόη,</span> <span class='ocrx_word' id='word_1_553' title='bbox 858 5055 1177 5127; x_wconf 86' lang='grc' dir='ltr'>γενομένην,</span> <span class='ocrx_word' id='word_1_554' title='bbox 1209 5057 1288 5117; x_wconf 85' lang='grc' dir='ltr'>εἰς</span> <span class='ocrx_word' id='word_1_555' title='bbox 1317 5054 1487 5108; x_wconf 87' lang='grc' dir='ltr'>τύπον</span> <span class='ocrx_word' id='word_1_556' title='bbox 1518 5057 1710 5126; x_wconf 90' lang='grc' dir='ltr'>καινῆς</span> 
     </span>
    </p>
   </div>
   <div class='ocr_carea' id='block_1_71' title="bbox 63 5144 1710 5219">
    <p class='ocr_par' dir='ltr' id='par_1_71' title="bbox 63 5144 1710 5219">
     <span class='ocr_line' id='line_1_71' title="bbox 63 5144 1710 5219; baseline -0.001 -19"><span class='ocrx_word' id='word_1_557' title='bbox 63 5148 279 5218; x_wconf 78' lang='grc' dir='ltr'>ζωῆς,</span> <span class='ocrx_word' id='word_1_558' title='bbox 322 5147 580 5218; x_wconf 88' lang='grc' dir='ltr'>τοιαύτης</span> <span class='ocrx_word' id='word_1_559' title='bbox 613 5144 766 5216; x_wconf 78' lang='grc' dir='ltr'>οἶμαι</span> <span class='ocrx_word' id='word_1_560' title='bbox 814 5148 1134 5219; x_wconf 82' lang='grc' dir='ltr'>προγραφῆς</span> <span class='ocrx_word' id='word_1_561' title='bbox 1172 5147 1258 5200; x_wconf 86' lang='grc' dir='ltr'><strong>τὸν</strong></span> <span class='ocrx_word' id='word_1_562' title='bbox 1300 5145 1512 5217; x_wconf 74' lang='grc' dir='ltr'>ψαλμὸν</span> <span class='ocrx_word' id='word_1_563' title='bbox 1545 5145 1710 5216; x_wconf 69' lang='grc' dir='ltr'>ἠξιῶ-</span> 
     </span>
    </p>
   </div>
   <div class='ocr_carea' id='block_1_72' title="bbox 63 5235 1706 5310">
    <p class='ocr_par' dir='ltr' id='par_1_72' title="bbox 63 5235 1706 5310">
     <span class='ocr_line' id='line_1_72' title="bbox 63 5235 1706 5310; baseline -0.002 -18"><span class='ocrx_word' id='word_1_564' title='bbox 63 5240 250 5292; x_wconf 79' lang='grc' dir='ltr'>σθαι.</span> <span class='ocrx_word' id='word_1_565' title='bbox 283 5238 416 5291; x_wconf 78' lang='grc' dir='ltr'><strong>Εἰσὶ</strong></span> <span class='ocrx_word' id='word_1_566' title='bbox 447 5239 544 5309; x_wconf 86' lang='grc' dir='ltr'><strong>μὲν</strong></span> <span class='ocrx_word' id='word_1_567' title='bbox 569 5239 768 5302; x_wconf 87' lang='grc' dir='ltr'>πάντες</span> <span class='ocrx_word' id='word_1_568' title='bbox 791 5240 841 5290; x_wconf 90' lang='grc' dir='ltr'><strong>οἱ</strong></span> <span class='ocrx_word' id='word_1_569' title='bbox 872 5237 1340 5310; x_wconf 78' lang='grc' dir='ltr'>ἐπιγεγραμμένοι</span> <span class='ocrx_word' id='word_1_570' title='bbox 1375 5256 1393 5288; x_wconf 74' lang='grc' dir='ltr'><strong>ι</strong></span> <span class='ocrx_word' id='word_1_571' title='bbox 1423 5237 1562 5306; x_wconf 84' lang='grc' dir='ltr'>ὑπὲρ</span> <span class='ocrx_word' id='word_1_572' title='bbox 1598 5235 1706 5288; x_wconf 91' lang='grc' dir='ltr'><strong>τῶν</strong></span> 
     </span>
    </p>
   </div>
   <div class='ocr_carea' id='block_1_73' title="bbox 54 5327 1708 5402">
    <p class='ocr_par' dir='ltr' id='par_1_73' title="bbox 54 5327 1708 5402">
     <span class='ocr_line' id='line_1_73' title="bbox 54 5327 1708 5402; baseline -0.001 -18"><span class='ocrx_word' id='word_1_573' title='bbox 54 5329 632 5402; x_wconf 72' lang='grc' dir='ltr'>ἀλλοιωθησομένων</span> <span class='ocrx_word' id='word_1_574' title='bbox 665 5351 682 5382; x_wconf 76' lang='grc' dir='ltr'><strong>ι</strong></span> <span class='ocrx_word' id='word_1_575' title='bbox 711 5331 800 5383; x_wconf 91' lang='grc' dir='ltr'><strong>τὸν</strong></span> <span class='ocrx_word' id='word_1_576' title='bbox 833 5329 1062 5401; x_wconf 84' lang='grc' dir='ltr'>ἀριθμὸν</span> <span class='ocrx_word' id='word_1_577' title='bbox 1099 5330 1380 5399; x_wconf 85' lang='grc' dir='ltr'>τέσσαρες.</span> <span class='ocrx_word' id='word_1_578' title='bbox 1429 5327 1644 5380; x_wconf 90' lang='grc' dir='ltr'>Τούτων</span> <span class='ocrx_word' id='word_1_579' title='bbox 1679 5329 1708 5382; x_wconf 85' lang='lat'><strong>6</strong></span> 
     </span>
    </p>
   </div>
   <div class='ocr_carea' id='block_1_74' title="bbox 56 5419 1707 5496">
    <p class='ocr_par' dir='ltr' id='par_1_74' title="bbox 56 5419 1707 5496">
     <span class='ocr_line' id='line_1_74' title="bbox 56 5419 1707 5496; baseline -0.002 -17"><span class='ocrx_word' id='word_1_580' title='bbox 56 5426 191 5496; x_wconf 80' lang='grc' dir='ltr'>μὲν</span> <span class='ocrx_word' id='word_1_581' title='bbox 254 5424 636 5496; x_wconf 86' lang='grc' dir='ltr'>πεντηκοστὸς</span> <span class='ocrx_word' id='word_1_582' title='bbox 675 5423 894 5487; x_wconf 74' lang='grc' dir='ltr'>ἐννατος</span> <span class='ocrx_word' id='word_1_583' title='bbox 935 5423 1081 5476; x_wconf 89' lang='grc' dir='ltr'>δοκεῖ</span> <span class='ocrx_word' id='word_1_584' title='bbox 1124 5439 1214 5493; x_wconf 88' lang='grc' dir='ltr'><strong>μοι</strong></span> <span class='ocrx_word' id='word_1_585' title='bbox 1256 5421 1355 5493; x_wconf 86' lang='grc' dir='ltr'><strong>τὴν</strong></span> <span class='ocrx_word' id='word_1_586' title='bbox 1387 5421 1496 5476; x_wconf 90' lang='grc' dir='ltr'><strong>τῶν</strong></span> <span class='ocrx_word' id='word_1_587' title='bbox 1537 5419 1707 5475; x_wconf 75' lang='grc' dir='ltr'>ἐθνῶν</span> 
     </span>
    </p>
   </div>
   <div class='ocr_carea' id='block_1_75' title="bbox 141 5558 1220 5625">
    <p class='ocr_par' dir='ltr' id='par_1_75' title="bbox 141 5558 1220 5625">
     <span class='ocr_line' id='line_1_75' title="bbox 141 5558 1220 5625; baseline -0.007 -8"><span class='ocrx_word' id='word_1_588' title='bbox 141 5563 207 5596; x_wconf 67' lang='grc'><strong>⁵⁷</strong></span> <span class='ocrx_word' id='word_1_589' title='bbox 257 5560 414 5616; x_wconf 82' lang='lat' dir='ltr'><strong>Psal.</strong></span> <span class='ocrx_word' id='word_1_590' title='bbox 448 5578 564 5625; x_wconf 82' lang='lat' dir='ltr'><strong>vut,</strong></span> <span class='ocrx_word' id='word_1_591' title='bbox 601 5561 656 5614; x_wconf 73' lang='lat'><strong>2.</strong></span> <span class='ocrx_word' id='word_1_592' title='bbox 731 5561 778 5593; x_wconf 71' lang='grc'><strong>⁸⁸</strong></span> <span class='ocrx_word' id='word_1_593' title='bbox 807 5560 947 5614; x_wconf 84' lang='lat' dir='ltr'><strong>Psal.</strong></span> <span class='ocrx_word' id='word_1_594' title='bbox 978 5573 1143 5622; x_wconf 72' lang='lat' dir='ltr'><strong>uxv,</strong></span> <span class='ocrx_word' id='word_1_595' title='bbox 1166 5558 1220 5611; x_wconf 75' lang='lat'><strong>2.</strong></span> 
     </span>
    </p>
   </div>
   <div class='ocr_carea' id='block_1_76' title="bbox 1806 1925 3386 1998">
    <p class='ocr_par' dir='ltr' id='par_1_76' title="bbox 1806 1925 3386 1998">
     <span class='ocr_line' id='line_1_76' title="bbox 1806 1925 3386 1998; baseline -0.003 -13"><span class='ocrx_word' id='word_1_596' title='bbox 1806 1929 1917 1986; x_wconf 80' lang='lat' dir='ltr'><strong>sint</strong></span> <span class='ocrx_word' id='word_1_597' title='bbox 1941 1928 2259 1994; x_wconf 88' lang='lat' dir='ltr'><strong>toreularia,</strong></span> <span class='ocrx_word' id='word_1_598' title='bbox 2301 1944 2321 1979; x_wconf 87' lang='grc'><em>‹</em></span> <span class='ocrx_word' id='word_1_599' title='bbox 2353 1941 2452 1998; x_wconf 89' lang='lat' dir='ltr'><strong>pro</strong></span> <span class='ocrx_word' id='word_1_600' title='bbox 2487 1925 2893 1982; x_wconf 68' lang='lat' dir='ltr'><strong>torcularibus»</strong></span> <span class='ocrx_word' id='word_1_601' title='bbox 2933 1925 3272 1982; x_wconf 87' lang='lat' dir='ltr'><strong>inscribitur.</strong></span> <span class='ocrx_word' id='word_1_602' title='bbox 3297 1927 3386 1981; x_wconf 84' lang='lat' dir='ltr'><strong>Ait</strong></span> 
     </span>
    </p>
   </div>
   <div class='ocr_carea' id='block_1_77' title="bbox 1809 2018 3385 2092">
    <p class='ocr_par' dir='ltr' id='par_1_77' title="bbox 1809 2018 3385 2092">
     <span class='ocr_line' id='line_1_77' title="bbox 1809 2018 3385 2092; baseline -0.004 -15"><span class='ocrx_word' id='word_1_603' title='bbox 1809 2020 1969 2092; x_wconf 79' lang='lat'><strong>517</strong></span> <span class='ocrx_word' id='word_1_604' title='bbox 2010 2021 2193 2091; x_wconf 90' lang='lat' dir='ltr'><strong>itaque</strong></span> <span class='ocrx_word' id='word_1_605' title='bbox 2234 2020 2279 2052; x_wconf 80' lang='grc' dir='ltr'><strong>⁸ο</strong></span> <span class='ocrx_word' id='word_1_606' title='bbox 2319 2036 2333 2074; x_wconf 92' lang='lat'>:</span> <span class='ocrx_word' id='word_1_607' title='bbox 2377 2037 2395 2071; x_wconf 77' lang='grc' dir='ltr'><strong>ι</strong></span> <span class='ocrx_word' id='word_1_608' title='bbox 2439 2018 2610 2085; x_wconf 85' lang='lat' dir='ltr'><strong>Quam</strong></span> <span class='ocrx_word' id='word_1_609' title='bbox 2649 2018 2844 2074; x_wconf 90' lang='lat' dir='ltr'><strong>dilecta</strong></span> <span class='ocrx_word' id='word_1_610' title='bbox 2879 2019 3226 2074; x_wconf 87' lang='lat' dir='ltr'><strong>tabernacula</strong></span> <span class='ocrx_word' id='word_1_611' title='bbox 3257 2026 3385 2085; x_wconf 89' lang='lat' dir='ltr'><strong>tua,</strong></span> 
     </span>
    </p>
   </div>
   <div class='ocr_carea' id='block_1_78' title="bbox 1807 2110 3386 2180">
    <p class='ocr_par' dir='ltr' id='par_1_78' title="bbox 1807 2110 3386 2180">
     <span class='ocr_line' id='line_1_78' title="bbox 1807 2110 3386 2180; baseline -0.001 -14"><span class='ocrx_word' id='word_1_612' title='bbox 1807 2112 2033 2167; x_wconf 84' lang='lat' dir='ltr'><strong>Domine</strong></span> <span class='ocrx_word' id='word_1_613' title='bbox 2066 2111 2352 2166; x_wconf 85' lang='lat' dir='ltr'><strong>virtutum!</strong></span> <span class='ocrx_word' id='word_1_614' title='bbox 2384 2110 2739 2180; x_wconf 89' lang='lat' dir='ltr'><strong>Concupiscit</strong></span> <span class='ocrx_word' id='word_1_615' title='bbox 2767 2119 2824 2165; x_wconf 89' lang='lat' dir='ltr'><strong>et</strong></span> <span class='ocrx_word' id='word_1_616' title='bbox 2857 2110 3040 2166; x_wconf 80' lang='lat' dir='ltr'><strong>deﬁcit</strong></span> <span class='ocrx_word' id='word_1_617' title='bbox 3061 2110 3240 2164; x_wconf 91' lang='lat' dir='ltr'><strong>anima</strong></span> <span class='ocrx_word' id='word_1_618' title='bbox 3267 2125 3386 2164; x_wconf 88' lang='lat' dir='ltr'><strong>mea</strong></span> 
     </span>
    </p>
   </div>
   <div class='ocr_carea' id='block_1_79' title="bbox 1809 2200 3386 2272">
    <p class='ocr_par' dir='ltr' id='par_1_79' title="bbox 1809 2200 3386 2272">
     <span class='ocr_line' id='line_1_79' title="bbox 1809 2200 3386 2272; baseline -0.001 -14"><span class='ocrx_word' id='word_1_619' title='bbox 1809 2205 1862 2258; x_wconf 91' lang='lat' dir='ltr'><strong>in</strong></span> <span class='ocrx_word' id='word_1_620' title='bbox 1888 2205 2028 2259; x_wconf 88' lang='lat' dir='ltr'><strong>atria</strong></span> <span class='ocrx_word' id='word_1_621' title='bbox 2062 2203 2309 2258; x_wconf 88' lang='lat' dir='ltr'><strong>Domini:</strong></span> <span class='ocrx_word' id='word_1_622' title='bbox 2340 2221 2360 2254; x_wconf 83' lang='grc'><strong>›</strong></span> <span class='ocrx_word' id='word_1_623' title='bbox 2395 2211 2556 2272; x_wconf 88' lang='lat' dir='ltr'><strong>atque</strong></span> <span class='ocrx_word' id='word_1_624' title='bbox 2587 2201 2836 2268; x_wconf 80' lang='lat' dir='ltr'><strong>infert&quot;,</strong></span> <span class='ocrx_word' id='word_1_625' title='bbox 2865 2221 2885 2254; x_wconf 72' lang='grc' dir='ltr'><strong>ι</strong></span> <span class='ocrx_word' id='word_1_626' title='bbox 2910 2201 3109 2256; x_wconf 86' lang='lat' dir='ltr'><strong>Altaria</strong></span> <span class='ocrx_word' id='word_1_627' title='bbox 3137 2211 3248 2269; x_wconf 90' lang='lat' dir='ltr'><strong>tua,</strong></span> <span class='ocrx_word' id='word_1_628' title='bbox 3283 2200 3386 2256; x_wconf 92' lang='lat' dir='ltr'><strong>Do-</strong></span> 
     </span>
    </p>
   </div>
   <div class='ocr_carea' id='block_1_80' title="bbox 1810 2293 3384 2365">
    <p class='ocr_par' dir='ltr' id='par_1_80' title="bbox 1810 2293 3384 2365">
     <span class='ocr_line' id='line_1_80' title="bbox 1810 2293 3384 2365; baseline -0.003 -13"><span class='ocrx_word' id='word_1_629' title='bbox 1810 2298 1954 2352; x_wconf 91' lang='lat' dir='ltr'><strong>mine</strong></span> <span class='ocrx_word' id='word_1_630' title='bbox 1987 2297 2271 2352; x_wconf 89' lang='lat' dir='ltr'><strong>virtutum.</strong></span> <span class='ocrx_word' id='word_1_631' title='bbox 2313 2313 2332 2348; x_wconf 80' lang='grc'>›</span> <span class='ocrx_word' id='word_1_632' title='bbox 2372 2294 2720 2364; x_wconf 82' lang='lat' dir='ltr'><strong>Rursumque</strong></span> <span class='ocrx_word' id='word_1_633' title='bbox 2762 2296 3049 2365; x_wconf 89' lang='lat' dir='ltr'><strong>pluraliter</strong></span> <span class='ocrx_word' id='word_1_634' title='bbox 3078 2293 3263 2363; x_wconf 87' lang='lat' dir='ltr'><strong>adjicit</strong></span> <span class='ocrx_word' id='word_1_635' title='bbox 3295 2293 3342 2327; x_wconf 84' lang='grc'><strong>⁸³</strong></span> <span class='ocrx_word' id='word_1_636' title='bbox 3372 2312 3384 2348; x_wconf 92' lang='lat'>:</span> 
     </span>
    </p>
   </div>
   <div class='ocr_carea' id='block_1_81' title="bbox 1816 2387 3386 2460">
    <p class='ocr_par' dir='ltr' id='par_1_81' title="bbox 1816 2387 3386 2460">
     <span class='ocr_line' id='line_1_81' title="bbox 1816 2387 3386 2460; baseline -0.001 -17"><span class='ocrx_word' id='word_1_637' title='bbox 1816 2410 1833 2443; x_wconf 78' lang='grc' dir='ltr'><strong>ι</strong></span> <span class='ocrx_word' id='word_1_638' title='bbox 1865 2391 2145 2445; x_wconf 89' lang='lat' dir='ltr'><strong>Protector</strong></span> <span class='ocrx_word' id='word_1_639' title='bbox 2185 2397 2393 2454; x_wconf 89' lang='lat' dir='ltr'><strong>noster,</strong></span> <span class='ocrx_word' id='word_1_640' title='bbox 2432 2391 2642 2460; x_wconf 89' lang='lat' dir='ltr'><strong>aspice,</strong></span> <span class='ocrx_word' id='word_1_641' title='bbox 2685 2389 2858 2455; x_wconf 87' lang='lat' dir='ltr'><strong>Deus,</strong></span> <span class='ocrx_word' id='word_1_642' title='bbox 2893 2399 2948 2444; x_wconf 88' lang='lat' dir='ltr'><strong>et</strong></span> <span class='ocrx_word' id='word_1_643' title='bbox 2978 2389 3186 2458; x_wconf 81' lang='lat' dir='ltr'><strong>reSpice</strong></span> <span class='ocrx_word' id='word_1_644' title='bbox 3216 2388 3267 2442; x_wconf 93' lang='lat' dir='ltr'><strong>in</strong></span> <span class='ocrx_word' id='word_1_645' title='bbox 3307 2387 3386 2442; x_wconf 81' lang='lat' dir='ltr'><strong>fa-</strong></span> 
     </span>
    </p>
   </div>
   <div class='ocr_carea' id='block_1_82' title="bbox 1809 2479 3388 2556">
    <p class='ocr_par' dir='ltr' id='par_1_82' title="bbox 1809 2479 3388 2556">
     <span class='ocr_line' id='line_1_82' title="bbox 1809 2479 3388 2556; baseline -0.002 -18"><span class='ocrx_word' id='word_1_646' title='bbox 1809 2483 1947 2538; x_wconf 92' lang='lat' dir='ltr'><strong>ciem</strong></span> <span class='ocrx_word' id='word_1_647' title='bbox 1977 2482 2180 2538; x_wconf 83' lang='lat' dir='ltr'><strong>Christi</strong></span> <span class='ocrx_word' id='word_1_648' title='bbox 2214 2482 2291 2535; x_wconf 93' lang='lat' dir='ltr'><strong>tui</strong></span> <span class='ocrx_word' id='word_1_649' title='bbox 2330 2499 2344 2536; x_wconf 89' lang='lat'><strong>:</strong></span> <span class='ocrx_word' id='word_1_650' title='bbox 2376 2480 2504 2550; x_wconf 90' lang='lat' dir='ltr'><strong>quia</strong></span> <span class='ocrx_word' id='word_1_651' title='bbox 2533 2481 2728 2534; x_wconf 86' lang='lat' dir='ltr'><strong>melior</strong></span> <span class='ocrx_word' id='word_1_652' title='bbox 2759 2489 2843 2556; x_wconf 77' lang='lat' dir='ltr'><strong>est</strong></span> <span class='ocrx_word' id='word_1_653' title='bbox 2875 2481 2992 2536; x_wconf 90' lang='lat' dir='ltr'><strong>dies</strong></span> <span class='ocrx_word' id='word_1_654' title='bbox 3019 2495 3122 2536; x_wconf 90' lang='lat' dir='ltr'><strong>una</strong></span> <span class='ocrx_word' id='word_1_655' title='bbox 3157 2481 3208 2534; x_wconf 93' lang='lat' dir='ltr'><strong>in</strong></span> <span class='ocrx_word' id='word_1_656' title='bbox 3237 2479 3388 2535; x_wconf 78' lang='lat' dir='ltr'><strong>atriis</strong></span> 
     </span>
    </p>
   </div>
   <div class='ocr_carea' id='block_1_83' title="bbox 1809 2573 3388 2645">
    <p class='ocr_par' dir='ltr' id='par_1_83' title="bbox 1809 2573 3388 2645">
     <span class='ocr_line' id='line_1_83' title="bbox 1809 2573 3388 2645; baseline -0.002 -15"><span class='ocrx_word' id='word_1_657' title='bbox 1809 2575 1921 2630; x_wconf 89' lang='lat' dir='ltr'><strong>tuis</strong></span> <span class='ocrx_word' id='word_1_658' title='bbox 1957 2590 2121 2645; x_wconf 90' lang='lat' dir='ltr'><strong>super</strong></span> <span class='ocrx_word' id='word_1_659' title='bbox 2156 2573 2345 2628; x_wconf 91' lang='lat' dir='ltr'><strong>millia.</strong></span> <span class='ocrx_word' id='word_1_660' title='bbox 2396 2593 2416 2628; x_wconf 85' lang='grc'><strong>›</strong></span> <span class='ocrx_word' id='word_1_661' title='bbox 2470 2573 2573 2629; x_wconf 87' lang='lat' dir='ltr'><strong>Ubi</strong></span> <span class='ocrx_word' id='word_1_662' title='bbox 2609 2575 2866 2630; x_wconf 82' lang='lat' dir='ltr'><strong>observes</strong></span> <span class='ocrx_word' id='word_1_663' title='bbox 2895 2574 3042 2629; x_wconf 90' lang='lat' dir='ltr'><strong>illum</strong></span> <span class='ocrx_word' id='word_1_664' title='bbox 3076 2573 3388 2629; x_wconf 86' lang='lat' dir='ltr'><strong>nominatim</strong></span> 
     </span>
    </p>
   </div>
   <div class='ocr_carea' id='block_1_84' title="bbox 1811 2664 3390 2732">
    <p class='ocr_par' dir='ltr' id='par_1_84' title="bbox 1811 2664 3390 2732">
     <span class='ocr_line' id='line_1_84' title="bbox 1811 2664 3390 2732; baseline 0 -12"><span class='ocrx_word' id='word_1_665' title='bbox 1811 2667 1878 2722; x_wconf 83' lang='lat' dir='ltr'><strong>de</strong></span> <span class='ocrx_word' id='word_1_666' title='bbox 1902 2666 2119 2722; x_wconf 89' lang='lat' dir='ltr'><strong>Christo</strong></span> <span class='ocrx_word' id='word_1_667' title='bbox 2141 2667 2473 2721; x_wconf 90' lang='lat' dir='ltr'><strong>mentionem</strong></span> <span class='ocrx_word' id='word_1_668' title='bbox 2501 2664 2721 2722; x_wconf 83' lang='lat' dir='ltr'><strong>fecisse.</strong></span> <span class='ocrx_word' id='word_1_669' title='bbox 2748 2666 2892 2722; x_wconf 92' lang='lat' dir='ltr'><strong>Duos</strong></span> <span class='ocrx_word' id='word_1_670' title='bbox 2916 2676 3098 2722; x_wconf 89' lang='lat' dir='ltr'><strong>autem</strong></span> <span class='ocrx_word' id='word_1_671' title='bbox 3120 2666 3390 2732; x_wconf 89' lang='lat' dir='ltr'><strong>Psalmos,</strong></span> 
     </span>
    </p>
   </div>
   <div class='ocr_carea' id='block_1_85' title="bbox 1816 2758 3382 2828">
    <p class='ocr_par' dir='ltr' id='par_1_85' title="bbox 1816 2758 3382 2828">
     <span class='ocr_line' id='line_1_85' title="bbox 1816 2758 3382 2828; baseline 0 -17"><span class='ocrx_word' id='word_1_672' title='bbox 1816 2775 1838 2811; x_wconf 74' lang='grc' dir='ltr'><strong>ι</strong></span> <span class='ocrx_word' id='word_1_673' title='bbox 1866 2774 1966 2827; x_wconf 88' lang='lat' dir='ltr'><strong>pro</strong></span> <span class='ocrx_word' id='word_1_674' title='bbox 1987 2769 2197 2823; x_wconf 77' lang='lat' dir='ltr'><strong>octava,</strong></span> <span class='ocrx_word' id='word_1_675' title='bbox 2231 2777 2250 2810; x_wconf 75' lang='grc' dir='ltr'><strong>ι</strong></span> <span class='ocrx_word' id='word_1_676' title='bbox 2282 2758 2591 2828; x_wconf 89' lang='lat' dir='ltr'><strong>inscriptos,</strong></span> <span class='ocrx_word' id='word_1_677' title='bbox 2621 2760 2858 2815; x_wconf 82' lang='lat' dir='ltr'><strong>arbitror</strong></span> <span class='ocrx_word' id='word_1_678' title='bbox 2885 2760 3175 2815; x_wconf 88' lang='lat' dir='ltr'><strong>salutarem</strong></span> <span class='ocrx_word' id='word_1_679' title='bbox 3206 2774 3382 2813; x_wconf 87' lang='lat' dir='ltr'><strong>resur-</strong></span> 
     </span>
    </p>
   </div>
   <div class='ocr_carea' id='block_1_86' title="bbox 1810 2849 3388 2920">
    <p class='ocr_par' dir='ltr' id='par_1_86' title="bbox 1810 2849 3388 2920">
     <span class='ocr_line' id='line_1_86' title="bbox 1810 2849 3388 2920; baseline -0.001 -16"><span class='ocrx_word' id='word_1_680' title='bbox 1810 2850 2070 2906; x_wconf 84' lang='lat' dir='ltr'><strong>rectionis</strong></span> <span class='ocrx_word' id='word_1_681' title='bbox 2101 2849 2313 2906; x_wconf 89' lang='lat' dir='ltr'><strong>Domini</strong></span> <span class='ocrx_word' id='word_1_682' title='bbox 2346 2851 2487 2905; x_wconf 88' lang='lat' dir='ltr'><strong>diem</strong></span> <span class='ocrx_word' id='word_1_683' title='bbox 2532 2851 2880 2908; x_wconf 88' lang='lat' dir='ltr'><strong>adumbrare.</strong></span> <span class='ocrx_word' id='word_1_684' title='bbox 2913 2850 3045 2906; x_wconf 90' lang='lat' dir='ltr'><strong>Cum</strong></span> <span class='ocrx_word' id='word_1_685' title='bbox 3073 2849 3258 2920; x_wconf 86' lang='lat' dir='ltr'><strong>itaque</strong></span> <span class='ocrx_word' id='word_1_686' title='bbox 3285 2850 3388 2903; x_wconf 88' lang='lat' dir='ltr'><strong>Da-</strong></span> 
     </span>
    </p>
   </div>
   <div class='ocr_carea' id='block_1_87' title="bbox 1812 2943 3390 3014">
    <p class='ocr_par' dir='ltr' id='par_1_87' title="bbox 1812 2943 3390 3014">
     <span class='ocr_line' id='line_1_87' title="bbox 1812 2943 3390 3014; baseline -0.001 -17"><span class='ocrx_word' id='word_1_687' title='bbox 1812 2943 1902 2998; x_wconf 88' lang='lat' dir='ltr'><strong>vid</strong></span> <span class='ocrx_word' id='word_1_688' title='bbox 1928 2951 2230 3012; x_wconf 86' lang='lat' dir='ltr'><strong>peceatum,</strong></span> <span class='ocrx_word' id='word_1_689' title='bbox 2259 2945 2405 3011; x_wconf 90' lang='lat' dir='ltr'><strong>quod</strong></span> <span class='ocrx_word' id='word_1_690' title='bbox 2442 2945 2509 2999; x_wconf 91' lang='lat' dir='ltr'><strong>ad</strong></span> <span class='ocrx_word' id='word_1_691' title='bbox 2543 2955 2772 2999; x_wconf 86' lang='lat' dir='ltr'><strong>mortem</strong></span> <span class='ocrx_word' id='word_1_692' title='bbox 2800 2952 2955 3008; x_wconf 91' lang='lat' dir='ltr'><strong>erat,</strong></span> <span class='ocrx_word' id='word_1_693' title='bbox 2997 2952 3390 3014; x_wconf 88' lang='lat' dir='ltr'><strong>perpetrasset,</strong></span> 
     </span>
    </p>
   </div>
   <div class='ocr_carea' id='block_1_88' title="bbox 1815 3032 3390 3104">
    <p class='ocr_par' dir='ltr' id='par_1_88' title="bbox 1815 3032 3390 3104">
     <span class='ocr_line' id='line_1_88' title="bbox 1815 3032 3390 3104; baseline 0 -16"><span class='ocrx_word' id='word_1_694' title='bbox 1815 3033 2137 3104; x_wconf 89' lang='lat' dir='ltr'><strong>deprecatur</strong></span> <span class='ocrx_word' id='word_1_695' title='bbox 2167 3034 2220 3087; x_wconf 93' lang='lat' dir='ltr'><strong>in</strong></span> <span class='ocrx_word' id='word_1_696' title='bbox 2249 3044 2403 3090; x_wconf 85' lang='lat' dir='ltr'><strong>sexto</strong></span> <span class='ocrx_word' id='word_1_697' title='bbox 2430 3035 2659 3104; x_wconf 91' lang='lat' dir='ltr'><strong>psalmo,</strong></span> <span class='ocrx_word' id='word_1_698' title='bbox 2692 3048 2758 3088; x_wconf 91' lang='lat' dir='ltr'><strong>ne</strong></span> <span class='ocrx_word' id='word_1_699' title='bbox 2786 3032 3023 3088; x_wconf 79' lang='lat' dir='ltr'><strong>furorem</strong></span> <span class='ocrx_word' id='word_1_700' title='bbox 3051 3041 3107 3088; x_wconf 91' lang='lat' dir='ltr'><strong>et</strong></span> <span class='ocrx_word' id='word_1_701' title='bbox 3137 3034 3271 3088; x_wconf 89' lang='lat' dir='ltr'><strong>iram</strong></span> <span class='ocrx_word' id='word_1_702' title='bbox 3297 3033 3390 3088; x_wconf 91' lang='lat' dir='ltr'><strong>Dei</strong></span> 
     </span>
    </p>
   </div>
   <div class='ocr_carea' id='block_1_89' title="bbox 1813 3125 3388 3194">
    <p class='ocr_par' dir='ltr' id='par_1_89' title="bbox 1813 3125 3388 3194">
     <span class='ocr_line' id='line_1_89' title="bbox 1813 3125 3388 3194; baseline -0.002 -15"><span class='ocrx_word' id='word_1_703' title='bbox 1813 3125 2168 3194; x_wconf 80' lang='lat' dir='ltr'><strong>experiatur;</strong></span> <span class='ocrx_word' id='word_1_704' title='bbox 2216 3127 2312 3182; x_wconf 89' lang='lat' dir='ltr'><strong>sed</strong></span> <span class='ocrx_word' id='word_1_705' title='bbox 2344 3135 2496 3191; x_wconf 72' lang='lat' dir='ltr'><strong>rogat</strong></span> <span class='ocrx_word' id='word_1_706' title='bbox 2529 3135 2590 3181; x_wconf 89' lang='lat' dir='ltr'><strong>ut</strong></span> <span class='ocrx_word' id='word_1_707' title='bbox 2617 3125 2795 3180; x_wconf 89' lang='lat' dir='ltr'><strong>anima</strong></span> <span class='ocrx_word' id='word_1_708' title='bbox 2828 3140 2929 3180; x_wconf 89' lang='lat' dir='ltr'><strong>sua</strong></span> <span class='ocrx_word' id='word_1_709' title='bbox 2964 3125 3388 3180; x_wconf 88' lang='lat' dir='ltr'><strong>misericordiam</strong></span> 
     </span>
    </p>
   </div>
   <div class='ocr_carea' id='block_1_90' title="bbox 1814 3215 3389 3286">
    <p class='ocr_par' dir='ltr' id='par_1_90' title="bbox 1814 3215 3389 3286">
     <span class='ocr_line' id='line_1_90' title="bbox 1814 3215 3389 3286; baseline 0 -15"><span class='ocrx_word' id='word_1_710' title='bbox 1814 3226 1870 3271; x_wconf 92' lang='lat' dir='ltr'><strong>et</strong></span> <span class='ocrx_word' id='word_1_711' title='bbox 1900 3217 2162 3272; x_wconf 89' lang='lat' dir='ltr'><strong>medelam</strong></span> <span class='ocrx_word' id='word_1_712' title='bbox 2198 3227 2588 3286; x_wconf 84' lang='lat' dir='ltr'><strong>consequatur.</strong></span> <span class='ocrx_word' id='word_1_713' title='bbox 2616 3216 2746 3271; x_wconf 91' lang='lat' dir='ltr'><strong>lllud</strong></span> <span class='ocrx_word' id='word_1_714' title='bbox 2781 3225 2961 3271; x_wconf 89' lang='lat' dir='ltr'><strong>autem</strong></span> <span class='ocrx_word' id='word_1_715' title='bbox 3001 3215 3238 3270; x_wconf 82' lang='lat' dir='ltr'><strong>futurum</strong></span> <span class='ocrx_word' id='word_1_716' title='bbox 3268 3229 3389 3271; x_wconf 88' lang='lat' dir='ltr'><strong>esse</strong></span> 
     </span>
    </p>
   </div>
   <div class='ocr_carea' id='block_1_91' title="bbox 1815 3308 3389 3387">
    <p class='ocr_par' dir='ltr' id='par_1_91' title="bbox 1815 3308 3389 3387">
     <span class='ocr_line' id='line_1_91' title="bbox 1815 3308 3389 3387; baseline -0.001 -24"><span class='ocrx_word' id='word_1_717' title='bbox 1815 3309 2140 3363; x_wconf 87' lang='lat' dir='ltr'><strong>vaticinatur</strong></span> <span class='ocrx_word' id='word_1_718' title='bbox 2170 3309 2253 3364; x_wconf 91' lang='lat' dir='ltr'><strong>his</strong></span> <span class='ocrx_word' id='word_1_719' title='bbox 2295 3310 2476 3387; x_wconf 83' lang='lat' dir='ltr'><strong>verbis</strong></span> <span class='ocrx_word' id='word_1_720' title='bbox 2519 3309 2565 3340; x_wconf 82' lang='grc'><strong>⁸³</strong></span> <span class='ocrx_word' id='word_1_721' title='bbox 2604 3328 2618 3364; x_wconf 89' lang='lat'><strong>:</strong></span> <span class='ocrx_word' id='word_1_722' title='bbox 2663 3328 2681 3360; x_wconf 73' lang='grc' dir='ltr'><strong>ι</strong></span> <span class='ocrx_word' id='word_1_723' title='bbox 2717 3308 3084 3374; x_wconf 86' lang='lat' dir='ltr'><strong>Convertere,</strong></span> <span class='ocrx_word' id='word_1_724' title='bbox 3132 3308 3389 3374; x_wconf 90' lang='lat' dir='ltr'><strong>Domine,</strong></span> 
     </span>
    </p>
   </div>
   <div class='ocr_carea' id='block_1_92' title="bbox 1813 3401 3390 3471">
    <p class='ocr_par' dir='ltr' id='par_1_92' title="bbox 1813 3401 3390 3471">
     <span class='ocr_line' id='line_1_92' title="bbox 1813 3401 3390 3471; baseline -0.001 -14"><span class='ocrx_word' id='word_1_725' title='bbox 1813 3401 1960 3471; x_wconf 83' lang='lat' dir='ltr'><strong>eripe</strong></span> <span class='ocrx_word' id='word_1_726' title='bbox 1991 3402 2226 3455; x_wconf 90' lang='lat' dir='ltr'><strong>animam</strong></span> <span class='ocrx_word' id='word_1_727' title='bbox 2256 3417 2459 3467; x_wconf 86' lang='lat' dir='ltr'><strong>meam,</strong></span> <span class='ocrx_word' id='word_1_728' title='bbox 2489 3401 2697 3456; x_wconf 88' lang='lat' dir='ltr'><strong>salvum</strong></span> <span class='ocrx_word' id='word_1_729' title='bbox 2730 3415 2817 3455; x_wconf 88' lang='lat' dir='ltr'><strong>me</strong></span> <span class='ocrx_word' id='word_1_730' title='bbox 2857 3401 2944 3455; x_wconf 84' lang='lat' dir='ltr'><strong>fac</strong></span> <span class='ocrx_word' id='word_1_731' title='bbox 2980 3411 3199 3471; x_wconf 86' lang='lat' dir='ltr'><strong>propter</strong></span> <span class='ocrx_word' id='word_1_732' title='bbox 3232 3401 3390 3456; x_wconf 59' lang='lat' dir='ltr'><strong>miseo</strong></span> 
     </span>
    </p>
   </div>
   <div class='ocr_carea' id='block_1_93' title="bbox 1813 3492 3389 3562">
    <p class='ocr_par' dir='ltr' id='par_1_93' title="bbox 1813 3492 3389 3562">
     <span class='ocr_line' id='line_1_93' title="bbox 1813 3492 3389 3562; baseline 0 -16"><span class='ocrx_word' id='word_1_733' title='bbox 1813 3493 2106 3548; x_wconf 88' lang='lat' dir='ltr'><strong>ricordiam</strong></span> <span class='ocrx_word' id='word_1_734' title='bbox 2155 3505 2300 3546; x_wconf 86' lang='lat' dir='ltr'><strong>tuam</strong></span> <span class='ocrx_word' id='word_1_735' title='bbox 2347 3509 2362 3546; x_wconf 90' lang='lat'><strong>:</strong></span> <span class='ocrx_word' id='word_1_736' title='bbox 2411 3494 2664 3562; x_wconf 86' lang='lat' dir='ltr'><strong>quoniam</strong></span> <span class='ocrx_word' id='word_1_737' title='bbox 2708 3508 2814 3547; x_wconf 94' lang='lat' dir='ltr'><strong>non</strong></span> <span class='ocrx_word' id='word_1_738' title='bbox 2864 3502 2949 3547; x_wconf 91' lang='lat' dir='ltr'><strong>est</strong></span> <span class='ocrx_word' id='word_1_739' title='bbox 2995 3492 3048 3545; x_wconf 93' lang='lat' dir='ltr'><strong>in</strong></span> <span class='ocrx_word' id='word_1_740' title='bbox 3085 3502 3260 3546; x_wconf 90' lang='lat' dir='ltr'><strong>morte</strong></span> <span class='ocrx_word' id='word_1_741' title='bbox 3299 3493 3389 3561; x_wconf 86' lang='lat' dir='ltr'><strong>qui</strong></span> 
     </span>
    </p>
   </div>
   <div class='ocr_carea' id='block_1_94' title="bbox 1815 3582 3390 3652">
    <p class='ocr_par' dir='ltr' id='par_1_94' title="bbox 1815 3582 3390 3652">
     <span class='ocr_line' id='line_1_94' title="bbox 1815 3582 3390 3652; baseline -0.001 -13"><span class='ocrx_word' id='word_1_742' title='bbox 1815 3600 2021 3640; x_wconf 85' lang='lat' dir='ltr'><strong>memor</strong></span> <span class='ocrx_word' id='word_1_743' title='bbox 2053 3584 2127 3640; x_wconf 86' lang='lat' dir='ltr'><strong>sit</strong></span> <span class='ocrx_word' id='word_1_744' title='bbox 2171 3585 2283 3649; x_wconf 87' lang='lat' dir='ltr'><strong>tui,</strong></span> <span class='ocrx_word' id='word_1_745' title='bbox 2321 3584 2377 3638; x_wconf 91' lang='lat' dir='ltr'><strong>in</strong></span> <span class='ocrx_word' id='word_1_746' title='bbox 2428 3582 2641 3639; x_wconf 83' lang='lat' dir='ltr'><strong>inferno</strong></span> <span class='ocrx_word' id='word_1_747' title='bbox 2683 3593 2860 3638; x_wconf 90' lang='lat' dir='ltr'><strong>autem</strong></span> <span class='ocrx_word' id='word_1_748' title='bbox 2898 3583 3020 3652; x_wconf 90' lang='lat' dir='ltr'><strong>quis</strong></span> <span class='ocrx_word' id='word_1_749' title='bbox 3049 3582 3390 3646; x_wconf 84' lang='lat' dir='ltr'><strong>conﬁtebitur</strong></span> 
     </span>
    </p>
   </div>
   <div class='ocr_carea' id='block_1_95' title="bbox 1815 3673 3391 3748">
    <p class='ocr_par' dir='ltr' id='par_1_95' title="bbox 1815 3673 3391 3748">
     <span class='ocr_line' id='line_1_95' title="bbox 1815 3673 3391 3748; baseline -0.002 -17"><span class='ocrx_word' id='word_1_750' title='bbox 1815 3678 1950 3732; x_wconf 86' lang='lat' dir='ltr'><strong>tibi?</strong></span> <span class='ocrx_word' id='word_1_751' title='bbox 1985 3697 2003 3730; x_wconf 74' lang='grc' dir='ltr'><strong>ι</strong></span> <span class='ocrx_word' id='word_1_752' title='bbox 2033 3693 2094 3732; x_wconf 91' lang='lat' dir='ltr'><strong>ac</strong></span> <span class='ocrx_word' id='word_1_753' title='bbox 2120 3678 2165 3732; x_wconf 91' lang='lat' dir='ltr'><strong>si</strong></span> <span class='ocrx_word' id='word_1_754' title='bbox 2200 3677 2428 3731; x_wconf 93' lang='lat' dir='ltr'><strong>Domino</strong></span> <span class='ocrx_word' id='word_1_755' title='bbox 2451 3675 2552 3746; x_wconf 91' lang='lat' dir='ltr'><strong>ipsi</strong></span> <span class='ocrx_word' id='word_1_756' title='bbox 2574 3677 2872 3748; x_wconf 90' lang='lat' dir='ltr'><strong>supplicet,</strong></span> <span class='ocrx_word' id='word_1_757' title='bbox 2895 3685 2954 3730; x_wconf 92' lang='lat' dir='ltr'><strong>ut</strong></span> <span class='ocrx_word' id='word_1_758' title='bbox 2977 3673 3212 3730; x_wconf 90' lang='lat' dir='ltr'><strong>animam</strong></span> <span class='ocrx_word' id='word_1_759' title='bbox 3238 3690 3391 3730; x_wconf 91' lang='lat' dir='ltr'><strong>suam</strong></span> 
     </span>
    </p>
   </div>
   <div class='ocr_carea' id='block_1_96' title="bbox 1811 3769 3391 3840">
    <p class='ocr_par' dir='ltr' id='par_1_96' title="bbox 1811 3769 3391 3840">
     <span class='ocr_line' id='line_1_96' title="bbox 1811 3769 3391 3840; baseline -0.003 -16"><span class='ocrx_word' id='word_1_760' title='bbox 1811 3779 1967 3824; x_wconf 91' lang='lat' dir='ltr'><strong>eruat</strong></span> <span class='ocrx_word' id='word_1_761' title='bbox 1999 3785 2028 3822; x_wconf 93' lang='lat' dir='ltr'><strong>a</strong></span> <span class='ocrx_word' id='word_1_762' title='bbox 2063 3779 2258 3825; x_wconf 90' lang='lat' dir='ltr'><strong>morte.</strong></span> <span class='ocrx_word' id='word_1_763' title='bbox 2289 3769 2344 3823; x_wconf 92' lang='lat' dir='ltr'><strong>ln</strong></span> <span class='ocrx_word' id='word_1_764' title='bbox 2384 3771 2738 3838; x_wconf 88' lang='lat' dir='ltr'><strong>sequentibus</strong></span> <span class='ocrx_word' id='word_1_765' title='bbox 2767 3782 2898 3823; x_wconf 90' lang='lat' dir='ltr'><strong>vero</strong></span> <span class='ocrx_word' id='word_1_766' title='bbox 2923 3807 2938 3833; x_wconf 92' lang='lat'><strong>,</strong></span> <span class='ocrx_word' id='word_1_767' title='bbox 2966 3781 3024 3822; x_wconf 89' lang='lat' dir='ltr'><strong>se</strong></span> <span class='ocrx_word' id='word_1_768' title='bbox 3051 3774 3172 3823; x_wconf 89' lang='lat' dir='ltr'><strong>vota</strong></span> <span class='ocrx_word' id='word_1_769' title='bbox 3199 3781 3391 3840; x_wconf 86' lang='lat' dir='ltr'><strong>consc-</strong></span> 
     </span>
    </p>
   </div>
   <div class='ocr_carea' id='block_1_97' title="bbox 1812 3857 3391 3918">
    <p class='ocr_par' dir='ltr' id='par_1_97' title="bbox 1812 3857 3391 3918">
     <span class='ocr_line' id='line_1_97' title="bbox 1812 3857 3391 3918; baseline -0.004 0"><span class='ocrx_word' id='word_1_770' title='bbox 1812 3871 1993 3918; x_wconf 90' lang='lat' dir='ltr'><strong>cutum</strong></span> <span class='ocrx_word' id='word_1_771' title='bbox 2021 3878 2140 3918; x_wconf 88' lang='lat' dir='ltr'><strong>esse</strong></span> <span class='ocrx_word' id='word_1_772' title='bbox 2167 3862 2410 3918; x_wconf 88' lang='lat' dir='ltr'><strong>declarat</strong></span> <span class='ocrx_word' id='word_1_773' title='bbox 2445 3861 2531 3917; x_wconf 89' lang='lat' dir='ltr'><strong>his</strong></span> <span class='ocrx_word' id='word_1_774' title='bbox 2569 3861 2753 3916; x_wconf 82' lang='lat' dir='ltr'><strong>verbis</strong></span> <span class='ocrx_word' id='word_1_775' title='bbox 2777 3861 2826 3892; x_wconf 73' lang='lat'><strong>“</strong></span> <span class='ocrx_word' id='word_1_776' title='bbox 2860 3878 2874 3915; x_wconf 88' lang='lat'><strong>:</strong></span> <span class='ocrx_word' id='word_1_777' title='bbox 2916 3878 2936 3911; x_wconf 77' lang='grc' dir='ltr'><strong>ι</strong></span> <span class='ocrx_word' id='word_1_778' title='bbox 2971 3858 3254 3914; x_wconf 79' lang='lat' dir='ltr'><strong>Exaudivit</strong></span> <span class='ocrx_word' id='word_1_779' title='bbox 3286 3857 3391 3912; x_wconf 87' lang='lat' dir='ltr'><strong>Do-</strong></span> 
     </span>
    </p>
   </div>
   <div class='ocr_carea' id='block_1_98' title="bbox 1813 3951 3387 4020">
    <p class='ocr_par' dir='ltr' id='par_1_98' title="bbox 1813 3951 3387 4020">
     <span class='ocr_line' id='line_1_98' title="bbox 1813 3951 3387 4020; baseline -0.003 -10"><span class='ocrx_word' id='word_1_780' title='bbox 1813 3956 1992 4011; x_wconf 89' lang='lat' dir='ltr'><strong>minus</strong></span> <span class='ocrx_word' id='word_1_781' title='bbox 2020 3971 2206 4011; x_wconf 88' lang='lat' dir='ltr'><strong>vocem</strong></span> <span class='ocrx_word' id='word_1_782' title='bbox 2231 3955 2391 4010; x_wconf 80' lang='lat' dir='ltr'><strong>ﬂetus</strong></span> <span class='ocrx_word' id='word_1_783' title='bbox 2421 3955 2526 4010; x_wconf 92' lang='lat' dir='ltr'><strong>mei</strong></span> <span class='ocrx_word' id='word_1_784' title='bbox 2559 3969 2574 4008; x_wconf 91' lang='lat'><strong>:</strong></span> <span class='ocrx_word' id='word_1_785' title='bbox 2599 3953 2878 4007; x_wconf 83' lang='lat' dir='ltr'><strong>exaudivit</strong></span> <span class='ocrx_word' id='word_1_786' title='bbox 2907 3952 3168 4006; x_wconf 92' lang='lat' dir='ltr'><strong>Dominus</strong></span> <span class='ocrx_word' id='word_1_787' title='bbox 3202 3951 3387 4020; x_wconf 86' lang='lat' dir='ltr'><strong>depre-</strong></span> 
     </span>
    </p>
   </div>
   <div class='ocr_carea' id='block_1_99' title="bbox 1811 4043 3389 4113">
    <p class='ocr_par' dir='ltr' id='par_1_99' title="bbox 1811 4043 3389 4113">
     <span class='ocr_line' id='line_1_99' title="bbox 1811 4043 3389 4113; baseline -0.004 -11"><span class='ocrx_word' id='word_1_788' title='bbox 1811 4048 2079 4102; x_wconf 88' lang='lat' dir='ltr'><strong>cationem</strong></span> <span class='ocrx_word' id='word_1_789' title='bbox 2117 4062 2330 4113; x_wconf 88' lang='lat' dir='ltr'><strong>meam,</strong></span> <span class='ocrx_word' id='word_1_790' title='bbox 2372 4046 2631 4102; x_wconf 89' lang='lat' dir='ltr'><strong>Dominus</strong></span> <span class='ocrx_word' id='word_1_791' title='bbox 2666 4043 2970 4099; x_wconf 91' lang='lat' dir='ltr'><strong>orationem</strong></span> <span class='ocrx_word' id='word_1_792' title='bbox 3005 4057 3182 4098; x_wconf 87' lang='lat' dir='ltr'><strong>meam</strong></span> <span class='ocrx_word' id='word_1_793' title='bbox 3211 4057 3389 4098; x_wconf 84' lang='lat' dir='ltr'><strong>susce-</strong></span> 
     </span>
    </p>
   </div>
   <div class='ocr_carea' id='block_1_100' title="bbox 1812 4133 3392 4210">
    <p class='ocr_par' dir='ltr' id='par_1_100' title="bbox 1812 4133 3392 4210">
     <span class='ocr_line' id='line_1_100' title="bbox 1812 4133 3392 4210; baseline -0.004 -16"><span class='ocrx_word' id='word_1_794' title='bbox 1812 4141 1912 4210; x_wconf 91' lang='lat' dir='ltr'><strong>pit.</strong></span> <span class='ocrx_word' id='word_1_795' title='bbox 1961 4159 1980 4192; x_wconf 71' lang='grc' dir='ltr'><strong>ι</strong></span> <span class='ocrx_word' id='word_1_796' title='bbox 2022 4138 2192 4195; x_wconf 88' lang='lat' dir='ltr'><strong>Suum</strong></span> <span class='ocrx_word' id='word_1_797' title='bbox 2226 4141 2371 4195; x_wconf 90' lang='lat' dir='ltr'><strong>enim</strong></span> <span class='ocrx_word' id='word_1_798' title='bbox 2403 4155 2468 4195; x_wconf 82' lang='lat' dir='ltr'><strong>ex</strong></span> <span class='ocrx_word' id='word_1_799' title='bbox 2507 4145 2681 4193; x_wconf 89' lang='lat' dir='ltr'><strong>morte</strong></span> <span class='ocrx_word' id='word_1_800' title='bbox 2709 4137 2773 4190; x_wconf 89' lang='lat' dir='ltr'><strong>ad</strong></span> <span class='ocrx_word' id='word_1_801' title='bbox 2804 4135 2970 4190; x_wconf 88' lang='lat' dir='ltr'><strong>vitam</strong></span> <span class='ocrx_word' id='word_1_802' title='bbox 3011 4135 3270 4200; x_wconf 91' lang='lat' dir='ltr'><strong>reditum,</strong></span> <span class='ocrx_word' id='word_1_803' title='bbox 3301 4133 3392 4204; x_wconf 88' lang='lat' dir='ltr'><strong>qui</strong></span> 
     </span>
    </p>
   </div>
   <div class='ocr_carea' id='block_1_101' title="bbox 1812 4227 3392 4303">
    <p class='ocr_par' dir='ltr' id='par_1_101' title="bbox 1812 4227 3392 4303">
     <span class='ocr_line' id='line_1_101' title="bbox 1812 4227 3392 4303; baseline -0.005 -15"><span class='ocrx_word' id='word_1_804' title='bbox 1812 4243 1934 4303; x_wconf 88' lang='lat' dir='ltr'><strong>post</strong></span> <span class='ocrx_word' id='word_1_805' title='bbox 1963 4232 2420 4288; x_wconf 89' lang='lat' dir='ltr'><strong>resurrectionem</strong></span> <span class='ocrx_word' id='word_1_806' title='bbox 2461 4229 2663 4286; x_wconf 85' lang='lat' dir='ltr'><strong>Christi</strong></span> <span class='ocrx_word' id='word_1_807' title='bbox 2707 4227 2969 4299; x_wconf 81' lang='lat' dir='ltr'><strong>contigit,</strong></span> <span class='ocrx_word' id='word_1_808' title='bbox 3021 4227 3106 4282; x_wconf 89' lang='lat' dir='ltr'><strong>his</strong></span> <span class='ocrx_word' id='word_1_809' title='bbox 3147 4227 3392 4282; x_wconf 84' lang='lat' dir='ltr'><strong>subindi-</strong></span> 
     </span>
    </p>
   </div>
   <div class='ocr_carea' id='block_1_102' title="bbox 1813 4319 3388 4395">
    <p class='ocr_par' dir='ltr' id='par_1_102' title="bbox 1813 4319 3388 4395">
     <span class='ocr_line' id='line_1_102' title="bbox 1813 4319 3388 4395; baseline -0.008 -12"><span class='ocrx_word' id='word_1_810' title='bbox 1813 4327 1978 4384; x_wconf 85' lang='lat' dir='ltr'><strong>cavit.</strong></span> <span class='ocrx_word' id='word_1_811' title='bbox 2000 4320 2366 4395; x_wconf 86' lang='lat' dir='ltr'><strong>Similiterque</strong></span> <span class='ocrx_word' id='word_1_812' title='bbox 2383 4323 2704 4378; x_wconf 86' lang='lat' dir='ltr'><strong>undecimus</strong></span> <span class='ocrx_word' id='word_1_813' title='bbox 2721 4319 2982 4390; x_wconf 86' lang='lat' dir='ltr'><strong>psalmus,</strong></span> <span class='ocrx_word' id='word_1_814' title='bbox 2995 4337 3013 4370; x_wconf 76' lang='grc' dir='ltr'><strong>ι</strong></span> <span class='ocrx_word' id='word_1_815' title='bbox 3029 4334 3126 4388; x_wconf 85' lang='lat' dir='ltr'><strong>pro</strong></span> <span class='ocrx_word' id='word_1_816' title='bbox 3141 4327 3388 4381; x_wconf 61' lang='lat' dir='ltr'><strong>octava,»</strong></span> 
     </span>
    </p>
   </div>
   <div class='ocr_carea' id='block_1_103' title="bbox 1814 4409 3392 4490">
    <p class='ocr_par' dir='ltr' id='par_1_103' title="bbox 1814 4409 3392 4490">
     <span class='ocr_line' id='line_1_103' title="bbox 1814 4409 3392 4490; baseline -0.006 -16"><span class='ocrx_word' id='word_1_817' title='bbox 1814 4419 2106 4490; x_wconf 88' lang='lat' dir='ltr'><strong>inscriptus</strong></span> <span class='ocrx_word' id='word_1_818' title='bbox 2161 4426 2282 4478; x_wconf 85' lang='lat' dir='ltr'><strong>est,</strong></span> <span class='ocrx_word' id='word_1_819' title='bbox 2337 4429 2640 4486; x_wconf 89' lang='lat' dir='ltr'><strong>paremque</strong></span> <span class='ocrx_word' id='word_1_820' title='bbox 2694 4411 2916 4466; x_wconf 87' lang='lat' dir='ltr'><strong>Davidis</strong></span> <span class='ocrx_word' id='word_1_821' title='bbox 2957 4409 3392 4478; x_wconf 83' lang='lat' dir='ltr'><strong>deprecationem</strong></span> 
     </span>
    </p>
   </div>
   <div class='ocr_carea' id='block_1_104' title="bbox 1814 4501 3390 4568">
    <p class='ocr_par' dir='ltr' id='par_1_104' title="bbox 1814 4501 3390 4568">
     <span class='ocr_line' id='line_1_104' title="bbox 1814 4501 3390 4568; baseline -0.007 -1"><span class='ocrx_word' id='word_1_822' title='bbox 1814 4511 2062 4568; x_wconf 89' lang='lat' dir='ltr'><strong>continet</strong></span> <span class='ocrx_word' id='word_1_823' title='bbox 2111 4508 2342 4565; x_wconf 89' lang='lat' dir='ltr'><strong>dicentis</strong></span> <span class='ocrx_word' id='word_1_824' title='bbox 2383 4507 2429 4539; x_wconf 79' lang='grc'><strong>⁸⁵</strong></span> <span class='ocrx_word' id='word_1_825' title='bbox 2471 4523 2485 4560; x_wconf 91' lang='lat'><strong>:</strong></span> <span class='ocrx_word' id='word_1_826' title='bbox 2531 4521 2554 4559; x_wconf 75' lang='grc' dir='ltr'><strong>ι</strong></span> <span class='ocrx_word' id='word_1_827' title='bbox 2593 4503 2816 4560; x_wconf 90' lang='lat' dir='ltr'><strong>Salvum</strong></span> <span class='ocrx_word' id='word_1_828' title='bbox 2853 4518 2938 4558; x_wconf 91' lang='lat' dir='ltr'><strong>me</strong></span> <span class='ocrx_word' id='word_1_829' title='bbox 2970 4503 3085 4564; x_wconf 79' lang='lat' dir='ltr'><strong>fac,</strong></span> <span class='ocrx_word' id='word_1_830' title='bbox 3128 4501 3390 4566; x_wconf 88' lang='lat' dir='ltr'><strong>Domine,</strong></span> 
     </span>
    </p>
   </div>
   <div class='ocr_carea' id='block_1_105' title="bbox 1816 4591 3390 4672">
    <p class='ocr_par' dir='ltr' id='par_1_105' title="bbox 1816 4591 3390 4672">
     <span class='ocr_line' id='line_1_105' title="bbox 1816 4591 3390 4672; baseline -0.005 -18"><span class='ocrx_word' id='word_1_831' title='bbox 1816 4601 2072 4672; x_wconf 87' lang='lat' dir='ltr'><strong>quoniam</strong></span> <span class='ocrx_word' id='word_1_832' title='bbox 2114 4597 2315 4653; x_wconf 84' lang='lat' dir='ltr'><strong>defecit</strong></span> <span class='ocrx_word' id='word_1_833' title='bbox 2346 4604 2590 4652; x_wconf 86' lang='lat' dir='ltr'><strong>sanctus.</strong></span> <span class='ocrx_word' id='word_1_834' title='bbox 2631 4613 2650 4646; x_wconf 84' lang='grc'><strong>›</strong></span> <span class='ocrx_word' id='word_1_835' title='bbox 2698 4594 2960 4662; x_wconf 88' lang='lat' dir='ltr'><strong>Deinceps</strong></span> <span class='ocrx_word' id='word_1_836' title='bbox 2997 4607 3102 4646; x_wconf 88' lang='lat' dir='ltr'><strong>non</strong></span> <span class='ocrx_word' id='word_1_837' title='bbox 3131 4591 3390 4656; x_wconf 85' lang='lat' dir='ltr'><strong>obscure,</strong></span> 
     </span>
    </p>
   </div>
   <div class='ocr_carea' id='block_1_106' title="bbox 1817 4679 3393 4748">
    <p class='ocr_par' dir='ltr' id='par_1_106' title="bbox 1817 4679 3393 4748">
     <span class='ocr_line' id='line_1_106' title="bbox 1817 4679 3393 4748; baseline -0.008 0"><span class='ocrx_word' id='word_1_838' title='bbox 1817 4691 1909 4748; x_wconf 88' lang='lat' dir='ltr'><strong>sed</strong></span> <span class='ocrx_word' id='word_1_839' title='bbox 1949 4690 2096 4744; x_wconf 89' lang='lat' dir='ltr'><strong>clare</strong></span> <span class='ocrx_word' id='word_1_840' title='bbox 2142 4703 2207 4744; x_wconf 88' lang='lat' dir='ltr'><strong>ac</strong></span> <span class='ocrx_word' id='word_1_841' title='bbox 2255 4685 2485 4742; x_wconf 88' lang='lat' dir='ltr'><strong>dilucide</strong></span> <span class='ocrx_word' id='word_1_842' title='bbox 2511 4683 2795 4746; x_wconf 81' lang='lat' dir='ltr'><strong>subinfert,</strong></span> <span class='ocrx_word' id='word_1_843' title='bbox 2828 4681 3017 4736; x_wconf 89' lang='lat' dir='ltr'><strong>dicens</strong></span> <span class='ocrx_word' id='word_1_844' title='bbox 3045 4680 3091 4712; x_wconf 71' lang='grc'><strong>⁵⁸</strong></span> <span class='ocrx_word' id='word_1_845' title='bbox 3129 4700 3144 4734; x_wconf 88' lang='lat'><strong>:</strong></span> <span class='ocrx_word' id='word_1_846' title='bbox 3185 4697 3205 4732; x_wconf 77' lang='grc' dir='ltr'><strong>ι</strong></span> <span class='ocrx_word' id='word_1_847' title='bbox 3241 4679 3393 4736; x_wconf 84' lang='lat' dir='ltr'><strong>Nunc</strong></span> 
     </span>
    </p>
   </div>
   <div class='ocr_carea' id='block_1_107' title="bbox 1818 4770 3382 4852">
    <p class='ocr_par' dir='ltr' id='par_1_107' title="bbox 1818 4770 3382 4852">
     <span class='ocr_line' id='line_1_107' title="bbox 1818 4770 3382 4852; baseline -0.008 -15"><span class='ocrx_word' id='word_1_848' title='bbox 1818 4798 2119 4852; x_wconf 86' lang='lat' dir='ltr'><strong>resurgam,</strong></span> <span class='ocrx_word' id='word_1_849' title='bbox 2168 4781 2300 4834; x_wconf 92' lang='lat' dir='ltr'><strong>dicit</strong></span> <span class='ocrx_word' id='word_1_850' title='bbox 2358 4776 2619 4832; x_wconf 89' lang='lat' dir='ltr'><strong>Dominus</strong></span> <span class='ocrx_word' id='word_1_851' title='bbox 2671 4791 2686 4828; x_wconf 88' lang='lat'><strong>:</strong></span> <span class='ocrx_word' id='word_1_852' title='bbox 2748 4788 2942 4842; x_wconf 87' lang='lat' dir='ltr'><strong>ponam</strong></span> <span class='ocrx_word' id='word_1_853' title='bbox 2985 4773 3036 4826; x_wconf 91' lang='lat' dir='ltr'><strong>in</strong></span> <span class='ocrx_word' id='word_1_854' title='bbox 3078 4770 3325 4828; x_wconf 83' lang='lat' dir='ltr'><strong>salutari.</strong></span> <span class='ocrx_word' id='word_1_855' title='bbox 3363 4789 3382 4824; x_wconf 69' lang='grc' dir='ltr'><strong>ι</strong></span> 
     </span>
    </p>
   </div>
   <div class='ocr_carea' id='block_1_108' title="bbox 1813 4861 3392 4942">
    <p class='ocr_par' dir='ltr' id='par_1_108' title="bbox 1813 4861 3392 4942">
     <span class='ocr_line' id='line_1_108' title="bbox 1813 4861 3392 4942; baseline -0.009 -13"><span class='ocrx_word' id='word_1_856' title='bbox 1813 4873 2042 4942; x_wconf 89' lang='lat' dir='ltr'><strong>Propter</strong></span> <span class='ocrx_word' id='word_1_857' title='bbox 2069 4887 2229 4942; x_wconf 88' lang='lat' dir='ltr'><strong>quam</strong></span> <span class='ocrx_word' id='word_1_858' title='bbox 2257 4867 2469 4923; x_wconf 88' lang='lat' dir='ltr'><strong>Domini</strong></span> <span class='ocrx_word' id='word_1_859' title='bbox 2501 4864 2969 4929; x_wconf 87' lang='lat' dir='ltr'><strong>resurrectionem,</strong></span> <span class='ocrx_word' id='word_1_860' title='bbox 2994 4877 3112 4932; x_wconf 73' lang='lat' dir='ltr'><strong>quae</strong></span> <span class='ocrx_word' id='word_1_861' title='bbox 3137 4862 3223 4916; x_wconf 89' lang='lat' dir='ltr'><strong>die</strong></span> <span class='ocrx_word' id='word_1_862' title='bbox 3253 4861 3392 4918; x_wconf 80' lang='lat' dir='ltr'><strong>Sab-</strong></span> 
     </span>
    </p>
   </div>
   <div class='ocr_carea' id='block_1_109' title="bbox 1815 4953 3389 5031">
    <p class='ocr_par' dir='ltr' id='par_1_109' title="bbox 1815 4953 3389 5031">
     <span class='ocr_line' id='line_1_109' title="bbox 1815 4953 3389 5031; baseline -0.006 -13"><span class='ocrx_word' id='word_1_863' title='bbox 1815 4964 1996 5018; x_wconf 87' lang='lat' dir='ltr'><strong>batum</strong></span> <span class='ocrx_word' id='word_1_864' title='bbox 2048 4965 2433 5031; x_wconf 86' lang='lat' dir='ltr'><strong>subsequente,</strong></span> <span class='ocrx_word' id='word_1_865' title='bbox 2486 4957 2538 5012; x_wconf 89' lang='lat' dir='ltr'><strong>id</strong></span> <span class='ocrx_word' id='word_1_866' title='bbox 2581 4965 2700 5020; x_wconf 91' lang='lat' dir='ltr'><strong>est,</strong></span> <span class='ocrx_word' id='word_1_867' title='bbox 2751 4965 2971 5019; x_wconf 81' lang='lat' dir='ltr'><strong>octava,</strong></span> <span class='ocrx_word' id='word_1_868' title='bbox 3023 4955 3287 5023; x_wconf 80' lang='lat' dir='ltr'><strong>contigit,</strong></span> <span class='ocrx_word' id='word_1_869' title='bbox 3335 4953 3389 5009; x_wconf 88' lang='lat' dir='ltr'><strong>in</strong></span> 
     </span>
    </p>
   </div>
   <div class='ocr_carea' id='block_1_110' title="bbox 1818 5045 3390 5124">
    <p class='ocr_par' dir='ltr' id='par_1_110' title="bbox 1818 5045 3390 5124">
     <span class='ocr_line' id='line_1_110' title="bbox 1818 5045 3390 5124; baseline -0.007 -14"><span class='ocrx_word' id='word_1_870' title='bbox 1818 5071 1968 5110; x_wconf 73' lang='lat' dir='ltr'><strong>nova:</strong></span> <span class='ocrx_word' id='word_1_871' title='bbox 2001 5055 2125 5109; x_wconf 62' lang='lat' dir='ltr'><strong>vius</strong></span> <span class='ocrx_word' id='word_1_872' title='bbox 2156 5062 2342 5124; x_wconf 77' lang='lat' dir='ltr'><strong>typum</strong></span> <span class='ocrx_word' id='word_1_873' title='bbox 2386 5046 2690 5118; x_wconf 88' lang='lat' dir='ltr'><strong>hujnsmodi</strong></span> <span class='ocrx_word' id='word_1_874' title='bbox 2727 5045 3081 5115; x_wconf 79' lang='lat' dir='ltr'><strong>inscriptione</strong></span> <span class='ocrx_word' id='word_1_875' title='bbox 3112 5047 3390 5113; x_wconf 83' lang='lat' dir='ltr'><strong>dignatum</strong></span> 
     </span>
    </p>
   </div>
   <div class='ocr_carea' id='block_1_111' title="bbox 1817 5135 3386 5214">
    <p class='ocr_par' dir='ltr' id='par_1_111' title="bbox 1817 5135 3386 5214">
     <span class='ocr_line' id='line_1_111' title="bbox 1817 5135 3386 5214; baseline -0.007 -13"><span class='ocrx_word' id='word_1_876' title='bbox 1817 5160 1938 5201; x_wconf 87' lang='lat' dir='ltr'><strong>esse</strong></span> <span class='ocrx_word' id='word_1_877' title='bbox 1971 5146 2238 5214; x_wconf 85' lang='lat' dir='ltr'><strong>psalmum</strong></span> <span class='ocrx_word' id='word_1_878' title='bbox 2273 5141 2546 5197; x_wconf 80' lang='lat' dir='ltr'><strong>existimo.</strong></span> <span class='ocrx_word' id='word_1_879' title='bbox 2586 5139 2724 5193; x_wconf 88' lang='lat' dir='ltr'><strong>Sunt</strong></span> <span class='ocrx_word' id='word_1_880' title='bbox 2757 5153 2920 5208; x_wconf 88' lang='lat' dir='ltr'><strong>porro</strong></span> <span class='ocrx_word' id='word_1_881' title='bbox 2948 5153 3136 5192; x_wconf 91' lang='lat' dir='ltr'><strong>omnes</strong></span> <span class='ocrx_word' id='word_1_882' title='bbox 3164 5135 3386 5206; x_wconf 85' lang='lat' dir='ltr'><strong>psalmi,</strong></span> 
     </span>
    </p>
   </div>
   <div class='ocr_carea' id='block_1_112' title="bbox 1820 5229 3390 5308">
    <p class='ocr_par' dir='ltr' id='par_1_112' title="bbox 1820 5229 3390 5308">
     <span class='ocr_line' id='line_1_112' title="bbox 1820 5229 3390 5308; baseline -0.007 -19"><span class='ocrx_word' id='word_1_883' title='bbox 1820 5257 1839 5289; x_wconf 83' lang='grc'><strong><em>‹</em></strong></span> <span class='ocrx_word' id='word_1_884' title='bbox 1864 5253 1962 5308; x_wconf 89' lang='lat' dir='ltr'><strong>pro</strong></span> <span class='ocrx_word' id='word_1_885' title='bbox 1991 5238 2056 5291; x_wconf 90' lang='lat' dir='ltr'><strong>iis</strong></span> <span class='ocrx_word' id='word_1_886' title='bbox 2079 5240 2169 5306; x_wconf 84' lang='lat' dir='ltr'><strong>qui</strong></span> <span class='ocrx_word' id='word_1_887' title='bbox 2205 5234 2658 5294; x_wconf 88' lang='lat' dir='ltr'><strong>immutabuntur,</strong></span> <span class='ocrx_word' id='word_1_888' title='bbox 2681 5248 2698 5281; x_wconf 76' lang='grc' dir='ltr'><strong>ι</strong></span> <span class='ocrx_word' id='word_1_889' title='bbox 2717 5229 2984 5301; x_wconf 90' lang='lat' dir='ltr'><strong>inscripti,</strong></span> <span class='ocrx_word' id='word_1_890' title='bbox 3005 5242 3230 5283; x_wconf 92' lang='lat' dir='ltr'><strong>numero</strong></span> <span class='ocrx_word' id='word_1_891' title='bbox 3255 5241 3390 5294; x_wconf 86' lang='lat' dir='ltr'><strong>qua-</strong></span> 
     </span>
    </p>
   </div>
   <div class='ocr_carea' id='block_1_113' title="bbox 1815 5316 3387 5397">
    <p class='ocr_par' dir='ltr' id='par_1_113' title="bbox 1815 5316 3387 5397">
     <span class='ocr_line' id='line_1_113' title="bbox 1815 5316 3387 5397; baseline -0.006 -14"><span class='ocrx_word' id='word_1_892' title='bbox 1815 5339 1957 5384; x_wconf 89' lang='lat' dir='ltr'><strong>tuor.</strong></span> <span class='ocrx_word' id='word_1_893' title='bbox 2005 5327 2086 5381; x_wconf 79' lang='lat' dir='ltr'><strong>Ex</strong></span> <span class='ocrx_word' id='word_1_894' title='bbox 2141 5316 2228 5382; x_wconf 87' lang='lat' dir='ltr'><strong>his</strong></span> <span class='ocrx_word' id='word_1_895' title='bbox 2275 5327 2757 5397; x_wconf 78' lang='lat' dir='ltr'><strong>quinquagesimus</strong></span> <span class='ocrx_word' id='word_1_896' title='bbox 2799 5338 2972 5377; x_wconf 89' lang='lat' dir='ltr'><strong>nonus</strong></span> <span class='ocrx_word' id='word_1_897' title='bbox 3005 5321 3220 5376; x_wconf 79' lang='lat' dir='ltr'><strong>videtur</strong></span> <span class='ocrx_word' id='word_1_898' title='bbox 3256 5319 3387 5374; x_wconf 89' lang='lat' dir='ltr'><strong>mihi</strong></span> 
     </span>
    </p>
   </div>
   <div class='ocr_carea' id='block_1_114' title="bbox 1813 5419 3388 5489">
    <p class='ocr_par' dir='ltr' id='par_1_114' title="bbox 1813 5419 3388 5489">
     <span class='ocr_line' id='line_1_114' title="bbox 1813 5419 3388 5489; baseline -0.005 -13"><span class='ocrx_word' id='word_1_899' title='bbox 1813 5421 2245 5476; x_wconf 89' lang='lat' dir='ltr'><strong>immutationem</strong></span> <span class='ocrx_word' id='word_1_900' title='bbox 2299 5419 2538 5474; x_wconf 89' lang='lat' dir='ltr'><strong>indicare</strong></span> <span class='ocrx_word' id='word_1_901' title='bbox 2579 5432 2744 5489; x_wconf 89' lang='lat' dir='ltr'><strong>quam</strong></span> <span class='ocrx_word' id='word_1_902' title='bbox 2791 5430 2968 5487; x_wconf 72' lang='lat' dir='ltr'><strong>passa:</strong></span> <span class='ocrx_word' id='word_1_903' title='bbox 3023 5422 3148 5469; x_wconf 91' lang='lat' dir='ltr'><strong>sunt</strong></span> <span class='ocrx_word' id='word_1_904' title='bbox 3196 5420 3388 5482; x_wconf 78' lang='lat' dir='ltr'><strong>gentes</strong></span> 
     </span>
    </p>
   </div>
   <div class='ocr_carea' id='block_1_115' title="bbox 1317 5540 1705 5623">
    <p class='ocr_par' dir='ltr' id='par_1_115' title="bbox 1317 5556 1676 5620">
     <span class='ocr_line' id='line_1_115' title="bbox 1317 5556 1676 5620; baseline 0 -9"><span class='ocrx_word' id='word_1_905' title='bbox 1317 5556 1361 5589; x_wconf 74' lang='lat'>&quot;</span> <span class='ocrx_word' id='word_1_906' title='bbox 1388 5557 1541 5620; x_wconf 87' lang='lat' dir='ltr'><strong>ibid.,</strong></span> <span class='ocrx_word' id='word_1_907' title='bbox 1589 5557 1676 5619; x_wconf 74' lang='grc'>12,</span> 
     </span>
    </p>
   </div>
   <div class='ocr_carea' id='block_1_116' title="bbox 1810 5540 3384 5623">
    <p class='ocr_par' dir='ltr' id='par_1_116' title="bbox 1843 5540 3384 5623">
     <span class='ocr_line' id='line_1_116' title="bbox 1843 5540 3384 5623; baseline -0.009 -11"><span class='ocrx_word' id='word_1_908' title='bbox 1843 5557 1918 5612; x_wconf 76' lang='grc' dir='ltr'><strong>ο⁸⁰</strong></span> <span class='ocrx_word' id='word_1_909' title='bbox 1949 5553 2036 5613; x_wconf 88' lang='lat' dir='ltr'><strong>Ps.</strong></span> <span class='ocrx_word' id='word_1_910' title='bbox 2069 5570 2302 5621; x_wconf 78' lang='lat' dir='ltr'><strong>Lxxxul,</strong></span> <span class='ocrx_word' id='word_1_911' title='bbox 2330 5552 2394 5623; x_wconf 62' lang='grc' dir='ltr'>ἓ,</span> <span class='ocrx_word' id='word_1_912' title='bbox 2424 5553 2477 5608; x_wconf 82' lang='grc'>5.</span> <span class='ocrx_word' id='word_1_913' title='bbox 2554 5552 2597 5584; x_wconf 79' lang='grc'><strong>⁸⁸</strong></span> <span class='ocrx_word' id='word_1_914' title='bbox 2633 5540 2763 5606; x_wconf 83' lang='lat' dir='ltr'><strong>ibid.</strong></span> <span class='ocrx_word' id='word_1_915' title='bbox 2795 5545 2850 5602; x_wconf 70' lang='grc'>4.</span> <span class='ocrx_word' id='word_1_916' title='bbox 2926 5546 2971 5579; x_wconf 81' lang='grc'><strong>⁸³</strong></span> <span class='ocrx_word' id='word_1_917' title='bbox 3012 5543 3144 5600; x_wconf 87' lang='lat' dir='ltr'><strong>ibid.</strong></span> <span class='ocrx_word' id='word_1_918' title='bbox 3178 5542 3266 5607; x_wconf 83' lang='grc'>10.</span> <span class='ocrx_word' id='word_1_919' title='bbox 3297 5541 3384 5599; x_wconf 85' lang='grc'><strong>11.</strong></span> 
     </span>
    </p>
   </div>
   <div class='ocr_carea' id='block_1_117' title="bbox 45 5627 1745 5700">
    <p class='ocr_par' dir='ltr' id='par_1_117' title="bbox 45 5627 1745 5700">
     <span class='ocr_line' id='line_1_117' title="bbox 45 5627 1745 5700; baseline -0.006 -10"><span class='ocrx_word' id='word_1_920' title='bbox 45 5637 111 5671; x_wconf 77' lang='grc'><strong>⁸³</strong></span> <span class='ocrx_word' id='word_1_921' title='bbox 152 5634 274 5689; x_wconf 84' lang='lat' dir='ltr'><strong>Ps.</strong></span> <span class='ocrx_word' id='word_1_922' title='bbox 319 5648 400 5700; x_wconf 75' lang='lat' dir='ltr'><strong>v1,</strong></span> <span class='ocrx_word' id='word_1_923' title='bbox 433 5632 488 5699; x_wconf 86' lang='lat'><strong>5,</strong></span> <span class='ocrx_word' id='word_1_924' title='bbox 511 5634 567 5687; x_wconf 82' lang='lat'>6.</span> <span class='ocrx_word' id='word_1_925' title='bbox 640 5631 690 5664; x_wconf 77' lang='grc'>⁸⁵·</span> <span class='ocrx_word' id='word_1_926' title='bbox 727 5632 859 5687; x_wconf 87' lang='lat' dir='ltr'><strong>ibid.</strong></span> <span class='ocrx_word' id='word_1_927' title='bbox 891 5632 975 5688; x_wconf 87' lang='grc'><strong>10.</strong></span> <span class='ocrx_word' id='word_1_928' title='bbox 1053 5630 1098 5661; x_wconf 77' lang='grc'><strong>⁵⁵</strong></span> <span class='ocrx_word' id='word_1_929' title='bbox 1133 5629 1221 5684; x_wconf 84' lang='lat' dir='ltr'><strong>l&#39;s.</strong></span> <span class='ocrx_word' id='word_1_930' title='bbox 1252 5646 1327 5694; x_wconf 65' lang='grc' dir='ltr'>ιι,</span> <span class='ocrx_word' id='word_1_931' title='bbox 1355 5629 1410 5685; x_wconf 70' lang='lat'><strong>2.</strong></span> <span class='ocrx_word' id='word_1_932' title='bbox 1485 5627 1532 5658; x_wconf 70' lang='grc'><strong>⁵⁸⁵</strong></span> <span class='ocrx_word' id='word_1_933' title='bbox 1556 5628 1686 5681; x_wconf 84' lang='lat' dir='ltr'><strong>ibid.</strong></span> <span class='ocrx_word' id='word_1_934' title='bbox 1713 5627 1745 5680; x_wconf 85' lang='lat'><strong>6</strong></span> 
     </span>
    </p>
   </div>
   <div class='ocr_carea' id='block_1_118' title="bbox 145 5768 1705 5846">
    <p class='ocr_par' dir='ltr' id='par_1_118' title="bbox 145 5769 1702 5846">
     <span class='ocr_line' id='line_1_118' title="bbox 145 5769 1702 5846; baseline -0.006 -15"><span class='ocrx_word' id='word_1_935' title='bbox 145 5777 301 5846; x_wconf 77' lang='grc'><strong>(2³5)</strong></span> <span class='ocrx_word' id='word_1_936' title='bbox 364 5776 425 5831; x_wconf 85' lang='lat'><strong>&#39;0</strong></span> <span class='ocrx_word' id='word_1_937' title='bbox 460 5776 673 5845; x_wconf 81' lang='grc' dir='ltr'>Κύριος</span> <span class='ocrx_word' id='word_1_938' title='bbox 722 5774 907 5844; x_wconf 72' lang='grc' dir='ltr'>ἡμῶν.</span> <span class='ocrx_word' id='word_1_939' title='bbox 967 5770 1446 5838; x_wconf 75' lang='lat' dir='ltr'><strong>Montefalconius,</strong></span> <span class='ocrx_word' id='word_1_940' title='bbox 1502 5771 1528 5823; x_wconf 84' lang='lat'><strong>6</strong></span> <span class='ocrx_word' id='word_1_941' title='bbox 1561 5769 1702 5842; x_wconf 83' lang='grc' dir='ltr'>Κύρι</span> 
     </span>
    </p>
   </div>
   <div class='ocr_carea' id='block_1_119' title="bbox 1810 5768 1921 5846">
    <p class='ocr_par' dir='ltr' id='par_1_119' title="bbox 1810 5786 1921 5824">
     <span class='ocr_line' id='line_1_119' title="bbox 1810 5786 1921 5824; baseline -0.009 -2"><span class='ocrx_word' id='word_1_942' title='bbox 1810 5786 1921 5824; x_wconf 60' lang='grc' dir='ltr'>λου.</span> 
     </span>
    </p>
   </div>
   <div class='ocr_carea' id='block_1_120' title="bbox 143 5848 945 5920">
    <p class='ocr_par' dir='ltr' id='par_1_120' title="bbox 143 5848 945 5920">
     <span class='ocr_line' id='line_1_120' title="bbox 143 5848 945 5920; baseline -0.01 -13"><span class='ocrx_word' id='word_1_943' title='bbox 143 5849 297 5920; x_wconf 65' lang='lat'><strong>(‘24)</strong></span> <span class='ocrx_word' id='word_1_944' title='bbox 342 5849 596 5914; x_wconf 79' lang='lat' dir='ltr'><strong>Grabius,</strong></span> <span class='ocrx_word' id='word_1_945' title='bbox 635 5848 945 5920; x_wconf 83' lang='grc' dir='ltr'>ὑπολήνιος.</span> 
     </span>
    </p>
   </div>
  </div>
