3870 6524
244 303 358 359 1065

1412 305 1720 362 SELECTA
1756 305 1823 360 IN
1864 307 2204 370 PSAIMOS.

3335 324 3472 382 i066

241 421 474 494 ρκκοστὸς
515 421 760 492 πέμπτος
798 421 1186 493 παραπλησίως
1239 421 1366 493 περὶ
1402 421 1510 475 τῶν
1550 422 1781 494 κρυφίωι

1899 425 2084 494 scripti
2104 435 2230 482 sunt
2252 445 2270 480 ι
2296 429 2348 484 in
2370 427 2507 486 tituli
2534 431 2963 504 inscriptionem,
2991 455 3010 489 ι
3033 437 3099 493 de
3127 439 3388 496 modestia
3418 453 3473 497 et

237 515 494 586 εἰρημένος
519 514 606 566 τὸν
629 514 857 584 ἀόρατον
888 515 980 567 καὶ
1013 515 1200 583 νοητὸν
1231 513 1464 584 πόλεμον
1495 514 1790 585 παρίστησι

235 604 384 675 λέγων
402 623 416 638 ο
448 626 465 657 ι
498 605 906 678 Ἐταράχθησαν
928 605 1076 676 ἔθνη,
1103 605 1319 659 ἔκλιναν
1345 605 1629 675 βασιλεῖαι,
1660 626 1676 656 ι
1699 604 1792 658 καὶ

233 701 288 754 τὰ
311 699 446 770 ἐξῆς.
468 696 598 752 Εἶτα
621 699 694 762 ὡς
719 698 883 752 πάλαι
911 697 1359 761 καταπατοῦντας
1377 698 1485 751 τῶν
1509 698 1674 751 ἐθνῶν
1695 698 1792 769 ἅρ-

231 810 398 862 χοντας
430 791 693 855 καθελὼν,
738 793 826 860 ὑφ’
853 792 1042 846 ἑαυτόν
1065 810 1121 845 τε
1149 791 1514 862 πεποιημένος
1554 791 1623 844 τὰ
1664 791 1790 863 ἔθνη

229 884 334 954 ἑξῆς
355 885 516 953 λέγει⁹
531 905 548 935 ι
571 883 957 955 Ύψωθήσομαι
977 883 1036 936 ἐν
1055 886 1165 946 τοῖς
1190 883 1417 945 ἔθνεσιν,
1437 883 1791 954 ύφωθήσομαι

227 979 347 1048 ἐντῇ
375 979 461 1048 γῇ.
491 996 507 1028 ι
531 977 593 1029 Οἱ
615 976 1079 1046 ἐπιγεγραμμένοι
1105 995 1122 1027 ι
1143 977 1223 1039 είς
1246 974 1647 1046 στηλογραφίαν
1668 995 1685 1026 ι
1707 974 1793 1027 λὸ-

227 1087 338 1137 γους
383 1069 691 1142 περιέχουσι
743 1069 1091 1140 μετριότητος
1137 1068 1230 1123 καὶ
1268 1066 1787 1140 ταπεινοφροσύνης.

223 1160 402 1230 Διόπερ
423 1162 449 1214 6
477 1161 572 1230 μὲν
603 1160 848 1223 Ἀκύλας,
879 1160 998 1213 ἀντὶ
1024 1158 1618 1229 τοῦ,στηλογ;οαςςίαν,
1652 1178 1670 1210 ι
1698 1177 1793 1212 τα-

225 1249 389 1304 πεινοῦ
432 1250 637 1303 τελείου
678 1269 694 1301 ι
729 1251 1068 1321 ήρμήνευσεν
1089 1267 1102 1282 ο
1141 1251 1169 1302 6
1192 1249 1248 1302 δὲ
1277 1247 1602 1320 Σύμμαχος,
1641 1268 1659 1299 ι
1692 1267 1789 1302 τα-

225 1340 550 1411 πεινόφρονος
575 1339 938 1410 καὶάμώμου.
961 1358 978 1391 ι
1005 1341 1130 1392 Εἴτε
1154 1339 1262 1408 γὰρ
1292 1341 1320 1392 ὁ
1349 1337 1510 1392 Δαυῒδ
1539 1337 1790 1409 βασιλεὺς

219 1429 286 1484 ῶν
323 1431 410 1485 καὶ
454 1432 636 1503 ἄρχων
681 1432 877 1495 παντὸς
913 1430 1148 1503 Ἰσραήλ,
1191 1430 1389 1503 μέτρια
1429 1431 1522 1484 καὶ
1564 1428 1792 1484 ταπεινὰ

217 1520 412 1592 φρονῶν
452 1521 704 1585 τοιαύτας
749 1523 1026 1594 προήκατο
1053 1521 1254 1591 φωνὰς,
1303 1521 1412 1574 εἴτε
1451 1521 1546 1574 καὶ
1595 1523 1623 1572 6
1659 1523 1792 1593 Χρι-

217 1610 326 1674 στὸς
388 1611 478 1664 τοῦ
532 1611 665 1665 Θεοῦ
717 1612 940 1665 τοιαῦτα
1000 1612 1250 1678 ἐθέσπιζε
1308 1612 1787 1685 ταπεινοφρονῶνν

211 1699 476 1773 ὡσπεροῦν
513 1701 749 1756 διδάσκει
782 1701 869 1755 διὰ
899 1703 1024 1756 τοῦ’
1070 1723 1086 1754 ι
1114 1704 1330 1758 Μάθετε
1364 1704 1456 1758 ἀπ’
1495 1703 1630 1774 ἐμοῦ
1653 1743 1666 1766 ,
1703 1704 1784 1756 ὅτι

1895 523 2200 582 humilitate
2242 527 2557 599 loquuntur.
2592 533 2934 608 Quapropter
2985 539 3198 608 Aquila,
3232 555 3332 609 pro
3363 560 3380 594 ι
3415 541 3468 596 in

1895 627 2034 682 tituli
2060 629 2519 701 inscriptionem,»
2538 637 2698 692 vertit
2721 656 2740 690 ι
2763 638 2979 696 humilis
2999 642 3243 710 perfecti;
3269 661 3287 695 ι
3312 641 3470 714 Sym-

1892 729 2115 785 machus
2143 746 2293 797 vero,
2328 752 2346 785 ι
2382 734 2603 790 humilis
2629 747 2684 792 et
2720 739 2999 804 ineulpati.
3035 762 3052 794 ι
3081 742 3212 797 Nam
3230 743 3343 798 sive
3361 743 3464 797 Da-

1891 829 1981 884 vid
2015 845 2107 885 rex
2143 839 2199 885 et
2243 833 2494 904 princeps
2527 839 2691 893 totius
2725 839 2912 906 Israel,
2966 857 3076 911 pra:
3119 845 3378 900 modestia
3413 854 3468 898 et

1893 930 2220 997 humilitate,
2239 932 2499 1000 ejusmodi
2536 936 2745 992 miserit
2768 955 2960 1008 voces;
2994 941 3109 996 sive
3141 957 3235 999 eas
3273 956 3466 1012 protu-

1893 1027 2017 1082 lerit
2049 1027 2298 1087 Christus
2341 1033 2620 1088 humiliter
2665 1039 2943 1102 sentiens,
2981 1049 3040 1094 ut
3072 1057 3194 1096 cum
3242 1042 3402 1098 docet
3445 1059 3460 1094 :

1893 1127 2096 1198 519:
2133 1130 2335 1186 Discite
2370 1148 2398 1185 a
2456 1150 2541 1188 me
2586 1136 2709 1204 quia
2766 1138 2911 1192 mitis
2968 1155 3085 1193 sum
3139 1150 3192 1196 et
3249 1143 3465 1196 humilis

1887 1233 2059 1306 corde
2085 1233 2158 1300 ⁶⁸;
2189 1252 2207 1284 ›
2242 1243 2390 1288 certe
2425 1235 2574 1305 digni
2607 1244 2732 1290 sunt
2758 1236 2809 1290 hi
2842 1252 3122 1295 sermones
3163 1243 3252 1311 qui
3289 1259 3339 1296 tn
3368 1259 3460 1298 co-

1893 1329 2076 1386 lumna
2120 1332 2436 1404 sculpantur
2468 1345 2520 1390 et
2568 1338 2842 1392 memoria:
2874 1346 3090 1394 aeternae
3115 1344 3457 1397 mandentur.

1893 1431 2043 1498 Quod
2072 1433 2287 1502 quidem
2315 1450 2444 1504 pert
2472 1435 2611 1490 tituli
2642 1437 3046 1507 inscriptionem
3077 1441 3459 1510 isignilicatur,

1893 1531 1950 1576 ut
1987 1522 2289 1593 intelligere
2313 1525 2437 1578 licet
2468 1540 2531 1578 ex
2565 1526 3014 1598 quinquagesimo
3039 1531 3225 1599 quinto
3255 1533 3462 1601 psalmo

1893 1614 1984 1676 qui
2025 1614 2318 1684 inscriptus
2349 1627 2466 1680 est,
2504 1635 2522 1667 ι
2553 1617 2605 1669 in
2648 1618 2788 1672 tituli
2848 1620 3287 1690 inscriptionem,
3321 1642 3340 1676 ι
3377 1624 3460 1678 vel

1897 1721 1914 1754 ι
1949 1704 2165 1758 humilis
2191 1705 2438 1774 perfecti,
2469 1725 2486 1758 ι
2518 1707 2600 1760 vel
2633 1725 2651 1757 ι
2681 1709 2900 1764 humilis
2928 1722 2981 1766 et
3015 1713 3270 1783 iuculpati
3310 1731 3360 1766 ;›
3403 1715 3456 1768 in

211 1795 371 1865 πρᾶός
404 1795 517 1863 εἰμι
565 1795 659 1848 καὶ
699 1795 953 1859 ταπεινὸς
992 1798 1057 1867 τῇ
1103 1796 1334 1868 καρδίαν
1369 1815 1386 1848 ι
1422 1796 1620 1868 στήλης
1644 1794 1781 1860 ἄξιοι

1889 1811 1996 1866 quo
2029 1798 2230 1852 dictum
2257 1809 2342 1853 est
2369 1800 2410 1831 εθ
2445 1816 2458 1851 :
2503 1817 2520 1849 ι
2552 1800 2808 1855 Miserere
2837 1804 2962 1867 mei,
2998 1805 3169 1872 Deus,
3203 1805 3456 1874 quoniam

210 1881 312 1940 εἷεν
357 1885 420 1938 ἂν
467 1887 514 1938 οί
550 1887 730 1956 λόγοι,
778 1889 870 1941 καὶ
905 1889 1001 1959 τῆς
1035 1891 1115 1952 είς
1147 1888 1234 1942 τὸν
1273 1890 1560 1960 σύμπαντα
1611 1887 1783 1942 αίῶνα

211 1977 442 2049 μνήμης·
476 1979 611 2050 ὅπερ
640 1978 726 2032 διὰ
757 1979 856 2049 τῆς
887 1999 904 2030 ι
937 1978 1336 2051 στηλογραφίας
1373 1999 1390 2032 ι
1431 1979 1779 2052 παρίσταται.

205 2071 429 2142 Νοήσεις
459 2070 515 2124 δέ
543 2071 601 2124 τὸ
634 2072 941 2143 εἰρημένον,
965 2072 1073 2126 ἀπὸ
1101 2073 1194 2126 τοῦ
1227 2072 1594 2144 πεντηκοστοῦ
1643 2073 1784 2144 πέμ-

205 2180 357 2228 πτου,
391 2162 448 2228 ὃς
477 2164 881 2236 ἐπιγέγραπται
903 2185 921 2217 ι
955 2166 1411 2238 στηλογραφίας,›
1431 2166 1463 2237 ἢ
1486 2185 1503 2217 ι
1527 2165 1781 2220 ταπεινοῦ

203 2255 425 2317 τελείου,
456 2275 473 2306 ι
497 2256 528 2328 ἢ
554 2276 570 2306 ι
597 2257 1018 2328 ταπεινόφρονος
1043 2257 1134 2309 καὶ
1155 2256 1407 2328 ἀμώμου,
1437 2277 1455 2306 )
1479 2259 1536 2310 ἐν
1562 2250 1606 2325 ᾧ
1629 2256 1781 2327 εἴρη-

202 2367 321 2402 ται·
359 2368 377 2401 ι
423 2351 675 2421 Ἐλέησόν
705 2367 794 2421 με,
839 2351 868 2402 6
906 2349 1058 2414 Θεὸς,
1099 2350 1180 2402 ὅτι
1211 2349 1554 2420 κατεπάτησέ
1592 2366 1658 2420 με
1691 2348 1784 2403 ἄν·

201 2440 413 2513 θρωπος
447 2442 572 2514 ὅλην
601 2442 697 2514 τὴν
731 2441 966 2514 ἡμέραν,
995 2461 1012 2493 ι
1053 2443 1146 2495 καὶ
1179 2441 1246 2494 τὰ
1274 2441 1419 2513 ἐξῆς.
1451 2443 1560 2495 Καὶ
1594 2443 1622 2494 6
1655 2458 1783 2494 πεν-

199 2534 456 2605 τηκοστὸς
484 2534 660 2598 ἐκτος,
690 2534 788 2605 τὴν
812 2533 931 2603 ἴσην
954 2533 1090 2604 ἔχων
1125 2533 1454 2606 ἐπιγραφήν,
1485 2533 1642 2587 πάλιν
1672 2530 1781 2586 τῶν

198 2627 653 2682 καταπατούντων
703 2627 863 2680 αὐτὸν
911 2627 1181 2697 μέμνηται
1225 2628 1430 2696 λέγων’
1495 2645 1513 2677 ι
1542 2625 1780 2679 Ἔδωκεν

194 2723 279 2786 είς
314 2722 512 2785 ὄνειδος
546 2723 673 2785 τοὺς
715 2720 1165 2785 καταπατοῦντας
1209 2737 1296 2791 με·
1324 2739 1342 2771 ι
1383 2720 1476 2772 καὶ
1520 2719 1643 2781 τοὺς
1672 2719 1780 2771 λοι-

193 2813 331 2876 ποὺς
354 2813 409 2866 δὲ
435 2813 541 2866 τῶν
562 2812 734 2876 οὕτως
759 2811 1250 2883 ἐπιγεγραμμένων
1266 2808 1508 2873 διελθὼν,
1532 2806 1632 2876 τῆς
1659 2806 1780 2878 ἴσης

189 2904 486 2974 ἐχομένους
513 2905 765 2976 εὑρήσεις
794 2904 1051 2967 διανοίας.
1080 2904 1141 2956 Ol
1168 2900 1635 2974 ἐπιγεγραμμένοι
1657 2919 1674 2950 ι
1700 2901 1780 2963 είς

189 2994 500 3066 ἀνάμνησιν
526 2994 620 3048 τοῦ
643 2994 806 3048 Δαυῒδ
835 3014 852 3046 ι
889 2996 1321 3066 ὑπομιμνήσκειν
1347 2993 1507 3045 αὐτὸν
1541 2991 1779 3044 ἐοίκασιν

188 3087 288 3139 ἐπὶ
317 3086 415 3158 τῆς
443 3086 535 3139 τοῦ
567 3087 762 3158 Οὐρίου
791 3087 1085 3159 ἁμαρτίας.
1118 3087 1175 3139 '0
1203 3086 1259 3139 δέ
1283 3083 1603 3157 τριακοστὸς
1632 3081 1780 3135 ἐϐδο-

191 3195 317 3248 μος,
339 3179 510 3242 οὕτως
534 3180 1027 3252 ἐπιγεγραμμένος,
1057 3178 1326 3247 ἐπιλέγει·
1353 3199 1369 3228 ι
1396 3177 1507 3229 υύκ
1533 3175 1677 3230 ἐστιν
1705 3177 1779 3228 εί-

188 3273 333 3344 ρήνη
353 3276 408 3326 ἐν
434 3277 545 3338 τοῖς
570 3273 776 3337 ὀστέοις
797 3291 897 3344 μου
923 3273 1030 3326 ἀπὸ
1055 3271 1345 3344 προσώπου
1372 3270 1477 3324 τῶν
1496 3267 1777 3342 ἁμαρτιῶν

190 3381 332 3433 μου,
365 3383 383 3414 ι
420 3365 512 3417 καὶ
545 3364 614 3417 τὰ
643 3364 789 3435 ἐξῆς·
840 3364 934 3418 καὶ
973 3364 1040 3417 δι’
1068 3365 1190 3418 ὅλου
1219 3363 1277 3417 δὲ
1306 3363 1399 3416 τοῦ
1436 3360 1652 3432 ψαλμοῦ
1679 3361 1777 3432 τήν

187 3456 291 3509 ἐπὶ
348 3459 412 3528 τῇ
460 3457 766 3530 πραχθείσῃ
821 3457 1063 3528 ἁμαρτίᾳ
1110 3457 1442 3510 κατάστασιν
1495 3454 1774 3525 σημαίνει.

197 3546 476 3610 Ὡσαύτως
500 3548 555 3600 δέ
580 3549 674 3601 καὶ
701 3550 728 3601 6
752 3549 1044 3618 ἐξηκοστὸς
1069 3548 1341 3618 πέμπτος,
1377 3565 1394 3596 t
1421 3546 1500 3608 εἰς
1532 3545 1778 3615 ἀνάμνη-

183 3656 307 3691 σιν»
328 3639 821 3711 ἐπιγεγραμμένος,
844 3639 1075 3693 ἱκετεύει
1091 3638 1184 3692 τοῦ
1203 3637 1337 3692 Θεοῦ
1357 3639 1534 3708 τυχεῖν
1559 3635 1773 3708 βοηθοῦ.

179 3733 254 3784 Οἱ
280 3732 751 3804 ἐπιγεγραμμένοι
779 3733 1104 3805 «προσευχὴ,
1121 3752 1137 3783 ι
1159 3733 1366 3803 μήποτε
1393 3731 1492 3784 οὐκ
1517 3729 1622 3783 εἰσὶ
1643 3729 1778 3799 ψαλ-

182 3825 309 3898 μοὶ,
347 3825 467 3878 ούδέ
513 3825 686 3897 ᾠδαὶ,
741 3826 860 3878 οὑδέ
901 3825 1080 3896 ὕμνοι,
1123 3825 1236 3878 ἀλλ’
1271 3823 1402 3880 αὐτὸ
1434 3823 1591 3876 τοῦτο
1624 3820 1776 3890 ψιλαὶ

177 3917 495 3988 προσευχαὶ
536 3920 602 3988 τῇ
639 3916 746 3970 τῶν
789 3917 1102 3990 εὐξαμένων
1131 3919 1495 3990 άρμόττουσαι
1516 3916 1774 3978 διαθέσει,

175 4011 254 4080 τῇ
294 4027 356 4061 τε
391 4009 518 4082 περὶ
544 4011 740 4074 αὐτοὺς
777 4011 1109 4064 καταστάσει
1140 4013 1235 4064 καὶ
1276 4013 1407 4064 πᾶσι
1436 4013 1547 4073 τοῖς
1584 4011 1640 4062 ἐν
1686 4009 1776 4081 ίσῃ

175 4100 436 4154 διαθέσει
469 4105 579 4165 τοῖς
613 4101 925 4172 εἰρημένοις
953 4102 1328 4172 τυγχάνουσιν.
1355 4103 1414 4155 Οἱ
1436 4103 1773 4172 ἐπιγεγραμ-

178 4193 351 4264 μένοι
377 4194 618 4265 ψαλμοὶ,
657 4213 674 4244 ι
702 4193 793 4265 Μὴ
827 4194 1140 4267 διαφθείρῃς
1161 4235 1176 4259 ,
1203 4194 1296 4247 τοῦ
1326 4193 1540 4260 Δαυῒδ,›
1577 4193 1775 4263 ἐφεξῆς

171 4275 296 4338 εἰσί
330 4289 496 4356 τρεῖςο
532 4279 607 4339 ὧν
650 4288 678 4338 6
727 4286 1087 4354 πεντηκοστὸς
1137 4287 1294 4349 ἐκτος
1331 4285 1542 4358 εἴρηται
1593 4287 1650 4338 ἐν
1698 4284 1775 4354 τῷ

168 4377 356 4430 αὐτὸν
407 4377 819 4450 ἀποδιδράσκειν
880 4378 986 4431 ἀπὸ
1032 4377 1325 4449 προσώπου
1378 4377 1548 4431 Σαοὺλ
1596 4380 1674 4439 είς
1714 4376 1775 4430 τὸ

1887 1890 2227 1945 conculcavit
2258 1907 2344 1945 me
2381 1893 2545 1946 homo
2579 1903 2688 1948 tota
2722 1896 2842 1960 die,
2881 1916 2899 1948 ι
2937 1906 2992 1951 et
3025 1908 3241 1952 ett-tera.
3290 1899 3458 1966 Quin-

1885 1983 2234 2052 quagesimus
2267 1985 2433 2038 etiam
2462 1995 2648 2039 sextus
2671 1989 2759 2056 qui
2795 2003 2984 2056 parem
3019 1989 3180 2044 habet
3217 1990 3453 2052 titulum,

1889 2087 2072 2127 rursus
2105 2089 2289 2128 eorum
2332 2076 2424 2142 qui
2460 2075 2637 2146 ipsum
2687 2078 3035 2143 conculcant,
3091 2081 3338 2135 meminit
3370 2081 3454 2134 di-

1885 2179 2015 2220 cens
2038 2165 2085 2197 "°
2120 2185 2132 2220 :
2167 2183 2186 2218 ι
2219 2166 2373 2220 Dedit
2407 2167 2459 2220 in
2493 2168 2842 2237 opprobrium
2881 2172 3265 2228 conculcantes
3299 2188 3450 2239 [ηομ

1882 2266 1938 2312 et
1963 2257 2006 2312 si
2039 2258 2278 2328 reliquos
2303 2260 2394 2328 qui
2429 2261 2682 2316 similiter
2707 2264 2951 2336 inscripti
2975 2277 3125 2332 sunt,
3173 2283 3456 2337 percurre-

1883 2347 1985 2413 ris,
2017 2350 2263 2404 eumdem
2307 2351 2512 2406 videbis
2550 2367 2645 2407 eos
2689 2355 2890 2410 habere
2930 2371 3168 2412 sensum.
3209 2359 3308 2425 Qui
3363 2359 3454 2414 iu-

1887 2441 2073 2510 scripti
2101 2450 2227 2495 sunt
2263 2461 2280 2494 ι
2320 2442 2372 2496 iu
2405 2445 2915 2500 rememorationem
2967 2447 3154 2515 David,
3199 2469 3217 2501 ι
3245 2464 3368 2503 eum
3400 2449 3452 2503 in

1884 2534 2088 2604 peccati
2117 2533 2260 2590 Urize
2305 2537 2628 2592 memoriam
2671 2539 2921 2593 videntur
2949 2541 3229 2597 reducere.
3266 2541 3456 2597 Trice-

1883 2630 2053 2682 simus
2111 2629 2393 2699 septimus,
2425 2633 2514 2700 qtti
2567 2633 2711 2687 hunc
2746 2633 2908 2689 habet
2957 2634 3206 2702 titulum,
3251 2637 3394 2690 ait“
3437 2655 3451 2691 :

1888 2739 1907 2771 ι
1947 2720 2064 2775 Non
2097 2730 2179 2776 est
2214 2737 2316 2790 pax
2354 2723 2404 2776 in
2439 2724 2653 2779 ossibus
2700 2725 2834 2780 meis
2865 2743 2892 2780 a
2931 2726 3069 2781 facie
3098 2739 3451 2798 peccatorum

1883 2829 2149 2880 meorum,
2206 2835 2225 2866 ι
2279 2826 2334 2870 et
2395 2827 2613 2872 caatera.
2668 2819 2748 2875 Ac
2804 2836 2902 2889 per
2957 2830 3128 2876 totum
3188 2823 3453 2892 psalmum

1882 2908 2120 2962 ostendit
2150 2909 2278 2978 quid
2305 2910 2375 2965 ob
2420 2920 2704 2980 peccatum
2742 2927 2771 2967 a
2808 2927 2869 2968 se
2898 2915 3248 2968 commissum
3286 2931 3454 2987 expe-

1884 2999 2104 3055 riretur.
2140 2999 2230 3054 Sic
2265 3009 2318 3055 et
2359 3004 2731 3072 sexagesimus
2761 3006 3005 3074 quintus,
3041 3025 3059 3058 ‹
3102 3007 3151 3061 in
3186 3023 3454 3062 rememo-

1833 3121 1848 3176 ι
1883 3094 2143 3149 rationem
2170 3113 2188 3146 ι
2223 3095 2536 3165 inscriptus,
2568 3099 2826 3153 auxilimu
2863 3099 2958 3155 Dei
2983 3101 3215 3157 invocat.
3249 3104 3347 3170 Qui
3367 3105 3452 3159 ln-

1882 3184 2068 3252 scripti
2097 3194 2224 3238 sunt
2261 3203 2279 3236 ι
2321 3188 2517 3255 oratio,
2565 3207 2582 3238 ι
2626 3189 2767 3244 forte
2799 3195 2896 3244 n'ec
2929 3193 3149 3260 psalmi,
3182 3212 3280 3251 nec
3321 3212 3450 3251 can-

1883 3277 2010 3342 tica,
2041 3292 2139 3332 nec
2172 3279 2356 3350 hymni
2391 3291 2540 3346 sunt,
2576 3285 2668 3335 sed
2699 3282 2852 3336 uudre
2881 3285 3155 3342 orationes
3178 3289 3450 3343 orantium

1880 3371 2268 3426 convenientes
2293 3370 2509 3425 affet-tui
2529 3381 2583 3426 et
2611 3373 2932 3437 habitudini,
2967 3390 3178 3432 necnon
3203 3379 3452 3434 omnibus

1879 3461 1972 3530 qui
2022 3461 2074 3514 in
2107 3462 2298 3516 eodem
2336 3464 2464 3517 acii
2520 3465 2586 3519 de
2636 3465 2832 3533 quibus
2879 3466 3082 3521 dictum
3130 3477 3213 3523 est
3257 3472 3452 3526 mentis

1881 3551 2075 3606 all’ectu
2126 3563 2272 3608 sunt.
2314 3553 2415 3620 Qui
2470 3554 2720 3624 inscripti
2766 3563 2915 3622 sunt,
2955 3575 2974 3608 ι
3020 3557 3098 3633 Ne
3133 3560 3447 3627 tlisperdas,

1878 3645 2120 3708 Davidis,
2164 3664 2182 3698 ι
2223 3647 2478 3700 continua
2508 3648 2650 3702 serie
2703 3659 2811 3702 tres
2847 3659 2991 3713 sunt,
3030 3667 3260 3721 quorum
3293 3656 3452 3722 quin-

1881 3739 2232 3807 quagesimus
2277 3749 2466 3794 sextus
2521 3740 2698 3794 dictus
2723 3749 2826 3805 est,
2863 3757 2984 3796 cum
3020 3741 3225 3814 fugeret
3254 3760 3283 3798 a
3312 3747 3451 3801 l'aeie

1879 3827 2009 3882 Saul
2042 3830 2096 3884 in
2130 3830 2467 3898 speluncam.
2519 3831 2586 3885 Et
2621 3833 2880 3901 quoniam
2933 3833 3136 3890 latente
3184 3836 3351 3891 David
3395 3839 3448 3892 in

1879 3921 2133 3992 spelunca
2177 3922 2452 3993 ingressus
2509 3931 2589 3978 est
2632 3924 2762 3978 Saul
2812 3925 3071 3994 ignorans
3103 3927 3278 3996 ipsum
3328 3944 3451 3984 esse

1880 4013 2042 4080 intro,
2080 4022 2134 4066 et
2167 4028 2290 4067 cum
2314 4013 2476 4067 amici
2511 4012 2677 4066 David
2711 4014 2908 4069 vellent
2939 4031 3061 4070 eum
3093 4017 3405 4073 interficere
3432 4059 3448 4084 ,

1878 4102 2014 4155 dixit
2070 4102 2237 4156 David
2270 4102 2338 4156 ad
2369 4102 2594 4157 Abisath
2627 4117 2640 4155 :
2678 4123 2696 4154 ι
2737 4102 2813 4158 Ne
2852 4105 3157 4173 disperdas,
3203 4125 3222 4159 ι
3259 4123 3452 4177 nempe

1880 4191 2014 4246 Saul
2046 4193 2250 4248 idcirco
2280 4194 2514 4248 fortasse
2559 4191 2825 4264 ejusmodi
2853 4197 3006 4250 vocis
3038 4212 3157 4266 qua:
3181 4212 3448 4253 Summam

1877 4288 2344 4344 mansuetudinem
2371 4288 2713 4352 ostendebat,
2741 4299 2787 4341 et
2816 4301 2945 4357 qua?
2965 4289 3072 4344 Deo
3106 4291 3260 4347 valde
3289 4308 3449 4347 acce-

1885 4392 1970 4452 pta
1996 4391 2134 4446 erat,
2164 4382 2424 4436 memoria
2453 4382 2553 4437 hac
2578 4380 2915 4436 Psalmorum
2943 4384 3298 4453 inscriptione
3317 4401 3448 4439 con-

171 4470 482 4541 σπήλαιον.
521 4469 630 4522 Καὶ
668 4469 875 4541 μήποτε
929 4469 1245 4540 ἐπειδήπερ,
1305 4471 1361 4521 ἐν
1413 4468 1490 4539 τῷ
1524 4468 1772 4539 σπηλαίῳ

1884 4482 2086 4529 secrata
2131 4483 2236 4529 est.
2284 4473 2769 4545 Quinquagesimus
2815 4483 3037 4530 octavus
3077 4477 3168 4545 qui
3231 4476 3447 4532 titulum

169 4561 644 4635 κρυπταζομένου
677 4560 771 4614 τοῦ
804 4560 994 4624 Δαυῒδ,
1034 4559 1324 4630 ἐπεισῆλθε
1357 4559 1529 4613 Σαοὺλ
1561 4560 1772 4628 ἀγνοῶν

164 4655 344 4709 ἔνδον
371 4655 534 4708 αὐτοῦ
560 4655 734 4717 ὄντος,
759 4655 853 4708 καὶ
887 4652 994 4705 τῶν
1020 4653 1250 4724 ἐταίρων
1276 4652 1370 4705 τοῦ
1400 4652 1562 4707 Δαυῒδ
1590 4653 1771 4723 βουλο-

168 4749 379 4818 μένων
405 4747 611 4801 ἀνελεῖν
633 4746 812 4811 αύτὸν,
834 4741 985 4798 εἶπεν
1014 4747 1042 4798 6
1065 4743 1228 4798 Δαυῒδ
1254 4745 1390 4816 πρὸς
1413 4746 1503 4798 τὸν
1528 4745 1770 4812 Ἀϐισάθ,

169 4859 193 4892 c
233 4839 341 4910 Μὴ
379 4839 697 4911 διαφθείρῃς
729 4859 748 4890 ι
796 4837 992 4890 αὐτόν·
1035 4837 1191 4908 δῆλον
1239 4837 1385 4890 δ’ὄτι
1442 4837 1531 4890 τὸν
1577 4836 1769 4891 Σαούλο

159 4931 386 4986 τούτου
427 4931 584 5002 χάριν
616 4930 692 4992 ὡς
719 4927 1118 4999 ἀποδεξαμένου
1147 4927 1240 4981 τοῦ
1274 4925 1407 4980 Θεοῦ
1435 4928 1532 4999 τὴν
1571 4938 1770 5000 φωνην,

161 5024 476 5094 ἀκρότητα
531 5021 879 5086 ἀνεξικακίας
921 5021 1312 5092 περιέχουσαν,
1351 5022 1407 5072 ἐν
1446 5021 1632 5092 μνήμῃ
1669 5021 1775 5074 τῶν

157 5115 371 5179 οὕτως
402 5113 897 5185 ἐπιγεγραμμένων
934 5111 1165 5184 ψαλμῶν
1223 5111 1569 5184 παρελήφθη.
1620 5113 1676 5166 '0
1719 5113 1775 5166 δέ

159 5207 562 5278 πεντηκοστὸς
609 5206 794 5275 ὄγδοος
843 5206 1108 5277 περιέχων
1149 5204 1228 5268 τὸ,
1255 5223 1274 5255 ι
1303 5205 1394 5275 Μὴ
1418 5203 1730 5276 διαφθείρῃς
1758 5246 1774 5270 ,

153 5299 360 5354 ὁπότε
416 5298 700 5352 ἀπέστειλε
725 5297 917 5361 Σαοὺλ,
944 5298 1036 5350 καὶ
1070 5295 1295 5366 ἐφύλαξε
1329 5297 1418 5350 τὸν
1442 5292 1584 5351 οἷκον
1612 5297 1775 5352 αὑτοῦ

153 5391 278 5445 τοῦ
323 5389 636 5444 θανατῶσαι
671 5389 832 5444 αὑτὸν
857 5428 873 5453 ,
908 5409 926 5440 ›
958 5388 1101 5442 ἔοικε
1139 5389 1466 5461 πρόσταγμα
1502 5390 1775 5463 περιέχειν

149 5482 276 5537 τοῦ
311 5481 454 5535 Θεοῦ
486 5480 579 5534 τοῦ
625 5480 698 5552 μὴ
747 5479 1154 5551 συγχωροῦντος
1195 5482 1306 5543 τοῖς
1351 5479 1778 5550 ἀπεσταλμένοις

156 5576 340 5645 ὑπὲρ
365 5572 460 5627 τοῦ
490 5571 794 5642 διαφθεῖραι
831 5571 920 5625 τὸν
953 5570 1113 5624 Δαυῖδ
1135 5570 1239 5624 ύπὸ
1270 5570 1362 5624 τοῦ
1399 5570 1592 5624 Σαούλ.
1628 5571 1779 5641 Τάχα

149 5667 213 5720 δ’
258 5666 343 5720 ἂν
382 5665 482 5738 τὴν
511 5665 677 5736 αὐτὴν
701 5664 811 5736 ἔχει
832 5665 1071 5719 διάνοιαν
1098 5665 1190 5718 καὶ
1217 5667 1245 5719 6
1274 5664 1662 5735 ἐϐδομηκοστὸς
1688 5665 1778 5717 τέ-

253 5779 312 5809 ⁶⁸
347 5777 536 5834 Matth.
562 5793 638 5841 xu,
663 5777 754 5832 29.
833 5776 875 5808 ‘9
895 5777 980 5831 Ps.
1018 5793 1101 5844 LV,
1129 5775 1180 5831 Ξ.
1243 5777 1390 5832 "Ps.
1412 5793 1520 5848 Lvt,
1547 5777 1598 5832 4.

412 5869 682 5931 ΡΑτιιοι.
719 5870 835 5934 Gtt.
881 5871 1024 5934 ΧΠ.

1676 5779 1717 5809 ⁷¹
1745 5779 1835 5834 Ps.
1870 5795 2073 5845 xxxvtt,
2101 5780 2150 5833 4.
2215 5782 2258 5811 τ’
2284 5779 2371 5834 Ps.
2405 5796 2554 5845 mm,
2583 5783 2626 5832 Ι.

1879 4568 2046 4622 habet
2075 4569 2122 4598 ⁷⁸
2160 4585 2173 4621 :
2212 4587 2229 4618 ι
2269 4566 2349 4621 .Ne
2397 4567 2700 4636 diSperdas,
2735 4566 2952 4638 quando
3008 4568 3153 4621 misit
3212 4566 3341 4622 Saul
3394 4579 3450 4624 et

1880 4657 2173 4712 custodivit
2202 4658 2420 4712 domum
2457 4659 2575 4727 ejus
2597 4669 2654 4712 ut
2681 4673 2804 4713 eum
2842 4658 3198 4726 interliceret,
3236 4678 3254 4711 ι
3293 4661 3448 4715 vide-

1882 4758 1968 4803 tur
1995 4750 2279 4804 continere
2302 4758 2629 4818 praeceptum
2663 4749 2754 4803 Dei
2802 4750 2890 4818 qui
2942 4766 3047 4804 non
3097 4752 3342 4820 permisit
3391 4761 3451 4806 ut

1881 4843 1972 4910 qui
2001 4857 2030 4895 a
2051 4841 2176 4895 Saul
2207 4841 2356 4896 missi
2381 4850 2558 4905 erant,
2585 4840 2956 4902 interﬁcerent
2980 4843 3165 4898 David.
3188 4843 3447 4898 Eumdem

1886 4933 2024 4990 forte
2057 4949 2276 4988 sensum
2327 4935 2487 4988 habet
2522 4943 2577 4990 et
2626 4936 3053 5005 septuagesimus
3083 4947 3310 5004 quartus
3356 4937 3448 5006 qui

1883 5025 2046 5081 simili
2093 5027 2252 5080 modo
2283 5045 2301 5077 ι
2336 5026 2515 5096 Asaph
2549 5045 2568 5078 ι
2602 5027 2893 5097 inscriptus
2926 5037 3030 5081 est.
3057 5027 3451 5098 Nonagesimus

1881 5119 2090 5188 primus
2127 5118 2218 5186 qui
2247 5137 2265 5170 ι
2294 5116 2512 5172 Sahbati
2555 5139 2573 5171 ι
2602 5120 2890 5188 inscriptus
2916 5127 3018 5185 est,
3045 5119 3364 5174 exhortatur
3385 5118 3450 5170 ad

1879 5221 2184 5266 conventus
2213 5211 2460 5264 studiose
2498 5209 2924 5280 l‘requentandos
2954 5211 3042 5266 ubi
3079 5208 3358 5265 meditatio
3394 5207 3452 5260 tit

1881 5304 2188 5358 divinorum
2212 5302 2574 5372 eloquiorum,
2609 5313 2662 5358 et
2695 5314 2880 5375 postea
2914 5303 3014 5360 Dei
3061 5303 3246 5357 laudes
3275 5300 3451 5354 conti-

1879 5407 1989 5453 net.
2022 5396 2110 5450 Ait
2138 5397 2318 5466 itaque
2348 5397 2431 5449 ⁷³ε
2463 5415 2481 5446 ι
2524 5397 2603 5452 Ad
2637 5397 3063 5452 annuntiandum
3095 5408 3256 5448 mane
3279 5392 3446 5445 mise-

1881 5489 2174 5543 ricordiam
2221 5499 2400 5555 tuam,
2434 5501 2490 5545 et
2518 5493 2800 5546 veritatem
2844 5501 2990 5542 tuam
3019 5503 3114 5557 per
3146 5496 3375 5539 noctem.
3425 5501 3444 5532 ι

1883 5580 1946 5634 Ει
1979 5597 2167 5635 rursus
2197 5581 2244 5612 “
2282 5599 2296 5635 :
2337 5603 2355 5634 ι
2394 5582 2629 5636 Plantati
2661 5584 2713 5635 iu
2751 5583 2909 5635 domo
2942 5579 3176 5642 Domini,
3204 5576 3254 5632 iu
3292 5573 3448 5627 atriis

1887 5672 1976 5726 Dei
2017 5674 2185 5727 nostri
2241 5672 2509 5729 florebunt
2564 5673 2743 5743 520.
2779 5693 2795 5724 ι
2837 5671 3232 5740 Nonagesimus
3277 5682 3450 5722 nonus

2695 5779 2845 5833 "1’s.
2877 5794 2985 5840 χει,
3014 5779 3066 5832 5.
3131 5777 3326 5834 "ibid.
3366 5777 3448 5830 Μ.

3103 5868 3180 5930 δι
