3834 6388
459 271 591 329 1067

1854 256 2012 315 ΕΧΟ

2117 257 2280 314 ῙΕΝΕ
3552 270 3660 328 ,ΜΒ

459 394 550 464 qui
610 387 972 447 inscribiturt
1019 385 1071 440 in
1121 381 1556 450 confessionem,
1589 400 1608 435 ι
1659 395 1780 436 cum
1832 378 2012 432 ait":

2124 391 2318 446 ταρτος
2361 373 2449 428 τὸν
2487 375 2671 445 ὅμοιον
2719 375 2916 448 τρόπον
2955 397 2973 429 ι
3012 377 3090 450 τῷ
3117 380 3288 450 ’Δσάφ
3317 400 3345 432 ι-
3369 382 3666 460 ἐπιγεγραμ-

462 505 482 540 ι
516 487 634 556 Ipse
666 483 791 539 fecit
821 495 916 536 nos
945 489 1000 534 et
1032 493 1136 533 non
1169 477 1268 548 ipsi
1309 490 1431 542 nos,
1473 495 1490 528 ι
1525 476 1780 531 virtutem
1811 471 2026 529 confes-

455 579 623 636 sionis
641 574 1002 633 commendat,
1031 570 1172 640 quod
1200 569 1330 624 nihil
1350 584 1448 622 nos
1467 583 1496 622 a
1521 567 1678 622 nobis
1705 567 2022 628 habeamus,

453 671 547 727 sed
575 666 903 738 quidquidin
923 663 1172 718 nobisest
1197 663 1346 728 boni,
1373 661 1422 714 id
1455 661 1570 728 ipse
1607 657 1816 714 fecerit.
1838 657 2027 714 Trice-

454 764 626 818 simus
644 761 832 815 tertius
849 754 1192 827 psalmusqui
1215 752 1506 822 inscriptus
1519 763 1618 814 est,
1634 769 1653 802 ι
1676 750 1882 816 Davidi,
1902 765 2022 805 cum

455 850 765 911 immutavit
792 850 1002 904 vultum
1031 862 1189 902 suum
1223 859 1408 900 coram
1436 842 1752 898 Aoimelech
1777 843 1846 908 ",
1891 861 1909 895 ι
1939 840 2024 895 vi-

453 950 612 1004 detur
634 959 758 1000 eum
791 941 880 1012 qui
927 941 980 995 in
1024 939 1198 1008 primo
1229 937 1368 991 libro
1396 936 1602 1003 Regum
1639 933 1840 988 dicitur
1870 930 2028 987 Achi-

453 1036 685 1101 melech,
747 1048 944 1090 vocare
1001 1029 1338 1093 Ahimelech,
1397 1025 1688 1082 elementis
1749 1023 2024 1079 hebraicis

452 1130 600 1200 Caph
627 1139 678 1184 et
713 1127 842 1182 Both
872 1123 1093 1178 multam
1122 1122 1263 1175 inter
1285 1136 1342 1176 se
1367 1119 1773 1176 similitudinem
1797 1131 2021 1172 servan-

455 1223 620 1287 tibus,
657 1229 715 1274 ut
761 1217 895 1274 nihil
945 1231 973 1270 a
1027 1229 1088 1269 se
1127 1213 1360 1268 invicem
1391 1210 1668 1278 dillerant,
1725 1209 1828 1264 nisi
1865 1205 2019 1265 brevi

455 1315 744 1371 admodum
783 1310 976 1368 calami
1010 1311 1195 1364 ductu.
1235 1305 1469 1362 llistoria
1501 1305 1579 1360 sic
1602 1303 1817 1359 habet"
1851 1320 1865 1357 :
1899 1320 1916 1352 ι
1959 1301 2024 1355 Et

452 1411 602 1465 venit
649 1407 817 1463 David
866 1406 921 1460 in
960 1402 1223 1458 Nomman
1275 1400 1340 1455 ad
1376 1397 1726 1454 Achimelecb
1761 1394 2021 1450 sacerdo-

455 1512 584 1565 tem,
610 1510 660 1555 et
688 1498 970 1567 obstupuit
1001 1492 1348 1562 Achimelech
1386 1491 1452 1545 ad
1481 1490 1771 1544 adventum
1807 1486 1942 1555 ejus,
1967 1494 2022 1540 et

453 1594 590 1647 dixit
621 1593 667 1646 ei
701 1608 714 1644 :
745 1589 923 1656 Quare
971 1596 1025 1641 tu
1063 1587 1236 1649 solus,
1272 1593 1327 1640 et
1362 1582 1540 1636 nullus
1582 1589 1666 1636 est
1709 1579 1921 1634 tecum?
1956 1578 2020 1631 Et

451 1686 588 1739 dixit
645 1683 690 1737 ei
742 1681 906 1736 David
939 1698 952 1734 :
993 1677 1109 1733 llex
1145 1676 1397 1746 praecepit
1431 1675 1559 1729 mihi
1601 1672 1763 1728 hodie
1807 1684 2014 1725 sermo-

454 1793 602 1840 nem,
642 1784 696 1830 et
726 1773 860 1828 dixit
889 1771 1016 1826 mihi
1051 1786 1064 1824 :
1098 1767 1270 1823 Nemo
1302 1769 1439 1822 sciat
1468 1765 1592 1820 rem
1615 1773 1832 1833 prepter
1859 1776 2018 1832 quam

457 1871 612 1923 mitto
641 1878 715 1929 te,
744 1875 798 1920 et
829 1862 1128 1934 cujusmodi
1179 1868 1444 1929 prmcepta
1500 1855 1593 1911 tibi
1648 1853 1908 1908 dederim.
1958 1851 2023 1905 Et

449 1960 634 2032 pueris
664 1956 964 2029 signiﬁcavi
1004 1956 1054 2010 in
1100 1953 1220 2006 loco
1256 1951 1403 2005 dicto
1435 1949 1529 2003 Dei
1562 1948 1714 2017 ﬁdes,
1757 1942 2020 1998 Pliilmom'

451 2053 680 2108 Almoni.
735 2051 798 2104 lit
844 2063 986 2101 nunc
1029 2047 1074 2100 si
1125 2053 1250 2099 sunt
1297 2043 1398 2098 sub
1445 2055 1602 2094 manu
1648 2049 1735 2094 tua
1779 2037 2020 2108 quinque

451 2159 640 2215 panes,
676 2148 740 2196 da
769 2141 820 2194 in
859 2152 1078 2192 manum
1113 2150 1287 2194 meam
1319 2132 1466 2224 quod
1506 2128 1800 2185 inveneris.
1840 2127 1904 2181 Et
1937 2142 2022 2181 rc-

450 2236 672 2308 spondit
715 2231 995 2296 sacerdos,
1025 2239 1080 2283 et
1106 2227 1243 2281 dixit
1271 2242 1284 2279 :
1317 2217 1588 2278 Non'sunt
1614 2235 1782 2291 panes
1807 2217 2017 2289 profani

447 2329 549 2384 sub
576 2341 735 2381 manu
776 2338 914 2385 mea,
948 2319 1042 2376 sed
1077 2327 1286 2372 tantum
1332 2331 1498 2387 panes
1537 2313 1714 2370 sancti
1747 2330 1762 2366 :
1791 2310 1835 2366 si
1867 2309 2017 2379 pueri

445 2422 632 2479 mundi
677 2425 853 2474 snnta
887 2413 1133 2475 muliere,
1159 2420 1212 2465 ct
1254 2407 1674 2463 manducabunt.
1710 2405 1774 2459 Et
1796 2418 2020 2474 respon-

450 2517 532 2570 dit
558 2512 728 2568 David
761 2504 1030 2564 sacerdoti
1060 2514 1113 2558 et
1148 2502 1285 2556 dixit
1319 2500 1368 2555 ci
1401 2499 1698 2568 :Equidem
1734 2513 1763 2552 a
1792 2496 2019 2552 muliere

446 2606 816 2664 eontinuimus
865 2615 965 2656 nos
1008 2599 1074 2652 ab
1133 2596 1249 2652 heri
1287 2604 1342 2648 et
1378 2593 1573 2648 nudius
1621 2592 1836 2646 tertius.
1881 2589 2016 2644 Cum

446 2701 652 2756 exirem
697 2697 748 2750 in
783 2694 952 2758 viam,
986 2689 1110 2745 facti
1151 2697 1276 2742 sunt
1315 2700 1508 2742 omnes
1539 2682 1691 2753 pueri
1719 2681 1872 2736 casti.
1910 2679 2015 2735 Sed

445 2792 564 2848 hazc
592 2789 675 2843 via
706 2786 913 2858 polluta
937 2792 1053 2848 est;
1087 2780 1209 2834 ideo
1249 2779 1411 2833 hodie
1443 2774 1873 2831 sanctiﬁcabitur
1894 2786 2018 2842 pro-

445 2893 566 2954 pter
597 2895 743 2936 vasa.
783 2878 848 2934 Et
893 2875 1035 2932 dedit
1065 2873 1113 2929 ei
1152 2866 1500 2927 Achimelech
1545 2868 1801 2921 sacerdos
1852 2879 2016 2933 panes

444 2972 860 3046 propositionis,
895 2969 1020 3039 quia
1057 2981 1160 3021 non
1208 2971 1326 3020 erat
1375 2961 1536 3032 panis
1583 2960 1679 3023 ibi,
1714 2959 1814 3011 nisi
1847 2971 2016 3027 panes

445 3067 622 3128 faciei,
649 3065 741 3135 qui
769 3061 963 3117 sublati
999 3061 1221 3114 fuerunt
1251 3071 1279 3108 a
1312 3054 1451 3108 facie
1488 3051 1724 3114 Domini,
1761 3061 1816 3103 ut
1847 3064 2010 3118 appo-
2040 3069 2085 3131 ι)

445 3166 668 3214 neretnr
725 3153 883 3224 panis
937 3151 1163 3212 calidus,
1207 3147 1259 3201 in
1309 3146 1398 3200 die
1440 3157 1544 3213 qua
1593 3143 1798 3211 accepit
1835 3154 1952 3195 eos.
1988 3159 2007 3192 ι

443 3251 622 3320 Atque
655 3248 770 3302 hare
798 3243 1050 3300 historia.
1087 3240 1190 3295 ιντο
1243 3254 1310 3293 en
1348 3246 1530 3290 autem
1561 3233 1703 3304 quod
1752 3233 2012 3302 scriptum

441 3355 525 3399 est
556 3356 572 3396 :
607 3360 626 3394 ι
661 3339 717 3395 In
746 3339 865 3393 loco
895 3335 985 3407 qui
1017 3333 1215 3388 dicitur
1240 3331 1330 3386 Dei
1369 3329 1501 3383 ﬁdes
1533 3326 1796 3382 Philmoni
1831 3325 2015 3380 Almo-

442 3436 520 3502 ni,
549 3454 566 3486 ι
587 3431 780 3503 Aquila
812 3431 978 3486 vertit
998 3445 1012 3482 :
1034 3448 1050 3480 ι
1073 3429 1152 3482 Ad
1177 3427 1353 3481 locum
1383 3424 1530 3478 hunc
1554 3421 1634 3476 vel
1660 3420 1834 3481 illum,
1854 3418 2012 3488 hujus

440 3530 524 3586 vel
551 3528 709 3592 alius,
732 3545 751 3580 ι
773 3522 1132 3580 autabsolute
1154 3537 1173 3572 ι
1198 3519 1263 3572 ad
1294 3517 1468 3572 locum
1494 3515 1635 3570 hunc
1667 3512 1749 3568 vel
1778 3511 1957 3577 illum;
1987 3529 2004 3562 ι

441 3619 806 3692 Symmachus
837 3626 1046 3672 autem:
1068 3611 1185 3666 «Ad
1215 3607 1522 3680 quempiam
1553 3605 1750 3682 locum.
1793 3620 1812 3654 ι
1854 3599 2012 3655 Vide-

444 3723 531 3770 tur
555 3726 687 3782 ergo
715 3708 906 3764 titulus
948 3704 1142 3777 psalmi
1181 3702 1265 3757 vel
1296 3697 1612 3756 simulatum
1647 3692 1864 3748 Davidis
1893 3705 2010 3744 ser-

443 3781 654 3858 monem
681 3801 744 3854 ad
763 3798 1109 3854 sacerdotem
1129 3795 1372 3848 indicare
1387 3790 1472 3845 bis
1487 3785 1743 3843 verbis":
1757 3781 2010 3850 «Quando

441 3893 748 3950 immutavit
799 3889 1002 3943 vultun
1033 3900 1194 3942 suum
1246 3898 1429 3938 coram
1468 3877 1820 3940 Abimelech;
1865 3895 1883 3927 ι
1926 3873 2008 3928 vel

441 3983 873 4040 immutationem
907 3977 1086 4032 faciei.
1115 3977 1452 4045 Quapropter
1505 3969 1862 4042 Symmachus
1885 3965 1958 4018 ait
1989 3979 2002 4013 :

445 4096 463 4129 ι
503 4075 729 4142 Quando
759 4069 1171 4127 transformavit
1217 4066 1422 4120 vultum
1451 4078 1610 4119 suum
1643 4075 1827 4115 coram
1878 4057 2009 4112 Abi-

439 4164 672 4220 melech.
706 4181 724 4213 ι
754 4160 943 4231 Aquila
963 4173 1092 4212 vero
1121 4174 1135 4211 :
1160 4175 1179 4210 ι
1203 4153 1428 4222 Quando
1457 4151 1762 4206 immutavit
1791 4156 2006 4216 gustum

437 4273 618 4314 sumn.
651 4275 668 4308 ι
695 4255 904 4309 Idcirco
922 4251 1086 4306 etiam
1106 4244 1498 4318 progressusin
1531 4241 1739 4310 psalmo
1766 4252 2004 4302 sacrum,

435 4361 492 4404 ut
525 4348 758 4409 videtur,
815 4345 994 4400 cibum
1049 4340 1295 4395 indicans
1343 4337 1419 4389 ait
1452 4335 1495 4366 ⁷⁸
1545 4348 1558 4385 :
1605 4351 1623 4383 ι
1675 4329 1902 4386 Gttslale
1951 4337 2006 4383 et

2132 465 2310 536 μένος.
2356 465 2414 518 '0
2458 467 2952 538 ἐπιγεγραμμένος,
2992 488 3010 521 ι
3032 469 3126 524 τοῦ
3178 471 3455 528 Σαϐϐάτου
3479 515 3494 540 ,
3528 495 3548 527 ι
3576 480 3667 532 ἐνε-

2128 556 2387 628 νηκοστδς
2420 556 2633 626 πρῶτος
2657 559 2970 631 προτροπὴν
3003 560 3112 630 ἔχει
3135 562 3439 629 σπουδαίως
3463 567 3666 631 ἀπα·ηᾷν

2127 627 2206 710 είς
2238 646 2336 710 τάς
2361 648 2605 715 συνάξεις
2766 627 2997 723 μελέτης
3153 653 3313 709 θείων
3347 627 3666 728 μαθημάτωίέ,

2128 739 2220 792 καὶ
2256 739 2396 810 μετά
2426 741 2600 794 ταῦτα
2618 741 2945 811 δοξολογίαν.
2971 743 3131 812 Λέγει
3156 746 3201 799 δ’
3227 743 3343 799 οὖν·
3373 765 3390 798 ι
3413 745 3515 801 Τοῦ
3534 752 3668 819 am.

2127 831 2335 901 γέλλειν
2371 833 2432 886 τὸ
2462 832 2607 905 πρωῒ
2635 834 2694 887 τὸ
2715 834 2859 900 ἔλεός
2901 853 3014 897 σου,
3045 837 3138 890 καὶ
3175 840 3275 911 τὴν
3315 839 3560 911 ἀλήθειάν
3597 860 3667 898 σου

2113 924 2266 978 ’κατά
2296 924 2483 979 νύκτα.
2513 944 2530 975 ι
2559 927 2668 978 Kal.
2691 927 2878 981 πάλινο
2919 947 2939 979 ι
2967 929 3374 1001 Πεφυτευμένοι
3395 935 3453 985 ὲν
3469 934 3542 1003 τῷ
3562 935 3668 1006 οἴκῳ

2125 1017 2353 1086 Κυρίου,
2381 1018 2437 1070 ὲν
2459 1019 2575 1080 ταῖς
2592 1017 2781 1082 αὐλαῖς
2797 1017 2890 1072 τοῦ
2918 1019 3051 1073 Θεοῦ
3075 1022 3108 1092 ἡ
3117 1021 3232 1092 μῶν
3261 1023 3664 1096 ὲξανθήσουσιν.»

2140 1107 2198 1160 Ὅ
2224 1109 2572 1180 ἐνενηκοστὸς
2618 1109 2835 1174 ἕννατος
2865 1113 3342 1185 ἐπιγεγραμμένος
3377 1135 3394 1166 ι
3418 1117 3494 1179 εἰς
3519 1116 3669 1188 ἐξομο-

2123 1199 2345 1270 λόγησιν
2375 1219 2392 1250 ι
2447 1199 2686 1253 διδάσκει
2721 1202 2944 1270 φάσκων
2963 1221 2976 1234 ·
3015 1223 3032 1254 ι
3061 1205 3234 1270 Αὐτὸς
3266 1207 3520 1279 ἐποίησεν

2123 1290 2216 1344 καὶ
2257 1292 2355 1362 ούχ
2400 1293 2590 1364 ἡμεῖς·
2631 1311 2648 1341 ι
2701 1292 2800 1364 τὴν
2849 1293 3077 1366 δύναμιν
3122 1300 3222 1368 τῆς
3267 1295 3668 1371 ὲξομολογήσεως

2123 1386 2398 1455 παριστᾷ,
2435 1386 2515 1438 ὅτι
2557 1383 2724 1456 μηδὲν
2764 1387 2927 1456 ἡμεῖς
2975 1389 3069 1458 ἀφ’
3103 1388 3314 1441 ἑαυτῶν
3351 1392 3665 1463 κεκτήμεθα,

2121 1475 2234 1527 ἀλλ’
2267 1477 2294 1528 ὅ
2320 1493 2370 1528 τι
2405 1478 2531 1530 ποτέ
2571 1481 2686 1532 ἐστι
2729 1478 2854 1548 περὶ
2890 1480 3034 1550 ἡμᾶς
3069 1480 3297 1549 ἀγαθὸν,
3341 1482 3497 1535 τοῦτο
3533 1484 3669 1548 αὐτὸς

2122 1566 2397 1638 ἐποίησεν.
2444 1570 2499 1622 '0
2545 1570 2864 1642 τριακοστὸς
2893 1571 3072 1642 τρίτος
3100 1572 3313 1643 ψαλμὺς
3360 1575 3666 1647 ἐπιγεγραμ-

2131 1661 2310 1731 μένος,
2347 1678 2365 1710 ι
2399 1657 2476 1729 τῷ
2503 1658 2682 1723 Δαυτδ,
2716 1659 2876 1713 ὁπότε
2904 1659 3157 1729 ὴλλοίωσε
3189 1661 3249 1713 τὸ
3281 1661 3562 1732 πρόσωπον
3590 1664 3666 1714 2'3-

2131 1752 2221 1805 τοῦ
2274 1753 2515 1806 ἐναντίον
2555 1752 2876 1823 Ἀϐιμέλεχ,
2923 1772 2942 1804 ι
2985 1752 3126 1805 ἔοικε
3177 1752 3268 1805 τὸν
3306 1755 3365 1805 ὲν
3403 1757 3467 1823 τῇ
3507 1754 3666 1824 πρώτῃ

2131 1846 2238 1897 τῶν
2289 1844 2584 1898 Βασιλειῶν
2645 1845 2929 1916 Ἀχιμέλεχ
2979 1844 3364 1914 ὠνομασμένον
3415 1844 3670 1915 Ἀειμέλεχ

2123 1937 2444 1992 ἀποκαλεῖν·
2493 1938 2600 1993 τῶν
2649 1940 2927 2011 στοιχείων
2979 1943 3104 2012 παρ’
3147 1940 3440 2012 Ἑϐραίοις,
3473 1941 3664 2010 λέγωδὲ

2120 2028 2214 2083 τοῦ
2259 2029 2368 2100 χάφ
2405 2031 2496 2083 καὶ¹
2526 2029 2620 2083 τοῦ
2656 2030 2777 2102 βὴθ,
2816 2031 3015 2102 πολλὴν
3045 2033 3340 2104 ὁμοιότητα
3383 2035 3658 2100 σωζόντων,

2120 2122 2196 2187 ὡς
2227 2123 2367 2177 κατά
2399 2123 2562 2195 μηδὲν
2593 2123 2835 2196 ἀλλήλων
2877 2125 3232 2190 διαλλάττειν,
3265 2127 3300 2195 ἧ
3333 2125 3554 2198 βραχείᾳ
3587 2143 3660 2180 κεε

2124 2215 2250 2287 ραία
2273 2215 2430 2287 μόνῃ.
2453 2217 2604 2286 Ἔχει
2631 2216 2674 2269 δ’
2701 2211 2793 2270 οὖν
2822 2217 2854 2287 ἡ
2889 2217 3097 2288 ἱστορία
3120 2217 3293 2282 οὓτως
3313 2235 3327 2247 ·
3369 2239 3386 2270 ι
3415 2220 3518 2272 Καὶ
3536 2220 3664 2291 ἔρχε-

2125 2327 2214 2362 ται
2241 2309 2402 2366 Δαυῒδ
2433 2311 2511 2373 εἰς
2545 2311 2777 2382 Νομμᾶν
2800 2310 2933 2382 πρὸς
2971 2311 3256 2382 Ἀχιμέλεχ
3277 2312 3370 2366 τὸν
3405 2313 3564 2384 ἱερέα,
3587 2316 3661 2366 καὶ

2126 2401 2318 2474 ἐξέστη
2367 2402 2654 2473 Ἀχιμέλεχ
2693 2405 2758 2474 τῇ
2808 2404 3106 2475 ἀπαντήσει
3149 2402 3344 2468 αὑτοῦ,
3402 2406 3492 2458 καὶ
3535 2401 3659 2458 εἶπεν

2119 2494 2300 2566 αὐτῷ·
2339 2496 2404 2548 Τί
2440 2497 2520 2548 ὅτι
2555 2497 2618 2550 σὺ
2656 2497 2848 2567 μόνος,
2888 2495 2980 2550 καὶ
3021 2495 3193 2560 οὐδεὶς
3236 2496 3376 2566 μετά
3418 2495 3541 2561 σοῦς
3569 2498 3660 2550 Καὶ

2118 2580 2269 2639 εἶπεν
2299 2586 2446 2658 αύτῷ
2475 2587 2663 2642 Δαυῖδ·
2701 2588 2758 2639 Ὁ
2794 2585 3048 2657 βασιλεὺς
3096 2586 3408 2641 ἐντέταλταί
3465 2605 3547 2658 μοι
3581 2589 3659 2658 σή-

2121 2695 2286 2750 μερον
2313 2679 2484 2750 ρἧα,
2514 2680 2606 2733 καὶ
2631 2674 2751 2732 εἶπέ
2778 2695 2888 2750 μοι’
2913 2679 3003 2750 Μὴ
3031 2677 3222 2747 γνώτω
3245 2679 3430 2751 μηδεὶς
3457 2678 3513 2732 τὸ
3529 2682 3656 2750 ῥῆμα

2119 2772 2248 2842 περὶ
2285 2762 2344 2822 οῦ
2379 2768 2490 2839 ἐγὼ
2519 2769 2829 2823 ἀποστέλλω
2877 2786 2956 2834 σε,
2996 2770 3091 2822 καὶ
3135 2770 3262 2841 περὶ
3303 2763 3364 2823 οὗ
3403 2767 3509 2838 ἐγὼ
3535 2766 3658 2820 ἐντέ-

2115 2861 2317 2933 ταλμαί
2345 2879 2445 2918 σοι.
2472 2863 2582 2916 Καὶ
2599 2865 2709 2926 τοῖς
2735 2860 3042 2932 παιδαρίοις
3073 2859 3495 2934 μεμαρτύρημαι
3519 2861 3571 2912 ὲν
3592 2858 3657 2930 τῷ

2115 2954 2265 3026 τόπῳ
2287 2953 2362 3025 τῷ
2382 2953 2658 3025 λεγομένῳ
2690 2942 2836 3008 Θεοῦ
2867 2954 3088 3018 πίστις,
3117 2951 3378 3021 Φιλμωνὶ
3419 2950 3650 3021 Ἀλμωνί.

2115 3047 2224 3100 Καὶ
2249 3046 2340 3100 νῦν
2375 3049 2422 3100 εί
2456 3047 2590 3100 εἰσὶν
2629 3046 2733 3099 ὑπὸ
2771 3046 2869 3116 τὴν
2895 3043 3050 3117 χεῖρά
3080 3061 3171 3096 σου
3201 3043 3360 3098 πέντε
3392 3044 3554 3114 ἄρτοι,
3583 3042 3654 3108 ὣς

2118 3139 2197 3198 είς
2218 3139 2375 3210 χεῖρά
2405 3156 2504 3210 μου
2533 3139 2592 3192 τὸ
2620 3137 2861 3210 εὑρεθέν.
2891 3138 2997 3190 Καὶ
3018 3135 3288 3208 ἀπεκρίθη
3321 3139 3349 3189 ό
3373 3137 3652 3209 ἀρχιερεὺς,

2116 3231 2210 3284 καὶ
2263 3226 2433 3283 εἶπεν·
2479 3230 2761 3284 υύκεῐσὶν
2792 3229 2946 3301 ἀρτοι
2999 3227 3217 3299 βέϐηλοι
3259 3229 3363 3281 ὑπὸ
3392 3230 3486 3301 τὴν
3521 3231 3655 3300 χεῖρά

2118 3339 2240 3392 μου,
2273 3322 2388 3376 ἀλλ’
2410 3323 2443 3393 ἢ
2469 3323 2622 3394 ἄρτοι
2666 3320 2837 3390 ἆγιοι·
2877 3321 2925 3373 εί
2963 3321 3078 3372 ἐστὶ
3115 3318 3182 3372 τὰ
3224 3319 3479 3392 παιδάρια
3508 3338 3655 3388 πεφυ-

2113 3414 2358 3486 λαγμένα
2412 3414 2519 3468 ἀπὸ
2561 3412 2834 3482 γυναικὸς,
2864 3410 2958 3463 καὶ⁵
2987 3409 3237 3478 φάγεται.
3273 3411 3383 3462 Καὶ
3409 3409 3650 3481 ἀπεκρίθη

2113 3507 2274 3561 Δαυῒδ
2299 3505 2374 3578 τῷ
2407 3507 2672 3578 ἀρχιερεῖ,
2731 3503 2826 3558 καὶ
2868 3497 3019 3555 εἶπεν
3047 3500 3216 3572 αὐτῷ·
3265 3501 3425 3555 Ἀλλά
3450 3503 3546 3556 ἀπὸ
3568 3519 3650 3570 γρ·

2113 3600 2299 3664 ναικὸς
2327 3598 2688 3670 ἁπεσχήμεθα
2715 3597 2841 3668 χθὲς
2881 3594 2971 3648 καὶ
3000 3592 3189 3665 τρίτην
3219 3595 3447 3666 ἡμέραν.
3484 3595 3563 3648 Ἑν

2111 3688 2342 3757 ἐξελθεῖν
2379 3707 2447 3760 με
2480 3691 2558 3752 εἰς
2595 3688 2733 3749 ὁδὸν,
2768 3687 2956 3755 γέγονε
2993 3684 3166 3737 πάντα
3213 3687 3467 3756 παιδάρια
3520 3690 3652 3756 ἡγνι-

2112 3781 2302 3853 σμένα.
2319 3780 2428 3834 Καὶ
2443 3779 2577 3850 αὑτὴ
2595 3781 2627 3850 ἡ
2643 3779 2758 3840 ὁδὸς
2773 3776 3016 3849 βέϐηλος,
3028 3774 3156 3829 διότι
3173 3776 3412 3849 σήμερον
3429 3777 3650 3847 ἁγιασθή-

2113 3890 2263 3928 σεται
2308 3873 2396 3926 διὰ
2435 3873 2503 3926 τὰ
2540 3871 2727 3944 σκεύη.
2764 3873 2872 3924 Kal.
2919 3868 3116 3922 ἔδωκεν
3151 3869 3301 3941 αὐτῷ
3342 3869 3648 3942 Ἀχιμέλιεχό

2113 3965 2289 4036 ἱερεὺς
2316 3966 2440 4028 τοὺς
2472 3964 2666 4036 ἄρτους
2691 3964 2791 4035 τῆς
2825 3964 3153 4036 προθέσεως,
3188 3967 3267 4018 ὅτι
3299 3964 3400 4017 ούκ
3424 3960 3487 4034 ἦν
3512 3964 3648 4032 ἄρτος

2109 4055 2241 4120 ἐκεῖ,
2274 4054 2387 4108 ἀλλ’
2412 4055 2444 4126 ἢ
2473 4056 2520 4107 οξ
2549 4053 2700 4125 ἄρτοι
2724 4053 2816 4107 τοῦ
2852 4055 3143 4126 προσώπου
3175 4057 3224 4108 οἱ
3251 4053 3570 4126 ἀφῃρημένοι
3591 4053 3648 4103 ὲκ

2111 4146 2401 4218 προσώπου
2455 4147 2657 4218 Κυρίου
2700 4145 2793 4199 τοῦ
2840 4148 3210 4219 παρατεθῆναι
3240 4149 3404 4220 ἄρτον
3437 4145 3643 4217 θερμὸν,

2109 4235 2142 4314 ᾖ
2173 4241 2353 4312 ἡμέρᾳ
2388 4240 2574 4293 ἔλαϐεν
2599 4239 2814 4304 αὐτούς.
2840 4260 2859 4290 ι
2885 4241 3069 4294 Ταῦτα
3103 4242 3198 4312 μὲν
3234 4243 3266 4311 ἡ
3305 4241 3524 4311 ἱστορίαο
3543 4237 3645 4291 ἀντὶ

2107 4332 2162 4384 δὲ
2182 4331 2296 4395 τοῦ,
2322 4353 2338 4382 ι
2361 4333 2416 4384 ὲν
2438 4331 2516 4401 τῷ
2543 4333 2694 4402 τόπῳ
2719 4332 2794 4402 τῷ
2819 4332 3094 4404 λεγομένῳ
3129 4332 3277 4386 Θεοῦ
3307 4333 3504 4397 πίστις
3532 4331 3645 4382 Φιλ-

434 4441 609 4496 vidcte
638 4438 894 4508 quoniam
929 4433 1116 4490 suavis
1161 4438 1242 4485 est
1289 4425 1570 4482 Domi-nus.
1615 4442 1634 4475 ι
1676 4421 1839 4478 Forte
1868 4437 1998 4489 ergo

2117 4425 2252 4490 ιιωνὶ
2301 4425 2564 4494 Ὰλμωνὶ,
2591 4444 2608 4474 ι
2660 4425 2886 4488 Ἀκύλας
2927 4425 3077 4496 φησί’
3113 4445 3130 4476 ι
3161 4424 3307 4496 Πρὸς
3367 4423 3454 4476 τὸν
3503 4422 3640 4474 τόπον

434 4534 500 4587 ad
537 4535 861 4602 gustandum
924 4527 990 4581 de
1037 4523 1264 4580 Christo
1306 4519 1631 4582 adhortans,
1685 4517 1770 4570 his
1824 4513 2004 4568 verbis

2117 4515 2250 4570 τόνδε
2279 4516 2398 4569 τινὰ
2426 4516 2579 4569 τοῦδέ
2593 4533 2736 4580 τινος
2757 4534 2768 4546 ·
2785 4536 2803 4568 ι
2829 4515 2900 4587 ῆι
2923 4516 3070 4569 τόνδε
3089 4516 3210 4570 τινὰ
3237 4516 3536 4569 ἀδέσποτον·
3565 4532 3578 4562 ι
3614 4512 3642 4564 ό

434 4599 714 4678 indicabat
771 4632 970 4690 corpus
1021 4614 1162 4684 ejus,
1220 4613 1312 4669 cui
1361 4612 1539 4666 inerat
1593 4607 1730 4676 legis
1785 4606 2003 4676 symbo-

2117 4609 2160 4662 Ξὲ
2203 4607 2524 4679 Σύμμαχος·
2563 4628 2580 4658 ι
2612 4609 2706 4670 Εἰς
2745 4608 2834 4661 τὸν
2872 4608 3018 4661 δεῖνα
3061 4608 3245 4661 τόπον.
3277 4626 3296 4659 ι
3335 4608 3530 4661 Ἔοικεν
3557 4599 3640 4656 οὖν

433 4715 576 4782 lum,
639 4727 761 4768 cum
823 4709 1255 4766 euc‘haristicum
1313 4705 1521 4761 Christi
1573 4714 1774 4771 corpus
1834 4712 2002 4768 panes

2117 4703 2135 4772 ὴ
2173 4700 2266 4753 τοῦ
2301 4701 2512 4772 ψαλμοῦ
2562 4701 2852 4774 προγραφὴ
2903 4701 3002 4772 τὴν
3055 4700 3338 4757 ἀλλοίωσιν
3385 4697 3637 4764 τοῦλόγου

432 4805 814 4880 propositionis
852 4801 1296 4871 comprehendat.
1335 4797 1432 4852 Est
1493 4806 1546 4850 et
1588 4794 1692 4848 alia
1741 4793 1998 4846 immuta-

2117 4793 2264 4846 Δαυῒδ
2315 4793 2414 4863 τὴν
2465 4793 2599 4864 πρὸς
2627 4793 2716 4846 τὸν
2745 4792 2893 4864 ἱερέα
2921 4792 3207 4863 σημαίνειν
3236 4791 3326 4845 διὰ
3352 4791 3441 4844 τοῦ
3469 4791 3607 4858 φάναι
3625 4803 3637 4816 ·

433 4878 508 4954 tio
551 4897 716 4951 David
747 4895 816 4963 ⁸⁸,
865 4894 1160 4950 secundum
1209 4904 1370 4961 quam
1429 4885 1732 4944 immutavit
1790 4883 1996 4936 vultum

2117 4907 2126 4938 l
2150 4885 2338 4938 Ὁπότε
2367 4884 2624 4956 ἡλλοίωσε
2650 4883 2712 4936 τὸ
2741 4884 3029 4954 πρόσωπον
3058 4882 3221 4936 αὐτοῦ
3258 4883 3488 4936 ἐναντίον
3516 4878 3642 4932 Ἀδι-

430 5008 586 5048 suum
647 5004 828 5044 coram
863 4987 1086 5041 Auchus
1123 4999 1247 5056 rege
1294 4983 1431 5039 Geth
1465 4971 1790 5053 alienigena,
1833 4978 1989 5049 521

429 5083 752 5139 dementiam
806 5076 1086 5134 simulans.
1159 5076 1264 5130 Sed
1327 5090 1432 5131 non
1499 5074 1716 5129 videtur
1759 5072 1999 5141 psalmus

429 5175 569 5230 hanc
634 5173 687 5227 in
752 5169 1006 5240 praesenti
1074 5167 1503 5223 immutationem
1566 5165 1826 5220 indicare.
1891 5164 1995 5218 Alii

426 5268 516 5336 qui
564 5265 766 5320 nullum
812 5261 1011 5316 habent
1045 5259 1281 5324 titulum,
1331 5259 1384 5314 id
1417 5259 1614 5328 estqui
1665 5271 1839 5328 neque
1868 5270 1995 5311 can-

424 5359 539 5420 tici,
567 5371 741 5428 neque
770 5353 980 5425 hymni,
1013 5353 1189 5422 neque
1215 5351 1428 5421 psalmi,
1463 5366 1640 5420 neque
1672 5349 1993 5405 modulatio-

425 5451 526 5512 nis,
555 5465 727 5520 neqne
751 5446 1098 5512 laudationis,
1134 5459 1304 5515 neque
1335 5445 1615 5510 orationis,
1641 5458 1815 5511 neque
1847 5442 1984 5497 alius

425 5540 723 5611 Cujuspiam
775 5541 849 5595 rei
901 5539 1094 5596 similis
1130 5539 1345 5592 nomine
1385 5537 1758 5591 inscribuntur
1781 5574 1795 5600 ,
1830 5535 1983 5590 utilia

491 5719 536 5751 "
563 5718 648 5774 Ps.
684 5733 827 5784 xcnx,
862 5717 913 5772 '5.

991 5716 1144 5772 πρε,
1169 5731 1362 5782 χχχιιι,
1389 5714 1438 5770 1.
1515 5715 1558 5747 ’⁷
1584 5713 1756 5782 llieg.
1787 5729 1900 5782 san,
1923 5711 1954 5767 ‘l
1979 5721 2204 5780 ctseqq.

2105 4979 2286 5051 μέλεχ·
2317 4999 2335 5031 ι
2380 4978 2414 5051 ἢ
2453 4979 2550 5050 τὴν
2596 4977 2879 5031 ἀλλοίωσιν
2917 4976 3012 5030 τοῦ
3056 4975 3372 5048 προσώποψ
3409 4975 3484 5028 διὸ
3515 4971 3640 5025 κατά

2096 5073 2186 5126 τὸν
2233 5072 2526 5143 Σύμμαχον
2578 5071 2809 5142 εἴρηται·
2871 5090 2889 5123 ι
2927 5069 3120 5122 Ὁπότε
3175 5069 3536 5140 μετεμόρφωσε
3580 5061 3638 5114 es

2099 5164 2385 5236 πρόσωπον
2413 5161 2580 5216 αὑτοῦ
2619 5162 2856 5215 ἐναντίον
2901 5160 3208 5232 Ἀϐιμέλεχ·
3239 5180 3256 5212 ι
3277 5163 3306 5214 ὁ
3325 5161 3378 5213 δὲ
3415 5156 3633 5218 ’Διτύλας-

2103 5275 2120 5308 ι
2148 5253 2286 5310 ι”Οτε
2331 5254 2590 5325 ἡλλοίωσε
2631 5254 2692 5306 τὺ
2724 5253 2904 5324 γεῦμα
2935 5253 3118 5306 αὑτοῦ,
3149 5273 3165 5303 ι
3208 5253 3297 5306 Διὸ
3329 5252 3417 5304 καὶ
3453 5246 3634 5319 προῖὼν

2096 5351 2154 5404 ὲν
2183 5349 2258 5421 τῷ
2295 5347 2495 5419 ψαλμῷ
2543 5346 2640 5417 τὴν
2689 5345 2861 5417 ἱερὰν,
2903 5346 2976 5409 ὡς
3003 5346 3178 5408 ἔοικε,
3202 5345 3399 5416 τροφὴν
3427 5337 3636 5394 αίνιττό-

2097 5441 2255 5512 μενός
2284 5455 2435 5510 φησι·
2475 5459 2491 5490 ι
2519 5436 2812 5501 Γεύσασθε,
2851 5438 2942 5490 καὶ
2978 5436 3112 5488 ἴδετε
3138 5437 3221 5488 ὅτι
3249 5431 3501 5507 χρηστδςὸ
3527 5428 3634 5481 Κύ-

2095 5551 2227 5607 ριος.
2254 5552 2270 5584 ι
2287 5533 2514 5604 Μήποτε
2540 5525 2630 5583 οὖν
2661 5529 2821 5582 αὐτοῦ
2839 5527 3132 5597 γεύσασθαι
3160 5528 3252 5581 τοῦ
3273 5522 3479 5597 Χριστοῦ
3497 5536 3632 5593 παρ-

2280 5708 2724 5774 "Ps.xxxm,l.
2802 5707 2846 5737 '9
2872 5705 3004 5760 ibid.
3029 5705 3080 5760 9.
3179 5705 3226 5736 ‘-'°
3289 5700 3508 5770 “egw.
3545 5691 3626 5747 15.
