3870 6536
206 328 334 386 1069

1389 331 1693 390 SEI.ECTA
1732 335 1798 388 IN
1835 335 2173 396 PSALMOS.

3309 348 3448 406 1070

201 451 356 508 αινῶν
395 451 454 506 τὸ
489 451 649 523 σῶμα
695 452 860 508 αὑτοῦ
900 453 986 508 διὰ
1023 454 1226 508 τούτων
1267 455 1538 526 ᾐνίττετο,
1679 460 1760 512 καῖ

1876 462 2119 524 quaedam
2145 462 2393 518 videntur
2429 464 2629 522 habere
2652 475 2940 536 praecepta,
2965 475 3019 523 et
3050 484 3330 527 sermones
3349 487 3447 528 ex-

197 545 284 602 τοῦ
317 545 482 616 νόμου
510 540 577 616 ἦν
603 544 887 617 σύμϐολον·
914 545 1007 599 τοῦ
1031 548 1130 617 τῆς
1157 549 1505 620 εὐχαριστίας
1532 551 1766 622 Χριστοῦ

200 637 439 709 σώματος
470 638 596 701 τοὺς
646 639 744 709 τῆς
781 638 1087 710 προθέσεως
1115 639 1312 710 ἄρτους
1350 642 1764 714 παρειληφότος.

201 733 350 784 Ἐστι
390 731 484 784 καὶ
513 730 675 802 ἑτέρα
713 730 998 794 ἀλλοίωσις
1040 731 1133 784 τοῦ
1173 732 1367 797 Δαυῒδ,
1407 733 1528 787 καθ’
1564 735 1628 805 ἢν
1673 737 1768 806 ὴλ-

196 823 379 878 λοίωσε
411 823 472 876 τὸ
494 823 782 894 πρόσωπον
810 822 974 876 αὐτοῦ
1000 824 1135 895 πρὸς
1165 825 1394 895 Ἀγχοῦς
1415 825 1636 896 βασιλέα
1668 829 1766 882 Γὲθ

195 916 278 970 τὸν
310 915 624 985 ἀλλόφυλον,
656 915 849 986 μανίαν
882 916 1336 987 ὑποκρινόμενος·
1392 918 1504 971 ἀλλ’
1539 919 1638 972 οὐκ
1665 919 1769 974 ἔοι-

194 1024 282 1060 κεν
305 1007 333 1058 6
363 1005 576 1077 ψαλμὸς
604 1005 808 1076 ταύτην
839 1005 931 1059 ἐπὶ
971 1006 1063 1059 τοῦ
1097 1008 1363 1078 παρόντος
1397 1009 1766 1080 προσαλλοίω-

193 1115 272 1152 σιν
304 1098 606 1177 σημαίνειν.
637 1099 698 1151 Οἱ
732 1097 787 1150 δὲ
823 1099 945 1170 μηδ’
979 1099 1145 1172 ἔτερα
1175 1101 1640 1172 ἐπιγεγραμμένοι
1660 1103 1765 1157 τῶν

189 1189 432 1262 ψαλμῶν,
462 1189 702 1259 λέγωδὲ,
739 1192 875 1263 μήτε
906 1191 1036 1262 ᾠδὴ,
1071 1193 1207 1264 μήτε
1241 1192 1426 1264 ὕμνος,
1462 1195 1597 1265 μήτε
1629 1195 1764 1264 ψαλσ

191 1282 306 1355 μὸς,
335 1282 470 1354 μήτε
501 1281 816 1354 μελῴδημα,
857 1284 993 1354 μήτε
1033 1283 1256 1348 αἴνεσις,
1296 1286 1430 1356 μήτε
1466 1287 1762 1358 προσευχὴ,

188 1377 320 1449 μήτε
355 1394 405 1429 τι
432 1375 540 1430 τῶν
565 1375 842 1440 τοιούτων,
869 1376 1176 1448 ὠφελίμους
1214 1378 1366 1442 τινάς
1391 1379 1598 1434 ἐοίκασι
1625 1380 1765 1433 διδα-

183 1469 407 1532 σκαλίας
445 1468 742 1540 περιέχειν,
794 1471 888 1522 καὶ
937 1469 1127 1538 λόγους
1191 1472 1608 1542 παραινετικοὺς
1669 1473 1762 1525 καὶ

184 1563 613 1633 προτρεπτικοὺς
642 1563 721 1624 είς
750 1562 1028 1626 εὐσεϐείας
1058 1562 1325 1634 ἀνάληψιν
1347 1581 1359 1593 ·
1405 1557 1516 1627 οἷός
1564 1565 1708 1618 ἐστιν
1735 1567 1764 1619 6

180 1650 421 1714 δέκατος,
463 1653 521 1704 ἐν
643 1649 889 1723 εἴρηται·
935 1671 951 1702 ι
1004 1652 1125 1705 Ἐπὶ
1153 1652 1228 1722 τῷ
1274 1652 1462 1724 Κυρίῳ
1505 1653 1760 1720 πέποιθα,

180 1742 297 1805 πῶς
330 1745 502 1813 ἐρεῖτε
535 1745 598 1813 τῇ
635 1741 777 1814 ψυχῇ
809 1761 932 1813 μου,
962 1762 980 1796 ι
1008 1745 1100 1797 καί
1129 1745 1196 1798 τὰ
1227 1744 1352 1816 ἑξῆς
1372 1762 1384 1774 ’
1423 1746 1516 1800 καὶ
1540 1749 1567 1800 6
1600 1746 1763 1801 δέκα·

1872 550 2202 604 hortatorios
2235 563 2288 606 et
2317 555 2660 612 invitatorios
2689 556 2752 611 ad
2783 557 3001 626 pietatis
3039 560 3262 614 cultum.
3291 561 3447 628 Ejus-

1870 641 2014 696 modi
2055 653 2135 697 est
2163 642 2424 711 decimus,
2469 646 2519 699 in
2554 661 2661 715 quo
2696 648 2893 702 dicitur
2927 649 2969 680 ⁸¹
3007 669 3018 703 :
3050 670 3066 702 ι
3112 649 3166 705 In
3217 651 3446 708 Domino

1870 731 2100 791 confido.
2141 738 2411 803 quomodo
2442 737 2624 792 dicitis
2655 739 2847 793 anima:
2881 758 3031 804 metu,
3061 761 3078 792 ι
3116 751 3246 809 elc.,
3277 755 3331 799 et
3356 747 3447 800 de-

1869 823 2042 879 cimus
2072 824 2264 878 tertius
2296 825 2385 894 qui
2425 826 2678 882 similiter
2719 829 2795 882 ait
2819 829 2864 860 ⁸²
2897 848 2909 883 :
2953 850 2970 881 ι
3009 830 3154 886 Dixit
3185 833 3445 903 insipiens

1871 917 1922 972 in
1948 917 2109 971 corde
2141 932 2258 972 suo.
2303 937 2321 969 ι
2376 917 2584 987 Reliqui
2621 920 2871 975 similiter
2901 934 3166 993 praecepta
3199 927 3445 994 quaedam

1869 1009 2097 1065 utilitate
2157 1011 2310 1080 plena
2361 1013 2663 1078 continent,
2718 1031 2893 1086 neque
2961 1028 3139 1073 tamen
3194 1021 3443 1089 psalmis,

1871 1101 2082 1173 hymnis
2105 1115 2197 1158 aut
2225 1107 2452 1160 canticis
2489 1108 2712 1177 ascripti
2743 1118 2889 1174 sunt,
2927 1112 3068 1180 quod
3103 1115 3349 1169 eamdem
3381 1130 3446 1172 ac

1868 1197 2108 1265 praedicti
2138 1198 2366 1253 formam
2393 1216 2498 1255 non
2527 1212 2777 1265 servent;
2817 1202 2918 1255 nisi
2951 1205 3089 1259 forte
3109 1208 3297 1277 scripti
3320 1217 3445 1264 sunt

1865 1297 1918 1342 et
1947 1288 2044 1358 ipsi
2073 1298 2128 1342 ut
2159 1305 2256 1359 per
2295 1291 2638 1360 psalterium,
2664 1293 2746 1347 vel
2769 1294 2968 1348 cantici
3001 1312 3171 1363 more,
3194 1300 3280 1353 vel
3305 1301 3445 1355 sicut

1866 1381 2130 1450 quispiam
2160 1395 2190 1435 e
2239 1383 2510 1451 praedictis
2544 1396 2885 1449 canerentur,
2937 1388 3037 1442 hoc
3092 1401 3273 1445 autem
3332 1409 3441 1448 non

1866 1473 2109 1541 contigit,
2145 1475 2281 1529 adeo
2315 1485 2369 1528 ut
2405 1477 2654 1530 eamdem
2705 1478 2920 1546 quidem
2962 1495 3024 1533 ac
3066 1481 3279 1549 psalmi,
3313 1499 3444 1538 can-

1864 1562 1968 1617 tica
2005 1572 2058 1616 et
2090 1565 2364 1620 orationes
2401 1567 2506 1620 vim
2557 1566 2816 1629 habeant,
2848 1568 3091 1636 inscripti
3125 1580 3302 1622 autem
3336 1585 3439 1623 non

1865 1655 1992 1718 sint,
2026 1657 2170 1724 quod
2216 1658 2344 1711 dicti
2388 1673 2493 1712 non
2537 1659 2755 1713 fuerint.
2791 1657 2884 1714 Vel
2924 1659 3060 1714 forte
3114 1662 3331 1730 quidam
3375 1663 3445 1716 ob

1864 1747 2098 1814 priorem
2128 1764 2366 1816 causam,
2412 1750 2630 1820 quidam
2679 1767 2810 1806 vero
2855 1753 2923 1807 ob
2957 1755 3249 1808 secundum
3296 1754 3443 1809 nullo

178 1855 266 1900 τος
298 1836 478 1908 τρίτος
506 1835 625 1889 καθ’
658 1837 820 1907 ὃμοια
855 1836 1027 1905 λέγων
1049 1854 1062 1868 ⁸
1095 1858 1111 1888 ι
1143 1833 1310 1902 Εἶπεν
1341 1838 1528 1910 ἄφρων
1545 1842 1602 1894 ὲν
1631 1857 1760 1912 καρ-

1866 1839 2099 1908 gaudent
2148 1840 2322 1896 titnlo.
2367 1842 2865 1913 Quinquagesimus
2907 1846 3052 1898 enim
3106 1846 3312 1914 primus
3355 1848 3440 1901 cui

174 1929 260 2000 δίᾳ
297 1928 483 1982 αὐτοῦ.
530 1949 548 1980 ι
590 1930 696 1983 Καὶ
729 1931 777 1982 oi
810 1929 985 1983 λοιποὶ
1033 1930 1087 1983 δὲ
1127 1931 1522 2002 παραπλησίως
1571 1931 1760 2000 λόγους

174 2020 323 2084 τινὰς
354 2021 760 2086 διδασκαλικοὺς
793 2024 886 2076 καὶ
931 2023 1158 2094 πλήρεις
1210 2023 1479 2093 ὠφελείας
1525 2025 1761 2094 ἐπάγον-

170 2130 288 2168 ται·
326 2114 388 2166 οὐ
419 2114 526 2185 μὴν
560 2116 616 2167 ὲν
649 2114 883 2184 ψαλμοῖς
912 2117 1006 2168 κα)⁸
1037 2115 1225 2186 ὕμνοις
1261 2116 1292 2187 ἢ
1317 2117 1374 2168 ἐν
1404 2117 1567 2187 ᾠδαῖς
1595 2135 1758 2170 κατε-

169 2207 430 2277 λέγησαν,
461 2205 539 2277 τῷ
579 2206 652 2278 μὴ
694 2206 888 2271 σώζειν
936 2207 1025 2261 τὸν
1075 2208 1259 2279 ὅμοιον
1304 2211 1414 2272 τοῖς
1451 2210 1761 2280 εἰρημένοις

166 2301 368 2373 τρόπον
386 2317 398 2330 ’
433 2302 481 2354 εί
513 2299 587 2371 μὴ
615 2301 723 2371 ἄρα
750 2299 1068 2372 ἐγράφησαν
1104 2300 1196 2353 καὶ
1223 2301 1374 2353 αὐτοὶ
1401 2300 1540 2353 ὥστε
1567 2301 1761 2373 λεχθῆ-

165 2410 252 2446 ναι
277 2392 370 2446 διὰ
407 2391 704 2464 ψαλτηρίου
745 2392 777 2463 ἢ
813 2393 879 2445 δι’
913 2393 1075 2464 ᾠδῆς,
1112 2393 1144 2464 ἢ
1173 2391 1248 2456 ὥς
1277 2411 1360 2456 τις
1397 2393 1505 2446 τῶν
1536 2394 1760 2466 εἰρημέ-

162 2501 305 2540 νων⁶
342 2485 406 2538 οὐ
449 2485 646 2556 συνέὸη
690 2485 746 2537 δὲ
775 2487 869 2537 καὶ
901 2484 1156 2556 λεχθῆναι
1186 2485 1406 2548 αὐτοὺς,
1439 2485 1579 2538 ὥστε
1615 2485 1759 2557 ἔχειν

163 2577 365 2649 ὁμοίαν
407 2576 505 2648 μὲν
535 2577 592 2629 ἐν
615 2579 727 2640 τοῖς
758 2576 992 2648 ψαλμοῖς
1025 2579 1118 2629 καὶ
1146 2579 1268 2640 ταῖς
1299 2578 1484 2646 ᾠδαῖς,
1517 2578 1610 2632 καὶ
1641 2581 1759 2643 ταῖς

159 2673 504 2742 προσευχαῖς
531 2668 781 2740 δύναμιν,
823 2669 896 2740 μὴ
941 2669 1346 2739 ἐπιγεγράφθαι
1375 2669 1430 2722 δὲ
1461 2669 1548 2722 διὰ
1582 2670 1641 2722 τὸ
1681 2671 1756 2742 μὴ

159 2759 426 2831 λεχθῆναι
471 2762 661 2832 αὐτήν.
696 2761 766 2814 Ἢ
815 2761 1025 2832 μήποτέ
1068 2778 1210 2824 τινες
1248 2760 1344 2832 μὲν
1373 2760 1462 2814 διὰ
1497 2761 1592 2832 τὴν
1627 2779 1759 2833 προ-

153 2852 328 2925 τέραν
363 2854 564 2917 αἰτίαν,
596 2854 740 2917 τινὲς
771 2853 824 2906 δὲ
851 2853 949 2923 τῆς
971 2852 1228 2923 δευτέρας
1247 2852 1434 2906 ἕνεκεν
1466 2854 1566 2907 οὐκ
1595 2852 1756 2924 ἠξιώ-

158 2946 336 3018 θησαν
370 2947 715 3018 προγραφῆς.
761 2947 820 2999 '0
846 2946 941 3017 μὲν
969 2945 1079 3014 γὰρ
1109 2946 1474 3017 πεντηκοστὸς
1518 2945 1754 3017 πρῶτος,

152 3036 423 3108 σΰδέτερα
453 3034 526 3089 ὢν
556 3035 664 3088 τῶν
685 3034 1010 3106 εἰρημένων,
1029 3033 1097 3086 τὰ
1118 3034 1246 3105 περὶ
1269 3032 1360 3085 τοῦ
1386 3032 1546 3104 Δωὴκ
1580 3034 1757 3100 ἀπαγ-

156 3131 348 3201 γέλλει
377 3129 552 3198 λέγων
575 3147 589 3160 ο
634 3149 652 3180 ι
681 3128 744 3180 Τί
779 3128 1024 3198 ἐγκαυχᾷ
1051 3129 1107 3180 ἐν
1137 3126 1326 3196 κακίᾳ,
1372 3126 1401 3177 6
1452 3123 1696 3192 δυνατὸς,
1731 3142 1750 3176 ι

150 3223 251 3277 καὶ
292 3223 366 3276 τὰ
407 3223 532 3293 ἑξῆς
551 3239 565 3252 ·
601 3221 741 3292 ἆπερ
769 3220 856 3273 διὰ
877 3220 938 3272 τὸ
969 3217 1293 3291 σκυθρωπὸν
1317 3218 1417 3270 οὐκ
1451 3217 1514 3271 ἂν
1538 3216 1752 3288 λεχθείη

147 3315 230 3386 τῷ
270 3314 472 3387 τρόπῳ
517 3313 628 3368 τῶν
669 3312 932 3384 ψαλμῶν,
985 3311 1018 3381 ἢ
1060 3312 1166 3364 τῶν
1205 3310 1384 3381 ᾠδῶν·
1434 3309 1508 3373 ὼς
1557 3309 1677 3362 οὐδὲ
1729 3311 1758 3362 6

145 3405 537 3477 πεντηκοστὸς
580 3404 828 3476 δεύτερος
864 3404 960 3456 καὶ
1006 3398 1159 3466 οὗτος
1200 3401 1421 3474 λυπηρὰ
1467 3401 1752 3472 περιέχων.

155 3499 218 3551 '0
251 3498 313 3551 δὲ
342 3496 712 3567 πεντηκοστὸς
736 3494 994 3566 τέταρτος
1024 3487 1085 3548 οὗ
1116 3495 1149 3564 ἡ
1179 3493 1320 3564 ἀρχή
1347 3509 1359 3522 ·
1396 3510 1415 3542 ι
1451 3492 1756 3558 Ἐνώτισαι,

139 3589 170 3641 6
209 3587 378 3651 Θεὸς,
416 3585 515 3656 τὴν
546 3585 848 3657 προσευχήν
877 3601 998 3654 μου,
1031 3602 1050 3636 ι
1087 3583 1286 3655 τρόπον
1318 3583 1558 3654 περιέχει
1590 3600 1758 3654 προσ-

138 3681 361 3752 ευχῆς’
416 3678 510 3732 καλ⁸
555 3681 584 3731 6
627 3677 870 3741 εἰκοστὸς
919 3677 1108 3740 ἕκτος·
1155 3696 1173 3728 ι
1224 3675 1428 3748 Κύριος
1479 3674 1756 3746 φωτισμός

138 3791 251 3846 μου
297 3772 407 3826 καὶ
451 3771 633 3843 σωτήρ
675 3787 797 3842 μου,
841 3790 859 3823 ι
914 3770 1066 3824 οὐδὲν
1113 3769 1383 3840 διενήνοχε
1422 3769 1522 3839 τῆς
1551 3769 1751 3840 εὐχῆςο

137 3865 298 3937 Ξμως
323 3864 376 3917 δ’
415 3860 508 3917 οὖν
538 3865 638 3917 οὐκ
665 3861 977 3934 ἠξιώθησαν
1021 3861 1367 3934 προγραφῆς.
1415 3860 1513 3913 Διὰ
1558 3859 1614 3913 δὲ
1655 3859 1754 3931 τὴν

132 3955 446 4028 δευτέραν,
480 3955 556 4019 ὡς
588 3953 755 4018 εἰκὸς,
787 3954 985 4017 αἰτίαν,
1033 3953 1126 4006 τοῦ
1157 3951 1558 4022 έδδομηκοστοῦ
1604 3950 1754 4022 πρὼ-

129 4068 232 4104 του
288 4047 524 4120 ψαλμοῦ
559 4048 651 4100 ἐπὶ
690 4047 832 4100 τέλει
867 4047 966 4118 τῆς
1016 4044 1356 4115 προφητείας
1386 4043 1750 4114 περιέχοντος,

136 4162 156 4194 ι
204 4141 510 4207 Ἐξέλιπον
545 4141 594 4192 oi
641 4139 799 4210 ὕμνοι
833 4137 1017 4201 Δαυῖδ,
1062 4135 1178 4189 υἱοῦ
1237 4135 1468 4188 Ἰεσσαίο
1511 4155 1530 4187 ι
1567 4132 1754 4204 ἐπειδὴ

125 4236 188 4288 δέ
225 4251 397 4297 τινες
422 4231 692 4286 ὑπέλαϐον
710 4231 863 4294 τέλος
895 4230 1003 4282 τῶν
1031 4228 1124 4282 τοῦ
1155 4227 1318 4281 Δαυῖδ
1348 4226 1532 4299 ὕμνων
1558 4226 1618 4279 τὸ
1662 4225 1750 4279 λό-

126 4345 258 4398 γιον
301 4325 626 4397 σημαίνειν,
673 4321 974 4396 σημειώσῃ,
1011 4322 1092 4374 ὅτι
1135 4321 1194 4373 ού
1229 4319 1386 4372 τοῦτο
1418 4319 1565 4388 δηλοῖ
1598 4317 1751 4389 ἡτοῦ

136 4419 431 4492 Ἐϐραίου
457 4418 682 4470 διάνοια.
711 4417 768 4468 ὐ
788 4414 918 4483 γοῦν
950 4413 1197 4476 Ἀκύλας,
1233 4413 1352 4465 ἀντὶ
1372 4411 1466 4464 τοῦ
1488 4427 1500 4440 ο
1536 4409 1753 4474 Ἐξέλιὲ

1840 1929 1996 1997 nihil
2025 1945 2310 1986 commune
2341 1943 2425 1988 est
2451 1949 2572 1988 cum
2600 1936 2893 2004 prmdictis,
2914 1953 3030 2006 qua:
3055 1939 3121 1993 ad
3154 1939 3296 2008 Doeg
3322 1955 3444 2008 per-

1866 2019 2034 2073 tinent
2078 2032 2264 2076 narrat
2290 2024 2371 2077 his
2402 2027 2581 2080 verbis
2614 2026 2660 2057 ⁸³
2693 2043 2707 2080 :
2747 2045 2765 2078 ι
2805 2027 2940 2094 Quid
2965 2029 3212 2098 gloriaris
3242 2030 3292 2083 in
3330 2045 3443 2084 ina-

1863 2110 1974 2163 litia
2003 2123 2213 2181 potens,
2251 2134 2272 2167 ιν
2308 2126 2360 2171 et
2388 2129 2603 2185 caetera,
2637 2135 2756 2190 qua:
2792 2123 3008 2190 quidem
3033 2123 3100 2178 ob
3129 2123 3444 2178 amaritudi-

1863 2218 1985 2256 nem
2024 2205 2126 2258 dici
2157 2220 2423 2282 nequeant
2455 2209 2522 2264 ad
2554 2209 2729 2265 instar
2763 2211 3094 2281 psalmorum
3123 2221 3216 2266 ant
3259 2213 3439 2268 canti-

1862 2313 2072 2360 corum,
2107 2299 2250 2354 sicut.
2307 2317 2404 2356 nec
2433 2304 2916 2373 quinquagesimns
2946 2309 3218 2362 secundus
3269 2308 3356 2377 qui
3386 2317 3441 2362 et

1862 2391 1979 2460 ipse
2015 2394 2187 2448 tristia
2243 2394 2430 2450 refert.
2470 2396 2962 2468 Quinquagesitnus
3018 2411 3251 2469 quartus
3285 2400 3442 2470 cujus

1863 2485 2187 2554 principium
2209 2485 2380 2541 est“:
2413 2489 2669 2553 «Exaudi,
2699 2491 2856 2555 Deus,
2881 2493 3179 2547 orationem
3207 2508 3435 2556 meam,»

1862 2574 2090 2631 formam
2130 2581 2393 2636 orationis
2446 2581 2652 2648 habet;
2694 2593 2748 2637 et
2793 2584 3086 2651 vigesimus
3132 2597 3318 2640 sextus
3344 2586 3389 2618 ⁸³
3424 2602 3438 2641 :

1867 2687 1883 2718 ι
1933 2669 2190 2726 Dominus
2216 2671 2536 2726 illuminatio
2566 2689 2682 2727 mea
2709 2685 2762 2730 et
2789 2689 3038 2730 servator
3077 2693 3252 2743 meus,
3298 2699 3316 2730 ι
3357 2681 3440 2733 ni-

1861 2759 1936 2814 hil
1971 2762 2038 2816 ab
2078 2764 2321 2818 oratione
2372 2764 2586 2831 dill‘ert;
2637 2767 2782 2820 nullo
2817 2777 2996 2822 tamen
3040 2769 3280 2840 insigniti
3312 2783 3441 2826 sunt

1863 2851 2038 2905 titnlo.
2064 2852 2196 2906 Cum
2233 2862 2413 2907 autem
2445 2865 2664 2924 prepter
2698 2856 3016 2922 secundam,
3053 2867 3111 2911 ut
3145 2858 3440 2913 verisimile

1860 2954 1965 3006 est,
1997 2958 2213 2998 causam
2247 2947 2680 3017 septuagesimns
2736 2948 2943 3016 primus
2981 2950 3218 3018 psalmus
3250 2951 3299 3004 in
3333 2951 3441 3004 ﬁne

1859 3037 2156 3106 prophetiae
2201 3038 2432 3093 haheat:
2476 3058 2494 3091 ι
2531 3039 2856 3095 Defecerunt
2895 3041 3081 3112 hymni
3126 3043 3292 3097 David
3345 3044 3437 3097 lilii

1857 3126 2026 3193 Jesse,
2059 3149 2078 3181 ›
2137 3129 2327 3198 hisque
2384 3133 2566 3186 verbis
2618 3133 2837 3202 quidam
2891 3135 3092 3202 opinati
3135 3135 3243 3189 sint
3276 3135 3438 3190 ﬁucm

1862 3221 2184 3291 hymnorum
2245 3222 2413 3278 David
2483 3225 2747 3290 indicari,
2801 3225 3118 3281 observabis
3154 3242 3257 3280 non
3297 3228 3438 3281 hunc

1860 3325 1979 3366 esse
2004 3310 2213 3367 llebrzei
2243 3321 2423 3368 textus
2449 3329 2688 3370 sensum.
2727 3315 2919 3383 Aquila
2955 3330 3084 3384 ergo
3107 3331 3242 3385 pro:
3274 3333 3292 3366 ι
3332 3315 3437 3372 De-

1859 3403 2104 3458 fecerunt
2155 3405 2335 3475 hymni
2373 3407 2559 3471 David,
2601 3426 2619 3458 ›
2656 3409 2820 3462 vertit
2853 3423 2866 3460 :
2897 3426 2916 3460 ι
2963 3408 3256 3477 Completae
3313 3421 3440 3463 sunt

1858 3496 2134 3550 orationes
2165 3497 2362 3565 David;
2398 3518 2416 3550 ι
2457 3498 2818 3571 Symmachus
2846 3513 3024 3554 autem
3061 3515 3073 3550 :
3105 3518 3124 3551 ι
3170 3500 3438 3555 Consum-

1858 3596 2016 3642 mata:
2038 3596 2164 3643 sunt
2184 3576 2459 3646 orationes
2485 3591 2681 3652 David;
2711 3601 2798 3645 iet
2828 3592 3016 3661 quinta
3045 3592 3209 3647 editio
3239 3606 3254 3646 :
3288 3612 3304 3643 ι
3332 3592 3438 3647 Rc-

1858 3679 2087 3749 cognitae
2117 3691 2248 3736 sunt
2292 3684 2568 3738 orationes
2609 3683 2798 3739 David.
2830 3703 2847 3736 ι
2878 3684 3083 3751 Quibus
3111 3687 3434 3749 ostenditur,

1857 3773 2158 3842 pr0phetiis
2183 3789 2316 3843 quas
2367 3777 2524 3830 hath
2557 3777 2801 3846 psalmus
2829 3779 2892 3833 de
2925 3777 3162 3842 Christo,
3190 3795 3434 3834 connexa
3473 3794 3475 3796 '

1856 3877 1975 3918 esse
2010 3881 2130 3935 quae
2154 3867 2298 3921 dicta
2329 3879 2473 3922 sunt.
2515 3870 2833 3924 Inscribitur
2861 3873 3006 3926 enim
3043 3872 3281 3942 psalmus
3313 3890 3332 3923 ι
3381 3874 3434 3926 in

1859 3955 2228 4026 Salomonem,
2268 3979 2287 4013 ι
2334 3972 2387 4015 et
2440 3977 2559 4030 qua:
2607 3964 2870 4028 continet,
2895 3963 3201 4018 referuntur
3231 3975 3338 4019 tmn
3368 3968 3436 4022 ad

1859 4051 2226 4119 Salomonem,
2271 4062 2380 4108 tum
2413 4055 2479 4109 ad
2504 4070 2628 4110 eum
2661 4056 2749 4126 qui
2787 4072 2850 4111 ex
2881 4056 2994 4123 ejus
3030 4057 3236 4112 semine
3276 4074 3437 4129 gene-

1857 4143 2056 4199 randus
2107 4153 2266 4210 erat,
2320 4145 2514 4202 lilium.
2572 4152 2915 4217 Quapropter
2976 4149 3179 4203 dictum
3231 4159 3313 4216 est
3347 4150 3433 4206 9‘:

1861 4251 1878 4284 ι
1933 4233 2380 4304 Deus,jndicium
2433 4247 2585 4292 tuum
2641 4239 2752 4308 regi
2779 4239 2868 4304 da,
2902 4239 3241 4306 etjnstitiam
3289 4250 3434 4293 tuam

1857 4325 1964 4380 filio
1997 4326 2157 4394 regis.
2189 4347 2207 4380 ι
2246 4328 2448 4384 Deinde
2476 4340 2872 4400 consequenter
2898 4331 3296 4386 subnecmntur
3319 4347 3437 4385 ser-

1855 4433 2040 4472 mones
2069 4419 2284 4487 quidam
2329 4422 2630 4490 prophetici
2667 4423 2732 4477 de
2778 4421 2887 4477 lilio
2922 4423 3094 4488 regis,
3129 4423 3434 4488 generando

124 4527 260 4566 πον
276 4515 337 4564 ol
357 4510 542 4580 ὕμνοι
565 4507 794 4569 Δαυῒδ,ι
818 4505 1205 4576 Ἐτελέσθησαν
1225 4504 1519 4576 προσευχαὶ
1535 4502 1712 4568 Δαυῒδ,
1726 4521 1744 4554 ι

1860 4509 2106 4564 videlicet
2155 4527 2185 4565 e
2235 4513 2445 4567 semine
2504 4511 2844 4578 Salomonis,
2877 4514 2968 4581 qui
3007 4512 3166 4582 522
3215 4515 3431 4583 quidem

120 4606 496 4660 ἐκδέδωκεν·
533 4604 561 4656 6
590 4601 646 4654 δὲ
673 4599 967 4671 Σύμμαχος
991 4617 1004 4629 ο
1037 4617 1055 4650 ι
1093 4596 1552 4668 Ἐπετελέσθησαν
1586 4611 1753 4666 προσ-

119 4699 300 4768 ευχαὶ
360 4694 567 4749 Δαυΐδ·
613 4713 630 4746 ι
686 4693 777 4746 καὶ
820 4693 852 4762 ἡ
899 4690 1123 4762 πέμπτη
1167 4690 1414 4752 ἔκδοσις,
1466 4705 1484 4737 ι
1539 4687 1753 4738 Ἀνεκε-

116 4787 554 4861 φαλαιώθησαν
583 4784 878 4857 προσευχαὶ
910 4781 1090 4834 Δαυῖδ.
1141 4801 1159 4833 ι
1194 4780 1270 4833 Δι’
1301 4772 1375 4832 ὧν
1420 4777 1750 4848 παρίσταται

116 4889 245 4949 τοῖς
274 4889 342 4938 ὲν
370 4883 459 4953 τῷ
484 4881 684 4952 ψαλμῷ
719 4880 953 4954 περὶτοῦ
987 4874 1222 4950 Χριστοῦ
1254 4872 1750 4946 προφητευομένοις

115 4976 438 5048 συνῆφθαι
487 4975 556 5028 τὰ
606 4975 908 5047 εἰρημένα⁹
960 4971 1363 5042 ἐπιγέγραπται
1420 4967 1516 5038 μὲν
1564 4966 1672 5037 γὰρ
1719 4967 1748 5018 6

111 5071 368 5144 ψαλμὸς
398 5088 420 5120 α
461 5070 540 5132 εἰς
557 5068 836 5138 Σαλομὼν,
865 5082 883 5116 ι
909 5065 1237 5136 ἀναφέρεται
1261 5061 1316 5114 δὲ
1333 5059 1401 5113 τὰ
1416 5062 1470 5113 ὲν
1491 5057 1638 5128 αὐτῴ
1669 5057 1748 5120 εἴς

107 5183 175 5220 τε
201 5163 403 5219 αὐτὸν
436 5159 777 5231 Σολομῶντα,
799 5159 894 5213 καὶ
923 5158 1015 5211 τὸν
1037 5159 1102 5210 ὲκ
1129 5155 1445 5226 σπέρματος
1468 5150 1632 5205 αὐτοῦ
1656 5167 1747 5220 γε-

107 5256 462 5328 νησόμενον
507 5251 622 5306 υἱὸν
672 5248 868 5303 αὐτοῦ·
912 5248 992 5301 διὸ
1053 5247 1297 5318 εἴρηταιο
1355 5263 1372 5294 ι
1416 5244 1475 5296 Ὀ
1503 5242 1654 5308 Θεὸς,
1689 5240 1749 5294 τὸ

107 5347 318 5421 κρῖμά
352 5361 467 5397 σου
499 5341 576 5413 τῷ
607 5342 816 5412 βασιλεί
858 5341 966 5406 δὸς,
1004 5341 1097 5394 καὶ
1130 5338 1226 5410 τὴν
1259 5334 1604 5405 δικαιοσύνην
1653 5351 1746 5386 σου

105 5442 197 5514 τῷ
233 5438 358 5509 υἱῷ
394 5436 498 5488 τοῦ
535 5435 815 5505 βασιλέως.
861 5453 878 5485 ι
911 5429 1040 5486 Εἶτα
1074 5431 1197 5502 ἑξῆς
1239 5430 1444 5493 τούτοις
1471 5427 1750 5498 ἐπιφέρον-

104 5554 208 5591 ται
246 5533 433 5602 λόγοι
464 5530 606 5594 τινὲς
651 5528 975 5602 προφητικοὶ
1006 5527 1131 5598 περὶ
1175 5524 1268 5578 τοῦ
1302 5522 1418 5577 υἱοῦ
1463 5520 1745 5593 βασιλέως,

100 5629 345 5703 δηλαδὴ
417 5626 489 5678 ὲκ
539 5624 848 5694 σπέρματος
893 5619 1233 5691 Σολομῶντος
1261 5614 1744 5689 γεννηθησομένου,

184 5749 239 5780 ⁸⁸
280 5745 458 5800 Psal.
485 5759 536 5808 κ,
569 5743 622 5800 2.
730 5743 774 5774 ⁸³
802 5740 944 5796 Psal.
986 5757 1102 5804 ιιιιι,
1133 5741 1182 5794 l.
1287 5737 1331 5770 ⁸³
1366 5737 1506 5793 Psal.
1544 5750 1656 5801 ut,
1686 5733 1738 5788 5.

102 5821 151 5854 ⁸⁷
188 5819 346 5874 ibid.
390 5815 458 5871 8.
534 5813 579 5846 ³⁸
609 5814 736 5868 ibid.
772 5813 858 5878 l7,
899 5811 985 5867 l9.

1856 4617 2132 4658 sermones
2161 4618 2266 4658 non
2302 4605 2352 4658 in
2385 4605 2546 4658 alium
2597 4605 2887 4659 convenire
2931 4617 3130 4674 queant
3180 4623 3340 4676 quam
3377 4607 3430 4661 in

1855 4693 2026 4746 solum
2059 4693 2332 4749 Chrisutm
2383 4696 2498 4750 Dei.
2531 4695 2658 4748 Illita]
2700 4697 2842 4750 enim
2870 4696 2914 4726 ⁸⁷
2947 4713 2958 4748 :
2993 4716 3010 4749 ι
3057 4698 3434 4754 Dominabitur

1855 4801 1882 4837 a
1937 4786 2071 4838 mari
2120 4800 2294 4854 nsque
2342 4786 2408 4840 ad
2463 4801 2631 4852 mare,
2665 4795 2720 4841 et
2749 4803 2777 4840 ιι
2810 4786 3130 4844 ﬂuminibus
3161 4805 3332 4858 usque
3362 4793 3430 4845 ad

1856 4875 2143 4933 terminos,
2168 4876 2316 4930 orbis
2363 4885 2651 4945 terrarum,
2690 4896 2709 4930 ι
2749 4887 2804 4933 et
2837 4878 2941 4932 alia
2974 4880 3058 4933 his
3087 4881 3306 4942 similia.
3335 4897 3433 4935 ne-

1853 4980 1957 5034 que
1985 4965 2052 5020 ad
2090 4966 2458 5038 Salomonem,
2480 4982 2654 5033 neque
2677 4968 2742 5021 ad
2771 4969 2982 5037 imperii
3007 4971 3122 5038 ejus
3149 4987 3430 5027 successo-

1855 5073 1967 5111 rem
1997 5059 2259 5125 Roboam,
2281 5075 2455 5129 neque
2476 5061 2542 5114 ad
2569 5061 2729 5115 alium
2756 5076 2820 5115 ex
2851 5061 2969 5131 ejus
2997 5065 3424 5129 successoribus,

1856 5151 1948 5205 sed
1995 5150 2059 5203 ad
2100 5151 2274 5204 solum
2313 5159 2556 5204 nostrum
2603 5149 2942 5206 Salvatorem
2975 5153 3169 5207 referri
3201 5163 3424 5223 queunt.

1857 5241 2123 5308 Quoniam
2153 5257 2284 5312 ergo
2316 5242 2614 5297 secundum
2642 5243 2809 5297 David
2839 5259 2935 5314 per
2965 5244 3269 5299 orationem
3301 5261 3429 5300 con-

1857 5336 2173 5390 summauda
2223 5345 2338 5388 erat
2372 5351 2400 5388 e
2445 5335 2652 5390 semine
2702 5336 2817 5404 ejus
2866 5339 3144 5406 generatio
3199 5336 3426 5400 Christi,

1853 5436 1906 5480 ct
1933 5441 2052 5496 qua:
2077 5427 2218 5481 cirCa
2251 5428 2384 5482 hanc
2419 5428 2672 5496 prmdicta
2707 5437 2853 5492 sunt,
2882 5444 2911 5482 e
2937 5443 3163 5496 quorum
3204 5445 3428 5484 innuero

1855 5531 1982 5574 sunt
2034 5534 2152 5589 quae
2197 5519 2248 5573 in
2289 5521 2567 5590 proposito
2610 5521 2880 5575 habentur
2927 5520 3163 5589 psalmo,
3202 5522 3341 5576 sicut
3373 5523 3424 5575 in

1857 5613 1962 5665 line
1988 5610 2188 5666 dictant
2219 5622 2302 5666 est
2331 5612 2415 5666 8“;
2462 5631 2478 5663 ι
2516 5613 2988 5667 Etbenediccntur
3014 5613 3066 5665 in
3100 5613 3215 5683 ipso
3241 5629 3428 5669 omnes

1837 5731 1882 5763 ⁸⁵
1915 5731 2058 5789 Psal.
2091 5749 2196 5798 Liv,
2224 5733 2279 5790 2.
2386 5734 2430 5764 ⁸⁵
2458 5732 2599 5788 Psal.
2637 5748 2781 5797 xxvi,
2816 5733 2863 5788 l.
2960 5730 3172 5789 l"’Psal.
3204 5731 3424 5798 ωειλ.
