3870 6508
305 389 443 446 1073

1538 375 1845 432 SELECTA
1887 374 1950 431 IN
1991 370 2327 432 PSALMOS.

3415 362 3551 420 1οη

300 507 451 570 λαζε.
487 503 656 572 Λόγον
693 501 738 555 δ’
769 501 834 555 ἂν
879 499 1014 570 ἔχοι,
1039 497 1174 570 πρὸς
1223 498 1314 552 τὸν
1359 497 1488 551 Θεὸν
1540 497 1632 550 καὶ
1679 495 1877 566 ταύτην

1985 493 2176 546 tertius
2210 488 2451 560 psalmus
2474 501 2504 541 a
2538 485 2708 542 David
2729 481 2972 555 prolatus
3003 480 3196 546 fuerat,
3220 478 3434 550 quando
3468 477 3550 534 fu-

301 597 636 667 ἀναπέμπων
677 593 771 664 τὴν
821 590 1051 654 ἱκεσίαν,
1105 589 1244 661 μετὰ
1285 606 1429 653 τινος
1476 587 1666 657 μέλους
1706 586 1872 657 αὐτὴν

303 688 673 762 προηνέγκατο
693 683 1022 754 καταλλήλου
1045 682 1121 754 τῷ
1141 681 1333 755 καιρῷ·
1357 682 1420 733 δι’
1439 681 1466 734 ὅ
1485 700 1502 732 ι
1522 678 1830 749 Μελῴδημα
1850 697 1867 729 ι

302 784 394 837 καὶ
421 799 438 831 ι
477 779 631 850 ’ῼδην
673 797 690 828 ι
738 777 788 829 οἰ
825 776 998 828 λοιποὶ
1048 775 1139 828 καὶ
1177 775 1232 826 ἐν
1261 776 1327 841 τῇ
1349 773 1551 826 τούτων
1580 774 1875 844 προγραφῇ

303 871 684 941 πεποιήκασιν.
710 867 847 927 Τοὺς
870 865 1088 928 λοιποὺς
1111 866 1166 918 δέ
1189 865 1295 917 τῶν
1316 865 1517 935 ὁμοίως
1546 866 1879 933 ἐπιγεγραμ-

308 962 482 1033 μένων
511 958 907 1031 παραπλησίως
929 960 1040 1020 τοῖς
1070 957 1377 1028 εἰρημένοις
1413 955 1700 1026 ἐπισκέψῃ.
1724 957 1877 1007 Ὅσοι

304 1054 460 1119 εἰσὶν,
504 1071 523 1104 ι
569 1054 629 1106 {.v
687 1051 895 1122 ὕμνοις,
943 1070 961 1104 ι
1012 1048 1496 1120 ἐπιγεγραμμένοι,
1528 1047 1620 1100 ἐπὶ
1671 1045 1877 1099 τούτων

305 1146 423 1198 ἀντὶ
448 1143 594 1209 τοῦ,‹
621 1145 676 1196 ἐν
701 1141 907 1213 ὕμνοις,
943 1160 961 1194 ι
992 1143 1020 1194 6
1061 1141 1158 1211 μὲν
1194 1139 1444 1202 Ἀκύλας,
1465 1157 1481 1189 ι
1511 1140 1566 1191 ἐν
1589 1137 1871 1208 ψαλμοῐςοι

306 1238 334 1288 6
357 1237 411 1288 δὲ
447 1235 738 1306 Σύμμαχος
777 1253 793 1285 t
819 1233 907 1286 διὰ
938 1232 1237 1303 ψαλτηρίου
1287 1251 1305 1283 ι
1355 1231 1683 1284 ἐκδέδωκενο
1737 1229 1877 1282 ὥστε

304 1325 447 1379 κατά
473 1327 572 1397 τὴν
602 1324 780 1380 αὐτῶν
817 1325 1109 1396 ἑρμηνείαν
1141 1323 1331 1395 μόνους
1362 1318 1500 1376 εἷναι
1536 1323 1754 1386 τούτους
1790 1321 1879 1375 διὰ

303 1414 396 1468 τοῦ
437 1415 697 1486 μουσικοῦ
747 1416 986 1488 ὀργάνου
1032 1414 1457 1487 μελῳδηθέντας.
1503 1414 1614 1468 Καὶ
1659 1413 1772 1484 ἔχει
1815 1429 1878 1482 γε

302 1507 458 1577 λόγον
484 1509 574 1562 τὸν
600 1507 856 1580 τέταρτον
878 1510 1112 1581 ψαλμὸν,
1144 1528 1161 1560 ι
1193 1510 1248 1562 ἐν
1276 1507 1466 1580 ὕμνοις
1497 1527 1514 1560 ι
1541 1508 1880 1578 ἐπιγεγραμ-

306 1601 492 1672 μένον,
519 1599 585 1651 δι’
612 1599 844 1672 ὀργάνου
873 1597 1220 1669 κεκροῦσθαι.
1257 1597 1475 1669 Ἐπειδὴ
1509 1597 1614 1670 γὰρ
1639 1598 1666 1650 6
1699 1596 1879 1666 τρίτος

301 1689 490 1761 είρητο
512 1689 588 1760 τῷ
617 1689 796 1753 Δαυῒδ,
835 1691 992 1762 ἡνίκα
1033 1689 1422 1761 ἀπεδίδρασκεν
1458 1689 1565 1744 ἀπὸ
1587 1687 1878 1760 προσώπου

313 1780 668 1852 Ἀὅεσσαλὼμ
703 1781 796 1834 τοῦ
830 1781 945 1835 υἰοῦ
1004 1781 1193 1845 αὐτοῦ,
1235 1781 1462 1845 εἰκότως
1514 1781 1542 1833 6
1589 1780 1877 1852 τέταρτος,

1976 583 2054 651 git
2088 596 2116 636 a
2166 580 2302 634 faeie
2332 578 2645 633 Abessalom
2681 576 2773 630 lilii
2803 575 2882 632 sui
2909 591 2924 628 ι
2956 573 3148 628 merito
3177 579 3428 641 quartus,
3457 569 3549 638 qui

1979 674 2278 744 triumphos
2310 673 2527 726 exhibet
2565 668 2742 736 hujus,
2788 667 2930 738 quod
2971 673 3161 720 contra
3191 664 3359 718 tilium
3407 673 3547 727 erat,

1977 767 2121 834 belli,
2161 783 2179 817 ι
2217 766 2268 820 in
2301 765 2456 818 tinem
2493 782 2510 813 ι
2553 763 2755 833 pariter
2797 770 2849 815 et
2884 779 2902 811 ι
2955 758 3005 812 in
3035 757 3250 829 hymnis
3293 774 3312 809 ι
3355 755 3550 810 inscri-

1978 868 2098 928 ptus
2144 865 2244 911 est.
2287 854 2412 908 ltleo
2463 852 2822 923 Symmachus
2879 848 3019 904 illius
3085 848 3222 910 loco,
3277 848 3330 898 iu
3367 847 3546 915 ﬁnem,

1982 968 2000 1001 ι
2039 945 2360 1018 triumphale
2396 963 2414 996 ι
2476 944 2669 1007 vertit;
2727 941 2919 1010 Aquila
2960 954 3129 1006 vero,
3191 958 3210 992 ‹
3257 937 3480 999 victori,
3525 954 3544 987 ι

1975 1043 2161 1098 edidit.
2190 1039 2337 1094 Ilanc
2358 1051 2485 1092 vero
2511 1050 2538 1090 ο
2561 1035 2715 1090 nobis
2743 1033 2991 1087 traditam
3018 1033 3281 1088 rationem
3307 1038 3546 1096 servant,

1976 1151 2096 1206 qua:
2129 1149 2253 1188 mox
2296 1138 2600 1200 sequuntur
2641 1129 2799 1182 verba
2843 1127 2890 1158 °°
2931 1142 2946 1178 :
2989 1144 3007 1175 (
3048 1123 3179 1180 Cum
3218 1125 3548 1186 invocarem,

1977 1225 2256 1282 exaudivit
2287 1237 2373 1277 me
2405 1222 2542 1276 Deus
2575 1219 2798 1288 justitite
2829 1232 2982 1283 mem,
3007 1237 3024 1269 ι
3069 1226 3123 1271 et
3157 1226 3373 1272 caetera.
3411 1214 3550 1269 Con-

1979 1328 2180 1385 gruens
2211 1312 2374 1383 igitur
2402 1318 2519 1364 erat
2564 1309 2678 1362 haec
2722 1307 2877 1376 quasi
2910 1309 2959 1359 in
3015 1307 3322 1375 trimnphis,
3357 1314 3410 1360 et
3456 1319 3551 1374 per

1980 1405 2182 1460 musica
2229 1405 2584 1457 instrumenta
2629 1399 2856 1454 cantari.
2909 1397 3126 1454 Tertius
3160 1413 3292 1453 vero
3315 1398 3552 1467 psalmus

1980 1514 2110 1563 non,
2147 1515 2165 1550 ι
2205 1497 2254 1549 in
2292 1493 2476 1558 ﬁnem,
2512 1512 2531 1546 ι
2573 1492 2862 1560 inscriptus
2908 1500 3025 1547 erat
3064 1505 3077 1542 :
3121 1488 3356 1544 nondum
3407 1487 3550 1542 enim

1982 1587 2287 1657 triumphus
2343 1584 2555 1646 aderat,
2607 1597 2783 1651 neque
2825 1588 2943 1650 post
2990 1579 3149 1634 ﬁnem
3201 1577 3324 1632 belli
3377 1577 3552 1631 dictus

1983 1679 2180 1734 fuerat.
2222 1677 2382 1732 Circa
2419 1685 2629 1732 sextum
2663 1688 2790 1727 vero
2825 1671 3085 1742 psalmum
3133 1669 3435 1740 perpeudas
3463 1683 3554 1724 ve-

1980 1771 2109 1832 lim.
2153 1786 2218 1824 ne
2257 1767 2424 1832 forte,
2474 1767 2598 1836 quia
2648 1773 2769 1834 post
2817 1764 3026 1832 priores
3081 1762 3274 1831 psalmi
3329 1775 3552 1830 versus,

298 1872 372 1926 τὰ
400 1873 690 1942 νικητήρια
728 1873 996 1942 περιέχων
1024 1871 1117 1924 τοῦ
1146 1871 1280 1943 πρὸς
1306 1872 1394 1926 τὸν
1422 1872 1536 1924 υἱὸν
1572 1870 1681 1941 (‘29)
1718 1871 1877 1924 πολέ-

1985 1865 2126 1917 eirca
2165 1862 2325 1915 linem
2357 1860 2436 1914 sic
2463 1857 2625 1912 infert
2653 1857 2735 1911 νίς
2776 1873 2794 1908 ι
2829 1855 3047 1910 Audivit
3078 1853 3336 1908 Dominus
3365 1866 3551 1907 vocem

302 1975 432 2027 μου,
467 1958 600 2028 ὁμοῦ
626 1957 719 2011 καὶ
751 1975 768 2009 t
809 1959 888 2020 εἰς
915 1958 974 2010 τὸ
997 1956 1168 2022 τέλος,
1198 1977 1215 2008 ι
1239 1957 1371 2028 ὁμοῦ
1406 1956 1498 2010 καὶ
1523 1977 1538 2008 ί
1564 1958 1620 2010 ἐν
1644 1955 1832 2028 ὕμνοις
1855 1975 1873 2010 ι

299 2049 722 2119 ἐπιγέγραπται.
753 2049 950 2120 Διόπερ
989 2051 1016 2103 6
1044 2048 1335 2119 Σύμμαχος
1372 2049 1491 2102 ἀντὶ
1534 2048 1646 2114 τοῦ,
1697 2050 1776 2112 εἰς
1824 2047 1883 2101 τὸ

295 2145 473 2210 τέλος,
512 2164 529 2196 t
571 2144 854 2211 ἐπινίκιον,
896 2164 911 2196 ι
948 2147 975 2198 6
1017 2145 1073 2198 δὲ
1102 2142 1351 2207 Ἀκύλας,
1385 2162 1402 2194 t
1435 2141 1512 2214 τῷ
1541 2141 1818 2213 νικοποιῷ,
1855 2162 1875 2196 ι

295 2237 685 2308 ἐκδεδώκασιν.
730 2237 896 2300 Σώξει
925 2237 979 2289 δὲ
1015 2237 1112 2308 τὴν
1155 2235 1502 2290 ἀποδοθεῖσαν
1541 2234 1771 2306 θεωρίαν
1813 2233 1882 2287 τὰ

291 2331 684 2401 ἐπιλεγόμενα,
730 2331 786 2381 ἐν
829 2323 909 2392 οἷς
942 2345 1138 2398 φησιν·
1181 2347 1198 2380 σ
1248 2329 1335 2381 Ἐν
1383 2327 1460 2399 τῷ
1505 2325 1882 2382 ἐπικαλεῖσθαί

297 2440 392 2494 με,
423 2423 708 2493 εἰσήκουσέ
766 2437 867 2491 μου
901 2423 928 2474 6
977 2420 1108 2484 Θεὸς
1135 2420 1232 2491 τῆς
1279 2418 1626 2491 δικαιοσύνης
1675 2438 1799 2492 μου,
1855 2441 1874 2473 ι

294 2515 394 2566 καὶ
422 2512 489 2566 τὰ
510 2511 938 2584 ἐξῆς.Ἤρμοζεν
969 2506 1060 2564 οὖν
1088 2513 1258 2566 ταῦτα
1287 2513 1361 2577 ὡς
1394 2513 1450 2566 ἐν
1475 2515 1760 2579 ἐπινικίοις
1787 2514 1880 2568 καὶ

293 2606 389 2658 διὰ
422 2606 692 2677 μουσικῶν
717 2608 964 2679 ὀργάνων
999 2609 1454 2682 ἁνακρουσθῆναι.
1504 2611 1560 2663 ’0
1603 2611 1658 2664 δὲ
1700 2609 1879 2683 τρίτος

294 2698 401 2751 οὐκ
434 2698 831 2770 ἐπιγέγραπται
871 2700 979 2771 (50)
1018 2719 1036 2752 ι
1083 2703 1163 2766 εἰς
1191 2702 1250 2754 τὸ
1293 2701 1444 2766 τέλος
1468 2719 1480 2731 ·
1524 2723 1541 2756 ›
1596 2703 1655 2756 ού
1683 2705 1790 2775 γὰρ
1811 2699 1879 2776 ἦν

293 2809 390 2843 πω
411 2791 670 2855 ἐπινίκιός
693 2808 708 2822 θ
731 2792 846 2845 ἀλλ’
877 2793 997 2846 ούδέ
1032 2793 1124 2846 τοῦ
1155 2794 1390 2866 πολέμου
1420 2795 1570 2860 τέλος
1600 2795 1880 2868 εἰληφότος

289 2882 506 2954 εἴρητο.
540 2883 742 2952 Σκέψαι
769 2883 825 2936 δὲ
856 2883 949 2937 καὶ
977 2885 1068 2936 ἐπ)⁵
1093 2885 1186 2939 τοῦ
1223 2885 1404 2950 ἕκτου,
1441 2888 1650 2957 μήποτε
1691 2885 1877 2960 ἐπειδὴ

294 2971 446 3044 μετὰ
482 2972 548 3026 τὰ
577 2973 768 3044 πρῶτα
799 2973 892 3026 τοῦ
925 2975 1141 3046 ψαλμοῦ
1173 2976 1230 3030 ἐν
1259 2980 1372 3040 τοῖς
1401 2977 1729 3039 τελευταίοις
1758 2978 1878 3029 ἐπι-

293 3065 460 3137 φέρει
485 3065 654 3135 λέγων
677 3083 690 3096 ·
719 3085 735 3116 ι
783 3068 1018 3119 Ἤκουσε
1044 3067 1244 3138 Κύριος
1271 3069 1368 3140 τῆς
1399 3069 1580 3139 φωνῆς
1601 3069 1693 3122 τοῦ
1722 3069 1880 3122 κλαυ-

291 3157 444 3229 Θμοῦ
475 3175 574 3230 μου
609 3158 739 3230 (51),
776 3160 1059 3230 εἰσήκουσε
1093 3159 1296 3231 Κύριος
1338 3163 1437 3231 τῆς
1467 3162 1703 3235 δεήσεὼς
1741 3179 1874 3233 μου*

1983 1953 2142 2008 ﬂetus
2164 1951 2268 2007 mei
2287 1967 2301 2003 :
2320 1948 2598 2004 exaudivit
2622 1945 2878 2002 Dominus
2895 1944 3329 2014 deprecationem
3353 1957 3551 2004 meam,

1983 2046 2243 2101 Dominus
2271 2044 2574 2112 orationem
2613 2054 2786 2094 meam
2813 2035 3074 2106 suscepit,
3095 2055 3113 2087 ι
3139 2033 3331 2089 merito
3355 2042 3410 2088 et
3443 2034 3555 2103 ipse

1987 2155 2006 2189 Ι
2050 2135 2390 2206 triumphalis
2414 2154 2432 2187 ι
2459 2143 2546 2189 ett
2569 2147 2663 2203 per
2693 2129 3002 2199 psalterium
3031 2145 3046 2194 ;
3087 2146 3106 2179 ι
3143 2126 3282 2196 apud
3326 2125 3554 2194 Septua-

1981 2231 2128 2300 ginta
2163 2243 2292 2283 vero
2328 2245 2347 2280 ι
2392 2227 2444 2280 iu
2477 2225 2692 2290 linem,»
2724 2234 2778 2278 et
2812 2223 2865 2276 in
2899 2239 2918 2274 ι
2947 2220 3163 2292 hymnis
3196 2237 3214 2271 ι
3258 2218 3554 2287 inscriptus

1981 2324 2072 2380 sit.
2107 2321 2222 2378 lmo
2272 2321 2436 2376 etiam
2474 2316 2955 2390 quinquagesimus
2999 2314 3222 2381 tertius,
3259 2321 3386 2366 ante
3423 2324 3553 2379 pec-

1981 2425 2160 2471 catum
2211 2414 2264 2468 in
2314 2413 2498 2470 Uriam
2546 2425 2577 2465 a
2614 2408 2816 2463 Davide
2872 2407 3083 2473 dictus,
3129 2419 3252 2459 cum
3303 2402 3553 2458 venirent

1981 2503 2181 2576 'liplnei
2245 2517 2299 2561 et
2353 2506 2596 2560 dicerent
2652 2499 2803 2557 Sauli
2847 2516 2861 2552 :
2920 2515 2939 2550 ‹
2980 2497 3168 2552 Nonne
3207 2508 3334 2550 ecce
3385 2491 3554 2547 David

1981 2598 2329 2655 absconditus
2365 2605 2446 2652 est
2477 2594 2612 2666 apud
2664 2592 2800 2647 nos?
2824 2611 2842 2645 ι
2869 2587 3297 2658 quandoquidem
3341 2584 3552 2641 calum-

1979 2692 2195 2746 niantes
2239 2704 2360 2745 eum
2411 2686 2550 2758 apud
2591 2683 2808 2739 Saulem
2872 2681 3010 2737 nihil
3069 2687 3397 2750 potucrant;
3446 2698 3464 2731 ι
3500 2677 3552 2730 in

1982 2783 2197 2855 hymnis
2232 2801 2250 2835 ι
2289 2781 2504 2852 quidem
2563 2778 2706 2849 apud
2755 2790 2876 2839 nos,
2938 2773 3078 2845 apud
3134 2771 3370 2841 reliquos
3425 2784 3552 2824 vero

1987 2893 2004 2927 ι
2027 2891 2123 2947 per
2143 2877 2490 2948 psalterium:
2515 2881 2596 2928 ett
2621 2871 2672 2924 in
2691 2866 2911 2938 psalmis
2931 2883 2976 2919 ε»
2997 2867 3228 2934 itemque
3261 2884 3280 2915 ι
3307 2863 3549 2924 victori,»

1981 2978 2034 3025 et
2070 2987 2086 3020 ι
2113 2965 2495 3036 triumphale,»
2526 2962 2819 3031 inscriptus
2848 2969 2951 3013 est.
2989 2957 3108 3011 Pari
3140 2955 3298 3010 modo
3334 2954 3398 3008 de
3430 2953 3554 3007 reli-

1981 3065 2102 3133 quis
2151 3059 2386 3131 c0gitcs,
2431 3057 2520 3126 qui
2578 3053 2741 3110 simili
2793 3051 3030 3122 gaudent
3069 3047 3438 3116 inscriptione.
3492 3046 3550 3097 lu

1985 3155 2233 3212 confesso
2276 3161 2360 3207 est
2409 3149 2697 3220 plerosque
2729 3145 2962 3216 psalmos
2994 3151 3114 3214 post
3163 3137 3552 3211 quinquagesi-

295 3248 513 3322 Κύριος
540 3250 637 3322 τὴν
673 3254 981 3325 προσευχήν
1029 3271 1128 3324 μου
1169 3254 1547 3326 προσεδέξατο,
1605 3276 1622 3308 ι
1657 3257 1877 3319 εἰκότως

1983 3263 2128 3303 mum
2146 3245 2371 3316 positos,
2390 3243 2477 3297 diu
2499 3250 2626 3295 ante
2644 3235 3149 3308 quinquagesimum
3166 3231 3338 3286 editos
3360 3228 3547 3282 fuisse.

289 3342 466 3405 αὐτὸς
499 3361 518 3391 ι
554 3343 838 3407 ἐπινίκιος,
880 3363 897 3395 ι
931 3345 1023 3398 καί
1058 3363 1076 3395 t
1112 3344 1200 3397 διὰ
1226 3344 1546 3419 ψαλτηρίου,
1582 3365 1600 3398 ι
1644 3345 1794 3418 παρὰ
1821 3345 1877 3399 δέ

288 3435 416 3496 τοῖς
456 3432 853 3505 Ἕϐδομήκοντα
897 3451 917 3485 ί
950 3435 1027 3498 εἰς
1050 3434 1108 3487 τὸ
1127 3435 1298 3500 τέλος,
1333 3456 1350 3487 ι
1386 3437 1479 3490 καὶ
1507 3456 1525 3487 ‹
1556 3437 1613 3489 ἐν
1643 3435 1831 3506 ὕμνοις
1853 3454 1871 3487 ι

289 3526 724 3597 ἐπιγέγραπται.
765 3526 922 3580 Ἀλλά
961 3529 1053 3580 καὶ
1076 3531 1103 3581 6
1139 3529 1499 3600 πεντηκοστὸς
1528 3529 1729 3600 τρίτος,
1769 3528 1876 3599 πρὸ

286 3621 401 3691 τῆς
425 3622 504 3684 είς
532 3621 621 3673 τὸν
643 3621 842 3692 Ούρίαν
876 3622 1148 3693 ἁμαρτίας
1183 3623 1469 3694 εἰρημένος
1497 3623 1574 3692 τῷ
1607 3621 1786 3685 Δαυῒδ,
1822 3623 1877 3674 ἐν

284 3711 382 3782 τῷ
411 3711 581 3766 ἐλθεῖν
603 3714 729 3776 τοὺς
754 3714 1009 3782 Ζιφαίους
1037 3714 1130 3767 καὶ
1156 3716 1329 3768 εἰπεῖν
1361 3713 1440 3785 τῷ
1473 3714 1641 3768 Σαούλ
1661 3732 1673 3744 ο
1711 3732 1730 3766 ‹
1766 3715 1880 3767 Οὐκ

289 3805 417 3858 ἰδοὺ
451 3804 610 3858 Δαυῖδ
643 3805 946 3876 κέκρυπται
971 3807 1098 3877 παρ’
1133 3808 1301 3877 ἡμίν;
1334 3826 1352 3858 ι
1381 3806 1455 3870 ὡς
1481 3806 1545 3860 ἂν
1569 3806 1674 3860 τῶν
1701 3806 1882 3860 διαϐε-

286 3897 580 3966 ϐληκότων
612 3898 771 3950 αὐτὸν
826 3898 903 3968 τῷ
955 3899 1129 3952 Σαοὺλ
1177 3899 1342 3969 μηδὲν
1399 3898 1719 3969 ἰσχυκότων,
1763 3917 1779 3950 ι
1820 3900 1880 3952 ἐν

288 3988 497 4062 ὕμνοις
530 4008 548 4040 ι
589 3990 687 4060 μὲν
729 3991 857 4062 παρ’
890 3992 1054 4061 ἡμῖν’
1091 3993 1238 4063 παρὰ
1263 3991 1320 4044 δὲ
1352 3993 1462 4054 τοῖς
1497 3991 1703 4054 λοιποῖς
1743 4009 1760 4041 ι
1794 3989 1880 4042 διὰ

283 4080 600 4154 ψαλτηρίου
624 4101 641 4134 ι
664 4083 755 4136 καὶ
774 4101 791 4132 ι
813 4084 870 4135 ἐν
889 4083 1138 4155 ψαλμοῖς,
1163 4104 1181 4136 ι
1200 4084 1294 4137 καὶ
1317 4103 1334 4134 ‹
1354 4082 1430 4154 τῷ
1441 4082 1717 4154 νικοποιῷ,
1750 4103 1767 4135 ι
1787 4083 1882 4135 καὶ

293 4194 315 4228 s
345 4173 619 4238 ὲπινίκιος
655 4194 673 4227 ι
702 4175 1235 4247 ἐπιγέγραπται.Τὸν
1263 4176 1445 4245 ὅμοιον
1465 4175 1738 4247 δὲτρόπον
1764 4175 1883 4227 ἐπι-

288 4268 526 4335 στήσεις
552 4267 644 4319 καί¹
686 4267 799 4328 τοῖς
838 4266 1063 4330 λοιποῖς,
1099 4267 1212 4320 ὅσοι
1253 4267 1354 4336 τῆς
1393 4267 1585 4337 ὁμοίας
1625 4265 1880 4336 ἠξίωνται

291 4357 648 4428 προγραφῆς.
676 4356 1146 4427 Ὀμολογουμένως
1172 4359 1220 4411 οἱ
1250 4357 1466 4420 πλείους
1488 4356 1719 4428 (52)τῶν
1746 4356 1882 4427 μετὰ

288 4450 400 4504 τὸν
449 4449 811 4520 πεντηκοστὸν
850 4449 1084 4520 ψαλμὸν,
1139 4449 1332 4522 μακρῷ
1368 4449 1601 4522 πρόσθεν
1637 4450 1882 4522 εἴρηνται

285 4539 400 4596 τοῦ
439 4541 821 4612 πεντηκοστοῦ.
862 4541 972 4593 Καὶ
1003 4541 1163 4604 αὐτὸς
1187 4541 1243 4594 δὲ
1272 4545 1299 4594 6
1337 4541 1700 4612 πεντηκοστὸς
1730 4541 1882 4614 εἴρη-

284 4650 397 4686 ται
419 4633 524 4703 πρὸ
546 4632 640 4685 τοῦ
668 4633 857 4704 χρόνου
889 4632 980 4685 τοῦ
1002 4633 1140 4687 κατὰ
1156 4634 1246 4686 τὸν
1266 4634 1466 4704 τρίτον,
1489 4635 1546 4698 ὃς
1580 4633 1768 4705 ἐλέχθη
1801 4633 1877 4704 τῷ

285 4724 470 4779 Δαυῖδ
487 4725 646 4795 ἡνίκα
668 4727 1060 4798 ἀπεδίδρασκεν
1078 4725 1183 4780 ἀπὸ
1197 4725 1486 4798 προσώπου
1503 4726 1596 4778 τοῦ
1617 4725 1874 4777 Ἀϐεσσα-

286 4816 428 4888 λὼμ
439 4815 534 4870 τοῦ
551 4817 666 4870 υἰοῦ
685 4815 983 4875 αὺτοῦ.Ἦν
1010 4820 1052 4872 δ’
1070 4815 1224 4883 οὕτος
1254 4819 1442 4891 χρόνος
1462 4820 1489 4870 6
1523 4818 1659 4888 μετὰ
1671 4818 1768 4888 τὴν
1784 4815 1879 4869 τοῦ

288 4907 675 4979 πεντηκοστοῦ
717 4909 1118 4982 ἐξομολόγησιν.
1161 4911 1293 4963 Τίνα
1315 4906 1406 4963 οὖν
1438 4909 1541 4979 ἄρα
1561 4909 1668 4981 (55)
1702 4906 1883 4962 τοιαύ-

287 5017 404 5071 την
435 5001 678 5072 περιέχει
707 5001 892 5068 τάξιν;
939 5005 997 5056 Ὀ
1031 5003 1129 5074 μέν
1163 5021 1246 5066 τις
1273 5001 1418 5055 εἴποι
1449 5001 1590 5072 ἔχειν
1620 5001 1742 5054 τινὰ
1773 4999 1882 5053 τῶν

376 5096 423 5130 ⁸⁸
454 5095 591 5151 Psal.
627 5112 701 5162 tv,
739 5097 793 5151 2.
870 5099 914 5130 ⁹¹
945 5098 1091 5153 Psal.
1126 5114 1198 5164 vt,
1232 5098 1286 5162 9,
1323 5098 1411 5152 10.

330 5209 494 5294 ’(29)
548 5208 704 5278 Πρὸς
734 5210 841 5264 τὸν
867 5212 1021 5289 υἱόν.
1065 5210 1243 5267 Codex
1278 5210 1595 5274 Vaticanus,
1644 5208 1779 5280 πρὸς
1827 5206 1889 5262 τδ

288 5297 423 5339 νυν.

381 5348 495 5492 ἒῦθ)
530 5349 708 5404 Codex
743 5349 1058 5415 Vaticanus,
1097 5350 1502 5422 ἐπεγέγραπτο.

404 5419 496 5489 3i)
535 5420 714 5473 Codex
759 5419 1053 5492 Vaticanus
1090 5423 1186 5492 τὴν
1233 5423 1414 5492 φωνὴν
1462 5440 1502 5474 τι

404 5419 496 5489 3i)
535 5420 714 5473 (inde:
759 5419 1053 5492 Vaticanus
1090 5423 1186 5492 τὴν
1214 5419 1414 5492 φωνὴν
1462 5421 1558 5474 τοῦ
1601 5419 1883 5492 κλαυθμοῦ

299 5507 437 5564 μους
462 5492 767 5564 εἰσήκουσε
784 5491 985 5562 Κύριος
1005 5491 1109 5564 τῆς
1133 5491 1317 5562 φωνῆς
1338 5491 1452 5564 τῆς
1484 5491 1726 5564 δεήσεως
1752 5507 1879 5561 μου.

383 5561 496 5629 (52)
531 5564 595 5614 Ol
627 5561 897 5628 auteva
929 5572 1036 5615 etc.
1072 5561 1305 5617 l‘lilariu’s
1336 5561 1572 5631 Prologo'
1593 5563 1644 5614 in
1677 5563 1872 5614 librum

299 5631 673 5696 i‘saluiorum,
713 5649 860 5688 num.
911 5632 992 5686 9:
1053 5631 1297 5686 Psalmus
1350 5637 1531 5686 tertius
1588 5631 1873 5684 secundum

297 5702 589 5753 historiam
634 5703 1060 5771 quinquagesimo
1105 5703 1307 5767 psalmo
1346 5704 1604 5769 posterior
1638 5714 1752 5756 est:
1787 5703 1870 5753 iu-

295 5771 523 5843 seriptio
565 5789 783 5843 namque
823 5773 1092 5843 utriusque
1133 5774 1293 5843 multo
1325 5773 1594 5843 intervallo
1630 5773 1871 5835 temporis

296 5841 586 5911 wtatisque
607 5839 811 5898 diversa
836 5854 931 5898 est.
975 5839 1114 5896 Nam
1141 5841 1224 5895 hic
1254 5859 1368 5911 qua:
1400 5845 1493 5898 sub
1521 5841 1648 5897 Uria
1685 5855 1731 5898 et
1770 5843 1875 5896 Da-

1978 3341 2090 3395 lmo
2127 3335 2288 3408 524
2317 3336 2432 3404 ipse
2455 3328 2936 3402 quinquagesimus
2983 3324 3238 3380 recitatus
3289 3320 3390 3374 fuit
3425 3325 3550 3373 ante

1979 3430 2226 3492 tertium,
2266 3429 2359 3495 qui
2397 3425 2571 3480 dictus
2598 3430 2682 3477 est
2708 3437 2735 3475 a
2771 3418 2971 3474 Davide
3001 3431 3123 3472 cum
3168 3414 3370 3484 fugeret
3396 3426 3426 3464 a
3473 3409 3552 3463 fa-

1978 3527 2062 3580 cie
2079 3518 2387 3576 Abessalon)
2419 3516 2515 3570 ﬁlii
2544 3516 2624 3570 sui
2651 3511 2823 3583 :quod
2847 3519 2993 3566 certe
3021 3518 3230 3575 tempus
3253 3514 3371 3574 post
3396 3501 3556 3572 quin-

1979 3612 2278 3687 quagesimi
2325 3608 2720 3665 confessionem
2756 3601 3042 3658 locandum
3074 3609 3178 3653 est.
3213 3595 3353 3663 Quid
3392 3594 3556 3664 igitur

1980 3685 2158 3761 causae
2201 3711 2285 3757 est
2340 3700 2482 3771 quod
2547 3697 2706 3753 talem
2744 3696 2980 3751 habeant
3027 3685 3556 3748 ordinem?Dixerit

1983 3799 2216 3852 fortasse
2258 3795 2528 3865 quispiam
2558 3805 2820 3845 numeros
2846 3785 3088 3857 singulos
3115 3783 3352 3852 aliquam
3386 3780 3558 3832 virtu-

1979 3897 2088 3944 tem
2113 3885 2419 3956 complecti,
2439 3881 2738 3939 secundum
2771 3878 3082 3934 numerieas
3112 3874 3353 3929 rationes
3381 3869 3558 3926 consi-

1983 3983 2220 4037 deratam
2245 3996 2259 4047 ;
2287 3989 2344 4033 ut
2379 3977 2611 4047 exempli
2645 3989 2828 4040 causa,
2858 3973 2909 4026 in
2936 3971 3117 4026 divina
3153 3967 3433 4038 Scriptura
3463 3977 3554 4018 se-

1981 4074 2263 4146 ptenarius
2312 4085 2572 4126 numerus
2595 4070 2646 4124 in
2676 4068 2886 4122 honore
2914 4063 3164 4129 habetur,
3195 4061 3263 4115 ob
3291 4055 3556 4129 quasdam

1983 4167 2259 4231 rationes;
2295 4179 2418 4218 nam
2451 4163 2506 4217 in
2558 4170 2765 4231 septem
2799 4158 2986 4213 diebus
3027 4153 3319 4210 Sabbatum
3357 4161 3558 4220 praero-

1983 4258 2162 4328 gativa
2187 4257 2470 4327 dignatur;
2508 4264 2562 4310 et
2593 4255 2645 4308 in
2679 4261 2882 4322 septem
2917 4245 3340 4305 hebdomadibus
3363 4243 3558 4297 Pente-

1984 4360 2133 4404 coste
2162 4363 2174 4413 ;
2205 4348 2256 4400 in
2295 4347 2571 4401 mensibus
2607 4345 2867 4414 septimus
2907 4340 3144 4404 mensis;
3176 4338 3228 4390 in
3266 4333 3424 4388 annis
3469 4346 3559 4384 au-

1989 4450 2095 4495 tem
2129 4439 2431 4510 septimus;
2462 4447 2516 4493 et
2564 4440 2616 4492 in
2658 4434 3102 4506 multiplicatione
3127 4427 3557 4498 septenariorum

1985 4549 2082 4603 per
2119 4548 2312 4598 annos,
2341 4530 2601 4586 Jubilaeus
2624 4537 2827 4596 septem
2850 4538 3112 4580 annorum
3133 4517 3556 4576 hebdomadibus

1986 4624 2302 4693 completus.
2335 4621 2680 4689 Rursumque
2703 4619 2858 4688 dyas,
2893 4615 3009 4670 sive
3045 4612 3298 4675 dualitas,
3329 4623 3425 4680 pro
3458 4608 3558 4661 im-

1982 4731 2117 4786 puto
2150 4729 2372 4769 numero
2401 4722 2764 4782 computatur.
2799 4711 3009 4765 Dictum
3038 4707 3233 4777 quippe
3268 4703 3366 4757 fuit
3399 4699 3509 4756 Noe
3539 4715 3553 4752 :
3582 4715 3604 4727 ν

1988 4827 2006 4861 ι
2046 4807 2272 4862 lnduces
2303 4808 2354 4861 in
2395 4821 2576 4861 arcam
2616 4805 2939 4860 mundorum
2988 4802 3204 4872 quidem
3242 4795 3555 4853 animalium

1983 4911 2190 4972 septem
2217 4912 2270 4956 et
2293 4909 2523 4969 septem,
2544 4897 2944 4952 immundorum
2972 4904 3150 4950 autem
3175 4896 3280 4948 duo
3303 4898 3355 4945 et
3377 4889 3498 4943 duo.
3531 4904 3550 4938 ι

1988 4994 2261 5070 Unitatem
2285 5008 2414 5050 vero
2447 4993 2602 5064 longe
2647 4991 2799 5062 prius
2827 5003 2969 5058 esse,
3011 4989 3128 5048 sive
3147 5001 3268 5042 eam
3290 4997 3411 5055 qua:
3440 4981 3555 5050 pri-
3620 5049 3623 5051 _

1998 5200 2083 5256 vid
2114 5207 2233 5253 sunt
2255 5205 2422 5266 gesta,
2452 5195 2840 5260 complectitur;
2870 5193 2954 5247 ille
2969 5204 3147 5266 autem
3160 5195 3338 5260 ,‘ugam
3365 5186 3553 5251 David,

1996 5262 2282 5323 Abessalon
2310 5266 2421 5335 [ilio
2449 5282 2566 5321 eum
2588 5273 2939 5335 persequente,
2969 5262 3240 5333 signiﬁcat
3263 5277 3282 5314 :
3305 5270 3354 5313 et
3379 5268 3555 5335 tamen

1995 5343 2156 5394 virtus
2186 5354 2246 5390 ac
2283 5327 2666 5390 socraiitenlum
2701 5327 2900 5389 numeri
2923 5327 3143 5403 perficit,
3173 5335 3310 5384 hunc
3331 5341 3376 5403 et
3406 5327 3551 5403 illum

1990 5413 2064 5464 sic
2094 5425 2188 5479 pro
2214 5407 2632 5479 competentibus
2661 5416 2706 5459 et
2755 5405 2854 5479 sibi
2890 5397 3137 5479 congruis
3173 5397 3552 5479 numeris-cot—

1989 5469 2176 5534 locuri.
2201 5469 2401 5532 Confer
2435 5478 2558 5530 item
2587 5493 2736 5532 num.
2768 5474 2832 5528 10
2859 5485 2910 5526 et
2943 5469 3005 5526 ll
3028 5489 3147 5527 etttn
3179 5469 3550 5539 sequentibus,

1987 5563 2042 5604 et
2071 5551 2330 5604 fateberis
2365 5548 2546 5601 omnia
2594 5546 2706 5601 fere
2759 5561 2826 5601 ex
2872 5544 3102 5614 Origene
3127 5550 3313 5596 nostro
3339 5548 3552 5594 mutua-

1985 5629 2095 5676 tum
2139 5635 2258 5674 esse.
2292 5617 2574 5670 llilarium.

2051 5691 2163 5763 (55)
2232 5689 2369 5744 Τίνα
2397 5683 2509 5751 οὗν
2537 5687 2666 5756 ἄρα,
2699 5695 2807 5742 etc.
2844 5682 3005 5739 Forte
3035 5682 3317 5756 legendum
3338 5698 3351 5735 :
3376 5679 3440 5736 Τί
3459 5676 3571 5734 οὖν·

1981 5765 2105 5834 ἄρα.
