3870 6532
288 415 424 470 1077

1273 415 1582 471 SELECTA
1620 414 1688 470 IN
1728 414 2063 475 PSAI.MOS-
2087 434 2153 446 —
2178 404 2369 464 PSAL.
2401 405 2436 461 I.

3387 416 3521 470 1073

279 536 376 590 τοῦ
409 533 698 598 δεδωκότος
750 534 918 598 αὐτὰς
948 534 1104 601 Θεοῦ,
1161 536 1225 607 τῇ
1275 536 1380 587 ὑπὸ
1419 535 1519 605 τῆς
1572 532 1846 604 σφραγῖδος

1962 534 2050 602 qui
2086 548 2178 588 eas
2209 538 2433 603 largitus
2466 542 2568 598 est,
2608 532 2832 605 intelligi
2878 533 3036 589 debet
3060 573 3075 599 ,
3114 548 3237 606 quae
3271 534 3522 592 videlicet

278 626 601 697 δηλουμένῃ.
640 626 773 696 Περὶ
808 626 905 695 μὲν
938 621 1030 678 οὖν
1056 624 1150 678 τοῦ
1183 625 1490 679 κεκλεῖσθαι
1525 625 1618 678 καὶ
1650 625 1853 693 ἐσφρα-

277 717 462 785 γίσθαι
513 718 543 769 6
592 716 841 784 Ἰωάννης
892 714 1231 768 ἀναδιδάσκει
1282 715 1338 767 ὲν
1384 718 1448 784 τῇ
1492 712 1850 781 Ἀποκαλύψει

277 809 470 877 λέγων’
512 827 530 859 ι
569 809 676 861 Καὶ
703 807 779 877 τῷ
806 807 1019 877 ἀγγέλῳ
1051 807 1149 876 τῆς
1171 809 1227 859 ὲν
1255 806 1601 877 Φιλαδελφείᾳ.
1626 805 1851 876 Ἐκκλη-

280 902 402 964 σίας
427 900 655 971 γράψοψ
693 901 828 953 Τάδε
856 900 1000 967 λέγει
1021 901 1049 951 6
1078 899 1247 967 ἀγιος,
1277 900 1306 950 6
1336 898 1616 970 ἀληθινὸς,
1657 901 1685 951 6
1714 898 1850 969 ἔχων

278 994 376 1064 τὴν
406 993 586 1046 κλεῖδα
614 992 706 1045 τοῦ
734 992 925 1045 Δαυῖδ·
961 995 988 1045 6
1022 992 1272 1060 ἀνοίγων,
1304 992 1400 1045 καὶ
1426 992 1599 1054 οὐδεὶς
1627 990 1847 1054 κλείσει,

277 1085 371 1136 καὶ
401 1084 614 1145 κλείων,
644 1083 737 1136 καὶ
773 1083 944 1146 οὐδεὶς
995 1083 1227 1147 ἀνοίξει*
1284 1080 1414 1136 Οἶδά
1458 1100 1549 1135 σου
1584 1082 1652 1135 τά
1680 1082 1844 1153 ἔργαο

280 1177 389 1229 ἰδοὺ
417 1176 623 1229 δέδωκα
650 1176 819 1246 θύραν
864 1175 1091 1228 ἐνώπιόν
1144 1193 1235 1228 σου
1270 1176 1636 1246 ἀνεῳγμένην,
1674 1174 1740 1245 ἢν
1768 1174 1851 1227 o6-

274 1267 387 1331 δεὶς
416 1268 527 1337 (57)
560 1266 778 1321 δύναται
806 1268 1014 1321 κλεῖσαι
1067 1268 1256 1338 αὑτήν.
1320 1286 1338 1318 ι
1375 1267 1482 1319 Καὶ
1518 1266 1634 1336 μετ’
1662 1265 1845 1333 ὀλίγα’

281 1377 301 1409 ι
322 1360 431 1413 Καὶ
450 1354 587 1412 εἶδον
615 1360 706 1412 ἐπὶ
727 1358 824 1429 τὴν
840 1358 1017 1425 δεξιὰν
1046 1358 1137 1412 τοῦ
1162 1359 1469 1431 καθημένου
1493 1358 1584 1411 ἐπὶ
1602 1358 1692 1410 τὸν
1727 1356 1850 1428 θρό-

273 1468 363 1505 νον
412 1452 611 1522 βιϐλίον
660 1452 1039 1523 γεγραμμένον
1068 1451 1268 1506 ἔσωθεν
1313 1452 1406 1505 καὶ
1437 1450 1658 1504 ὄπισθεν
1711 1449 1847 1521 (58),

272 1545 810 1617 κατεσφραγισμένον
838 1547 1124 1617 σφραγῖσιν
1152 1544 1310 1598 ἑπτά,
1335 1545 1443 1599 Καὶ
1464 1540 1601 1598 εἶδον
1620 1542 1847 1613 ἄγγελον

276 1638 495 1709 ἰσχυρὸν
555 1639 661 1709 (39)
698 1638 1039 1710 κηρύσσοντα
1086 1641 1235 1710 φωνῇ
1264 1636 1503 1711 μεγάλῃ’
1566 1637 1663 1701 Τίς
1701 1634 1848 1699 ἄξιος

270 1729 481 1796 ἀνοῖξαι
508 1730 569 1783 τὸ
603 1730 821 1800 βιϐλίον,
855 1730 948 1784 καὶ
972 1729 1128 1783 λῦσαι
1163 1730 1461 1803 σφραγῖδας
1493 1729 1655 1783 αὐτοῦ
1683 1745 1697 1793 ;
1746 1726 1847 1781 Kal.

268 1820 448 1884 οὐδεὶς
478 1821 706 1892 ἠδύνατο
732 1823 789 1875 ὲν
818 1822 894 1892 τῷ
922 1821 1155 1894 οὐρανῷ,
1184 1820 1307 1875 οὔτε
1330 1822 1421 1874 ἐπὶ
1452 1821 1551 1891 τῆς
1575 1821 1695 1892 γῆς,
1724 1818 1846 1873 οὗτε

1959 639 2054 693 per
2109 625 2343 694 sigillum
2387 626 2756 680 adumbratur.
2829 625 3043 680 Etenim
3098 625 3308 682 clausas
3360 635 3519 697 atque

1957 714 2267 784 obsignatas
2322 730 2439 769 esse
2469 713 2779 785 Scripturas
2828 714 3063 772 Joannes
3096 717 3149 771 in
3204 718 3521 790 Apocalypsi

1958 805 2193 859 declarat
2240 804 2322 859 his
2358 807 2534 860 verbis
2556 807 2601 838 ⁸³
2639 824 2653 862 :
2696 825 2714 858 ι
2754 808 2821 862 Ει
2871 809 3060 880 angelo
3099 810 3372 877 Ecclesiae,
3402 827 3521 881 qua:

1958 896 2338 965 Philadelphia:
2368 906 2472 961 est,
2498 898 2676 953 scribe
2700 912 2716 952 :
2753 898 2878 955 Haec
2906 902 3034 955 dicit
3059 900 3310 968 Sanctus,
3339 918 3519 970 verus,

1956 990 2047 1058 qui
2076 989 2240 1044 habet
2264 989 2472 1043 clavem
2510 990 2676 1043 David
2703 1007 2717 1055 ;
2750 990 2840 1059 qui
2882 993 3079 1061 aperit,
3103 1003 3158 1048 et
3192 1008 3349 1048 nemo
3372 992 3524 1048 clau-

1958 1082 2085 1147 det;
2120 1089 2175 1135 et
2200 1080 2421 1147 claudit,
2452 1090 2505 1136 et
2537 1095 2695 1137 nemo
2731 1082 2936 1153 aperiet
2965 1102 2977 1137 :
3007 1083 3139 1140 Novi
3172 1100 3337 1155 opera
3379 1094 3467 1138 tua
3500 1098 3519 1140 :

1956 1174 2107 1243 posui
2133 1173 2277 1229 fores
2305 1188 2489 1228 coram
2532 1182 2581 1227 te
2610 1184 2825 1243 apertas
2845 1216 2860 1240 ,
2915 1190 3050 1244 quas
3084 1192 3240 1231 nemo
3268 1177 3525 1233 claudere

1956 1274 2150 1335 potest.
2176 1284 2194 1317 ι
2216 1264 2417 1320 Deinde
2442 1263 2603 1332 paulo
2627 1275 2747 1335 post
2768 1266 2815 1297 “
2843 1283 2857 1320 :
2894 1285 2912 1318 ‹
2943 1266 3130 1321 Etvidi
3156 1268 3219 1321 ad
3242 1268 3519 1322 dexteram

1955 1357 2195 1413 sedentis
2222 1357 2277 1412 in
2310 1357 2505 1412 throno
2542 1356 2734 1413 librum
2767 1358 3027 1427 scriptum
3056 1358 3201 1413 intus
3222 1367 3323 1413 eta
3346 1367 3517 1427 tergo,

1955 1450 2292 1521 obsignatum
2348 1449 2643 1519 signaculis
2694 1459 2926 1520 septem.
2987 1448 3058 1503 Et
3116 1449 3228 1504 vidi
3271 1451 3517 1521 angelum

1953 1541 2376 1611 proclamantem
2404 1557 2533 1598 voce
2558 1556 2749 1612 magna
2781 1558 2794 1594 :
2822 1540 2953 1607 Quis
2977 1549 3061 1595 est
3087 1541 3283 1609 dignus
3314 1542 3521 1610 aperire

1954 1632 2178 1698 librum,
2208 1642 2264 1688 et
2294 1633 2509 1689 solvere
2534 1633 2808 1704 signacula
2836 1631 2994 1702 ejus?
3022 1631 3087 1686 Et
3115 1646 3273 1686 nemo
3311 1642 3523 1701 poterat

1954 1728 2007 1781 in
2032 1727 2191 1793 caelo,
2214 1742 2387 1797 neque
2417 1729 2468 1782 in
2496 1737 2660 1794 terra,
2681 1741 2852 1797 neque
2873 1729 3057 1782 subter
3083 1738 3281 1782 terram
3314 1727 3523 1796 aperire

1956 1820 2173 1889 librum,
2212 1835 2385 1891 neque
2418 1822 2665 1891 aspicere
2696 1819 2866 1873 illum.
2899 1819 2963 1873 Et
3006 1818 3194 1875 ﬂebam
3216 1858 3231 1885 ,
3264 1819 3519 1889 quoniam

269 1909 530 1963 ὑποκάτω
577 1912 674 1982 τῆς
718 1912 821 1982 γῆς
851 1912 1134 1979 ἀνοῖξαιτὸ
1165 1911 1387 1982 βιϐλίον,
1452 1911 1575 1965 οὔτε
1631 1911 1845 1981 βλέπειν

1952 1927 2109 1967 nemo
2153 1912 2347 1982 dignus
2384 1913 2636 1966 inventus
2695 1920 2779 1965 est
2831 1910 3041 1980 aperire
3080 1911 3299 1974 librum,
3346 1923 3520 1979 neque

267 2000 419 2053 αὐτό.
450 2002 559 2054 Kal.
586 2001 815 2067 ἔκλαιον,
838 2002 919 2055 ὅτι
954 2003 1126 2066 οὐδεὶς
1158 2002 1304 2067 ἄξιος
1332 2002 1527 2074 εὑρέθη
1558 2001 1761 2067 ἀνοῖξαι
1788 2001 1847 2055 τὸ

270 2088 493 2158 βιϐλίον,
528 2090 649 2143 οὔτε
683 2091 896 2161 βλέπειν
925 2092 1075 2144 αὑτό.
1112 2092 1220 2145 Καὶ
1244 2086 1325 2155 εἷς
1375 2094 1437 2145 ὲκ
1468 2092 1575 2146 τῶν
1608 2092 1847 2164 πρεσϐυ-

265 2181 443 2251 τέρων
470 2183 615 2251 λέγει
649 2200 755 2254 μοι·
782 2185 873 2254 Μὴ
902 2184 1072 2249 κλαῖε,
1108 2183 1215 2236 ἰδοὺ
1246 2184 1493 2255 ἐνίκησεν
1518 2186 1546 2238 ὁ
1572 2184 1706 2238 λέων
1736 2185 1765 2237 6
1784 2186 1848 2239 ἐκ

264 2273 371 2341 τῆς
408 2274 578 2345 φυλῆς
614 2273 800 2340 Ἰούδα,
832 2276 864 2345 ἡ
898 2275 1021 2345 ῥίζα
1052 2276 1234 2339 Δαυῖδ,
1290 2276 1494 2343 ἀνοῖξαι
1532 2277 1591 2329 τὸ
1624 2276 1845 2347 βιϐλίον,

264 2362 363 2414 καὶ
424 2362 519 2425 τὰς
571 2362 708 2416 ἑπτὰ
764 2365 1064 2436 σφραγῖδας
1117 2364 1301 2420 αὑτοῦ.
1372 2385 1390 2417 ›
1450 2367 1586 2437 Περὶ
1636 2367 1693 2419 δὲ
1752 2366 1847 2420 τοῦ

264 2454 631 2525 ἐσφραγίσθαι
687 2456 845 2527 μόνον
901 2460 928 2511 6
991 2458 1217 2522 Ἡσαΐας
1251 2457 1420 2523 οὕτως
1446 2476 1457 2487 ·
1503 2477 1521 2509 ι
1556 2461 1666 2512 Καὶ
1697 2459 1846 2512 ἔσται

264 2545 399 2616 ὑμῖν
426 2546 495 2600 τά
527 2549 745 2618 ῥήματα
774 2548 941 2602 ταῦτα
970 2550 1243 2613 πάντα,ὼς
1277 2552 1323 2603 oi
1343 2550 1488 2619 λόγοι
1518 2550 1610 2604 τοῦ
1643 2551 1845 2621 βιϐλίου

262 2638 461 2691 τούτου
492 2639 585 2692 τοῦ
622 2641 1080 2712 ὲσφραγισμένου,
1110 2642 1138 2694 ὃ
1167 2640 1261 2694 ἐὰν
1291 2640 1452 2695 δῶσιν
1481 2641 1611 2695 αὐτὸ
1636 2640 1845 2713 ἀνθρώ-

266 2746 360 2799 πῳ
410 2728 750 2801 ἐπισταμένῳ
799 2732 1120 2801 γράμματα,
1176 2729 1423 2798 λέγοντες
1465 2748 1478 2761 ·
1552 2731 1845 2800 Ἀνάγνωοι

258 2820 463 2885 ταῦτα,
485 2821 577 2874 καὶ
596 2823 736 2893 ὲρεί’
766 2824 840 2876 U6
873 2823 1105 2894 δύναμαι
1126 2822 1427 2892 ἀναγνῶναι
1447 2840 1459 2853 ο
1485 2825 1845 2896 ὲσφράγισται

259 2914 400 2982 γάρ.
436 2915 545 2967 Καὶ
596 2913 877 2983 δοθήσεται
910 2914 970 2967 τὸ
1005 2914 1205 2985 βιϐλίον
1230 2915 1387 2969 τοῦτο
1418 2918 1496 2980 εἰς
1534 2918 1720 2987 χεῖρας
1753 2916 1847 2969 ἀν-

261 3003 493 3073 θρώπου
520 3004 593 3076 μὴ
627 3005 992 3075 ἐπισταμένου
1040 3006 1341 3077 γράμματα
1364 3023 1376 3037 ·
1431 3007 1524 3059 καὶ
1566 3008 1683 3077 ἐρεῖ
1712 3004 1843 3077 (40),

260 3096 390 3153 οὒκ
440 3097 735 3167 ἐπίσταμαι
760 3098 1078 3168 γράμματα.
1122 3117 1139 3150 ι
1171 3097 1357 3151 Ταῦτα
1419 3098 1524 3170 γὰρ
1572 3099 1632 3151 o6
1681 3100 1841 3170 μόνον

260 3188 405 3257 περὶ
453 3188 551 3256 τῆς
592 3187 1006 3256 Ἀποκαλύψεως
1047 3188 1313 3252 Ἰωάννου,
1359 3189 1452 3241 καὶ
1495 3187 1587 3241 τοῦ
1621 3189 1841 3242 Ἡσαΐου

259 3280 553 3351 νομιστέον
582 3281 852 3349 λέγεσθαι,
878 3281 1010 3334 ἀλλά
1040 3282 1131 3334 καὶ¹
1160 3282 1285 3353 περὶ
1319 3282 1499 3353 πάσης
1531 3282 1679 3346 Θείας
1705 3283 1845 3353 Γρα-

258 3374 383 3443 φῆς
435 3373 875 3444 ὁμολογουμένως
929 3374 1023 3427 καὶ
1077 3373 1227 3445 παρά
1278 3376 1389 3437 τοῖς
1452 3372 1563 3444 (Η)
1614 3374 1847 3444 μετρίως

257 3467 484 3519 ὲπαῖειν
506 3466 677 3534 λόγων
708 3465 866 3519 θείων
896 3464 1233 3535 δυναμένοις,
1265 3465 1699 3539 πεπληρωμένης
1734 3465 1845 3535 (42)

258 3558 629 3630 αἰνιγμάτων,
665 3560 758 3612 καὶ
781 3558 1124 3630 παραϐολῶν,
1148 3558 1433 3613 σκοτεινῶν
1449 3576 1507 3613 τε
1533 3558 1724 3628 λόγων,
1755 3559 1847 3613 καὶ

256 3652 445 3705 ἄλλων
478 3652 730 3705 ποικίλων
766 3651 919 3704 είδῶν
948 3652 1232 3720 ἀσαφείας,
1286 3652 1601 3723 δυσλήπτων
1632 3654 1697 3721 τῇ
1750 3652 1844 3704 ἁν-

258 3742 524 3815 θρωπίνῃ
557 3743 732 3811 φύσει·
752 3743 888 3813 ὅπερ
908 3740 1111 3807 διδάξαι
1143 3743 1461 3815 βουλόμενος
1484 3744 1577 3797 καὶ
1601 3745 1628 3796 6
1657 3743 1846 3814 Σωτήρ

256 3850 459 3905 φησιν,
494 3834 568 3897 ὡς
588 3834 685 3905 τῆς
721 3832 924 3897 κλειδὸς
943 3832 1106 3904 οὔσης
1140 3834 1287 3906 παρά
1304 3838 1415 3898 τοῖς
1439 3833 1844 3904 γραμματεῦσι,

255 3926 363 3979 καὶ
397 3924 707 3996 Φαρισαίοις
746 3925 845 3977 οὐκ
872 3923 1289 3995 ἀγωνιζομένοις
1350 3925 1449 3996 τὴν
1502 3924 1616 3978 ὁδὸν
1669 3926 1847 3995 εὑρεῖν

254 4018 365 4071 τοῦ
398 4016 621 4081 ἀνοῖξαι,
655 4016 716 4069 τό
739 4034 751 4046 ·
788 4033 806 4067 ι
841 4017 977 4070 Οὐαὶ
1000 4015 1128 4087 ὑμῖν
1151 4018 1262 4079 τοῖς
1294 4018 1535 4086 νομικοῖς
1559 4032 1572 4046 ο
1603 4016 1684 4068 ὅτι
1713 4016 1848 4087 ἤρα-

253 4128 323 4163 τε
361 4109 460 4180 τὴν
493 4109 673 4163 κλεῖδα
707 4108 805 4179 τῆς
836 4106 1105 4176 γνώσεως,
1134 4107 1287 4161 αὐτοὶ
1309 4108 1408 4161 οὐκ
1440 4106 1733 4178 είσήλθετε,
1755 4108 1848 4161 καὶ

252 4203 400 4265 τοὺς
432 4200 839 4273 εἰσερχομένους
860 4201 959 4254 οὐκ
992 4201 1178 4270 ἀφίετε
1209 4200 1485 4254 εἰσελθεῖν.
1530 4219 1548 4252 s

337 4290 400 4345 2.
434 4292 615 4347 Ταῦτα
647 4294 703 4347 δὲ
748 4297 880 4366 ἡμῖν
910 4296 966 4347 ἐν
1015 4293 1286 4364 προοιμίῳ
1320 4293 1600 4358 λέλεκται,
1636 4295 1715 4357 είς
1751 4293 1847 4364 μέ-

1948 2004 2193 2071 aspicerc
2221 2002 2392 2055 illum.
2441 2002 2503 2056 Et
2541 1996 2678 2056 unus
2721 2001 2787 2055 de
2830 2001 3139 2056 senioribus
3167 2002 3303 2056 dixit
3332 2001 3463 2055 mihi
3504 2018 3517 2053 :

1948 2088 2065 2143 Noli
2121 2089 2288 2144 ﬂere:
2330 2105 2457 2146 ecce
2505 2091 2636 2145 vicit
2687 2090 2769 2145 lco
2821 2092 2886 2145 de
2934 2091 3075 2146 tribu
3132 2089 3304 2156 Juda,
3365 2092 3519 2145 radix

1950 2181 2138 2247 David,
2174 2183 2385 2251 aperire
2429 2181 2645 2245 librum,
2675 2190 2729 2236 et
2762 2192 2965 2252 septem
3009 2183 3285 2252 signacula
3338 2183 3511 2251 ejus.»

1948 2270 2026 2325 De
2088 2272 2202 2327 sola
2250 2286 2378 2327 vero
2414 2272 2795 2341 obsignatione
2850 2273 2922 2326 ita
2961 2272 3195 2343 loquitur
3230 2272 3397 2328 Isaias
3423 2273 3467 2305 "
3499 2289 3514 2326 :

1954 2363 2058 2417 «Et
2090 2373 2250 2419 erunt
2278 2365 2426 2420 vobis
2454 2366 2625 2420 verba
2658 2365 2774 2420 hinc
2819 2366 3000 2419 omnia
3024 2406 3038 2430 ,
3071 2366 3212 2421 sicut
3237 2379 3518 2422 sermones

1948 2459 2067 2512 libri
2128 2458 2284 2527 hujus
2346 2458 2640 2527 obsignati,
2696 2474 2856 2528 quem
2905 2459 2949 2514 si
3005 2460 3253 2515 dederint
3312 2459 3518 2513 homini

1947 2550 2138 2604 ει-ἱειιιὶ
2165 2550 2398 2615 litteras,
2433 2550 2595 2622 526
2620 2552 2857 2607 dicentes
2882 2570 2894 2605 :
2921 2551 3064 2619 Lege
3086 2552 3206 2615 ista,
3225 2562 3277 2605 et
3299 2564 3522 2619 respon-

1948 2641 2138 2695 dehit:
2180 2640 2293 2695 Non
2329 2656 2547 2711 possum
2599 2642 2817 2712 legere;
2871 2652 2956 2699 est
2995 2643 3139 2698 enim
3181 2642 3516 2711 ohsignatus.

1946 2733 2014 2788 Et
2056 2733 2272 2789 dabitur
2311 2736 2449 2790 liher
2485 2737 2575 2791 hic
2615 2736 2667 2790 in
2702 2752 2893 2792 manus
2948 2736 3181 2792 hominis
3226 2736 3519 2791 nescientis

1946 2826 2186 2891 litteras;
2231 2836 2285 2880 et
2319 2827 2459 2882 dicet
2489 2846 2501 2881 :
2541 2826 2733 2883 Nescio
2760 2828 2995 2883 litteras.
3024 2846 3043 2881 ι
3082 2826 3204 2881 llaec
3234 2826 3379 2881 enim
3411 2841 3516 2881 non

1946 2918 2012 2971 ad
2055 2919 2434 2991 Apocalypsim
2463 2918 2636 2976 solum
2666 2917 2923 2985 Joannis,
2957 2929 3050 2974 aut
3081 2918 3231 2975 huius
3256 2918 3512 2973 vaticinia

1946 3011 2217 3080 pertinere
2242 3014 2536 3082 putandum
2579 3023 2694 3079 est;
2726 3014 2818 3069 sed
2847 3015 2913 3068 de
2948 3014 3204 3068 universa
3234 3011 3516 3083 Scriptura

1946 3114 2101 3154 sacra
2154 3103 2368 3170 penitus
2403 3104 2722 3173 accipienda
2770 3114 2931 3170 sunt,
2991 3118 3150 3173 quam
3193 3118 3323 3158 sane
3373 3104 3513 3172 apud

1948 3192 2068 3248 illos
2094 3194 2145 3248 in
2174 3195 2424 3251 confesso
2454 3206 2560 3262 est,
2591 3197 2681 3265 qui
2707 3197 3012 3252 divinarum
3038 3195 3338 3251 litterarum
3372 3197 3516 3250 noti-

1954 3286 2081 3338 tiam
2112 3286 2457 3341 medincritcr
2479 3289 2714 3343 assecuti
2745 3300 2889 3355 sunt,
2922 3289 3270 3359 :rnigmatum
3303 3286 3515 3342 involu-

1949 3377 2078 3443 cris,
2125 3392 2187 3433 ac
2246 3378 2533 3446 parabolis,
2584 3380 2997 3449 tenebrosisquc
3044 3380 3417 3441 sermonibus,
3454 3393 3517 3432 ac

1948 3469 2179 3523 diversis
2211 3468 2332 3522 aliis
2362 3469 2716 3525 obscuritatis
2738 3471 3031 3539 generibus
3056 3512 3070 3537 ,
3114 3486 3238 3540 quae
3278 3469 3515 3524 hominis

1948 3562 2164 3631 ingenio
2206 3562 2423 3616 dillicile
2476 3562 3029 3631 comprehenduntur.
3071 3563 3333 3633 repletam
3370 3576 3510 3616 esse.

1949 3651 2102 3717 Quod
2138 3660 2191 3706 et
2222 3650 2474 3706 Salvator
2521 3652 2809 3707 ostendere
2846 3651 3031 3706 volens
3054 3691 3070 3718 ,
3115 3651 3319 3706 clavem
3374 3652 3515 3720 apud

1951 3742 2173 3798 Scribas
2226 3752 2280 3797 et
2334 3742 2635 3797 Pharisaeos
2684 3758 2805 3798 esse
2835 3744 2994 3809 dixit,
3042 3744 3137 3813 qui
3167 3752 3225 3797 ut
3256 3744 3401 3797 viam
3444 3741 3513 3795 ad

1949 3829 2303 3903 aperiendum
2328 3831 2656 3897 invenirent,
2684 3831 2904 3887 minime
2928 3834 3354 3888 contenderent:
3389 3832 3514 3886 «Vae

1947 3927 2135 3990 vobis,
2176 3924 2353 3994 inquit
2390 3926 2459 3991 ’°,
2496 3924 2854 3995 legisperitis;
2895 3926 3150 3995 quoniam
3186 3924 3379 3979 tulistis
3406 3923 3514 3978 cla-

1947 4032 2066 4073 vem
2093 4020 2356 4085 scientiae,
2384 4032 2557 4087 neque
2594 4017 2694 4087 ipsi
2737 4016 2999 4079 intrastis,
3027 4026 3082 4071 et
3111 4017 3381 4071 intrantes
3406 4030 3512 4071 non

1946 4110 2265 4181 permittitis
2290 4110 2520 4182 ingredi.
2547 4128 2567 4163 ι

2016 4292 2070 4346 2.
2115 4290 2298 4347 llaeca
2329 4293 2484 4349 nobis
2526 4291 2672 4348 velut
2717 4290 2977 4364 praefandi
3023 4292 3195 4364 gratia
3242 4290 3516 4360 proposita

254 4398 458 4451 γεστον
511 4383 717 4452 ἀγῶνα,
753 4384 844 4437 καὶ
871 4383 1315 4454 ὁμολογουμένως
1366 4384 1505 4454 ὑπὲρ
1555 4385 1719 4454 ἡμᾶς,
1754 4383 1846 4436 καὶ⁵

1952 4390 2100 4446 ευιιι,
2131 4382 2219 4451 (ιιιὶ
2273 4381 2325 4436 in
2373 4383 2668 4437 maximum
2725 4392 3024 4447 certamen,
3074 4381 3321 4449 quodque
3372 4380 3518 4433 vires

255 4475 372 4545 τὴν
401 4473 511 4538 ἕξιν
544 4474 721 4545 ἡμῶν,
750 4475 1213 4545 ἀναγκαζομένοις
1246 4474 1349 4527 ὑπὸ
1377 4474 1476 4544 τῆς
1526 4474 1723 4545 πολλῆς
1753 4492 1844 4529 σου

1952 4485 2167 4529 nostras
2197 4488 2261 4529 ac
2296 4474 2605 4529 facultatem
2637 4474 2754 4528 sine
2779 4474 2882 4527 ulla
2916 4472 3249 4527 dubitatione
3276 4480 3512 4539 superat,

257 4564 654 4636 φιλομαθείας,
687 4566 781 4620 xal.
808 4566 1246 4637 δυσωπουμένοις
1286 4566 1392 4618 ὑπὸ
1419 4566 1517 4635 τῆς
1547 4567 1846 4638 χρηστότη-

1952 4568 2019 4622 ab
2047 4567 2247 4637 ingenti
2280 4579 2390 4635 tuo,
2423 4566 2671 4621 Ambrosi
2698 4566 2780 4619 vir
2813 4562 3177 4627 sanctis’sime,
3215 4577 3346 4631 erga
3374 4562 3516 4616 litte-

251 4673 364 4720 τος
396 4656 491 4710 καὶ
520 4656 616 4727 τῆς
648 4656 991 4728 μετριότητός
1020 4673 1132 4722 σου,
1160 4657 1270 4728 ίερὲ
1309 4655 1618 4727 ’Λμϐρόσιε,
1664 4658 1846 4711 κατελ·

1959 4673 2048 4712 ras
2079 4658 2257 4713 studio
2290 4657 2547 4712 concitati
2580 4655 2816 4723 fuimus,
2870 4663 2923 4711 et
2950 4663 3011 4710 ut
3047 4655 3099 4709 in
3127 4655 3255 4709 illud
3289 4655 3513 4710 descen-

341 4768 396 4801 "
421 4768 586 4838 Apoc.
620 4783 703 4833 ιιι,
738 4769 789 4823 7.
863 4769 908 4800 “
930 4769 1098 4838 Apoc.
1127 4783 1178 4833 v,
1214 4768 1235 4821 1
1269 4776 1324 4822 et
1348 4783 1500 4838 seqq.
1576 4768 1622 4801 "
1657 4769 1760 4825 lsa.
1806 4787 1846 4825 xi

1952 4812 1958 4833 ,
2000 4772 2087 4839 Η,
2121 4771 2209 4825 12.
2285 4771 2331 4802 ⁸⁸
2373 4769 2505 4825 Luc.
2543 4785 2621 4834 ιι,
2657 4768 2743 4823 5‘2.

254 4862 477 4934 habet}
504 4861 627 4930 quia
661 4862 775 4934 ipse
800 4878 893 4932 per
915 4864 1029 4934 hmc
1048 4871 1251 4931 septem
1276 4863 1520 4932 quaedam
1556 4863 1852 4932 signacula,
1962 4866 2172 4930 librum,
2197 4875 2242 4918 et
2270 4866 2465 4919 solvere
2489 4865 2761 4934 signacula
2790 4865 2945 4933 ejus.’
2968 4864 3031 4917 Et
3065 4879 3211 4934 nemo
3233 4864 3399 4932 pot-sit
3428 4880 3517 4918 ue-

255 4948 402 5003 qua:
432 4931 499 4986 de
531 4931 910 5007 corporaliiate
936 4932 1081 5007 ejus,
1107 4943 1159 4987 et
1195 4931 1763 5007 pasSioneAetdniorte,
1800 4946 1854 4991 et
1961 4954 2058 5007 que
2109 4938 2165 4989 in
2194 4936 2343 5000 caelo,
2396 4931 2556 5006 neque
2606 4936 2658 4987 in
2689 4931 2869 5007 terra,
2918 4933 3265 5007 nequehinffu
3287 4946 3513 5007 terram,

254 5000 702 5074 resurrectione,
725 5012 791 5074 _et
815 5003 1005 5070 gloria,
1034 5016 1087 5057 et
1120 5000 1319 5074 regno,
1351 5012 1407 5056 et
1449 5000 1646 5066 iudicio
1682 5006 1849 5061 David
1958 5000 2165 5072 aperire
2201 5006 2415 5069 librant,
2460 5000 2621 5074 neque
2652 5004 2823 5057 videre
2853 5000 3053 5074 ipsum.
3080 5002 3143 5054 Et
3174 5000 3365 5071 ﬂebam
3392 5005 3516 5074 quia

254 5076 339 5127 de
372 5086 439 5126 eo
469 5073 527 5144 in
545 5071 766 5144 psalmis
786 5074 1089 5144 prophetat,
1122 5073 1350 5126 absolvit
1379 5089 1391 5123 :
1422 5076 1568 5142 aperi
1586 5088 1673 5128 ens
1705 5077 1846 5144 quod
1956 5071 2104 5129 nemo
2137 5076 2328 5144 dignus
2359 5071 2589 5143 repertus
2615 5084 2744 5144 esset
2786 5076 2991 5141 aperire
3039 5071 3423 5144 abrumpes/ue
3450 5072 3517 5123 vi-

251 5158 442 5201 nemo
483 5141 731 5214 claudet,
785 5141 840 5197 et
890 5143 1149 5214 claudens
1199 5144 1341 5214 quod
1384 5141 1544 5197 nemo
1594 5141 1841 5211 aperiet:
1951 5149 2073 5198 dere
2094 5141 2371 5214 ipsum.Et
2391 5141 2912 5214 unusdeseuioribus
2931 5145 3002 5196 ait
3022 5143 3149 5214 mihi
3179 5158 3208 5214 :7
3232 5141 3513 5214 Noliﬂere,

252 5215 407 5281 quia
451 5226 542 5280 per
565 5211 705 5265 hanc
734 5227 855 5282 quas
890 5213 940 5267 in
972 5214 1062 5266 illo
1092 5213 1305 5280 expleta
1336 5222 1438 5276 est,
1481 5215 1841 5282 prophetiam,
1950 5231 2065 5269 ecce
2107 5211 2224 5268 um
2259 5214 2336 5266 leo
2364 5213 2427 5267 de
2479 5215 2619 5266 tribu
2663 5212 2831 5276 Juda,
2882 5215 3039 5265 radix
3082 5212 3271 5277 David,
3316 5212 3518 5279 aperire

256 5283 491 5353 aperiet
518 5282 659 5353 quod
696 5297 851 5336 nemo
874 5283 1199 5352 praecludet;
1238 5294 1290 5335 et
1319 5293 1507 5337 contra
1536 5285 1761 5352 expleta:
1786 5287 1838 5338 in
1947 5284 2161 5353 librum,
2191 5297 2237 5337 ei
2258 5294 2449 5353 septem
2474 5283 2742 5353 signacula
2766 5284 2899 5351 ejus.
2938 5301 2956 5334 ι

254 5351 341 5408 ei)
399 5351 695 5425 prophetiae
732 5351 1177 5425 lid_e_:ahnegata,
1222 5353 1434 5425 claudet
1489 5351 1629 5425 quod
1682 5370 1841 5410 nemo

2021 5352 2135 5425 (37)
2181 5356 2292 5405 “Hr
2316 5351 2556 5425 o66‘slg._
2574 5351 2918 5425 ΡΙιιιοεηλκα).
2943 5351 3134 5414 οὐδείς.

252 5422 453 5494 possit
490 5422 722 5490 aperire.
769 5420 955 5477 Nullus
995 5420 1138 5494 enim
1193 5422 1295 5494 nisi
1335 5422 1444 5487 ille,
1475 5423 1545 5494 in
1579 5439 1682 5489 quo
1730 5425 1843 5480 haec

2022 5420 2132 5493 (38)
2177 5426 2483 5477 Ὄπισθεν.
2520 5421 2747 5494 Philam,
2779 5422 2994 5494 ἔξωθεν.

255 5491 603 5564 prophetam
662 5501 883 5564 sunt‘et
918 5492 1173 5564 expleta,
1226 5492 1426 5548 clavem
1472 5493 1843 5564 intelligentia:
2021 5491 2135 5564 (59)
2189 5495 2483 5564 Ἰσχυρόν.
2519 5491 2743 5564 Μηίων
2778 5492 2952 5546 ἄλλον.

260 5500 603 5562 prophetam
662 5501 787 5545 sunt
830 5502 883 5547 et
918 5500 1173 5562 expleta,
1226 5500 1426 5548 clavem
1472 5500 1843 5564 intelligentia:

260 5562 445 5629 hujus
464 5563 777 5635 impertiet.
803 5560 1044 5635 Denique
1070 5562 1298 5630 idipsum
1328 5576 1726 5632 consequenter
1748 5567 1843 5619 do-

2046 5500 2135 5559 59)
2189 5500 2483 5561 Ἰσχυρόν.
2519 5500 2743 5555 l’hiloc.,
2778 5500 2952 5546 ἄλλον.

1964 5500 2133 5635 uiso)
2174 5565 2280 5635 Καὶ
2328 5563 2468 5635 ἐρεῖ,
2528 5573 2630 5635 etc.
2692 5561 2922 5635 Philam,
2961 5560 3055 5614 καὶ
3095 5557 3309 5630 ἐροῦσιν
3344 5555 3512 5627 αὐτῷ’

254 5635 397 5687 cuit
444 5632 671 5684 dicens:
715 5630 786 5686 Et
837 5632 938 5685 vidi
988 5649 1143 5699 super
1192 5635 1459 5686 dexteram
1507 5630 1731 5688 sedentis
1788 5636 1844 5689 in

1963 5630 2257 5702 Ἀνάγνωθι
2287 5633 2462 5685 τοῦτο’
2488 5632 2579 5684 καὶ
2600 5633 2732 5701 ἐρεῖ.

256 5705 473 5774 throno
509 5701 696 5774 librant
716 5702 964 5768 scriptum
990 5697 1199 5774 deintus
1240 5712 1288 5755 et
1332 5704 1552 5772 deforis,
1577 5706 1840 5772 signatum
2021 5697 2133 5774 (si)
2177 5703 2283 5756 Καὶ
2316 5704 2475 5771 παρὰ
2504 5697 2645 5774 cuiq.
2670 5698 3229 5774 lngl’liilocnliadccst
3259 5697 3369 5753 καί.

256 5705 473 5756 throno
509 5705 696 5752 librum
716 5705 964 5768 scriptum
990 5705 1199 5755 deinlus
1240 5712 1288 5755 et
1332 5705 1552 5772 deforis,
1577 5706 1840 5772 signatum

255 5772 569 5844 signaculis
607 5781 797 5838 septem
830 5781 916 5825 :et
952 5772 1056 5825 vidi
1086 5772 1307 5844 alterum
1345 5774 1583 5841 angelum
1609 5776 1841 5827 validum

2021 5705 2100 5774 (sl
2177 5705 2283 5756 Καὶ
2316 5705 2475 5771 παρὰ
2504 5705 2645 5766 τοῖς.
2670 5705 2724 5754 In
2758 5705 3050 5753 l’liilocnlia
3080 5705 3229 5752 dccst
3259 5705 3369 5753 καί.

2021 5705 2135 5844 (λι-ἐζ
2178 5772 2671 5844 Ιιεπληρωμέγης.
2724 5772 2875 5840 Apud
2913 5769 3270 5839 Epiphaniam
3304 5766 3511 5836 πεπληο

258 5842 656 5913 pra’diraulem
704 5858 820 5897 voce
865 5858 1054 5911 ntagna
1083 5860 1095 5899 :
1129 5842 1263 5908 Quia
1286 5853 1360 5897 est
1402 5844 1589 5915 dignus
1640 5848 1841 5913 aperire
1952 5842 2233 5910 ρωμένοις.
