3870 6512
173 406 284 464 1081

1157 399 1466 458 SELECTA
1508 402 1574 457 IN
1616 400 1953 465 PSALMOS-
1978 431 2046 441 -—
2069 401 2258 458 PSAL.
2287 403 2326 456 1-

3270 398 3410 455 1ί82

170 519 413 582 πλασίως,
443 537 460 568 ι
491 517 585 571 καὶ
633 515 770 584 μετά
807 515 986 589 πάσης
1035 518 1314 590 ἀκριϐείας
1344 517 1726 589 ἐξητασμένως

1855 527 2011 578 [ηιιυιι
2075 528 2275 586 septies
2336 519 2412 586 9°;
2457 537 2474 570 ι
2509 516 2932 589 exquisitissima
2981 531 3110 572 cura
3151 525 3202 572 et
3233 518 3442 573 studio'

169 616 222 669 τὸ
248 614 396 681 ἅγιον
449 609 669 682 Πνεῦμα
697 609 1066 680 ὑποϐέϐληκεν
1098 611 1236 664 αὑτά
1260 610 1347 664 διὰ
1383 610 1490 663 τῶν
1518 611 1727 681 ὑπηρε-

167 710 264 764 τῶν
291 706 382 758 τοῦ
408 704 588 772 λόγου,
635 697 840 774 μήποτε
875 703 970 756 καὶ
994 703 1139 775 ὑμᾶς
1183 703 1448 776 διαφεύγῃ
1473 707 1505 774 ἡ
1541 703 1731 757 ἀναλο-

169 803 271 873 γία,
302 792 412 852 καθ’
469 797 534 868 ἣν
568 797 660 849 ἐπὶ
690 798 868 849 πᾶσαν
896 794 1098 864 ἔφθασε
1136 797 1356 868 Γραφὴν
1386 799 1417 867 ἡ
1448 797 1609 866 σοφία
1635 796 1730 849 τοῦ

169 891 292 948 Θεοῦ
337 889 692 942 θεόπνευστον
747 889 908 959 μέχρι
937 887 1030 941 τοῦ
1080 889 1332 959 τυχόντος
1373 890 1727 960 γράμματος.

171 984 254 1038 καὶ
284 981 420 1050 τάχα
447 979 535 1032 διὰ
564 978 721 1032 τοῦτο
747 980 774 1030 ό
804 978 991 1051 Σωτὴρ
1025 979 1130 1050 ἔφη
1149 997 1162 1010 ο
1203 999 1220 1031 ι
1268 979 1420 1032 ’ἰῶτα
1459 979 1515 1032 ἓν
1572 980 1604 1050 ἢ
1635 979 1732 1051 μία

171 1076 353 1148 κεραία
378 1074 437 1126 οὐ
475 1073 548 1144 μὴ
575 1071 818 1144 παρέλθῃ
847 1071 954 1125 ἀπὸ
993 1071 1089 1124 τοῦ
1114 1072 1301 1142 νόμου,
1332 1071 1435 1134 ἕως
1461 1070 1526 1125 ἂν
1558 1071 1733 1125 πάντα

171 1168 431 1236 γένηται.»
458 1166 553 1216 Ὃν
585 1164 781 1234 τρόπον
811 1164 918 1233 γὰρ
948 1163 1039 1215 ἐπὶ
1061 1162 1159 1232 τῆς
1186 1163 1588 1234 κοσμοποιίαςή
1617 1163 1735 1216 θεία

169 1262 316 1330 τέχνη
347 1258 404 1310 οὐ
441 1258 600 1327 μόνον
633 1257 688 1308 έν
727 1255 941 1326 οὐρανῷ
974 1256 1068 1307 καὶ
1104 1254 1240 1324 ἡλίῳ
1274 1255 1368 1308 καὶ
1400 1255 1599 1326 σελήνῃ
1642 1255 1737 1308 καὶ

171 1353 376 1422 ἄστροις
402 1349 647 1419 φαίνεται
676 1346 890 1419 (48),δι’
923 1348 1058 1401 ὅλων
1085 1348 1192 1400 τῶν
1223 1348 1489 1420 σωμάτων
1514 1348 1736 1401 ἐκείνων

173 1445 546 1512 πεφοιτηκυῖλ,
578 1440 713 1493 ἀλλά
744 1442 837 1493 καὶ
888 1440 979 1493 ἐπὶ
1009 1440 1112 1510 γῆς
1144 1442 1201 1492 ἐν
1247 1439 1346 1511 ῦλῃ
1383 1440 1738 1511 εὑτελεστέρᾳ

170 1537 227 1589 τὺ
259 1534 385 1586 αὐτὸ
412 1533 728 1603 πεποίηκεν,
763 1531 838 1594 ὡς
884 1532 958 1603 μὴ
1011 1532 1458 1604 ὑπερηφανῆσθαι
1505 1533 1612 1586 ἀπὸ
1643 1533 1737 1587 τοῦ

171 1624 435 1695 τεχνίτου,
493 1625 632 1694 μήτε
661 1623 728 1676 τὰ
763 1621 988 1694 σώματα
1039 1624 1145 1676 τῶν
1210 1625 1504 1695 ἐλαχίστων
1551 1624 1736 1690 ζώωνο

173 1719 342 1790 πολλῴ
367 1718 422 1771 δὲ
447 1718 606 1771 πλέον
635 1719 726 1771 καὶ
751 1718 849 1780 τὰς
883 1719 1294 1790 ὲνυπαρχούσας
1326 1719 1504 1790 ψυχὰς
1554 1721 1610 1772 ἐν
1647 1721 1743 1772 αὑ-

172 1813 296 1873 τοῖς,
334 1809 568 1880 ἑκάστης
603 1809 802 1880 ἰδίωμά
831 1827 883 1862 τι
918 1809 1026 1880 (49)
1057 1811 1326 1882 λαϐούσης
1356 1814 1412 1864 ὲν
1459 1812 1619 1882 αὐτῇ,
1666 1813 1742 1876 ὡς

1832 609 2068 679 Spiritus
2116 621 2338 666 Sanctus
2389 626 2487 680 per
2519 611 2798 665 miuiStros
2828 609 2980 664 verbi
3011 609 3116 664 ista
3160 609 3412 677 subjecit,

1833 721 1900 759 ne
1959 720 2194 774 tmquam
2256 705 2415 759 nobis
2461 703 2633 758 latere
2684 713 2869 774 posset
2913 704 3071 766 ratio,
3115 703 3410 758 secundum

1833 812 1994 864 quant
2025 796 2206 850 divina
2239 794 2507 864 sapientia
2541 810 2760 848 omnem
2788 795 3128 862 Scripturam
3159 793 3416 848 divinitus

1835 891 2037 954 datam,
2075 890 2157 943 vel
2207 889 2274 941 ad
2319 903 2482 941 unam
2530 900 2702 954 usque
2751 885 3049 940 litterulam
3102 885 3325 956 attigit:
3360 897 3416 938 et.

1837 990 2123 1048 propterea
2156 978 2392 1032 fortasse
2417 977 2699 1043 Servator,
2739 975 2904 1041 «Iota,
2929 975 3106 1045 inquit
3126 975 3196 1040 9”,
3224 990 3414 1036 unum,

1837 1071 1920 1123 vel
1958 1085 2091 1138 apex
2137 1083 2277 1122 unus
2301 1083 2331 1122 e
2359 1067 2476 1137 lege
2507 1083 2612 1121 non
2648 1065 2980 1136 praeteribit,
3019 1066 3190 1120 donec
3233 1065 3416 1119 omnia

1839 1164 1989 1217 liaut.
2024 1182 2042 1214 ι
2080 1163 2546 1230 Quemadmodum
2593 1162 2736 1227 enjm
2769 1160 2821 1212 in
2852 1158 3036 1212 mundi
3073 1159 3293 1228 opiﬁcio
3330 1174 3420 1212 ars

1839 1256 2022 1310 divina
2056 1271 2159 1308 non
2191 1255 2362 1308 solum
2418 1253 2470 1307 in
2514 1253 2652 1308 coelo
2702 1260 2757 1306 et
2800 1251 2918 1306 sole
2942 1262 2994 1303 et
3023 1250 3146 1303 luna
3176 1259 3231 1303 et
3257 1249 3420 1304 astris

1840 1357 2086 1419 apparet,
2118 1363 2212 1418 per
2246 1356 2356 1406 tota
2397 1348 2486 1400 illa
2519 1361 2751 1415 corpora
2786 1359 3074 1415 permeans
3101 1360 3114 1409 ;
3140 1343 3230 1396 sed
3259 1343 3418 1396 etiam

1841 1441 1894 1494 in
1947 1449 2114 1503 terra,
2167 1439 2218 1493 in
2257 1439 2481 1492 materia
2525 1437 2720 1490 viliore
2766 1437 2872 1489 hoc
2923 1434 3096 1502 ipsum
3123 1433 3328 1495 cll'ecit,
3363 1444 3423 1487 ut

1842 1548 2017 1602 neque
2045 1534 2111 1586 ab
2141 1531 2350 1585 artiﬁce
2387 1529 2750 1583 minimorum'
2772 1528 2938 1582 etiam
2970 1525 3420 1594 animalculorum

1843 1642 2070 1696 corpora
2102 1625 2346 1695 neglecta
2379 1625 2520 1690 sint;
2566 1623 2735 1677 multo
2769 1637 2901 1676 vero
2935 1619 3109 1689 magis
3139 1627 3194 1672 et
3222 1631 3341 1686 quae
3369 1616 3421 1669 in

1845 1719 1950 1773 illis
1979 1718 2168 1772 insunt
2201 1717 2417 1781 animm,
2467 1730 2699 1785 quarum
2742 1712 2967 1783 singula:
2995 1709 3268 1779 peculiare
3295 1708 3426 1777 quid

1846 1809 1898 1864 in
1953 1823 2010 1864 se
2067 1819 2433 1877 acceperunt,
2506 1806 2967 1877 quemadmodum
3027 1805 3080 1857 in
3142 1804 3425 1857 brutorum

173 1903 225 1955 ἐν
251 1900 426 1972 ἀλόγῳ
461 1875 762 1973 σωτήριον-³
829 1875 1061 1974 μήτε
1105 1903 1203 1973 τῆς
1227 1875 1330 1973 γῆς
1363 1875 1738 1975 βλαστήματα,

1855 1917 2044 1974 genere
2069 1899 2429 1956 conservandi
2463 1899 2543 1953 sui
2579 1898 2846 1951 rationem
2884 1913 2896 1948 :
2925 1897 3017 1949 sed
3059 1909 3233 1964 neque
3267 1903 3426 1948 terrae

171 1994 378 2064 ἑκάστῳ
427 1995 825 2066 ἐνυπάρχοντος
875 1993 968 2047 τοῦ
999 1994 1246 2065 τεχνικοῦ
1288 1996 1416 2068 περὶ
1451 1997 1549 2060 τάς
1591 1995 1744 2068 ῥίζας

170 2090 259 2143 καὶ
281 2087 350 2140 τὰ
374 2087 546 2156 φύλλα
567 2089 660 2140 καὶ
691 2087 816 2151 τοὺς
839 2087 1216 2159 ἐνδεχομένους
1245 2091 1510 2160 καρποὺς,
1532 2090 1624 2144 καὶ
1650 2091 1746 2154 τὰς

168 2182 426 2254 διαφορὰς
449 2181 556 2234 τῶν
596 2181 925 2252 ποιοτήτων·
984 2179 1154 2244 οὕτως
1181 2183 1342 2252 ἡμεῖς
1374 2181 1750 2253 ὑπολαμϐάνο-

173 2295 267 2348 μεν
302 2276 434 2348 περὶ
464 2275 681 2328 πάντων
713 2273 822 2327 τῶν
853 2273 912 2341 ἐξ
946 2275 1230 2338 ἐπιπνοίας
1257 2276 1350 2328 τοῦ
1383 2277 1538 2345 ἁγίου
1587 2278 1750 2331 Πνεύ-

175 2385 338 2440 ματος
384 2367 909 2438 ἀναγεγραμμένων,
970 2367 1046 2430 ὡς
1091 2367 1192 2438 τῆς
1246 2368 1592 2440 ἐπιδιδούσης
1646 2372 1745 2443 τὴν

171 2461 306 2530 ὑπὲρ
365 2459 649 2530 ἄνθρωπον
713 2458 902 2527 σοφίαν
954 2458 1105 2529 ἱερᾶς
1167 2460 1433 2530 Προνοίας
1493 2462 1581 2515 διὰ
1639 2463 1748 2516 τῶν

171 2551 514 2623 γραμμάτων
542 2550 620 2621 τῷ
652 2550 799 2619 γένει
833 2550 939 2604 τῶν
974 2550 1296 2616 ἀνθρώπων,
1322 2552 1480 2622 λόγια
1507 2557 1750 2627 σωτήρια

171 2643 595 2714 ὲνεσπαρκυίας,
649 2643 725 2707 ὡς
775 2642 921 2696 ἔστιν
979 2645 1171 2709 εἰπεῖν,
1202 2645 1416 2716 ἑκάστῳ
1465 2648 1750 2719 γράμματι

173 2737 309 2791 κατά
337 2737 402 2789 τὸ
426 2736 771 2808 ἐνδεχόμενον
807 2737 927 2808 ῖχνη
958 2737 1057 2807 τῆς
1102 2739 1312 2808 σοφίας.
1349 2740 1468 2812 Χρὴ
1502 2741 1750 2812 μέντοιγε

168 2830 257 2883 τὸν
286 2829 440 2896 ἀπαξ
489 2829 934 2901 παραδεξάμενον
963 2830 1056 2884 τοῦ
1109 2833 1388 2895 κτίσαντος
1427 2834 1516 2886 τὸν
1551 2833 1752 2904 κόσμον

171 2917 304 2976 εἶναι
351 2922 557 2986 ταύτας
617 2922 715 2987 τὰς
761 2923 1000 2995 Γραφάς,
1037 2923 1325 2978 πεπεῖσθαι
1358 2925 1439 2978 ὅτι
1492 2928 1592 2979 ὅσα
1624 2917 1752 2997 περὶ

169 3014 269 3083 τῆς
301 3016 536 3078 κτίσεως
556 3016 774 3086 ἀπαντᾷ
797 3019 907 3078 τοῖς
937 3016 1158 3089 ζητοῦσι
1183 3018 1275 3070 τὸν
1317 3018 1442 3089 περὶ
1469 3019 1636 3089 αὐτῆς
1664 3018 1752 3071 λό-

171 3122 286 3174 γον,
315 3104 494 3160 ταῦτα
523 3107 617 3158 καὶ
644 3105 771 3177 περὶ
796 3105 906 3159 τῶν
940 3107 1190 3178 Γραφῶν.
1221 3108 1376 3160 Ἔστι
1401 3107 1459 3160 δέ
1487 3125 1549 3176 γε
1578 3109 1670 3161 καὶ⁵
1695 3109 1754 3162 ὲν

1849 1995 2093 2064 geri'uina
2146 1991 2512 2060 contempsit,
2541 2004 2664 2044 cum
2720 1987 3014 2056 unicuique
3040 1987 3170 2040 insit
3211 1985 3428 2039 artificii

1848 2085 2128 2157 quidpiam
2166 2083 2217 2136 in
2252 2082 2560 2142 radicibus,
2611 2081 2662 2133 in
2697 2078 2861 2144 foliis,
2897 2084 2952 2132 et
2989 2079 3040 2130 in
3070 2077 3138 2130 iis
3172 2079 3264 2145 qui
3299 2089 3429 2144 pro-

1848 2178 2073 2232 veniunt
2101 2175 2386 2237 fructibus,
2429 2183 2483 2228 et
2516 2174 2568 2226 in
2597 2172 2918 2241 qualitatum
2959 2167 3262 2224 dillerentia
3301 2186 3314 2220 :
3354 2167 3429 2221 ita

1850 2287 1949 2326 nos
1985 2285 2273 2325 censemus
2303 2267 2368 2321 de
2396 2266 2650 2320 omnibus
2674 2279 2740 2318 ex
2773 2249 2954 2317 amatu
2989 2261 3164 2316 sancti
3193 2258 3430 2329 Spiritus

1849 2364 2091 2433 scriptis,
2159 2372 2412 2430 tanquam
2475 2357 2585 2423 illa,
2634 2372 2756 2426 qua:
2812 2354 3136 2424 Sapientiam
3192 2353 3428 2406 humana

1851 2454 2188 2523 superiorem
2224 2452 2408 2518 tradit,
2442 2466 2636 2518 magna
2669 2448 3006 2516 providentia
3029 2487 3043 2510 ,
3093 2461 3188 2515 per
3220 2442 3432 2497 divinas

1852 2549 2058 2602 litteras
2087 2545 2368 2599 hominum
2399 2540 2583 2614 generi
2622 2539 2889 2593 salutaria
2925 2539 3250 2616 documenta
3283 2533 3430 2586 inse—

1855 2641 2046 2706 ruerit,
2094 2645 2148 2692 et
2183 2635 2439 2705 singulis,
2491 2645 2546 2687 ιιι
2600 2634 2670 2686 ita
2721 2632 2922 2692 dicam,
2979 2629 3196 2690 litteris,
3251 2623 3430 2694 quoad

1854 2746 2191 2801 unaquznque
2224 2745 2418 2800 capere
2444 2735 2661 2797 potest,
2697 2724 2924 2790 vestigia
2959 2721 3238 2790 sapientia:
3269 2715 3434 2788 528

1854 2823 2212 2893 impresserit.
2249 2819 2544 2874 Enimvero
2574 2823 2788 2885 oportet
2819 2829 2941 2868 eum
2968 2811 3056 2880 qui
3079 2809 3246 2864 semel
3269 2807 3436 2862 admi-

1854 2917 1987 2972 serit
2031 2915 2244 2985 Opilicis
2301 2910 2485 2965 mundi
2531 2910 2629 2963 has
2663 2922 2783 2960 esse
2817 2905 3154 2974 Scripturas,
3191 2900 3434 2954 animum

1855 3021 2068 3076 quoque
2107 3006 2366 3059 inducere
2413 3013 2774 3072 quaecumque
2803 2998 2870 3051 de
2915 2994 3195 3050 creatione
3243 3006 3436 3045 occur-

1857 3108 1983 3153 ruut
2025 3097 2168 3152 illius
2217 3097 2481 3149 rationem
2536 3089 2932 3162 quaerentibus,
2985 3088 3100 3141 hare
3147 3085 3334 3139 eadem
3371 3082 3439 3135 de

171 3202 233 3271 τῇ
271 3200 450 3253 κτίσει
505 3200 624 3253 τινὰ
679 3200 994 3274 ἀνθρωπίνῃ
1028 3201 1185 3269 φύσει
1223 3201 1519 3272 δυσεύρετα
1567 3201 1599 3272 ἢ
1660 3202 1747 3256 καὶ

1859 3191 2157 3260 Scripturis
2179 3201 2488 3243 occurrere.
2517 3185 2655 3240 Sunt
2685 3194 2864 3236 autem
2896 3181 2947 3233 in
2982 3176 3264 3232 creatione
3292 3189 3438 3244 quaa-

171 3291 476 3363 ἀνεὺρετα·
512 3291 604 3345 καὶ
638 3293 696 3353 οὐ
731 3292 817 3345 διὰ
844 3291 1004 3345 τοῦτο
1035 3294 1437 3365 κατηγορητέον
1483 3292 1574 3346 τοῦ
1609 3311 1756 3366 ποιη-

171 3383 262 3436 τοῦ
293 3384 405 3438 τῶν
441 3384 596 3438 ὅλων.
630 3385 766 3456 Φέρε
800 3387 992 3451 εἰπεῖν,
1024 3385 1146 3438 ἐπεὶ
1174 3387 1272 3455 οὐχ
1312 3386 1640 3458 εὑρίσκομεν
1669 3389 1755 3440 αὶ-

167 3476 288 3530 τίαν
313 3476 650 3546 βασιλίσκων
676 3479 925 3542 κτίσεως,
956 3480 1048 3532 καὶ
1078 3479 1184 3532 τῶν
1215 3479 1388 3532 ἄλλων
1423 3479 1638 3532 ἰοϐόλων
1670 3480 1758 3550 θη-

171 3568 302 3639 ρίων
329 3587 342 3599 ο
378 3569 566 3623 ἐνθάδε
592 3569 700 3641 γὰρ
728 3571 874 3623 ὅσιον
915 3571 1005 3624 τὸν
1036 3571 1423 3642 αἰσθανόμενον
1478 3572 1579 3641 τῆς
1609 3573 1759 3626 ἀσθε-

167 3660 318 3724 νείας
355 3660 454 3713 τοῦ
481 3661 668 3730 γένους
723 3663 899 3733 ἡμῶν,
926 3663 1020 3716 καὶ
1068 3664 1148 3716 ὅτι
1182 3664 1375 3735 τέχνης
1404 3664 1537 3717 Θεοῦ
1568 3664 1758 3734 λόγους

169 3755 312 3824 μετά
347 3754 533 3825 πάσης
563 3753 846 3827 ἀκριϐείας
873 3755 1316 3828 τεθεωρημένους
1350 3757 1595 3811 ἐκλαϐεῖν
1627 3759 1757 3828 ἡμῖν

164 3848 480 3917 ἀμήχανον,
514 3847 631 3918 Θεῴ
662 3847 969 3900 ἀνατιθέναι
1119 3850 1323 3903 τούτων
1354 3850 1574 3918 γνῶσιν,
1599 3850 1758 3903 ὓστε-

165 3955 259 4009 ρον
295 3942 457 4010 ἡμῖν,
522 3941 615 3996 ἐὰν
644 3939 784 4004 ἄξιοι
815 3939 1114 4012 κριθῶμεν,
1167 3941 1534 4014 φανερώσοντι
1589 3943 1759 3996 ταῦτα

166 4031 298 4100 περὶ
332 4025 414 4084 ὧν
446 4030 540 4083 νῦν
573 4032 813 4097 εὐσεϐῶς
841 4034 1243 4105 ἐπεστήσαμεν.
1275 4034 1430 4088 Οὕτω
1454 4035 1633 4089 τοίνυν
1665 4037 1760 4090 καὶ

165 4123 224 4173 ὲν
253 4125 384 4186 ταῖς
419 4122 592 4186 θείαις
617 4125 862 4202 Γραφαῖς
889 4125 991 4196 χρὴ
1022 4126 1174 4197 ὁρᾷν,
1206 4127 1287 4180 ὅτι
1309 4127 1477 4181 πολλὰ
1507 4128 1762 4180 ἀπόκειν-

161 4229 254 4266 ται
289 4217 352 4267 ὲν
384 4215 572 4278 αὐτοῖς
592 4215 928 4271 δυσαπόδοτα
949 4221 1167 4288 ἡμῖν·οί
1197 4219 1325 4288 γοῦν
1361 4220 1762 4290 ἐπαγγελλόμε-

160 4324 244 4358 νοι
280 4307 430 4377 μετά
455 4306 516 4359 τὸ
534 4309 833 4378 ἀποστῆναι
863 4309 956 4363 τοῦ
981 4311 1265 4376 κτίσαντος
1289 4312 1399 4384 (50)
1421 4314 1510 4368 τὸν
1534 4315 1756 4385 κόσμον,

159 4396 257 4448 καὶ
287 4390 336 4464 ᾧ
368 4396 685 4450 ἀνέπλασαν
719 4400 793 4462 ὡς
823 4399 940 4469 Θεῷ
971 4402 1345 4472 προστρέχειν,
1371 4402 1644 4456 λυέτωσαν
1663 4404 1761 4468 τὰς

161 4487 598 4559 προσαγομένας
631 4490 720 4558 ὑφ’
773 4491 930 4560 ἡμῶν
959 4493 1141 4555 αὐτοῖς
1173 4494 1422 4564 ἀπορίας,
1475 4495 1506 4565 ἢ
1541 4495 1600 4547 τὸ
1633 4497 1760 4549 ἐαυ-

1860 3289 1980 3342 dam
2011 3300 2131 3355 quae
2161 3293 2352 3337 natura
2397 3284 2629 3336 humana
2667 3277 2953 3334 dilliculter
2983 3275 3066 3328 vel
3095 3272 3240 3326 nullo
3279 3271 3439 3325 modo

1859 3379 2105 3433 invenire
2133 3375 2325 3445 possit.
2363 3372 2548 3440 Neque
2583 3371 2783 3425 idcirco
2822 3367 3162 3422 accusandus
3201 3373 3284 3418 est
3323 3377 3440 3416 om-

1858 3471 2008 3523 nium
2049 3469 2274 3522 cll'eutor
2308 3467 2470 3520 Deus.
2510 3462 2672 3517 Verbi
2698 3461 2873 3532 gratia
2901 3499 2915 3524 ,
2965 3473 3086 3512 cum
3132 3471 3236 3509 non
3285 3454 3438 3507 inve-

1861 3564 2038 3618 nimus
2069 3576 2288 3617 causam
2313 3575 2411 3615 cur
2431 3557 2602 3613 creati
2627 3557 2738 3612 sint
2769 3551 3032 3616 basilisci,
3063 3558 3116 3604 et
3138 3549 3245 3603 alia
3277 3562 3441 3602 vene-

1861 3667 1985 3712 nata
2020 3655 2270 3708 animalia
2302 3670 2316 3708 :
2343 3653 2472 3706 hinc
2520 3650 2665 3704 enim
2715 3655 2964 3702 sanctum
3004 3652 3108 3710 est,
3155 3640 3438 3696 conscium

1861 3745 2249 3804 imbecillitatis
2275 3742 2492 3814 generis
2526 3739 2697 3795 nostri
2722 3779 2738 3803 ,
2777 3737 3032 3808 quodque
3074 3735 3272 3789 divinae
3307 3731 3442 3785 artis

1860 3841 2096 3896 rationes
2117 3836 2454 3908 quantalibet
2481 3833 2721 3888 maxima
2751 3845 2846 3886 eas
2872 3827 3149 3898 diligentia
3179 3824 3441 3879 fuerimus

1860 3931 2233 4001 contemplati,
2289 3926 2577 3998 percipere
2643 3939 2751 3978 non
2808 3921 3100 3992 possimus,
3161 3918 3225 3970 ad
3275 3931 3440 3969 unum

1861 4024 2026 4078 Deum
2066 4024 2255 4077 horum
2284 4019 2649 4090 cognitionem
2675 4013 2904 4077 referre,
2930 4011 3022 4081 qui
3047 4009 3206 4064 nobis
3231 4015 3440 4077 postea,

1862 4118 1906 4170 si
1935 4115 2078 4186 digni
2108 4114 2450 4184 iudicemur,
2485 4109 2602 4164 hazc
2638 4109 2751 4177 ipsa
2787 4106 3019 4176 aperiet,
3051 4101 3120 4157 ad
3143 4115 3265 4171 quae
3295 4112 3445 4153 men-

1865 4221 1970 4263 tent
2029 4223 2173 4262 nunc
2203 4207 2289 4275 pie
2323 4203 2684 4259 advertimus.
2728 4199 2821 4253 Sic
2845 4197 3009 4268 igitur
3055 4203 3110 4249 et
3156 4193 3209 4247 in
3243 4189 3445 4245 divinis

1862 4300 2066 4355 litteris
2092 4297 2385 4353 videndum
2421 4303 2529 4358 est,
2565 4292 2732 4347 multa
2767 4291 2820 4346 in
2855 4289 2962 4344 illis
2993 4284 3271 4342 recondita
3299 4295 3441 4344 esse,

1862 4408 2088 4463 quorum
2122 4390 2279 4445 nobis
2326 4384 2771 4458 estperdillicilis
2816 4379 3128 4451 explicatio.
3168 4375 3268 4440 Qui
3314 4387 3444 4463 ergo

1865 4462 2189 4555 pollicentur
2214 4521 2227 4546 ,
2266 4491 2554 4550 postquam
2591 4493 2620 4530 a
2666 4473 2853 4529 tnundi
2890 4470 3186 4526 Conditore
3233 4462 3445 4518 defece-

157 4581 271 4634 τῶν
324 4599 394 4650 γε
453 4581 689 4638 συνειδὸς
741 4582 1075 4637 πειθέτωσαν
1129 4585 1267 4655 μετά
1323 4587 1384 4639 τὸ
1445 4587 1747 4658 τηλικοῦτοι

1872 4586 2016 4638 rttnt,
2053 4584 2109 4628 et
2135 4575 2201 4628 ad
2231 4588 2354 4626 eum
2386 4586 2545 4640 quem
2581 4571 2786 4622 tinxere
2810 4607 2824 4632 ,
2863 4573 2923 4618 ut
2950 4564 3017 4616 ad
3051 4561 3219 4615 Deum
3257 4553 3445 4610 confu-

155 4672 437 4744 τόλμημα
472 4673 570 4743 τῆς
626 4674 880 4738 ἀσεϐείας
933 4676 1394 4740 ἀναπεπαῦσθαι,
1455 4679 1758 4749 συμφώνως

154 4769 284 4829 ταῖς
339 4767 479 4836 παρ’
512 4766 695 4829 αὐτοῖς
756 4767 1042 4821 ὑποθέσεσι
1071 4769 1198 4840 περὶ
1254 4769 1360 4821 τῶν
1389 4769 1755 4840 ζητουμένων,

147 4855 259 4908 καὶ
296 4855 439 4926 περὶ
471 4853 580 4907 τῶν
638 4857 1064 4926 προσαγομένων
1114 4858 1294 4920 αὐτοῖς
1352 4857 1754 4928 ὰπορημάτωνο

152 4951 205 5002 εξ
268 4949 392 5020 γὰρ
452 4949 612 5002 κάκεῖ
667 4949 816 5002 οὐδὲν
863 4944 1021 5020 ἦττον
1075 4948 1145 5002 τὰ
1206 4949 1532 5020 ἀπορήματα
1587 4949 1756 5020 μένει,

151 5039 536 5092 ἀποστάντων
565 5041 663 5110 τῆς
700 5039 982 5112 θεότητος·
1019 5042 1170 5111 πόσῳ
1209 5039 1496 5111 ὁσιώτερον
1536 5036 1623 5111 ἦν,
1664 5043 1760 5112 μέ-

153 5149 362 5196 νοντας
423 5134 515 5185 ὲπὶ
554 5134 652 5204 τῆς
705 5134 912 5198 ἐννοίας
961 5136 1063 5206 ,τῆς
1117 5135 1244 5206 περὶ
1277 5133 1434 5198 Θεοῦ,
1491 5134 1597 5187 ἀπὸ
1657 5136 1764 5189 τῶν

152 5227 498 5296 κτισμάτων
542 5224 634 5278 τοῦ
685 5225 1062 5297 γενεσιουργοῦ
1123 5225 1494 5298 θεωρουμένου
1517 5268 1531 5290 ,
1599 5228 1763 5299 μηδὲν

152 5318 330 5371 ἄθεον
364 5318 466 5370 καὶ
496 5317 708 5371 ἀνόσιον
739 5318 867 5389 περὶ
893 5317 984 5371 τοῦ
1012 5318 1327 5388 τηλικούτου
1362 5318 1760 5388 ἀποφαίνεσθαι

152 5409 303 5463 ωεοῦ
330 5427 347 5474 ;

227 5619 279 5654 ’⁸
329 5616 483 5673 Psal.
529 5633 578 5673 rt
635 5617 691 5672 7.
763 5617 808 5648 ’⁸
840 5614 1029 5668 Matth.
1071 5613 1230 5679 v.18.

230 5737 360 5810 (.58)
409 5738 702 5810 ᾷᾳίνετιιι.
749 5734 1724 5810 ΙΙιιοξιῐιιειηειιιιῖειῖροεκαταφαίνεται2

233 5804 362 5876 (t9)
428 5807 648 5878 Ἰδίωμά
682 5825 751 5864 τι.
794 5810 1030 5877 Uterque
1056 5808 1223 5864 codex
1257 5804 1587 5873 Tltuanteus,
1624 5804 1766 5860 ἰδιώ-

153 5896 320 5950 ματα

1865 4677 2102 4740 gerunt,
2142 4666 2353 4721 solvant
2395 4678 2530 4732 quos
2560 4663 2692 4731 ipsis
2733 4660 2902 4714 nodos
2936 4653 3282 4712 exhibuimus
3310 4665 3325 4714 ;
3358 4646 3442 4701 vel

1866 4776 2019 4818 suam
2063 4760 2164 4829 ipsi
2190 4756 2583 4812 conscientiam
2632 4750 3011 4821 persuadeant,
3054 4746 3131 4799 uti
3165 4751 3284 4812 post
3332 4749 3442 4793 tam

1869 4857 2136 4925 insignem
2194 4850 2475 4904 audaciam
2531 4848 2598 4901 ab
2639 4846 2916 4915 impietate
2963 4841 3230 4902 desinant,
3285 4843 3444 4904 prout

1867 4948 2121 5016 congruit
2149 4947 2391 5016 ipsorum
2437 4940 2708 5003 instituto,
2750 4938 2819 4991 de
2850 4934 3093 5005 quaesitis
3127 4939 3181 4985 et
3223 4930 3289 4983 iis
3324 4941 3446 4996 qua:

1865 5040 2072 5110 objecta
2106 5046 2232 5092 sunt
2266 5033 2546 5090 dubitandi
2585 5031 2790 5088 causis.
2852 5027 2908 5082 Si
2955 5026 3099 5081 enim
3133 5023 3205 5077 ibi
3245 5018 3444 5074 nihilo-

1865 5132 2043 5186 minus
2083 5129 2426 5183 dil'ﬁcultates
2457 5132 2701 5189 manent,
2739 5130 3029 5192 postquam
3077 5131 3106 5169 a
3161 5112 3449 5169 divinitate

1865 5225 2218 5288 defecerunt;
2262 5231 2467 5290 quanto
2513 5217 2757 5273 sanctius
2792 5224 2912 5270 erat
2943 5215 2996 5266 in
3030 5208 3358 5280 cogitatione
3377 5219 3444 5256 ac

1862 5335 2025 5374 sensu
2056 5320 2122 5374 de
2155 5317 2266 5372 Deo
2293 5317 2644 5380 inhaerentes,
2689 5326 2850 5382 quem
2878 5325 2908 5362 a
2951 5303 3220 5362 creaturis
3248 5313 3444 5369 paren-

1865 5422 1973 5467 tem
2021 5427 2086 5465 ac
2131 5410 2439 5465 effectorem
2469 5405 2926 5474 contentplamur,
2974 5397 3108 5454 nihil
3135 5393 3357 5464 impium
3388 5398 3447 5443 et

1863 5501 2131 5557 nefarium
2167 5503 2230 5557 de
2255 5510 2406 5555 tanto
2431 5501 2539 5555 Deo
2567 5494 2875 5552 allirmare?

1946 5729 2055 5802 (50)
2105 5725 2621 5802 Ἀποᾳτῆναιλτοῦ
2673 5720 3028 5802 κτίσαντος,
3090 5723 3195 5771 etc.
3243 5713 3290 5768 A
3339 5707 3445 5788 ἔη-

1883 5791 2128 5873 μιουργῷ
2151 5803 2214 5856 ad
2240 5791 2443 5854 Christi
2472 5797 2705 5850 Patrem.
2735 5791 2998 5847 Huertus.
