3870 6510
118 392 235 447 I085

1101 390 1408 449 SELEC'I‘A
1446 393 1513 448 IN
1548 393 1890 451 PSALMOS.
1932 429 2001 439 —
2035 397 2230 456 PSAL.
2267 399 2308 457 I.

3192 405 3213 460 I
3224 407 3328 463 086

108 505 301 571 librum,
342 519 500 574 quem
530 514 725 560 vorant
766 507 920 573 Esra,
952 509 1003 563 id
1028 519 1146 576 est,
1182 531 1200 562 ι
1233 513 1480 580 Adjutor.
1534 532 1552 565 ι
1604 514 1970 571 Duodecimus
2023 516 2159 571 liber
2204 518 2576 586 Psalmcrum,
2622 518 2865 577 Ilebrteis
2913 520 3119 591 Sepber
3164 523 3323 577 tehil-

111 601 209 655 lim.
241 602 470 655 Decimus
505 601 696 656 tertius
722 603 1013 660 Proverbia
1058 606 1387 672 Salomonis,
1424 609 1664 663 Ilebrteis
1714 610 1946 665 Mislnth.
2002 612 2139 677 XIV,
2177 614 2551 679 Ecclesiastes,
2597 615 2837 671 Ilcbrmis
2864 617 3144 673 Coheleth.
3204 617 3321 685 XV,

104 694 352 749 Canticum
401 696 767 762 canticorum,
820 698 1062 755 IIebrznis
1095 701 1185 755 Sir
1234 703 1511 756 hassirim.
1554 702 1691 767 XVI,
1751 704 1941 772 Isaias,
1980 705 2219 762 Ilebrtcis
2250 708 2443 763 lesaia.
2471 708 2632 773 XVII,
2668 710 2919 765 leremias
2944 726 3065 764 cum
3090 708 3321 765 Lamen-

106 790 363 844 tationibus
387 799 440 845 et
465 789 714 860 epistola,
743 792 794 847 in
835 808 996 847 unum
1025 807 1338 865 compactus
1365 798 1635 857 volumen.
1677 800 1818 867 quod
1851 800 1950 868 ipsi
2003 812 2198 856 vocant
2223 801 2407 857 Irmia.
2455 803 2636 867 XVIII,
2677 796 2886 870 Daniel,
2937 804 3175 860 Hebraeis
3218 806 3315 861 Da-

101 886 217 940 niel.
249 885 366 945 XIX.
403 887 653 942 Ezechiel
685 890 822 957 apud
868 888 1128 947 ﬂebrazos
1177 891 1446 949 Jeezchel.
1494 892 1613 961 XX,
1660 892 1783 956 Job,
1839 896 2027 951 eodem
2062 899 2204 967 apud
2241 897 2501 953 Ilebrams
2552 899 2771 953 nomine
2818 900 3128 968 insignitus.
3180 899 3317 971 XXI,

98 975 290 1043 Esther,
347 981 617 1048 quomodo
677 981 838 1036 etiam
891 981 1100 1035 Hebr-mi
1176 994 1393 1039 vocant.
1464 984 1628 1038 Extra
1692 987 1886 1038 horum
1927 1001 2154 1042 censum
2216 997 2343 1044 sunt
2405 988 2531 1045 libri
2605 989 3068 1058 Macbabazorum,
3109 992 3200 1064 qui
3238 993 3321 1048 in-

100 1067 403 1136 scribuntur,
436 1070 629 1126 Sarbct
663 1070 978 1127 Sarbaueel.

651 1294 943 1349 ΨΑΛΜΟΣ
972 1295 1050 1347 A'.

152 1384 429 1453 Μακάριος
457 1384 611 1453 ἀνὴρ
636 1386 703 1452 ὃς
732 1388 844 1441 οὐκ
863 1388 1155 1457 ἐπορεύθη
1183 1388 1252 1441 ἐν
1265 1387 1470 1458 βουλῇ
1501 1389 1643 1444 ἁσε-
1674 1373 1715 1430 Α

85 1478 214 1543 ϐῶν,
239 1495 286 1531 κ.
314 1495 358 1529 τ.
386 1478 432 1529 ὲ.
468 1478 635 1530 Ποίαν
660 1478 773 1549 (55)
798 1480 962 1552 ὲχρῆν
992 1478 1130 1534 εἶναι
1166 1480 1427 1550 Ψαλμῶν
1466 1482 1641 1555 ἀρχὴν

83 1569 117 1638 ἦ
146 1568 234 1640 τὴν
251 1568 332 1621 τοῦ
350 1568 489 1622 κατά
508 1569 597 1625 τὸν
619 1571 844 1642 Σωτῆρα
871 1572 1160 1644 ἀνθρώπου
1178 1574 1266 1626 τὸν
1292 1574 1641 1644 μακαρισμὸν

80 1663 435 1733 περιέχουσαν,
472 1663 567 1717 καὶ
602 1664 727 1727 τοὺς
764 1665 1017 1730 ἐπαίνους
1048 1666 1211 1720 αὐτοῦ
1250 1667 1307 1719 ὲν
1335 1666 1512 1738 ἀποχῇ
1545 1668 1641 1738 μὲν

74 1754 181 1806 τῶν
208 1754 465 1826 χειρόνων,
518 1754 715 1827 μελέτῃ
756 1755 812 1809 δὲ
836 1758 929 1810 καὶ
963 1756 1159 1828 πράξει
1191 1758 1298 1812 τῶν
1336 1758 1639 1829 βελτιόνων,

74 1847 167 1899 καὶ
185 1848 243 1916 τῇ
266 1844 569 1917 ἐξομοιώσει
592 1849 661 1918 τῇ
682 1846 815 1918 πρὸς
830 1848 920 1901 τὸν
938 1850 1217 1922 Μονογενῆ
1240 1868 1254 1917 ;
1283 1853 1450 1916 ὅστις,
1484 1852 1643 1921 σοερία

70 1937 167 2001 ὣν,
203 1939 341 2003 ξύλον
371 1940 468 2010 μὲν
502 1939 649 2011 ζωῆς
688 1942 745 1993 ὲν
779 1942 1126 2012 Παροιμίαις
1166 1944 1381 2018 εἴρηται
1411 1946 1517 1999 ὑπὸ
1547 1947 1642 1997 Σο-

68 2029 345 2101 λομῶντος,
364 2030 457 2084 νῦν
485 2032 541 2085 δὲ
571 2031 723 2097 ξύλον
744 2035 1149 2106 πεφυτευμένον
1169 2055 1186 2087 ι
1209 2036 1358 2108 ποιρά
1383 2037 1483 2101 τὰς
1505 2037 1642 2103 διεξ-

65 2121 216 2185 όδους
251 2122 349 2175 τῶν
390 2122 619 2187 ὑδάτων,
655 2144 674 2175 ι
699 2124 866 2179 ὅντων
887 2126 1058 2195 λόγων
1083 2127 1411 2194 διεξοδικῶν,
1433 2131 1466 2202 ἢ
1490 2130 1640 2202 νόμῳ

62 2212 371 2285 διαλεκτικῷ
403 2214 705 2287 διαιρετῶν·
735 2210 795 2269 οὗ
818 2216 972 2282 ξύλου
1002 2220 1208 2291 καρποὶ
1235 2220 1332 2291 μὲν
1361 2219 1430 2273 τὰ
1467 2238 1638 2292 προη-

60 2303 297 2375 γούμενα
335 2304 598 2377 δόγματα,
641 2306 814 2376 φύλλα
840 2307 897 2361 δὲ
942 2310 997 2362 at
1039 2308 1213 2375 λέξεις
1244 2310 1339 2365 καὶ
1380 2310 1449 2364 τὰ
1477 2312 1635 2383 ῥητά.

138 2576 243 2631 Τοῦ
273 2576 472 2631 αὐτοῦ.
504 2578 676 2651 Βουλὴ
707 2581 921 2635 ἀσεϐῶν
952 2581 1069 2635 ἐστι
1095 2582 1354 2655 λογισμὸς
1384 2585 1637 2659 ἐμπαθὴς

53 2668 330 2740 αἰσθητοῖς
360 2668 651 2741 πράγμασι
679 2672 770 2725 τὸν
804 2672 929 2726 νοῦν
962 2674 1337 2746 προσδεσμῶν.
1366 2679 1481 2730 Οὐκ
1512 2672 1633 2733 είπε

49 2762 135 2823 δὲ,
167 2781 184 2813 ι
215 2762 511 2833 ἄνθρωπος,
544 2782 561 2815 ι
586 2764 698 2817 ἀλλ’
731 2784 748 2816 ι
783 2766 945 2840 ἀνὴρ,
976 2786 992 2816 ι
1025 2767 1105 2819 ὅτι
1140 2768 1276 2838 πρὸς
1300 2768 1518 2837 ἀγῶνας
1542 2770 1635 2824 καὶ

49 2853 233 2917 τάλας
256 2856 344 2907 καὶ
374 2856 550 2926 μάχας
578 2856 675 2920 τὰς
714 2857 854 2929 ὑπὲρ
883 2858 1082 2928 ἀρετῆς
1114 2859 1284 2912 καλεῖ·
1328 2862 1421 2914 καὶ
1456 2861 1637 2931 βούλε-

48 2963 143 2999 ται
174 2947 265 2999 καὶ
291 2948 385 3012 τὰς
404 2952 664 3017 γυναῖκας
695 2950 1047 3020 ἀρρενωπούς
1071 2954 1163 3005 καὶ
1193 2953 1444 3025 ἀνδρείας
1472 2951 1631 3011 εἶναι.

45 3038 401 3110 Μακαριὸτης
448 3039 523 3107 δὲ,
549 3039 726 3110 ψυχῆς
774 3041 1011 3094 ἀπάθεια
1063 3042 1203 3113 μετὰ
1243 3042 1497 3111 γνώσεως
1527 3045 1635 3097 τῶν

44 3130 221 3183 ὄντων
247 3132 494 3203 ἀληθοῦς.
533 3132 782 3204 Καθέδρα
816 3134 1019 3205 λοιμῶν
1054 3137 1169 3187 ἐστι
1201 3134 1425 3206 λογικῆς
1457 3136 1637 3208 ψυχῆς

44 3222 165 3287 ἕξις
201 3224 463 3295 χειρίστη,
496 3224 614 3278 καθ’
638 3225 702 3295 ἢν
737 3226 832 3278 καὶ
875 3228 1002 3289 τοὺς
1026 3227 1218 3289 ἄλλους
1249 3227 1508 3281 διδάσκει·
1542 3231 1636 3283 καὶ

42 3317 285 3386 νομικοὶ,
317 3318 365 3369 οἳ
397 3319 488 3371 καὶ
536 3317 780 3389 κληθεῖεν
810 3316 874 3372 ἂν
908 3318 1124 3383 ἀσεϐεῖς
1159 3320 1254 3372 καὶ
1295 3320 1493 3392 λοιμοὶ,
1543 3324 1635 3378 καὶ

48 3408 394 3481 ἁμαρτωλοί.

117 3591 231 3644 Καὶ
267 3591 336 3643 ἐν
356 3589 472 3656 ὀδῷ
494 3590 858 3659 ἁμαρτωλῶν
883 3593 995 3645 οὐκ
1021 3594 1193 3662 ἐστη,
1224 3594 1319 3647 καὶ
1344 3594 1440 3647 ἐπὶ
1464 3596 1636 3650 καθέ-

33 3684 155 3751 δρᾳ
200 3683 427 3752 λοιμῶν
459 3686 568 3738 οὐκ
615 3684 915 3750 ἐκάθισεν,
963 3703 1015 3739 κ.
1066 3705 1116 3739 τ.
1156 3689 1199 3740 ὲ.
1242 3688 1477 3753 Γενικῶς
1509 3691 1635 3760 τρία

33 3775 193 3827 ἐστίν
254 3774 386 3845 (56)°
437 3776 555 3846 ἦτοι
597 3775 705 3847 γὰρ
738 3777 836 3848 τὴν
880 3779 1054 3850 ἀρχὴν
1087 3779 1207 3832 οὐδὲ
1239 3781 1635 3850 ἐπαγγέλλεταί

33 3884 121 3928 τις
157 3865 437 3937 ἀλήθειαν,
478 3867 591 3920 ἀλλ’
628 3868 703 3931 ὡς
734 3868 942 3939 ἔτυχεν,
972 3871 1160 3924 ἑαυτὸν
1181 3874 1369 3937 ἐκδοὺς
1391 3878 1506 3938 τοῖς
1534 3893 1636 3945 μα-

33 3959 216 4021 ταίοις
251 3960 346 4011 καὶ
379 3958 749 4025 ἀνεξετάστως
781 3963 955 4034 πάντη
980 3963 1343 4036 διαλογισμοῖς
1366 3967 1467 4036 τῆς
1501 3985 1637 4039 καρ-

33 4050 159 4113 Sict;
207 4049 399 4115 αὑτοῦ,
424 4051 580 4121 δίκην
619 4052 813 4121 ἀλόγου
865 4054 1208 4127 βοσκήματος
1259 4058 1501 4128 φέρεται,
1534 4060 1632 4130 οὐχ

33 4138 311 4209 ἑστηκὼς,
347 4140 452 4192 οὐδ’
502 4142 913 4213 ὲπερειδόμενός
954 4162 1080 4208 τινι,
1116 4147 1208 4199 καὶ
1248 4146 1337 4199 διὰ
1386 4146 1544 4200 τοῦτο
1569 4150 1629 4201 ού
1659 4170 1703 4233 C

33 4231 419 4303 ιαθιζόμενος,
437 4234 584 4297 ὅστις
601 4235 924 4305 πορεύεσθαι
940 4237 1154 4306 λέγεται
1177 4241 1233 4293 ὲν
1254 4244 1319 4312 τῇ
1349 4240 1507 4312 βουλῇ
1524 4244 1631 4295 τῶν

33 4323 275 4378 ὶσεϐῶν.
318 4325 406 4377 Ἐν
442 4322 522 4388 οἷς
547 4325 890 4395 βουλεύονται
922 4331 969 4381 οί
1003 4331 1237 4397 ἀσεϐεῖς,
1271 4340 1332 4385 ου
1370 4333 1507 4403 μετά
1549 4333 1633 4386 δο-

34 4415 246 4486 ιούσης
302 4416 549 4486 σκέψεως
600 4420 1012 4490 προσέρχονται,
1060 4424 1158 4476 ὅσα
1200 4424 1478 4495 νομίζεται
1521 4428 1633 4490 τοῖς

34 4505 392 4569 ἐπαιδεύτοις
422 4508 581 4572 καλὰ,
614 4509 957 4580 θηρεύοντες.
996 4515 1064 4565 Ἢ
1112 4516 1168 4566 ὲν
1194 4518 1259 4586 τῇ
1292 4515 1518 4588 ἀληθείᾳ
1547 4517 1632 4570 δο-

34 4602 140 4654 ιῶν
176 4602 430 4666 ἑστάναι,
472 4605 533 4657 οὐ
587 4607 725 4659 κατὰ
754 4606 851 4677 τὴν
881 4607 1053 4679 ἀληθῆ
1086 4608 1431 4663 διδασκαλίαν
1460 4611 1627 4680 βιοὺς,

34 4692 366 4763 ιμαρτωλὸς
420 4694 555 4764 μετά
600 4696 941 4767 ἁμαρτωλῶν
976 4698 1142 4760 ἐστιν,
1178 4697 1357 4769 ζητῶν
1386 4700 1495 4753 τῶν
1540 4718 1630 4754 νο-

34 4783 358 4853 ιιζομένων
400 4786 456 4838 ὲν
486 4786 712 4859 ἀληθεία
750 4784 888 4841 εἶναι
935 4790 1061 4853 τοὺς
1093 4791 1356 4861 χείρονας,
1401 4792 1494 4844 καὶ
1545 4792 1630 4847 διὰ

34 4877 190 4930 ὀὖτο
216 4879 278 4929 ἐν
314 4878 422 4949 ὁδῷ
460 4879 637 4932 αὐτῶν
670 4881 931 4953 ἑστηκώς,
960 4884 1027 4934 Ἢ
1066 4881 1206 4934 κατὰ
1230 4881 1289 4934 τὸ
1316 4884 1494 4953 τρίτον
1523 4885 1629 4937 τῶν

34 4989 66 5021 ν
105 4972 182 5039 τῇ
228 4971 574 5043 προκειμένῃ
603 4972 744 5036 λέξει
772 4974 869 5044 τῆς
899 4975 1139 5045 Γραφῆς,
1180 4976 1237 5027 ὲν
1268 4974 1485 5045 ψευδέσι
1520 4978 1630 5030 τισὶ

34 5062 268 5131 όγμασι
326 5063 501 5115 ταῦτα
557 5065 953 5136 ὑπολαμεάνων
1002 5064 1139 5119 εἶναι
1186 5068 1414 5140 τάληῖῆ,
1464 5071 1629 5140 φησὶν

41 5153 485 5216 ναπεπαῦσθαι,
510 5157 601 5208 καὶ
621 5158 802 5210 οὐκέτι
823 5157 1044 5230 χρῄζειν
1066 5160 1336 5230 πορείαςῆ
1364 5162 1624 5227 στάσεως,

34 5246 115 5315 χῆ
129 5246 217 5315 μά
249 5263 308 5298 τι
343 5248 706 5320 περιεχούσης
747 5250 840 5303 τοῦ
878 5251 1233 5323 μηδεπώποτε
1284 5253 1629 5325 πεπληροφο-

34 5337 279 5406 ημένου
338 5340 467 5409 περὶ
504 5340 611 5393 τῶν
651 5342 1017 5413 Γραμμάτων.
1070 5346 1179 5398 Καὶ
1215 5339 1368 5407 οὗτος
1421 5346 1626 5398 ἐπανα-

42 5427 350 5496 αυόμενος
384 5431 450 5499 τῇ
484 5429 722 5503 καθέδρᾳ⁴
752 5432 859 5485 τῶν
888 5431 1296 5505 λυμαινομένων
1315 5433 1621 5497 καθέζεται.

81 5526 97 5553 ¹
140 5522 328 5576 Prov.
360 5541 444 5591 Ill,
480 5527 570 5580 I8.

74 5616 221 5694 (53)_
265 5616 433 5671 Prius
458 5617 1070 5694 fragmentumexbibet
1101 5619 1268 5694 podex
1295 5620 1630 5694 Anglicanus
1664 5638 1706 5694 υ

34 5703 129 5760 χιε
266 5690 640 5760 ,_partiu«que
697 5688 1029 5753 Corderius;
1066 5688 1297 5743 alterum
1357 5686 1535 5760 prodit
1599 5708 1630 5745 ο

63 5757 264 5878 “(glis-
289 5756 507 5824 Grabii,
554 5756 605 5814 et
632 5759 821 5816 Latine
845 5769 1026 5815 exsmt
1056 5760 1109 5815 in
1142 5756 1630 5817 Cateua'DuuicIis

63 5843 118 5877 Il'
172 5842 293 5878 an.

38 5842 293 5883 aruart.

2337 1296 2656 1353 PSALHUS
2694 1298 2733 1352 Ι.

1818 1390 1979 1444 Vens.
2031 1389 2078 1444 I.
2123 1389 2314 1443 Beatus
2378 1390 2455 1444 vir
2516 1392 2604 1461 qui
2656 1407 2756 1444 non
2825 1390 2953 1444 abiit
3000 1391 3051 1446 in
3100 1405 3319 1448 comma

1745 1483 2045 1551 impiorum,
2091 1492 2197 1539 etc.
2253 1482 2534 1549 Quodnam
2583 1482 2722 1535 aliud
2757 1483 3039 1551 oportebat
3082 1484 3321 1538 Psahuo-

1745 1593 1860 1631 runt
1886 1590 2007 1631 esse
2044 1576 2280 1638 initium,
2328 1591 2491 1644 quam
2544 1576 2673 1628 illttd
2706 1591 2816 1645 quo
2842 1578 2887 1631 is
2915 1578 3006 1647 qui
3041 1577 3092 1630 in
3126 1576 3319 1631 Salva-

1720 1677 1860 1729 ,tore
1893 1677 2010 1721 erat
2055 1666 2237 1731 homo,
2275 1669 2468 1720 beatus
2500 1666 2658 1721 simul
2702 1668 3024 1736 praulicatur
3058 1677 3110 1721 et
3138 1667 3322 1722 lauda-

1745 1767 1850 1825 tur,
1896 1757 2039 1827 quod
2083 1772 2112 1811 a
2163 1757 2319 1812 malis
2368 1758 2733 1822 abstinuerit,
2787 1772 3096 1827 magnoque
3151 1757 3319 1813 animi

1742 1848 1924 1903 studio
1952 1849 2122 1919 egerit
2172 1849 2396 1905 meliora
2420 1890 2434 1913 ,
2478 1859 2533 1903 et
2580 1848 2776 1903 similis
2812 1848 2986 1904 factus
3017 1849 3087 1904 sit
3114 1848 3318 1919 Uuige-

1743 1940 1878 2004 nito,
1909 1939 1997 2008 qui
2038 1939 2302 2009 sapientia
2341 1955 2461 1993 cum
2491 1940 2582 2001 sit,
2632 1940 2832 2010 lignum
2864 1941 3081 2009 quidem
3114 1942 3236 1994 vita:
3263 1943 3315 1994 in

1744 2028 2049 2084 Proverbiis
2073 2028 2251 2083 dictus
2267 2036 2347 2084 est
2366 2028 2725 2097 Salomonis‘,
2745 2045 2885 2085 nunc
2907 2039 3085 2083 autem
3113 2030 3313 2097 lignum

1741 2122 2034 2192 plautatum
2068 2138 2086 2173 ι
2117 2136 2274 2176 secus
2296 2121 2558 2175 decursus
2588 2137 2884 2191 aquarum,
2947 2139 2964 2173 ι
3010 2122 3315 2176 orationum

1740 2228 1934 2283 nempe
1980 2213 2175 2283 quibus
2226 2213 2429 2283 aliquid
2489 2214 2846 2283 percurritur,
2920 2228 3150 2283 qumque
3199 2213 3319 2283 lege

1740 2308 2020 2363 dialectica
2079 2308 2452 2362 dividuntur:
2504 2307 2656 2373 cujus
2715 2307 2843 2377 ligni
3112 2306 3319 2362 fructus

1739 2410 1864 2457 Stttll
1900 2400 2168 2471 pr:rcipua
2194 2401 2484 2468 dogmata;
2533 2397 2655 2453 folia
2701 2408 2923 2463 autem,
2970 2396 3235 2452 dictiones
3264 2404 3319 2450 et

1740 2495 1925 2549 verba.

1814 2583 2091 2647 Ejusdem.
2151 2581 2449 2636 Consilium
2493 2580 2783 2649 impiorum
2840 2586 2925 2633 est
2976 2577 3318 2633 ratiocinatio

1742 2675 1881 2730 male
1926 2673 2155 2738 alI'ecta,
2189 2688 2309 2743 quas
2349 2672 2699 2728 seusibilibus
2747 2670 2907 2726 rebus
2948 2679 3183 2725 mentem
3217 2670 3318 2723 illi-

1740 2777 1849 2838 ειη.
1883 2767 2002 2820 Non
2041 2766 2175 2820 dixit
2202 2776 2406 2835 autem,
2440 2783 2459 2817 ι
2493 2766 2681 2819 beatus
2704 2765 2882 2825 homo.
2915 2782 2933 2815 ι
2967 2763 3083 2825 sed,
3141 2781 3158 2813 ι
3185 2762 3314 2817 bea-

1742 2868 1824 2912 tus
1878 2858 2026 2922 vir,»
2092 2858 2347 2926 quoniam
2402 2859 2468 2910 ad
2523 2857 2745 2926 prmlia,
2813 2855 3216 2910 dccertationes
3265 2861 3316 2909 et

1738 2965 1942 3021 pugnas
1972 2966 2067 3019 pro
2114 2950 2317 3004 virtute
2356 2948 2736 3016 suscipiendas
2774 2948 3048 3010 hortatur,
3095 2945 3316 3015 vultque

1741 3042 2001 3097 mulieres
2027 3053 2080 3095 et
2112 3057 2289 3095 mares
2321 3057 2441 3096 esse
2468 3050 2518 3095 et
2552 3039 2762 3095 viriles.
2812 3039 2907 3092 Est
2940 3049 3116 3093 autem
3146 3036 3317 3091 beati-

1740 3132 1867 3185 tudo
1899 3133 2116 3201 apathia
2167 3133 2410 3201 quaedam
2446 3148 2568 3186 cum
2600 3144 2726 3185 vera
2773 3145 2951 3183 rerum
2979 3128 3315 3198 cognitione.

1737 3223 2003 3278 Cathedra
2061 3224 2381 3292 pestilentiae
2431 3223 2701 3292 pessimus
2758 3221 2975 3291 quidam
3036 3219 3314 3275 rationalis

1738 3315 1932 3369 aniuue
1967 3316 2181 3369 habitus
2230 3322 2311 3369 est
2362 3329 2469 3383 quo
2530 3314 2670 3368 alios
2705 3314 2880 3367 docet.
2945 3311 3045 3379 Qui
3104 3322 3227 3367 sunt
3283 3324 3312 3365 ,ι

1738 3408 1875 3476 lege,
1912 3423 2005 3460 eus
2054 3407 2190 3462 forte
2234 3421 2428 3461 vocare
2479 3406 2687 3476 poteris
2750 3405 2980 3475 impios,
3028 3414 3207 3475 pestes
3259 3411 3315 3458 ει

1736 3509 1958 3568 peccato
1970 3515 2076 3554 res.

1809 3591 1873 3644 Et
1912 3593 1966 3644 in
2008 3592 2087 3646 via
2128 3601 2459 3659 peccaturum
2504 3607 2606 3645 non
2650 3591 2824 3655 stetit,
2876 3599 2926 3644 et
2965 3591 3019 3644 in
3059 3589 3312 3643 cathedra

1735 3683 2048 3752 pestilentiw
2088 3698 2190 3733 non
2218 3681 2372 3745 sedit,
2398 3689 2505 3735 etc.
2536 3678 2853 3734 Generatim
2888 3678 2989 3731 tria
3019 3686 3146 3732 sunt
3179 3694 3192 3731 :
3229 3678 3310 3731 vel

1735 3776 1876 3829 enim
1906 3774 2125 3827 oumiuo
2159 3788 2267 3831 non
2296 3772 2578 3842 profitetur
2600 3771 2720 3839 quis
2760 3772 3067 3835 veritatem,
3101 3769 3216 3836 sed,
3256 3778 3314 3823 ut

1734 3866 1847 3921 fors
1879 3865 2019 3934 tulit,
2059 3865 2295 3934 seipsum
2328 3864 2480 3916 vauis
2528 3874 2580 3918 et
2615 3862 2970 3931 inexploratis
3013 3860 3195 3915 cordis
3227 3860 3309 3915 sui

1736 3957 2155 4029 cogitationibus
2185 3956 2431 4022 tradens,
2460 3957 2630 4010 instar
2660 3956 2833 4009 bruta!
2864 3953 3082 4024 pecudis
3118 3952 3311 4019 fertur,

1735 4066 1839 4105 non
1865 4060 2013 4105 stans
2042 4065 2213 4120 neque
2254 4066 2311 4105 re
2355 4049 2607 4119 quapiam
2642 4047 2854 4101 innixus
2881 4086 2895 4109 ,
2934 4055 2986 4101 et
3026 4054 3311 4115 prepterea

1737 4161 1842 4198 non
1873 4145 2067 4199 sedens
2094 4144 2217 4213 :qui
2248 4143 2465 4213 quidem
2504 4143 2555 4195 in
2587 4140 2817 4196 consilio
2848 4139 3133 4210 impiorum
3159 4139 3313 4194 abire

1735 4236 1949 4289 dicitur.
2018 4234 2188 4289 Porro
2234 4235 2380 4304 impii
2427 4235 2492 4288 ad
2537 4233 2823 4289 consilium
2879 4248 2944 4287 ne
2981 4236 3033 4286 in
3071 4232 3308 4301 speciem

1735 4329 1950 4399 quidem
1975 4328 2319 4383 considerate
2342 4332 2625 4394 accedunt,
2671 4329 2763 4383 sed
2785 4342 3119 4397 quzecuuque
3144 4326 3312 4394 impe-

1736 4421 1823 4474 riti
1855 4420 1989 4474 bona
2017 4420 2353 4483 existimant,
2390 4435 2449 4474 ea
2486 4430 2788 4474 sectantur.
2827 4421 2916 4475 Vel
2947 4421 3039 4490 qui
3079 4421 3129 4473 in
3158 4419 3309 4472 veri-

1736 4523 1845 4569 tate
1898 4513 2111 4566 videtur
2144 4522 2329 4581 _stare,
2380 4527 2484 4565 non
2536 4522 2717 4565 autem
2786 4512 3080 4565 secundum
3128 4524 3310 4564 veram

1734 4606 2036 4661 doctrinam
2061 4603 2215 4670 vivit,
2249 4603 2295 4656 is
2328 4610 2585 4671 peccator
2626 4616 2748 4659 cum
2792 4603 3164 4670 peccatoribus
3205 4612 3308 4667 est,

1732 4713 1921 4753 eorum
1976 4696 2069 4765 qui
2124 4695 2177 4750 in
2228 4695 2460 4749 veritate
2504 4708 2626 4748 esse
2667 4703 2951 4763 putantur,
3009 4693 3309 4751 deteriores

1733 4804 2000 4857 quaerens,
2054 4795 2105 4841 et
2154 4795 2440 4856 propterea
2500 4785 2552 4839 in
2608 4786 2691 4838 via
2743 4800 2931 4840 eorum
2987 4796 3155 4840 stans.
3212 4786 3306 4841 Vel

1726 4880 1880 4949 juxta
1910 4882 2124 4935 tertium
2154 4894 2322 4949 genus
2349 4893 2535 4932 eorum
2569 4878 2660 4946 qui
2696 4877 2987 4946 propositis
3011 4876 3307 4947 Scriptura:

1735 4972 1913 5027 verbis
1947 4980 2469 5033 commemorantur,
2501 4968 2591 5037 qui
2617 4965 2749 5021 falsa
2782 4968 3027 5036 quaedam
3053 4969 3305 5038 dogmata

1732 5080 1857 5118 vera
1902 5078 2023 5117 esse
2060 5071 2242 5132 putat,
2290 5062 2333 5114 is
2372 5061 2424 5114 in
2472 5061 2578 5114 illis
2603 5061 2679 5113 ait
2709 5076 2769 5115 se
2797 5059 3173 5129 requiescere,
3206 5075 3305 5114 nec

1730 5158 1830 5212 sibi
1863 5157 2091 5227 amplius
2116 5171 2250 5226 opus
2282 5170 2403 5210 esse
2429 5165 2485 5209 ut
2509 5156 2751 5210 ambulet
2776 5165 2869 5208 aut
2900 5163 3029 5221 stet,
3056 5156 3123 5211 ad
3162 5154 3307 5210 illius

1731 5248 1842 5304 fere
1898 5249 2072 5303 instar
2123 5262 2283 5317 quem
2332 5262 2611 5301 sacrarqu
2645 5247 2975 5301 Litterarum
3027 5260 3305 5314 nunquam

1729 5343 1949 5399 satietas
1977 5337 2138 5408 cepit.
2170 5333 2267 5389 Hic
2295 5332 2647 5405 requiescens
2670 5337 2721 5389 in
2745 5340 3002 5394 cathedra
3036 5338 3304 5407 postilen-

1731 5438 1866 5491 tium
1911 5435 2084 5490 sedet.
2129 5433 2201 5485 De
2242 5428 2441 5499 quibus
2496 5442 2675 5487 autem
2702 5448 2829 5497 vox,
2875 5432 3249 5501 «pestilentia,
3275 5450 3298 5487 ι

1811 5621 1922 5694 (56)
1958 5607 2220 5689 ιίενικῶς
2266 5625 2400 5692 τρία
2440 5624 2629 5686 ἐστίν,
2659 5633 2760 5694 etc.
2801 5622 3015 5692 Origeni
3049 5624 3159 5678 h:ec
3203 5626 3301 5680 tri-

1713 5695 1979 5749 vbuuutur
2007 5696 2059 5749 in
2087 5696 2273 5748 codice
2298 5694 2630 5750 Barocciano
2656 5693 2780 5763 255,
2805 5704 2857 5750 et
2886 5695 3097 5749 initium
3130 5695 3300 5752 Italic-

1740 5776 1827 5819 tur
1872 5767 1922 5820 in
1947 5766 2147 5821 Catena
2194 5765 2444 5820 Barbari.
