3834 6388
541 349 678 409 1087

1941 344 2030 401 EX
2071 343 2372 401 ORIGENE

3623 345 3714 401 NE!

536 463 876 534 praedicatur,
911 459 977 513 iis
999 473 1103 513 non
1139 459 1256 514 sine
1284 459 1511 514 consilio
1542 459 1735 523 altera,
1773 477 1793 512 ι
1823 461 2084 525 derisor,»

2202 459 2326 514 Καθ’
2351 452 2423 512 ὧν
2445 458 2503 511 δὲ
2536 459 2568 528 ἡ
2593 474 2610 507 ι
2643 457 2831 527 λοιμὸς
2856 476 2874 509 ι
2907 457 3266 529 προσηγορία,
3293 457 3436 511 κατὰ
3459 457 3642 513 τούτων
3656 467 3716 516 ut

536 557 618 611 ab-
637 554 757 607 aliis
783 551 1168 620 interpretibus
1215 553 1491 607 tribuitur.
1549 551 1806 622 Reliquos
1844 555 2016 617 enim,
2044 563 2099 608 et

538 644 770 699 maxime
800 656 893 697 eos
931 641 1020 711 qui
1067 642 1362 695 secundum
1401 658 1589 696 sanam
1633 641 1934 695 doctrinam
1974 657 2097 697 cre-

536 738 692 797 dunt,
735 735 978 790 derident
1025 735 1057 788 ii
1100 736 1188 802 qui
1234 735 1284 788 in
1325 735 1518 803 seipsis
1548 736 1819 806 sapientes
1847 743 2002 801 sunt,
2045 744 2103 790 ct

534 837 714 876 coram
746 835 804 876 se
830 822 1138 891 prudentes.

609 910 774 965 Vens.
817 909 868 964 Ξ.
914 908 1020 963 Sed
1059 912 1113 962 in
1143 911 1250 980 lege
1282 909 1494 964 Domini
1526 911 1763 964 voluntas
1800 910 1943 980 ejus,
1971 921 2017 964 et
2047 913 2100 964 in

536 1005 644 1073 lege
669 1005 783 1071 ejus
821 1003 1164 1056 meditabitur
1211 1004 1294 1057 die
1351 1021 1412 1056 ac
1449 1013 1625 1066 nocte,
1669 1013 1770 1057 etc.
1813 1003 2103 1057 Meditatur

538 1095 708 1165 legem
743 1095 949 1148 Domini
989 1097 1074 1148 die
1111 1111 1173 1149 ac
1215 1107 1407 1161 nocte,
1459 1112 1562 1149 non
1609 1096 1697 1165 qui
1760 1096 1921 1147 verba
1971 1094 2102 1164 legis

537 1190 653 1242 sine
681 1188 934 1257 operibus
966 1202 1077 1240 suae
1108 1187 1380 1241 memoria:
1415 1187 1658 1250 mandat;
1699 1187 1790 1240 sed
1817 1187 1905 1254 qui
1941 1186 2105 1239 medi-

540 1279 703 1336 tando
735 1280 979 1347 pervenit
1010 1278 1075 1330 ad
1121 1293 1283 1346 opera
1321 1279 1451 1348 ipsis
1491 1288 1856 1332 consentanea
1885 1317 1899 1341 ,
1931 1279 2100 1332 donec

538 1388 636 1442 per
681 1373 953 1428 assiduam
1011 1388 1233 1442 Operum
1281 1387 1401 1441 quae
1439 1371 1520 1424 lex
1555 1372 1818 1440 przccipil,
1875 1371 2101 1426 medita-

539 1466 741 1520 tionem
773 1475 1052 1534 promptus
1083 1465 1344 1518 elliciatur
1364 1466 1428 1518 ad
1448 1465 1744 1531 praestanda
1775 1467 1956 1518 omnia
1985 1480 2103 1533 qua:

539 1561 830 1613 secundum
876 1559 1046 1628 legem
1095 1560 1333 1628 perfecte
1366 1558 1564 1610 viventi
1613 1557 1958 1612 incumbunt.
2011 1557 2102 1613 Sic

539 1651 681 1705 enim
718 1651 829 1703 fieri
873 1651 1086 1718 poterit,
1131 1660 1185 1703 ut
1215 1649 1335 1718 quis
1382 1659 1488 1702 tota
1540 1650 1626 1703 die
1684 1666 1746 1705 ac
1801 1660 1958 1704 nocte
2009 1649 2099 1704 Dei

539 1741 710 1811 legem
761 1743 1063 1796 meditetur.
1120 1743 1242 1796 Sive
1295 1742 1437 1796 enim
1465 1743 1732 1805 comedat,
1778 1742 1892 1796 sive
1927 1743 2097 1806 bibat,

2199 551 2233 620 η
2261 569 2278 600 ι
2318 547 2616 619 χλευαστής
2647 568 2665 599 ›
2691 547 2789 601 οὑκ
2813 548 3068 611 ἀσκόπως
3083 548 3233 620 παρὰ
3265 553 3376 613 τοῖς
3399 550 3599 621 ἑτέροις
3619 556 3716 625 εἴρῃ.

2197 655 2307 691 ται.
2337 636 2671 700 Χλευάζουσι
2699 637 2806 709 γὰρ
2835 639 2961 701 τοὺς
2992 638 3231 702 λοιποὺς,
3264 640 3358 692 καὶ
3389 641 3610 710 μάλιστα
3633 647 3718 708 τώς

2200 731 2341 786 κατὰ
2383 731 2474 784 16v
2525 730 2650 800 ὑγιῆ
2694 729 2850 798 λόγον
2905 732 3334 794 πεπιστευκότας
3373 733 3424 784 οἱ
3457 734 3516 784 ἐν
3565 736 3719 800 ἑαυτοῖς

2201 821 2371 888 σοφοὶ,
2396 820 2488 872 καὶ
2515 817 2739 871 ἐνώπιον
2771 817 2978 870 ἑαυτῶν
3007 819 3389 888 ἐπιστήμονες.

2283 912 2433 964 Ἀλλ’
2467 910 2504 977 ἣ
2526 909 2595 961 ἐν
2627 907 2707 972 τῷ
2747 908 2906 975 νόμῳ
2941 907 3161 973 Kvpfov
3198 907 3264 959 τὸ
3303 907 3536 974 θέλημα
3568 907 3719 973 dirui,

2199 1003 2295 1056 xui
2314 1001 2384 1054 ἐν
2405 1000 2484 1066 τῷ
2514 1000 2673 1070 νόμῳ
2722 998 2907 1052 αὐτοῦ
2934 996 3254 1067 μελετήσει
3290 999 3516 1066 τἰμέιας
3541 1001 3622 1052 καὶ
3648 1019 3719 1070 re-

2199 1095 2357 1161 κτός,
2380 1111 2434 1146 κ.
2462 1111 2512 1146 τ.
2538 1093 2564 1145 ἑ
2617 1091 2829 1160 Μελετᾷ
2855 1091 2948 1143 16v
2978 1090 3140 1160 νόμον
3173 1091 3286 1158 (57)
3313 1092 3525 1161 Κυρίου
3563 1093 3720 1163 ἡμέρας

2198 1187 2292 1240 καὶ
2319 1186 2530 1250 νυκτὸς,
2561 1184 2658 1253 οὐχ
2680 1185 2707 1236 6
2723 1182 2822 1245 τὰς
2843 1181 3015 1245 λέξεις
3038 1180 3130 1234 τοῦ
3158 1181 3324 1251 νόμου
3342 1184 3514 1253 χωρὶς
3529 1183 3620 1236 τῶν
3640 1186 3718 1237 κατ’

2199 1277 2366 1339 αὑτὰς
2393 1277 2565 1348 ἔργων
2603 1275 2683 1338 εἰς
2709 1275 2770 1327 τὸ
2803 1272 3171 1345 μνημονεῦσαι
3197 1275 3608 1348 ἀναλαμϐάνων,
3628 1279 3723 1331 em

2199 1379 2292 1433 καὶ
2315 1381 2344 1432 6
2363 1379 2454 1431 ἐπὶ
2478 1376 2545 1430 τὰ
2574 1375 2881 1447 κατάλληλα
2915 1376 3050 1446 ἔργα
3075 1375 3371 1446 ἐρχόμενος
3399 1373 3726 1444 {aquaist-1:116,-

2199 1471 2398 1534 αὐτῶν,
2424 1469 2526 1532 ἕως
2554 1468 2640 1522 διὰ
2668 1468 2768 1538 τῆς
2793 1466 3044 1537 συνεχοῦς
3071 1467 3178 1520 τῶν
3208 1466 3352 1520 κατὰ
3371 1465 3462 1517 τὸν
3493 1464 3638 1532 νόμον
3663 1464 3725 1531 ἕρ-

2198 1579 2310 1631 γων
2357 1559 2585 1631 μελέτης
2622 1559 2844 1630 γένηται
2884 1557 3133 1628 εὐχερὴς,
3173 1555 3462 1616 ἀποδιδοὺς
3503 1553 3655 1605 πάντα
3681 1552 3727 1603 1i

2200 1651 2553 1705 ἐπιϐάλλοντα
2579 1650 2655 1721 τῷ
2697 1649 2837 1703 κατὰ
2863 1649 2955 1702 τὸν
2979 1649 3144 1719 νόμον
3171 1645 3394 1708 τελείως
3419 1645 3628 1715 βιοῦντι.
3653 1642 3727 1698 οε-

2198 1762 2306 1808 τως
2329 1744 2436 1816 γὰρ
2482 1744 2632 1797 ἔσται
2677 1743 2897 1796 δυνατὸν
2926 1742 2987 1796 τὺ
3024 1741 3089 1794 δι’
3113 1741 3240 1812 ὅλης
3271 1740 3377 1809 τῆς
3424 1739 3626 1808 ἡμέρας
3663 1739 3728 1790 καὶ

540 1834 652 1887 sive
680 1833 818 1886 aliud
841 1833 967 1902 quid
994 1833 1175 1894 faciat,
1202 1833 1353 1901 juxta
1382 1833 1522 1902 quod
1553 1834 1752 1886 dictum
1773 1843 1853 1888 est
1874 1848 1901 1886 a
1922 1835 2098 1888 divino

2202 1837 2393 1899 νυκτὸς
2426 1837 2650 1908 μελετᾷν
2669 1834 2760 1888 τὸν
2787 1835 2881 1888 τοῦ
2911 1833 3046 1888 Θεοῦ
3079 1833 3260 1904 νόμον.
3295 1833 3423 1886 Εἴτε
3450 1831 3560 1901 γὰρ
3585 1831 3725 1895 ἐσθίει,

540 1923 793 1992 Apostolo
820 1925 861 1987 ',
894 1924 936 1977 is
966 1925 1055 1993 qui
1088 1923 1351 1993 ejusmodi
1389 1935 1504 1988 est,
1544 1924 1723 1979 omnia
1762 1928 1828 1978 ad
1867 1912 2100 1993 gloriam

544 2016 632 2070 Dei
684 2015 830 2081 facit,
885 2017 954 2070 ita
1011 2029 1066 2070 ιιι
1129 2020 1302 2072 somni
1355 2017 1518 2072 etiam
1574 2027 1816 2088 tempore
1864 2019 1954 2088 qui
2005 2037 2102 2090 pro

540 2108 697 2179 531
750 2109 1068 2164 necessitate
1113 2109 1368 2176 sumitur,
1422 2110 1649 2166 attentio
1696 2120 1749 2164 ct
1800 2112 1865 2164 ad
1927 2111 2099 2179 ipsum

540 2201 825 2268 pertineat,
859 2211 912 2254 et
953 2203 1018 2254 ad
1053 2201 1368 2270 pbantasias
1398 2216 1518 2270 qua:
1548 2199 1602 2256 in
1639 2202 1754 2272 ipso
1785 2212 2098 2257 occurrunt.

541 2291 678 2346 lliuc
721 2293 952 2346 solvitur
985 2293 1110 2347 illud
1166 2292 1523 2362 apostolicum
1572 2293 1638 2348 de
1673 2310 1782 2362 quo
1831 2295 2100 2349 interdum

539 2385 833 2454 ambigitur
879 2388 900 2418 ³
946 2405 958 2440 :
1010 2405 1028 2438 ι
1083 2387 1211 2440 Siue
1248 2386 1658 2441 intermissione
1699 2397 1873 2442 orate.
1916 2406 1934 2440 ι
1997 2388 2099 2456 Qui

541 2478 634 2532 fiet
668 2479 814 2532 enim
849 2488 906 2532 ut
935 2478 1238 2543 dormiens,
1276 2488 1368 2532 aut
1399 2481 1694 2533 humanum
1735 2479 1949 2549 aliquod
1986 2479 2101 2534 olli-

539 2571 680 2624 ciuzu
713 2580 996 2639 praestans,
1023 2570 1103 2624 vel
1139 2585 1336 2638 corpus
1366 2585 1525 2624 suum
1558 2587 1754 2627 curans
1794 2573 1918 2643 quis
1938 2575 2102 2630 oret?

541 2665 610 2714 At
640 2677 768 2716 vero
819 2660 1117 2732 perfectum
1149 2661 1311 2715 etiam
1363 2662 1592 2717 dicimus
1630 2661 1868 2719 clamare
1897 2666 1962 2719 ad
1997 2665 2102 2719 Do-

541 2751 768 2814 minum,
811 2751 1096 2820 ipsumque
1143 2750 1468 2820 postulando
1511 2751 1576 2805 ad
1623 2753 1825 2820 Optima
1875 2768 2104 2823 quaeque

539 2841 885 2895 concedenda
924 2841 1174 2906 invitare,
1216 2843 1342 2894 dum
1395 2843 1576 2896 omnia
1619 2842 1753 2896 facit
1804 2846 2100 2899 secundum

540 2933 828 2996 rationem,
865 2933 935 2986 ita
968 2942 1026 2986 ut
1055 2932 1233 2988 omnis
1256 2933 1374 3001 ejus
1409 2934 1550 2988 actio
1577 2935 1648 2989 sit
1678 2937 1869 2992 oratio.
1901 2938 2100 3006 Quem-

539 3024 828 3077 admodmu
863 3034 1043 3078 autem
1091 3024 1144 3078 in
1195 3025 1546 3080 meditatione
1596 3026 1730 3096 legis
1784 3043 1888 3082 non
1941 3033 2103 3086 omit-

543 3114 701 3168 tenda
738 3125 820 3168 est
854 3115 1003 3169 vocis
1047 3113 1205 3168 istius
1244 3117 1575 3184 proprietas,
1629 3118 1700 3172 ita
1750 3136 1970 3191 quoque
2002 3111 2102 3177 mi-

539 3207 683 3260 nime
723 3206 1039 3276 negligenda
1067 3215 1149 3262 est
1188 3208 1492 3276 proprietas
1518 3211 1803 3279 orationis,
1828 3229 1952 3268 cum
1995 3231 2099 3272 me-

538 3298 693 3352 ditari
746 3301 814 3354 sit
859 3300 1068 3367 precari
1117 3307 1174 3352 ut
1226 3300 1429 3370 aliquid
1480 3302 1746 3360 faciamus
1796 3309 2096 3364 secundum

538 3389 708 3459 legem
749 3389 982 3444 Domini.
1008 3389 1413 3446 Advertendum
1442 3409 1587 3460 vero,
1620 3413 1744 3450 nttm
1772 3400 1925 3468 juxta
1956 3399 2100 3469 leges

537 3495 810 3551 anagoges
844 3483 960 3536 dies
1008 3482 1227 3551 quidem
1272 3486 1614 3553 tranquillus,
1664 3503 1769 3542 nox
1803 3505 1929 3544 vero
1955 3491 2100 3545 cala-

536 3576 766 3630 mitosus
801 3587 985 3630 noster
1024 3585 1198 3633 status
1233 3578 1340 3632 dici
1374 3583 1570 3647 possit,
1621 3590 1844 3650 propter
1895 3585 2100 3638 tetrici-

538 3677 721 3721 tatem.
777 3668 1094 3724 Conandum
1155 3681 1333 3726 autem
1383 3681 1440 3726 ut
1494 3673 1546 3727 in
1592 3673 1708 3743 lege
1761 3691 2096 3743 maneamus,

537 3772 642 3812 non
680 3769 882 3812 tantum
934 3762 1154 3829 quando
1203 3773 1428 3819 externa
1479 3766 1634 3820 nobis
1679 3782 1780 3820 non
1827 3767 2098 3823 reluctan-

535 3857 664 3913 tur,
711 3862 900 3902 verutn
949 3851 1116 3904 etiam
1164 3853 1380 3921 quando
1417 3855 1469 3910 in
1525 3857 1851 3912 tenlationes
1905 3859 2100 3915 incidi-

536 3953 676 3992 IDUS.

600 4029 768 4086 Vens.
801 4033 855 4088 5.
895 4033 961 4086 Et
995 4036 1091 4088 erit
1117 4045 1367 4106 tanquam
1395 4037 1595 4108 lignum
1640 4042 1779 4110 quod
1802 4041 2097 4109 plumatum

533 4132 609 4177 est
633 4139 784 4176 secus
813 4125 1066 4178 decursus
1095 4143 1374 4196 aquarum,
1397 4131 1537 4198 quod
1557 4131 1786 4197 fructum
1821 4149 1973 4187 suum
2005 4135 2101 4188 da-

534 4212 602 4267 bit
626 4215 679 4268 in
707 4223 933 4282 tempore
958 4233 1075 4281 suo,
1107 4227 1154 4270 et
1187 4218 1381 4287 folium
1414 4220 1526 4289 ejus
1549 4238 1650 4276 non
1688 4224 1900 4293 tle/luet,
1923 4237 1970 4278 et
1989 4244 2093 4280 ant-

533 4310 619 4361 m'a
669 4324 988 4379 quwcunque
1038 4310 1195 4379 faciet
1243 4316 1736 4382 prosperabuutur,
1789 4327 1896 4372 etc.
1969 4319 2098 4374 Illud

529 4401 754 4468 posthac
787 4403 1182 4470 perpendamus
1216 4405 1361 4474 quod
1411 4407 1626 4475 Aquila,
1675 4427 1692 4459 ι
1731 4409 2100 4480 trausplauta-

2203 1925 2309 1978 εἴτε
2341 1926 2502 1992 πίνει,
2534 1928 2641 1979 εἴτε
2681 1928 2789 1980 πᾶν
2823 1925 2999 1979 ὁτιοῦν
3026 1925 3253 1997 πράττει
3295 1924 3437 1976 κατὰ
3473 1923 3534 1975 16

2203 2034 2290 2070 νον
2334 2019 2484 2090 παρὰ
2511 2018 2586 2090 τῷ
2612 2019 2738 2090 Θεῐῳ
2783 2019 3110 2088 Ἀποστόλῳ,
3142 2018 3315 2071 πάντα
3355 2019 3432 2080 εἰς
3461 2015 3608 2080 δόξαν
3628 2013 3726 2065 Θεςῦ

2203 2113 2346 2162 ποιεῖ
2379 2112 2406 2162 6
2454 2110 2708 2173 τοιοῦτος·
2742 2111 2880 2164 ὥστε
2927 2111 3019 2164 καὶ
3049 2113 3106 2166 ἐν
3136 2109 3213 2181 τῷ
3241 2109 3338 2161 τοῦ
3377 2109 3550 2161 ὕπνου
3595 2107 3730 2176 καιρῷ

2203 2201 2343 2254 κατὰ
2374 2201 2434 2254 16
2467 2202 2583 2254 δέον
2610 2203 2891 2274 γινομένου
2916 2203 3013 2274 τῆς
3039 2201 3308 2273 προσοχῆς
3330 2201 3426 2252 καὶ
3461 2200 3556 2251 ἐπὶ
3587 2197 3729 2250 τοῦτον

2205 2292 2530 2364 φθανούσης,
2561 2295 2654 2347 καὶ
2686 2295 2775 2346 ἐπὶ
2800 2294 2898 2357 τὰς
2928 2293 3227 2363 φαντασίας
3263 2292 3366 2355 τὰς
3394 2293 3452 2344 ὲν
3485 2290 3636 2360 αὐτῷ.
3661 2291 3731 2340 Διὰ

2201 2384 2390 2437 τούτου
2414 2385 2598 2438 λύεται
2631 2385 2726 2438 καὶ
2747 2386 2814 2438 τὰ
2831 2385 2980 2457 παρὰ
2999 2385 3076 2456 τῷ
3111 2385 3416 2454 Ἀποστόλῳ
3431 2383 3729 2452 ἀποφύμενε

2203 2475 2432 2545 λέγοντι’
2492 2495 2509 2527 ι
2563 2477 2941 2540 Ἀδιαλείπτως
2989 2475 3379 2548 προσεύχεσθε.
3419 2493 3436 2525 ι
3491 2474 3608 2536 Πῶς
3654 2473 3732 2541 γὰρ

2205 2567 2545 2638 κοιμώμενός
2573 2587 2655 2633 τις
2682 2569 2914 2635 εὔξεται,
2958 2569 3050 2622 καὶ
3085 2567 3340 2639 πράττων
3367 2584 3415 2619 τι
3440 2565 3550 2618 τῶν
3573 2567 3641 2626 εἰς
3666 2565 3736 2615 ἀν-

2205 2656 2453 2728 θρώπους
2485 2657 2851 2728 καθηκόντων,
2881 2658 2913 2729 ἦ
2945 2657 3003 2710 τὸ
3028 2653 3218 2710 ἑαυτοῦ
3252 2656 3409 2725 σῶμα
3430 2653 3734 2725 ὃεραπεύωνς

2217 2748 2374 2802 Ἀλλὰ
2393 2749 2486 2802 καὶ
2512 2750 2602 2802 ἐπὶ
2623 2748 2808 2802 τούτου
2838 2749 3035 2820 φαμέν·
3074 2749 3154 2801 ὅτι
3184 2747 3423 2818 κέκραγε
3459 2746 3592 2816 πρὸς
3615 2745 3732 2800 Θεὸν.

2203 2841 2298 2894 καὶ
2324 2842 2466 2893 αἰτεῖ
2506 2841 2667 2896 αὐτὸν
2708 2841 2776 2894 τὰ
2806 2841 3066 2896 κάλλιστα
3111 2841 3552 2913 προκαλούμενος
3579 2839 3658 2892 ἐπὶ
3689 2837 3737 2888 16

2201 2936 2506 3003 παρασχεῖν
2553 2934 2581 2985 6
2631 2933 2852 2998 τέλειος,
2884 2933 3059 2986 πάντα
3089 2933 3228 2986 κατὰ
3271 2932 3363 2984 τὸν
3389 2930 3548 2999 λόγον
3584 2929 3734 2988 ποιῶν,

2203 3022 2343 3076 ὥστε
2381 3025 2559 3076 πᾶσαν
2616 3023 2780 3076 αὑτοῦ
2829 3023 3025 3095 πρᾶξιν
3069 3021 3230 3092 εὐχὴν
3277 3015 3434 3074 εἶναι.
3474 3022 3664 3089 ’Ὠσπερ
3693 3017 3737 3068 δὲ

2204 3117 2299 3168 ἐπὶ
2324 3114 2417 3168 τοῦ
2453 3115 2676 3187 μελετᾷν
2713 3115 2804 3168 16v
2840 3117 3001 3186 νόμον
3035 3115 3132 3168 οὐκ
3166 3115 3460 3186 ἀμελητέον
3489 3112 3580 3166 τοῦ
3607 3108 3736 3164 αὖτοί

2198 3207 2292 3261 τοῦ
2332 3207 2518 3273 ἰδικοῦ,
2575 3207 2745 3272 οὕτως
2786 3209 2885 3261 οὐκ
2943 3207 3239 3278 ἀμελητέον
3273 3206 3436 3260 αὑτοῦ
3469 3205 3564 3258 τοῦ
3593 3205 3739 3264 ἰδικῶς

2199 3298 2471 3368 εὔχεσθαι,
2511 3300 2634 3352 ἐπεὶ
2686 3300 2912 3371 μελετᾷν
2951 3301 3065 3352 ἐστι
3103 3301 3195 3352 καὶ
3231 3297 3485 3368 εὔχεσθαι
3517 3296 3738 3368 πράττειν
3832 3291 3834 3312 ⁵

2198 3389 2376 3441 ὁτιοῦν
2415 3389 2556 3441 κατὰ
2597 3389 2685 3441 τὸν
2713 3389 2876 3460 νόμον
2907 3390 3131 3460 Κυρίου.
3184 3390 3499 3457 Ἐπιστήσει
3540 3387 3592 3439 δέ
3617 3404 3686 3448 τις
3701 3387 3736 3435 εξ

2201 3480 2342 3533 κατὰ
2373 3480 2571 3551 νόμους
2609 3481 2901 3550 ἀναγωγῆς
2938 3482 3118 3552 ἡμέρα
3153 3482 3250 3552 μὲν
3279 3480 3502 3532 δύναται
3529 3477 3740 3546 λέγεσθει

2198 3574 2230 3643 ἡ
2260 3572 2618 3643 ἀπερίστατος
2645 3572 2798 3643 ἡμῶν
2824 3573 3172 3638 κατάστασις,
3198 3573 3293 3636 νὺξ
3317 3574 3376 3626 δὲ
3405 3575 3436 3643 ἡ
3473 3586 3742 3642 περιστατι-

2199 3663 2268 3734 κὴ
2301 3664 2385 3716 διὰ
2422 3664 2480 3716 16
2510 3664 2976 3736 σκυθρωπότερον.
3004 3668 3094 3717 Δεῖ
3114 3665 3167 3717 δὲ
3202 3666 3261 3717 ὲν
3300 3665 3379 3734 τῷ
3405 3665 3554 3734 νόμῳ
3579 3663 3741 3732 πειρὶ-

2201 3757 2322 3809 σθαι
2358 3754 2496 3811 εἶναι
2544 3760 2604 3812 οὐ
2655 3759 2812 3829 μόνον
2851 3760 2938 3812 ὅτε
2988 3758 3054 3812 τὰ
3087 3757 3282 3824 ἔξωθεν
3321 3762 3450 3830 ἡμῖν
3483 3759 3580 3810 οὐκ
3617 3758 3738 3808 am-

2201 3853 2448 3920 πράττει,
2495 3849 2627 3903 ἀλλὰ
2659 3853 2750 3904 κα)⁸
2775 3852 2862 3904 ὅτε
2901 3855 3013 3916 τοῖς
3058 3851 3408 3923 καλουμένοις
3454 3851 3740 3922 napum-.3;

2206 3943 2626 4013 περιπίπτομεν.

2268 4055 2377 4109 Καὶ
2411 4055 2582 4110 ἔσται
2613 4057 2693 4123 ὡς
2719 4057 2781 4110 τὸ
2816 4056 3006 4122 ξύλον
3039 4057 3102 4110 τὸ
3138 4057 3584 4127 πεφυτευμένον·
3607 4055 3740 4121 mare

2199 4146 2305 4213 τὰς
2330 4146 2636 4214 διεξόδους
2662 4148 2779 4202 τῶν
2806 4149 3058 4214 ὑδάτων,
3085 4151 3114 4203 ὃ
3165 4151 3272 4204 τὸν
3312 4150 3543 4218 καρπὸν
3581 4145 3739 4201 αὐταῦ

2199 4235 2372 4290 δώσει
2407 4237 2475 4289 ἐν
2505 4237 2687 4307 καιρῷ
2708 4239 2924 4293 αὐτοῦ’
2953 4241 3046 4293 καὶ
3087 4241 3150 4294 τὸ
3180 4242 3419 4308 φύλλον
3443 4240 3622 4294 αὐτοῦ
3651 4241 3742 4290 οὐκ

2199 4329 2672 4396 ἀπορῤυήσεται·
2711 4331 2810 4383 καὶ
2835 4331 3031 4385 πάντα
3063 4333 3177 4385 ὅσα
3207 4331 3284 4386 ἂν
3326 4332 3484 4400 ποιῇ,
3524 4346 3738 4383 κατενο-

2198 4421 2550 4488 δωθήσεται,
2582 4440 2634 4476 κ.
2659 4440 2706 4476 τ.
2732 4424 2776 4477 ὲ.
2805 4422 2957 4477 Μετὰ
2989 4425 3160 4478 ταῦτα
3187 4422 3626 4495 παραληψὼμεῦα
3651 4422 3740 4488 (ζιδξι

531 4499 665 4555 tum,
705 4509 724 4542 ι
764 4493 916 4546 dixit.
979 4493 1130 4550 Unde
1179 4498 1322 4550 enim
1378 4498 1604 4568 lignum,
1641 4503 1704 4554 de
1754 4517 1861 4570 quo
1917 4516 2097 4557 sermo

2202 4511 2260 4564 16
2302 4512 2452 4583 παρὰ
2499 4513 2593 4566 τοῦ
2640 4515 2836 4568 Ἀκύλα
2883 4515 3190 4588 λεγόμενον,
3234 4537 3252 4568 ι
3295 4513 3739 4588 μεταπεᾳυτευμέ-

529 4591 632 4646 est,
685 4583 738 4637 in
774 4598 1036 4662 aquarum
1089 4588 1448 4646 divisionibus
1501 4593 1987 4662 trausplantalur?
2022 4597 2092 4650 At

529 4685 658 4726 vero
704 4685 987 4743 postquam
1042 4677 1094 4731 in
1139 4677 1299 4734 Patre
1351 4682 1459 4751 egit
1513 4685 1750 4750 radices,
1778 4686 1843 4738 ad
1876 4686 2096 4741 benefa-

528 4765 780 4819 ciendum
840 4768 1020 4824 multis
1083 4773 1544 4841 trausplautatur,
1612 4785 1671 4830 ut
1730 4777 1818 4831 alii
1881 4795 2096 4848 quoque

531 4856 676 4912 illius
714 4861 962 4930 imaginis
1009 4866 1296 4936 participes
1329 4867 1483 4932 fiant,
1534 4870 1802 4936 imaginis,
1850 4870 2090 4940 inquatn,

527 4963 652 5016 qua)
681 4950 734 5002 in
774 4951 884 5020 ipsa
919 4956 1408 5023 trausplantatione
1452 4958 1717 5026 accipitur
1750 4977 1763 5010 :
1799 4974 1904 5012 nou
1951 4961 2092 5029 quod

529 5055 634 5094 non
666 5041 735 5095 sit
767 5043 817 5096 in
852 5042 1011 5100 Patre
1035 5046 1101 5118 (si
1128 5049 1346 5117 quidem
1389 5059 1649 5118 perpetuo
1671 5052 1800 5120 est),
1828 5052 1921 5105 sed
1951 5054 2093 5122 quod

527 5135 666 5202 apud
713 5135 853 5190 alios
879 5153 1094 5208 quoque
1125 5141 1216 5195 sit.
1269 5141 1420 5208 Quod
1468 5143 1510 5196 si
1545 5142 1702 5196 aliter
1741 5144 2090 5212 interpretari

532 5227 788 5294 volueris,
827 5229 1031 5301 lignqu
1071 5243 1151 5288 est
1181 5235 1361 5288 anima
1405 5249 1434 5288 a
1485 5234 1767 5290 Salvatore
1795 5248 2092 5306 assumpta,

529 5333 646 5384 qua:
682 5319 804 5372 binc
834 5321 886 5374 in
911 5323 1219 5391 paradisum
1255 5325 1516 5378 translata
1549 5337 1653 5388 est,
1692 5325 1784 5380 ubi
1821 5335 1940 5396 post
1969 5342 2092 5395 pas-

526 5409 731 5462 simiem
775 5409 946 5466 fuisse
980 5421 1034 5468 et
1063 5414 1349 5483 pteniteuti
1398 5415 1594 5472 latroni
1630 5428 1819 5473 narrat
1847 5419 2095 5488 Evange-

597 5525 620 5558 ³
658 5524 677 5578 l
716 5525 842 5581 Cor.
885 5541 942 5592 ι,
981 5529 1070 5584 51.
1149 5534 1169 5564 ³
1203 5529 1438 5586 lThess.
1463 5547 1515 5598 v,
1542 5532 1631 5586 i7.

533 5639 967 5766 naﬁllﬁfselsrgi
993 5645 1100 5700 τὸν
1125 5648 1335 5715 νόμον,
1359 5657 1466 5703 etc.
1496 5647 1786 5705 Corderius
1827 5649 1990 5706 habet
2029 5660 2085 5705 et

602 5779 710 5848 (58)
742 5780 899 5836 Μετὰ
954 5785 1141 5840 ταῦτα
1190 5787 1693 5859 παραληψώμεθα,
1748 5799 1850 5847 etc.
1912 5789 2098 5848 Graece

2195 4620 2304 4658 vov.
2336 4623 2354 4654 ι
2394 4603 2564 4658 Πόθεν
2617 4607 2724 4678 γὰρ
2760 4607 2821 4660 16
2880 4606 3051 4672 ξύλον,
3107 4612 3236 4682 περὶ
3279 4605 3339 4663 οῦ
3396 4613 3425 4662 6
3455 4610 3628 4677 λόγκ,
3662 4623 3739 4676 με·

2195 4694 2592 4764 ταπεφύτευται
2628 4699 2719 4751 ἐπὶ
2763 4702 2883 4764 ταῖς
2925 4700 3031 4753 τῶν
3064 4701 3271 4756 ὑδάτων
3311 4703 3649 4773 διαιρέςεσιν;
3681 4700 3734 4749 Ίὶ

2195 4785 2301 4858 γὰρ
2332 4786 2630 4859 έῤῥιξωκὺς
2664 4791 2721 4842 ἐν
2753 4791 2830 4862 τῷ
2865 4794 3058 4864 Πατρὶ,
3095 4795 3180 4846 ἐπ’
3227 4796 3505 4868 εὐεργεσίᾳ

2205 4879 2694 4948 μεταπεφύτευται,
2741 4885 2820 4946 εἰς
2861 4883 2922 4936 16
2956 4885 3045 4938 καὶ
3091 4885 3283 4952 ἄλλους
3319 4886 3626 4957 μεταλαϐεῖν
3659 4884 3715 4934 αὖ

2201 4969 2295 5021 τοῦ
2347 4970 2447 5040 τῆς
2505 4973 2741 5037 εἰκόνος,
2800 4975 2900 5045 τῆς
2952 4977 3092 5030 κατὰ
3149 4977 3209 5030 16
3267 4973 3739 5048 μεταπεςυτεῦτειαι

2203 5061 2654 5135 λαμϐανομένης*
2699 5067 2799 5137 οὐχ
2857 5070 2938 5121 ὅτι
2995 5071 3095 5122 οὐκ
3155 5069 3302 5123 ἔστιν
3359 5073 3416 5124 ἐν
3465 5070 3530 5139 τῷ
3586 5067 3738 5136 Πατῖῖ

2204 5151 2338 5222 (ἔστι
2366 5155 2515 5226 γὰρ),
2565 5156 2678 5209 ἀλλ’
2705 5158 2787 5211 ὅτι
2837 5161 2927 5213 καὶ
2962 5161 3091 5232 παρ’
3137 5161 3345 5229 ἑτέροις
3378 5162 3676 5231 γεγένηται·

2205 5245 2324 5298 καθ’
2353 5246 2546 5318 ἑτέραν
2581 5249 2835 5321 ἐπιϐολὴν
2870 5253 2902 5323 ἡ
2942 5252 3086 5322 ψυχή
3119 5255 3234 5305 ἐστι
3269 5252 3362 5305 τοῦ
3399 5251 3648 5320 Σωτῆροςν
3681 5249 3736 5316 ἢν

2200 5332 2410 5400 ἔλαϐεν,
2457 5337 2704 5391 ἐντεῦθεν
2753 5342 3268 5412 μεταπεφυτευμένη
3320 5343 3410 5393 ἐπὶ
3447 5341 3526 5392 τὶν
3573 5351 3734 5407 mp:-

2199 5423 2393 5492 δεισον,
2414 5429 2548 5482 ὅπου
2577 5431 2668 5484 καὶ
2695 5432 2756 5484 τὸ
2787 5432 3116 5501 Εὑαγγέλιόν
3151 5451 3314 5503 φησιν
3340 5433 3485 5487 αὑτὸν
3513 5430 3648 5500 μετὰ
3679 5429 3730 5479 1-3

2196 5654 2311 5708 hinc
2365 5660 2578 5708 exstant
2629 5652 2680 5704 iu
2730 5651 2920 5704 codice
2966 5651 3312 5711 Barocciano,
3336 5662 3387 5707 et
3438 5651 3481 5703 in
3530 5648 3730 5701 schedis

2201 5739 2331 5776 mss.
2357 5722 2691 5782 Combclisii,
2741 5717 2930 5770 Latine
2951 5726 3130 5773 autem
3156 5719 3208 5774 in
3247 5724 3426 5774 (lett-na
3487 5718 3718 5772 Barbari.

2207 5792 2264 5846 lu
2290 5794 2490 5848 Catena
2523 5793 2765 5848 Cordcrii
2793 5791 3070 5848 Gcnuadto
3103 5794 3416 5847 tribuuntur.
