3870 6522
92 345 106 397 l
117 340 204 399 689

1062 333 1373 392 SELECTA
1415 333 1479 389 ΙΝ
1517 333 1850 390 ΡΞᾹΕΜΟΒ.
1891 365 1961 376 —
1999 335 2194 392 PSAL.
2242 337 2282 393 Ι.

3167 344 3303 404 1090

85 463 229 522 πάθος
266 457 564 526 γεγονέναι,
611 456 963 528 διηγούμενον
1015 458 1177 512 αὑτὸν
1230 457 1510 531 εἰρηκέναι
1559 456 1616 526 et]

1737 457 1864 511 lium
1894 458 2065 526 ipsum
2097 459 2297 514 dixisse
2322 461 2344 493 ⁸
2375 477 2389 514 :
2431 478 2450 512 ι
2486 459 2658 518 Hodie
2687 477 2896 520 mecum
2929 464 3040 522 eris
3066 467 3118 522 in
3142 483 3301 539 para-

87 550 446 626 μετανοὴσαντι
487 548 655 621 λῃστῇ
682 566 694 579 ·
734 568 752 601 ι
784 551 1026 622 Σήμερον
1054 551 1168 622 μετ’
1195 549 1328 621 ἐμοῦ
1350 549 1447 623 ἔσῃ
1469 552 1526 603 ἐν
1549 547 1625 620 τῷ

85 641 363 715 παραδείσῳ
391 640 485 693 τοῦ
524 641 678 696 Θεοῦ.
712 661 729 692 ι
764 643 1248 711 Μεταπεφύτευται
1285 642 1340 695 δὲ
1377 644 1510 704 ἐκεῖ,
1539 641 1624 693 ἵνα

81 739 122 791 οἱ
148 735 269 801 ἄξιοι
304 734 399 786 σὺν
436 732 654 804 Χριστῷ
695 727 832 786 εἶναι
867 734 1202 802 φωτίζωνται
1235 731 1326 785 ὑπ’
1347 732 1508 786 αὐτοῦ
1545 731 1624 802 τῷ

61 831 167 899 ,τῆς
208 825 449 896 γνώσεως
500 826 782 897 φωτισμῷ,
837 826 1235 898 προκόπτοντες
1289 829 1345 879 ἐν
1393 827 1459 896 τῇ
1513 824 1622 880 τῶν

76 922 224 975 ὀντων
265 918 496 990 Θεωρία,
545 919 685 973 κατὰ
727 919 825 989 τὴν
862 919 1052 986 σοφίαν
1095 917 1190 971 τοῦ
1237 915 1394 971 Θεοῦ.
1433 916 1620 970 Ταῦτα

74 1013 124 1066 δὲ
159 1009 316 1072 οὕτως
361 1008 740 1081 ἐξειλήφαμεν,
785 1009 971 1080 ἐπειδὴ
1005 1009 1208 1082 κυρίως
1255 1011 1345 1063 ἐπὶ
1389 1009 1621 1081 δένδρων

72 1107 268 1173 λέγεται
304 1103 364 1156 τὸ
401 1121 420 1154 ι
452 1102 635 1174 φέρειν
666 1102 877 1174 καρπόν
897 1119 908 1132 ·
927 1122 944 1154 ι
982 1103 1042 1156 τὸ
1063 1103 1119 1156 δέ
1150 1121 1166 1153 ι
1194 1103 1410 1163 διδόναι,
1435 1123 1452 1154 ι
1481 1101 1619 1173 μᾶλ-

71 1198 151 1250 λον
183 1193 435 1265 ἐμψύχοις
460 1194 706 1266 ἁρμόζει,
739 1194 831 1247 καὶ
864 1195 1036 1248 ταῦτα
1064 1194 1322 1263 λογικοῖς.
1355 1194 1620 1265 Ζητητέον

67 1290 117 1342 δέ
148 1289 193 1340 εἰ
233 1287 343 1339 ἐστι
387 1287 576 1358 καιρὸς
610 1285 687 1356 τῷ
729 1285 868 1356 ξύλῳ
899 1287 996 1358 τῆς
1030 1288 1175 1358 ζωῆς
1221 1286 1316 1340 τοῦ
1367 1286 1616 1360 καρποῦ·

67 1380 230 1447 λέγειν
261 1377 368 1450 γὰρ
401 1378 497 1450 τὴν
545 1378 736 1448 σοφίαν
785 1380 992 1450 καρπόν
1026 1397 1154 1433 ποτε
1187 1383 1262 1452 μὴ
1314 1381 1476 1451 ἔχειν,
1521 1381 1618 1451 οὐχ

61 1475 227 1525 ὅσιονο
259 1471 337 1524 διὸ
372 1471 470 1524 οὐκ
500 1470 733 1542 εἴρηται,
764 1471 790 1523 ὃ
823 1471 910 1524 τὸν
942 1473 1152 1543 καρπὸν
1197 1473 1360 1526 αὐτοῦ
1409 1473 1617 1542 ἐνέγκει

61 1568 113 1620 ἐν
143 1562 311 1635 καιρῷ
352 1563 537 1625 αὑτοῦ,
575 1562 687 1616 ἀλλ’
731 1582 748 1613 ι
774 1563 802 1616 ὃ
840 1565 930 1617 τὸν
978 1566 1190 1636 καρπον
1243 1565 1407 1618 αὐτοῦ
1459 1566 1616 1618 δώσει

58 1662 112 1712 ὲν
144 1655 314 1727 καιρῷ
354 1656 538 1710 αὐτοῦ.
571 1676 589 1707 ι
639 1657 842 1728 Καιρδς
888 1658 943 1710 δὲ
987 1657 1150 1711 αὑτοῦ
1197 1658 1291 1710 τοῦ
1339 1658 1539 1712 διδόναι
1584 1661 1616 1731 ἡ

57 1751 144 1804 τοῦ
182 1749 544 1820 λαμδάνοντός
584 1751 731 1802 ἐστιν
774 1750 1164 1822 ἐπιτηδειότης.
1215 1751 1376 1804 Ὅσον
1408 1749 1516 1822 γὰρ
1559 1752 1618 1804 τὸ

1731 549 1848 604 diso
1870 549 1982 603 Dei.
2019 568 2037 601 ι
2064 549 2194 604 Illuc
2225 561 2403 605 autem
2449 555 2904 624 transplantatur,
2932 567 2987 612 ut
3023 561 3115 629 qui
3146 562 3291 631 digni

1731 648 1857 693 sunt
1905 653 2026 694 esse
2074 654 2194 694 cum
2240 642 2482 705 Christo,
2517 645 2569 698 in
2620 660 2800 700 rerum
2834 651 3294 718 contemplatione

1729 732 2030 784 secundum
2055 732 2380 801 sapientiam
2433 735 2524 788 Dei
2570 737 2920 806 prolicientes
2947 741 3016 794 ab
3053 741 3169 811 ipso
3202 758 3298 797 co-

1730 822 1992 891 gnitionis
2042 822 2165 878 luce
2206 824 2572 880 illustrantur.
2609 827 2732 882 Haec
2769 841 2951 885 autem
3005 833 3086 888 sic
3133 849 3294 904 expo-

1728 913 1959 980 suimus,
1990 915 2136 984 quod
2176 936 2194 968 ι
2231 916 2376 972 l'erre
2407 917 2645 973 fructum
2688 939 2707 972 ι
2745 923 2962 992 proprie
2988 923 3054 978 de
3090 925 3288 980 arbori-

1729 1007 1828 1061 bus
1862 1008 2094 1074 dicatur,
2137 1028 2156 1062 ι
2211 1009 2341 1064 dare
2374 1029 2392 1062 ι
2427 1021 2607 1067 autem
2661 1015 2724 1068 ad
2761 1016 3014 1071 animalia
3059 1019 3297 1072 rationa-

1728 1099 1856 1156 bilia
1886 1105 2058 1173 magis
2097 1105 2389 1174 pertineat.
2422 1102 2536 1159 Jam
2570 1121 2699 1160 vero
2728 1111 3079 1176 qumrendnm
3115 1121 3201 1166 est
3229 1127 3296 1166 an

1728 1191 1872 1261 ligno
1894 1195 2017 1248 vita:
2039 1204 2243 1263 tempus
2272 1198 2340 1249 sit
2371 1196 2574 1251 ferendi
2615 1197 2856 1253 fructus:
2890 1216 3012 1254 nam
3047 1217 3298 1258 asserere

1727 1287 2052 1354 sapientiam
2109 1287 2396 1357 aliquando
2451 1288 2662 1345 fructus
2718 1307 2823 1345 non
2883 1293 3108 1360 habere,
3145 1295 3296 1350 nefas

1726 1388 1828 1434 est.
1879 1379 2059 1446 Quare
2096 1397 2201 1436 non
2260 1383 2465 1436 dictum
2521 1391 2626 1448 est,
2677 1385 2819 1451 quod
2871 1383 3105 1439 fructum
3139 1402 3294 1442 suum

1729 1469 1833 1524 fert
1865 1471 1916 1523 in
1951 1480 2193 1542 tempore
2223 1488 2343 1536 suo,
2374 1475 2468 1528 sed
2517 1494 2536 1526 ι
2573 1477 2714 1544 quod
2743 1475 2978 1530 fructum
3014 1492 3172 1533 suum
3197 1480 3297 1534 da-

1727 1560 1806 1614 bit
1833 1563 1883 1614 in
1932 1572 2171 1632 tempore
2205 1579 2322 1617 suo.
2372 1584 2389 1614 ι
2425 1565 2661 1635 Tempus
2709 1580 2888 1622 autem
2934 1569 3118 1632 dandi,
3155 1573 3298 1624 acci-

1726 1653 1930 1723 pientis
1953 1665 2036 1708 est
2069 1656 2330 1724 aptitudu.
2375 1658 2452 1710 Ad
2497 1659 2670 1726 ipsum
2713 1661 2854 1713 enim
2892 1661 3036 1729 quod
3079 1662 3293 1725 attinet,

1729 1759 1942 1813 semper
1971 1746 2100 1800 dare
2147 1757 2396 1816 paratum
2446 1759 2550 1804 est.
2605 1749 2660 1803 Si
2698 1751 2841 1804 enim
2895 1752 3296 1820 dispensatores

54 1846 135 1897 ἐπ’
157 1841 320 1913 αὐτῷ,
359 1842 576 1912 ἕτοιμόν
606 1846 754 1896 ἐστιν
784 1843 871 1896 ἀεὶ
911 1843 1109 1896 διδόναι
1151 1844 1241 1896 τὸν
1285 1845 1496 1915 καρπὸν
1526 1844 1616 1897 αύ-

1725 1834 1960 1890 Verhum
2007 1837 2116 1891 vult
2161 1855 2282 1893 esse
2331 1840 2513 1896 lideles
2548 1850 2600 1895 et
2640 1843 2950 1909 prudentes,
2985 1844 3054 1895 ita
3097 1853 3149 1898 ut
3187 1860 3293 1898 non

52 1935 161 1989 τοῦ.
191 1936 250 1988 Εἰ
282 1935 390 2008 γὰρ
417 1936 544 2000 τοὺς
590 1937 908 2008 οἰκονόμους
947 1940 975 1990 ὁ
1010 1938 1181 2007 Λόγος
1211 1937 1350 1991 θέλει
1398 1940 1622 2004 πιστοὺς

49 2024 306 2081 εἶναικαὶ
350 2029 672 2099 φρονίμους,
721 2030 848 2098 ούχί
883 2029 1064 2093 ἁπλῶς
1092 2030 1330 2093 διδόντας
1370 2030 1431 2082 τὸ
1477 2048 1620 2088 σιτο-

52 2121 268 2192 μέτριον
323 2126 434 2186 τοῖς
490 2123 812 2186 συνδούλοις,
867 2123 980 2176 ἀλλ’
1026 2123 1082 2175 ἐν
1127 2123 1304 2194 καιρῷ
1347 2123 1619 2188 διδόντας,

48 2213 192 2279 πόσῳ
248 2214 448 2283 μᾶλλον
499 2217 532 2286 ή
583 2215 743 2282 σοφία
798 2214 1004 2279 πιστῶς
1042 2215 1156 2286 ἅμα
1194 2217 1287 2268 καὶ
1345 2217 1622 2287 φρονίμως

45 2305 164 2368 τοὺς
197 2302 363 2368 ἰδίους
387 2306 728 2378 οἰκονομήσει
756 2306 1033 2376 καρπούς
1072 2307 1128 2358 ὐ
1162 2307 1322 2372 αὐτὸς
1352 2307 1407 2360 δὲ
1435 2309 1622 2380 καιρός

45 2403 154 2452 ἐστι
195 2399 302 2452 τοῦ
329 2400 544 2464 διδόναι,
580 2399 767 2472 ὥσπερ
799 2401 892 2453 καὶ
919 2401 996 2470 τῷ
1041 2400 1369 2471 λαμϐάνοντι
1402 2401 1495 2454 τοῦ
1537 2402 1623 2455 λα-

43 2491 170 2544 ὅεῖν.
221 2491 292 2544 Τί
345 2493 401 2546 δὲ
435 2493 495 2546 τὸ
528 2493 722 2562 φύλλον
758 2495 856 2564 τῆς
902 2495 1066 2566 ζωῆς,
1100 2496 1344 2549 τουτέστι
1388 2495 1487 2564 τῆς
1531 2514 1621 2549 σο-

43 2583 183 2650 φίας,
224 2583 330 2637 οὐκ
375 2583 735 2656 ἀπορῤεῦσον,
777 2585 1012 2638 κατιδεῖν
1047 2585 1226 2650 ἄξιονο
1264 2586 1362 2638 ούκ
1400 2585 1619 2639 ἄλλοθεν

43 2678 86 2728 Ξὲ
117 2675 316 2729 λαϐεῖν
349 2677 482 2730 αὐτὸ
523 2677 666 2730 ἔστιν
701 2677 732 2748 ἢ
778 2678 1012 2748 μετρίως
1059 2681 1170 2742 τοῖς
1209 2681 1455 2747 φυσικοῖς
1497 2680 1613 2732 ἐπι⁸

41 2768 444 2840 Ξιατρίψαντας.
491 2770 657 2840 Δῆλον
704 2770 783 2834 δὲ,
827 2771 908 2824 ὅτι
955 2771 1041 2824 διὰ
1092 2772 1217 2834 τοὺς
1260 2771 1506 2842 καρποὺς
1550 2771 1617 2825 τὰ

42 2861 366 2931 ιαρποφόρα
403 2861 591 2932 δένδρα
633 2863 661 2914 δ
697 2864 1037 2935 Δημιουργὸς
1082 2863 1335 2916 ἐκέλευσε
1391 2863 1619 2934 βλαστῆ-

41 2968 138 3015 ῖαι,
178 2952 250 3005 δι’
285 2951 375 3016 οὓς
407 2954 475 3006 τὰ
516 2956 746 3018 ἐκείνοις
783 2955 1014 3027 χρειώδη
1045 2957 1164 3010 κατ’
1188 2955 1616 3028 ἐπακολούθησιν

39 3044 329 3114 πεποίηκε.
383 3046 554 3116 Χρεία
584 3047 640 3099 δέ
687 3046 895 3118 σκέπης
933 3050 1044 3110 τοῖς
1082 3046 1315 3120 καρποῖς
1358 3047 1457 3119 τῆς
1509 3049 1616 3102 ἀπὸ

39 3134 134 3187 εών
175 3136 400 3205 φύλλων
431 3138 675 3208 φυλακῆς
705 3139 909 3193 ἕνεκεν.
936 3139 1120 3192 Ταῦτα
1147 3136 1238 3192 οὖν
1268 3142 1361 3194 καὶ
1398 3141 1490 3193 ἐπὶ
1517 3141 1614 3210 τῆς

37 3230 156 3298 περὶ
188 3200 312 3282 τῶν
351 3200 486 3283 ὅλων
536 3200 726 3299 σοφίας
761 3230 906 3284 ἔστιν
944 3231 1092 3294 ἰδεῖν,
1123 3232 1179 3284 ἐν
1281 3231 1350 3285 τὰ
1381 3233 1554 3286 πάντα
1572 3200 1611 3285 ’ὁ
1646 3200 1686 3254 C

37 3321 132 3373 τῶν
167 3321 316 3375 ὅλων
346 3323 683 3395 Δημιουργὺς
716 3324 1036 3394 πεποίηκεν.
1067 3324 1132 3374 "A
1159 3323 1257 3391 μὲν
1287 3324 1393 3394 γὰρ
1438 3342 1610 3394 προη-

37 3412 316 3483 ὀυμένως
362 3414 592 3482 γίνεται,
630 3413 665 3468 ἃ
707 3414 762 3467 δὲ
800 3414 918 3468 κατ’
960 3414 1388 3485 ἐπακολούθησιν
1420 3414 1507 3468 διὰ
1543 3415 1612 3466 τὰ

37 3503 443 3575 προηγούμενα.
493 3506 926 3577 Προηγουμένως
983 3507 1078 3576 μὲν
1120 3505 1228 3577 γὰρ
1279 3506 1342 3558 τὸ
1395 3505 1610 3573 λογικὸν

37 3596 179 3658 ’ῶον,
212 3595 310 3648 διὰ
339 3597 396 3649 δὲ
425 3597 521 3668 τὴν
552 3598 713 3650 αὑτοῦ
741 3597 928 3670 χρείαν
954 3599 1123 3669 κτήνη
1154 3599 1250 3652 καὶ
1278 3596 1344 3651 τὰ
1377 3598 1483 3650 ἀπὸ
1510 3597 1612 3668 τῆς

37 3687 117 3756 ’ἧς
161 3689 448 3760 φυόμενα.
478 3691 702 3761 Μήποτε
740 3685 831 3744 οῦν
875 3693 921 3743 oi
970 3691 1069 3762 μὲν
1106 3692 1251 3760 λόγοι
1292 3691 1399 3744 τῶν
1442 3708 1613 3763 προη·

38 3779 317 3849 ουμένως
361 3781 655 3848 γεγονότων
681 3782 728 3834 οἱ
757 3783 957 3853 καρποί
985 3784 1092 3835 εἰσι
1121 3783 1214 3836 τοῦ
1253 3782 1467 3854 δένδρου
1511 3783 1612 3854 τῆς

37 3871 195 3940 ωῆς·
235 3870 354 3924 τῶν
394 3871 449 3924 δὲ
487 3872 575 3924 διὰ
616 3872 788 3926 ταῦτα
830 3873 1156 3926 κτισΟέντων
1202 3874 1270 3927 τὰ
1303 3872 1496 3943 φύλλα,
1537 3868 1611 3929 ὧν

37 3964 164 4017 ὖδὲν
208 3965 451 4035 μάταιόν
477 3967 644 4031 ἐστιν,
675 3966 794 4018 ούδέ
829 3966 1220 4030 ἐξουθενείσοαι
1250 3968 1424 4040 πάντη
1463 3967 1611 4033 ἄξιον

37 4072 75 4117 ις
104 4055 372 4118 εὐτελὲς,
401 4057 486 4108 ἵνα
515 4056 641 4128 ἔλθῃ
668 4057 886 4110 πίπτειν
919 4059 1014 4111 καὶ
1050 4061 1314 4131 ἀπορρεῖν
1347 4061 1420 4132 μὴ
1457 4077 1614 4132 φρου-

38 4147 315 4218 ούμενον.
357 4151 463 4203 Καὶ
495 4149 575 4203 ἔτι
604 4150 799 4222 μᾶλλον
835 4152 893 4204 τὺ
930 4152 1082 4223 ἑξῆς
1127 4172 1144 4203 ι
1173 4151 1276 4206 Καὶ
1310 4154 1485 4207 πάντα
1510 4154 1610 4206 ὅσα

37 4259 62 4291 ν
127 4245 278 4312 ποιῇ
351 4243 912 4315 κατευοδωθήσεται.»
968 4247 1122 4298 Ἐστι
1180 4244 1288 4317 γὰρ
1353 4246 1433 4310 εἷς
1491 4262 1611 4299 τινα

37 4337 305 4402 ναγκαῖα
338 4337 784 4408 καταχρήσασθαι
819 4337 912 4391 καὶ
944 4340 1078 4392 πᾶσι
1122 4341 1234 4402 τοῖς
1268 4339 1331 4392 ἐκ
1359 4336 1452 4392 τοῦ
1482 4340 1612 4393 ἁκο-

37 4425 375 4496 ιυΟήματος
394 4427 722 4497 γενομένοις.
754 4427 976 4498 Καρπὸς
1016 4427 1071 4481 δὲ
1116 4427 1208 4482 τοῦ
1257 4427 1491 4500 Χριστοῦ
1525 4426 1609 4499 εἴη

37 4535 56 4569 θ
90 4518 560 4589 προηγουμένως
589 4520 620 4590 ή
654 4518 992 4584 διδασκαλία,
1037 4521 1069 4590 ή
1116 4519 1224 4572 τῶν
1272 4519 1612 4590 τιμιωτέρων

37 4608 208 4680 napi},
253 4608 464 4678 φύλλον
493 4609 548 4663 δὲ
589 4611 621 4680 ή
652 4610 758 4664 τῶν
799 4610 1150 4682 ἁλογωτέρων
1181 4613 1354 4682 τροφή
1377 4629 1390 4641 ο
1427 4611 1615 4684 ὥσπερ

37 4703 108 4766 ιίς
177 4703 442 4773 καρποῖς
489 4701 726 4772 χρῶνται
772 4705 819 4756 οἰ
856 4704 1152 4774 ἄνθρωποι,
1192 4703 1411 4771 φύλλοις
1443 4704 1500 4757 δὲ
1546 4705 1615 4758 τὰ

37 4797 386 4866 δσκὴματα.
441 4796 674 4849 Δυνατὸν
706 4795 762 4848 δὲ
807 4798 902 4850 καὶ
947 4797 1044 4867 τῆς
1099 4796 1138 4848 Γ
1143 4796 1320 4867 ραφῆς
1369 4798 1616 4867 καρπούς

37 4906 152 4953 νας
210 4888 438 4956 λέγειν,
487 4888 579 4952 οὒς
640 4889 1070 4960 ἐκλαμϐάνουσιν
1123 4889 1172 4940 oi
1221 4885 1617 4959 λογικώτεροι·

37 4981 177 5032 ἱλλα
221 4979 297 5033 δὲ
343 4973 423 5042 οἷς
460 4979 753 5050 τρέφονται
779 4980 826 5032 οί
861 4978 1236 5049 ἁπλούστεροι.
1275 4975 1380 5029 Τοῦ
1408 4976 1464 5029 δὲ
1507 4994 1614 5047 μα-

37 5070 403 5144 ιριζομένου
453 5071 546 5124 καὶ
603 5069 956 5142 ὡμοιωμένου
999 5068 1078 5140 τῷ
1134 5068 1276 5139 ξύλῳ
1323 5068 1420 5139 τῆς
1470 5067 1614 5139 ζωῆς

37 5163 227 5236 ιρπὺς
270 5161 381 5232 μὲν
422 5160 633 5230 λέγοιτο
659 5161 728 5214 τὰ
770 5160 1157 5232 προηγούμενα
1195 5159 1352 5232 ἔργα,
1381 5153 1492 5212 οἷον
1535 5159 1616 5212 εὐ-

37 5255 177 5320 ιιία,
219 5254 340 5307 καὶ
373 5255 500 5323 περὶ
551 5253 651 5324 τὴν
694 5252 884 5321 σοφίαν
924 5251 1184 5322 ἀσχολίαο
1234 5249 1406 5320 φύλλα
1451 5249 1508 5302 δὲ
1549 5249 1616 5302 τὰ

37 5347 255 5402 musci
312 5345 480 5398 αὐτοῦ
525 5346 822 5417 κινήματα,
871 5343 989 5396 οὐδὲ
1042 5343 1215 5397 ταῦτα
1263 5341 1390 5408 ἄξια
1446 5360 1615 5396 κατα-

1645 4563 1692 4622 D

1724 1928 2050 1998 simpliciter
2093 1932 2371 1986 conServis
2417 1932 2544 1987 dent
2588 1932 2746 2003 532
2801 1934 3153 2002 demensum,
3198 1935 3294 1990 sed

1725 2022 1850 2076 dent
1891 2022 1944 2075 in
1979 2033 2239 2094 tempore,
2275 2037 2478 2094 quanto
2527 2028 2698 2096 magis
2733 2027 2966 2083 tldeliter
3015 2029 3175 2083 simul
3229 2045 3296 2085 ac

1726 2116 2029 2182 prudenter
2067 2117 2314 2185 proprios
2353 2119 2616 2187 sapientia
2658 2119 2993 2187 dispensabit
3042 2119 3296 2176 fructus?

1723 2205 1866 2259 ldem
1897 2218 1978 2261 est
2011 2207 2084 2261 illi
2117 2217 2326 2277 tempus
2358 2209 2539 2273 dandi,
2570 2211 2712 2280 quod
2749 2213 2796 2265 ei
2831 2212 2920 2281 qui
2954 2213 3173 2282 accipit,
3207 2228 3293 2268 ac-

1723 2297 1978 2367 cipiendi.
2019 2298 2157 2366 Quid
2184 2301 2250 2352 sit
2291 2311 2470 2356 autem
2522 2300 2707 2356 folium
2743 2303 2872 2372 ligni
2903 2305 3048 2367 vitae,
3103 2304 3157 2358 id
3210 2315 3296 2360 est

1722 2391 2022 2458 sapientiae,
2055 2392 2200 2460 quod
2227 2407 2333 2446 non
2362 2393 2570 2458 delluit,
2600 2395 3043 2449 consideratione
3067 2397 3289 2466 dignum

1725 2491 1826 2542 est,
1869 2483 1962 2537 sed
2009 2483 2222 2538 aliunde
2265 2483 2397 2538 illud
2428 2501 2531 2539 non
2578 2486 2705 2541 licet
2730 2487 2976 2556 accipere
3005 2503 3166 2556 quam
3221 2504 3289 2543 ex

1723 2574 1902 2642 aliqua
1942 2591 2120 2630 rerum
2152 2577 2496 2647 physiearum
2524 2577 2736 2647 peritia.
2776 2579 3000 2634 Constat
3030 2578 3291 2648 Opiﬁccm

1721 2666 1790 2720 ob
1815 2666 2026 2720 fructus
2056 2670 2384 2738 praecepisse
2418 2679 2476 2724 ut
2517 2671 2744 2726 arbores
2775 2671 3064 2726 fructuosm
3094 2674 3295 2742 produ-
3342 2744 3345 2747 _

1721 2768 1908 2812 eerent
1938 2758 2151 2814 fructus
2189 2775 2420 2830 quorum
2455 2777 2613 2816 causa
2647 2778 2766 2831 quae
2793 2763 2900 2818 illis
2937 2763 3085 2817 utilia
3110 2775 3288 2832 erant,

1721 2862 2125 2922 censcqueuter
2161 2853 2310 2907 fecit.
2345 2853 2577 2909 Fructus
2618 2864 2676 2909 ut
2701 2865 3118 2920 conserventur,
3153 2856 3294 2910 indi-

1722 2956 1846 3014 gent
1879 2945 2020 3000 foliis
2045 2947 2246 3015 quibus
2284 2955 2552 3016 tegantur.
2595 2946 2717 3002 Haec
2749 2949 2802 3002 in
2832 2963 2892 3002 ea
2930 2964 3050 3018 quae
3082 2949 3294 3003 univer-

1721 3039 1797 3092 sis
1829 3039 2098 3106 prznsidet,
2133 3038 2398 3108 sapientia
2430 3039 2616 3094 videre
2663 3048 2770 3103 est,
2805 3041 2858 3095 in
2904 3057 3008 3111 qua
3047 3044 3290 3097 omnium

1725 3130 1916 3199 Opifex
1948 3141 2142 3185 cuncta
2176 3131 2324 3186 fecit.
2361 3131 2479 3184 Alia
2525 3133 2666 3186 enim
2700 3136 2968 3205 praecipue
2999 3137 3153 3202 liunt,
3187 3137 3291 3190 alia

1723 3226 2019 3279 secundum
2051 3225 2498 3292 consequentiam
2551 3227 2621 3281 ob
2671 3227 2962 3296 prmcipua.
3011 3227 3292 3298 Przecipue

1721 3316 1918 3369 animal
1972 3317 2254 3382 rationale,
2294 3320 2364 3372 ob
2417 3321 2761 3373 commodum
2809 3330 2992 3374 autem
3049 3321 3164 3388 ejus
3198 3323 3295 3377 be-

1721 3409 1836 3461 stia:
1875 3419 1928 3463 et
1962 3408 2168 3464 fruetus
2201 3418 2376 3466 teme.
2402 3409 2564 3465 Forte
2591 3425 2722 3481 ergo
2750 3412 2963 3466 illorqu
3005 3429 3122 3482 qua:
3161 3428 3293 3482 prte-

1722 3502 1879 3570 eipue
1921 3503 2058 3556 facta
2093 3511 2243 3570 sunt,
2275 3507 2532 3570 rationes,
2561 3503 2771 3560 fructus
2806 3516 2932 3561 sunt
2961 3506 3090 3576 ligni
3122 3508 3286 3574 vitat;

1723 3605 1910 3646 eorum
1951 3607 2082 3648 vero
2131 3611 2250 3664 qua:
2289 3599 2357 3651 ob
2393 3598 2477 3651 illa
2511 3597 2651 3651 facta
2680 3607 2831 3663 sunt,
2864 3601 3128 3664 rationes,
3164 3598 3290 3652 folia

1723 3693 1869 3749 sunt,
1915 3699 2148 3753 quorum
2186 3687 2389 3742 nullum
2439 3689 2649 3751 inutile,
2692 3687 2899 3742 nullum
2932 3699 3289 3743 contemnen-

1722 3775 1848 3830 dum
1875 3787 2134 3845 tanquam
2168 3778 2291 3842 vile,
2331 3788 2388 3832 ut
2423 3795 2532 3849 pra:
2558 3780 2766 3834 incuria
2797 3781 2956 3834 cadat
2984 3789 3042 3836 et
3070 3781 3288 3835 delluat.

1721 3868 1779 3923 id
1814 3869 1990 3922 adhuc
2017 3871 2226 3939 potiore
2256 3870 2378 3941 jure
2429 3873 2536 3927 dici
2591 3881 2766 3943 potest
2804 3875 2870 3927 de
2902 3872 2987 3927 his
3026 3888 3145 3941 qua:
3199 3887 3289 3927 se-

1721 3970 1961 4031 quuntur
1991 3980 2005 4016 :
2041 3981 2059 4014 ι
2094 3972 2148 4017 et
2183 3964 2364 4018 omnia
2400 3979 2737 4032 quaecunque
2769 3963 2951 4031 faciet,
2999 3978 3293 4034 prospera-

1722 4055 1945 4108 bnntur.
2002 4073 2021 4107 ι
2074 4055 2227 4110 Licet
2272 4058 2416 4110 enim
2454 4058 2521 4110 ad
2561 4057 2808 4126 quaedam
2862 4056 3170 4110 necess:iria
3216 4056 3292 4109 nti

1722 4147 1882 4200 etiam
1919 4149 2175 4202 omnibus
2205 4164 2327 4218 quae
2351 4163 2416 4202 ex
2451 4148 2838 4217 consequentia
2869 4148 3024 4202 fiunt.
3063 4147 3293 4202 Fructus

1721 4236 1924 4292 Christi
1958 4238 2065 4291 erit
2118 4241 2388 4310 praecipue
2419 4241 2691 4304 doctrina,
2730 4255 2850 4308 quae
2887 4239 3174 4293 fortiorum
3209 4238 3291 4291 ci-

1721 4334 1823 4388 bus
1854 4344 1970 4398 est;
2016 4334 2143 4388 folia
2190 4350 2322 4389 vero
2358 4333 2814 4388 irrationabiliura
2871 4321 3016 4387 esca.
3067 4331 3134 4386 Ut
3181 4330 3294 4384 fru-

1717 4425 1904 4479 ctibus
1931 4434 2158 4480 utuntur
2194 4426 2464 4492 homines,
2503 4427 2580 4481 sic
2613 4425 2754 4480 loliis
2801 4427 2979 4478 bruta.
3014 4423 3290 4490 Quosdam

1721 4517 1884 4572 etiam
1915 4518 2214 4589 Scriptura?
2239 4519 2447 4574 fructus
2479 4521 2663 4572 dicere
2705 4527 2808 4580 est,
2837 4531 2974 4584 quos
3009 4515 3292 4583 accipiunt

1721 4609 2194 4676 rationabiliores;
2233 4610 2360 4664 folia
2392 4624 2540 4672 vero,
2578 4609 2772 4677 quibus
2801 4607 3117 4662 nutriuntur
3161 4606 3292 4660 sim-

1719 4699 1991 4770 pliciores.
2025 4701 2172 4755 Illius
2206 4702 2296 4770 qui
2341 4702 2534 4756 beatus
2576 4701 2903 4768 prmdicatur
2945 4710 2999 4753 et
3042 4699 3185 4767 ligno
3212 4699 3295 4751 vi-

1723 4801 1790 4848 ta:
1831 4805 2184 4863 comparatur
2226 4794 2434 4847 fructus
2465 4793 2569 4845 dici
2614 4800 2838 4861 possunt
2871 4791 3136 4859 prmcipua
3172 4789 3293 4856 ejus

1720 4897 1902 4952 opera,
1937 4883 2212 4947 nimirum,
2271 4882 2535 4953 quidquid
2583 4881 2706 4935 boni
2736 4881 2864 4951 agit,
2892 4891 2945 4934 et
3001 4895 3153 4934 amor
3202 4893 3293 4933 sa-

1722 4976 1976 5045 pientiae;
2008 4975 2134 5031 folia
2169 4991 2319 5041 vero,
2372 4976 2547 5029 studia
2576 4990 2694 5045 qua:
2732 4977 2796 5028 ad
2825 4977 2948 5028 vita:
2979 4988 3133 5027 usum
3159 4971 3288 5027 atti-

1722 5079 1872 5134 nent,
1919 5085 2039 5138 qua:
2063 5086 2196 5124 sane
2246 5086 2345 5126 nec
2385 5080 2440 5123 ut
2467 5078 2884 5123 contemnantur
2918 5081 3014 5121 uec
3044 5075 3104 5120 ut
3147 5065 3290 5118 deci-

1722 5161 1875 5224 dant,
1907 5162 2066 5230 digna
2100 5172 2250 5231 sunt,
2289 5165 2450 5218 modo
2486 5163 2703 5217 interim
2731 5169 2984 5216 accurate
3014 5170 3177 5227 atque
3222 5157 3290 5210 ad

1724 5251 1818 5307 Dei
1857 5253 2084 5324 gloriam
2123 5257 2303 5312 omnia
2357 5257 2543 5311 iaciat.
2585 5254 2677 5311 Sic
2716 5255 2862 5310 enim
2916 5252 3096 5306 munia
3141 5264 3292 5319 qure-

1723 5357 1935 5412 cunque
1969 5345 2156 5416 faciet,
2188 5349 2674 5418 prosperahuntur.

37 5437 391 5501 εονεῖσθαι,
433 5437 554 5490 οὐδὲ
593 5438 852 5506 ἀπορρεῖν
893 5435 971 5507 τῷ
1023 5435 1161 5506 μετὰ
1218 5435 1494 5508 προσοχῆς
1540 5435 1632 5489 καὶ
1667 5436 1748 5500 εἰς
1776 5435 1934 5502 δόξαν
1966 5439 2100 5494 Θεοῦ
2159 5443 2334 5498 πάντα
2376 5444 2564 5496 ποιεῖν.
2611 5440 2767 5495 Οὕτω
2807 5435 2920 5508 γὰρ
2959 5436 3066 5490 πᾶν
3113 5430 3291 5488 ὁτιοῦν

37 5555 88 5587 »ν
129 5531 564 5604 πραττομένων
592 5531 684 5584 ὑπ’
705 5528 868 5584 αὐτοῦ
894 5527 1295 5583 κατευοδοῦται.

45 5630 209 5694 Οὐχ
258 5623 463 5688 οὕτως
491 5625 544 5677 οὶ
579 5621 846 5686 ἀσεϐεῖςο
895 5621 1032 5678 ἀλλ’
1061 5620 1099 5682 ἢ
1135 5621 1216 5686 ὠς
1250 5623 1282 5675 ό
1317 5619 1504 5691 χνοῦς
1547 5619 1622 5674 ὃν

44 5789 71 5818 δ
106 5785 288 5838 an.
337 5795 486 5846 unt,
516 5780 604 5834 45.

1806 5619 1969 5676 Vens.
1993 5618 2046 5674 4.
2083 5617 2206 5676 Νοη
2231 5620 2303 5674 sic
2345 5619 2512 5691 impii,
2537 5618 2624 5674 sed
2658 5628 2906 5687 tanquam
2932 5611 3098 5682 pulvis
3138 5626 3288 5682 quem
