3834 6388
284 266 418 328 1091

1685 272 1777 330 sx
1807 246 2112 330 emersus

3410 292 3562 350 1092

281 385 492 458 Projicit
532 395 753 456 ventus,
801 394 908 445 etc.
960 387 1145 460 Neque
1192 390 1494 448 llehraicus
1533 400 1708 450 textus
1760 409 1843 465 ge-

1960 393 2220 460 ἐκρίπτει
2254 394 2474 466 ἄνεμος
2521 397 2642 454 ἀπὸ
2685 402 3020 468 πρωσώπου
3055 405 3169 476 τῆς
3215 405 3358 478 γῆς,
3407 429 3464 466 κ.
3497 430 3553 466 τ.

285 478 458 534 minat
499 478 667 545 illud,
722 498 741 532 ι
795 496 902 538 non
950 482 1068 549 sic,
1114 502 1132 534 ι
1185 498 1360 555 neque
1391 484 1534 542 ullus
1583 486 1860 556 interpre-

283 579 422 626 tum.

350 679 518 737 Vnus.
555 681 608 737 5.
651 680 783 737 Ideo
813 699 916 737 non
941 695 1212 756 resurgant
1243 686 1390 756 impii
1413 686 1468 742 in
1486 687 1720 757 judicio,
1744 697 1852 744 etc.

281 769 398 826 Hoc
443 769 608 842 igitur
650 771 767 827 loco
792 773 882 842 qui
908 788 976 828 ex
1011 774 1264 831 fidelibus
1294 774 1660 847 simpliciores
1704 787 1853 843 sunt,

281 863 520 916 maxime
551 861 698 927 freti,
732 862 928 932 impios
979 874 1176 935 negant
1230 869 1652 924 resurrectionis
1703 884 1857 924 com-

283 963 439 1023 potes
469 951 706 1020 futuros,
746 969 925 1024 neque
949 955 1078 1025 quid
1119 970 1216 1025 per
1261 957 1727 1013 resurrectionem
1770 959 1856 1013 in-

282 1047 549 1118 telligant,
605 1055 700 1101 aut
746 1046 908 1116 quale
966 1047 1068 1101 sibi
1121 1049 1386 1115 judicium
1440 1049 1668 1121 ﬁngant,
1717 1051 1855 1107 satis

283 1139 582 1208 explicant.
603 1137 737 1193 Nam
757 1140 858 1194 etsi
883 1153 1034 1194 suam
1059 1138 1124 1194 de
1151 1139 1234 1195 his
1256 1143 1580 1196 sententiam
1613 1158 1854 1212 pronun-

282 1231 418 1286 tiare
441 1231 755 1296 videantur,
803 1246 871 1286 ex
923 1231 1038 1301 ipsa
1081 1241 1260 1286 tamen
1315 1233 1670 1302 inquisitione
1721 1251 1855 1289 con-

280 1319 468 1383 stabit,
519 1319 745 1375 minime
777 1319 898 1376 illos
923 1336 1046 1391 quae
1101 1325 1500 1392 consequentia
1534 1335 1665 1380 sunt
1692 1339 1854 1394 posse

278 1427 518 1468 servare.
543 1413 726 1480 Quare
755 1413 803 1468 si
837 1430 930 1468 eos
975 1414 1398 1485 interrogemus,
1429 1417 1718 1488 cuiusnam
1768 1433 1855 1474 re-

277 1504 548 1559 surrectio
583 1504 742 1576 533
792 1505 970 1559 futura
1003 1506 1112 1572 sit;
1165 1521 1456 1576 corporum
1519 1509 1710 1579 utique
1763 1526 1852 1566 re-

277 1596 563 1667 spondent,
601 1599 798 1666 quibus
831 1597 989 1651 modo
1018 1597 1340 1653 circumdati
1379 1614 1564 1656 sumus
1595 1619 1609 1655 :
1641 1601 1738 1656 sed
1767 1602 1852 1657 in-

277 1690 547 1744 stantibus
575 1689 751 1755 nobis,
780 1691 1016 1745 totinsne
1051 1691 1370 1747 substantiae
1399 1707 1569 1748 necne
1605 1707 1728 1748 esse
1759 1694 1847 1747 de-

1960 484 2014 574 ὲ.
2039 483 2177 539 οὔτε
2231 487 2292 540 τὸ
2333 488 2619 561 Ἑϐραῖκὺν
2666 492 2779 564 (59)
2829 496 3164 552 ἀνεδίπλωσε
3218 500 3320 574 τὴν
3375 500 3552 571 λέξιν,

1959 573 2085 630 οὔτε
2111 577 2218 632 τῶν
2243 579 2594 652 ἑρμηνευτῶν
2622 584 2816 650 οὐδείς.

2027 668 2132 724 Διὰ
2157 670 2334 725 τοῦτο
2355 675 2467 728 οὐκ
2494 674 2943 744 ἀναστήσονται
2966 683 3206 754 ἀσεϐεῖς
3225 687 3297 741 ἐν
3317 689 3546 758 κρίσει,

1957 778 2010 815 κ.
2047 778 2099 814 τ.
2143 762 2189 816 ἐ.
2238 763 2516 820 Ἐντεῦθεν
2549 768 2661 838 (60)
2704 773 2752 824 οἱ
2807 773 3161 850 άπλούστεροι
3213 780 3322 833 τῶν
3368 799 3548 836 πεπι-

1960 855 2262 909 στευκότων
2301 857 2612 931 ὁρμώμενοι
2659 863 2939 934 νομίζουσι
2987 869 3114 932 τοὺς
3165 870 3386 934 ἀσεϐεῖς
3437 872 3549 943 τῆς

1956 946 2303 1012 ἀναστάσεως
2335 950 2408 1020 μὴ
2441 951 2722 1018 τεύξεσθαι
2743 995 2758 1018 ,
2801 957 2855 1009 τί
2887 957 3136 1023 νοοῦντες
3170 961 3269 1032 τὴν
3299 963 3547 1016 ἀνάστα-

1959 1051 2062 1101 σιν,
2093 1039 2187 1090 καὶ
2217 1039 2465 1110 ποταπὴν
2502 1040 2602 1112 τὴν
2639 1043 2823 1114 κρίσιν
2862 1046 3276 1120 φανταζόμενοι,
3302 1052 3363 1105 οὐ
3395 1052 3546 1106 πάνυ

1957 1129 2365 1201 σαφηνίζοντες.
2393 1131 2511 1186 Κᾶν
2536 1133 2644 1206 γὰρ
2670 1135 2866 1190 δοκῶσι
2900 1157 2967 1191 πε
2978 1139 3029 1211 pl
3058 1141 3261 1195 τούτων
3301 1143 3548 1213 ἀποφαί-

1955 1220 2160 1286 νεσθαι,
2190 1223 2222 1291 ὴ
2255 1221 2486 1291 βάσανος
2522 1224 2719 1288 αὐτοὺς
2750 1225 3012 1295 διελέγξει
3037 1228 3106 1282 τὰ
3138 1229 3265 1302 ἑξῆς
3303 1232 3541 1286 ἀκολού-

1955 1307 2062 1376 Θως
2107 1309 2297 1374 σώζειν
2334 1312 2408 1384 μὴ
2451 1313 2798 1385 δυναμένους.
2841 1317 2966 1372 Ἐὰν
3013 1315 3106 1374 οὖν
3139 1321 3545 1395 πυνθανώμεθα

1952 1399 2097 1464 τίνος
2145 1401 2321 1454 αὐτῶν
2351 1403 2384 1474 ἡ
2409 1402 2704 1468 ἀνάστασις
2733 1406 2970 1475 γίνεται,
3013 1411 3422 1484 ἀποκρίνονται,
3453 1415 3544 1471 ὅτι

1951 1490 2060 1544 τῶν
2115 1491 2402 1561 σωμάτων,
2456 1485 2530 1548 ὧν
2561 1493 2656 1546 νῦν
2688 1499 3063 1570 περικείμεθα.
3107 1499 3238 1556 Εἶτα
3287 1521 3538 1576 προσεπο

1952 1583 2345 1654 ερωτησάντων
2415 1584 2571 1656 ἡμῶν
2641 1586 2869 1660 πότερον
2941 1591 3039 1663 τῆς
3097 1593 3284 1658 οὐσίας
3352 1598 3540 1653 αὐτῶν

1952 1675 2110 1747 ὅλης,
2152 1675 2185 1746 ἢ
2219 1676 2373 1746 οὑχί;
2415 1675 2546 1748 πρὶν
2606 1675 2888 1747 βασανίσαι
2919 1679 3187 1750 λέγουσιν,
3229 1686 3312 1740 ὅτι
3370 1688 3528 1759 ὅλης.

283 1781 427 1847 beat,
467 1790 756 1852 antequam
789 1781 1078 1852 diligenter
1126 1785 1462 1850 expendant,
1517 1784 1684 1839 totius
1728 1798 1843 1839 esse

1965 1768 2091 1824 Ἐὰν
2147 1769 2204 1822 δὲ
2275 1771 2782 1841 προσαπορήσωμεν
2856 1779 3392 1849 συμπεριφερόμενοι
3461 1758 3531 1852 τῇ

276 1869 562 1926 deﬁniunt.
615 1871 766 1937 Quod
815 1871 860 1926 si
915 1887 1013 1927 nos
1067 1873 1135 1926 ad
1172 1873 1388 1928 illorum
1447 1875 1848 1946 simplicitatem

276 1962 758 2018 accommodantes
788 1964 980 2019 iterum
998 1965 1295 2022 dubitando
1315 1977 1848 2037 percontemur,num

279 2068 382 2107 una
435 2055 658 2124 sanguis
716 2055 804 2111 ille
859 2058 1181 2112 restituatur
1224 2059 1314 2127 qui
1365 2069 1510 2115 secta
1561 2061 1848 2117 identidem

276 2158 408 2196 vona
445 2143 670 2199 defusus
697 2153 799 2210 est,
831 2161 930 2201 nec
980 2163 1086 2202 non
1141 2157 1196 2203 et
1243 2165 1370 2205 caro
1412 2150 1590 2206 omnis
1630 2167 1692 2206 ac
1731 2153 1848 2223 pili,

273 2233 363 2301 qui
403 2249 640 2303 unquam
676 2235 826 2290 enati
871 2245 1000 2291 sunt
1029 2254 1044 2292 :
1073 2253 1140 2292 an
1190 2238 1227 2293 ii
1273 2241 1558 2310 duntaxat,
1609 2243 1700 2312 qui
1747 2245 1848 2300 sub

269 2323 474 2378 exitum
509 2335 754 2381 nostrum
784 2327 1161 2395 etlloruerunt,
1185 2345 1251 2387 eo
1281 2332 1625 2404 confugiunt,
1657 2344 1715 2388 ut
1744 2335 1848 2391 Deo

271 2417 691 2485 permittendum
725 2435 847 2476 esse
882 2421 1088 2486 dicant,
1127 2432 1185 2477 ut
1207 2439 1330 2494 qua:
1356 2425 1502 2492 velit,
1535 2425 1748 2482 eiliciat.
1779 2428 1849 2484 At

269 2510 360 2580 qui
395 2510 568 2580 magis
592 2511 736 2566 inter
763 2512 886 2570 illos
921 2515 1127 2570 strenui
1153 2525 1302 2582 sunt,
1347 2531 1415 2572 ne
1444 2520 1722 2590 sanguinis
1749 2535 1846 2574 co-

275 2602 418 2672 piam
450 2617 695 2668 omnem,
725 2605 815 2674 qui
850 2619 917 2660 ex
942 2605 1270 2676 corporibus
1300 2609 1504 2664 nostris
1531 2609 1848 2682 plerumque

275 2700 520 2748 secretus
559 2703 664 2758 est,
699 2692 752 2749 in
797 2709 963 2749 unum
1019 2694 1274 2752 conferre
1319 2699 1567 2754 oratione
1616 2714 1714 2755 sua
1750 2716 1846 2757 co-

268 2793 489 2855 gantur,
530 2785 795 2854 eiusmodi
858 2803 1145 2859 resurgere
1207 2805 1437 2861 corpora
1495 2791 1842 2862 praedicant,

269 2876 455 2946 qualia
513 2879 873 2934 morientibus
917 2879 1070 2934 nobis
1099 2879 1429 2946 exstiterint,
1483 2891 1674 2938 contra
1707 2897 1845 2953 quos

269 2969 399 3025 illud
447 2969 670 3041 insuper
703 2969 1016 3040 obiicimus,
1045 2987 1169 3028 cum
1210 2973 1283 3028 sit
1329 2987 1616 3044 corporum
1647 2983 1842 3029 natura

273 3060 580 3131 mutabilis,
611 3061 1072 3133 quemadmodum
1105 3063 1158 3118 in
1207 3079 1403 3135 corpus
1447 3075 1690 3121 nostrum
1742 3066 1844 3121 ali-

267 3165 448 3209 menta
496 3155 840 3224 digeruntur,
904 3155 1405 3227 similitudinesque
1454 3166 1840 3224 transmutant,

267 3243 344 3299 ita
391 3252 446 3300 et
499 3259 730 3316 corpora
780 3255 966 3300 nostra
1019 3247 1290 3311 converti,
1350 3257 1407 3303 et
1455 3261 1484 3301 a
1538 3249 1844 3305 carnivoris

265 3336 480 3402 avibus,
532 3335 767 3406 ferisque
811 3337 1033 3409 depasta
1081 3353 1370 3408 corporum
1405 3338 1624 3396 illorum
1657 3351 1843 3412 partes

265 3425 423 3482 efﬁci.
459 3426 591 3493 Qua:
614 3428 832 3498 quidem
865 3445 1080 3486 rursum
1116 3431 1184 3486 ab
1219 3431 1551 3498 hominibus,
1593 3443 1687 3487 aut
1716 3433 1842 3490 aliis

270 3520 598 3577 animalibus
636 3522 896 3577 devorata
931 3523 1175 3578 vicissim
1227 3507 1528 3590 mutantur,
1561 3535 1614 3579 et
1669 3525 1844 3580 homi-

265 3627 393 3666 num
433 3612 517 3668 vel
557 3613 788 3668 aliorum
826 3614 1144 3669 animalium
1171 3630 1404 3688 corpora
1433 3617 1568 3672 ﬁunt
1600 3633 1616 3672 :
1647 3631 1750 3687 qua
1784 3632 1842 3674 re

265 3704 462 3773 saepius
511 3706 764 3775 repetita,
800 3721 1024 3764 necesse
1056 3716 1138 3763 est
1186 3709 1329 3764 idem
1362 3722 1560 3778 corpus
1591 3709 1838 3778 complu-

265 3797 405 3850 rium
436 3797 716 3852 hominum
755 3798 954 3868 saepius
997 3814 1118 3855 esse
1151 3809 1384 3871 partem.
1419 3799 1709 3868 Cuiusnam
1738 3801 1839 3871 igi-

266 3897 355 3942 tur
393 3889 446 3942 in
483 3890 889 3946 resurrectione
930 3907 1130 3961 corpus
1157 3906 1278 3948 esse
1308 3892 1572 3948 debebit?
1609 3891 1687 3947 Ita
1741 3908 1839 3948 nos

265 3979 412 4034 velut
438 3981 648 4036 ratione
679 3983 926 4038 destituti
971 3985 1022 4038 in
1052 3985 1349 4040 altissimas
1374 3987 1638 4056 quasdam
1667 4001 1840 4058 nugas

261 4076 424 4136 atque
457 4067 688 4139 ineptias
724 4071 1082 4127 devolvimur.
1111 4073 1379 4129 Caeterum
1406 4083 1526 4146 post
1551 4077 1666 4131 liam
1687 4091 1714 4129 a
1745 4091 1840 4130 no-

262 4159 350 4214 bis
381 4159 618 4229 obiecta,
666 4176 730 4216 eo
763 4162 982 4218 demum
1033 4179 1091 4219 se
1124 4165 1388 4234 referunt,
1423 4177 1481 4222 ut
1518 4169 1698 4223 omnia
1729 4169 1839 4224 Deo

265 4251 539 4322 possibilia
575 4267 696 4309 esse
752 4255 961 4320 dicant,
1015 4264 1178 4325 atque
1228 4259 1294 4312 ad
1341 4259 1650 4329 opinionem
1684 4275 1837 4314 suam

261 4345 508 4415 quasdam
564 4345 867 4417 Scriptura:
906 4349 1239 4417 testimonia,
1281 4365 1401 4420 quae
1438 4351 1615 4420 primo
1648 4351 1838 4406 obvio.

261 4455 366 4510 que
393 4455 555 4495 sensu
592 4440 810 4496 illorum
860 4443 1188 4497 conﬁrmare
1215 4443 1409 4512 dogma
1436 4441 1706 4506 videntur,
1742 4457 1836 4498 ac-
1871 4477 1913 4531 Β

261 4533 607 4589 commodare
633 4533 910 4592 nituntur.
947 4535 1119 4604 Quale
1157 4545 1242 4590 est
1273 4532 1577 4589 Ezechielis
1618 4534 1746 4588 illud
1771 4535 1794 4566 ⁸
1822 4553 1834 4589 :

266 4641 286 4675 ι
341 4621 410 4677 Et
462 4622 602 4679 facta
631 4634 715 4680 est
745 4641 912 4697 super
957 4643 1044 4682 me
1075 4641 1269 4681 manus
1303 4624 1538 4691 Domini,
1569 4635 1625 4680 et
1651 4625 1839 4680 eduxit

261 4730 346 4770 me
380 4715 434 4772 in
470 4719 688 4787 spiritu,
715 4728 772 4774 et
810 4719 991 4790 posuit
1023 4734 1107 4774 me
1139 4719 1191 4774 in
1228 4719 1404 4774 medio
1435 4717 1634 4787 campi,
1668 4727 1722 4772 et
1746 4719 1836 4773 hic

259 4817 378 4862 erat
427 4809 620 4879 plenus
653 4811 871 4866 ossibus
904 4809 1206 4868 hominum.
1240 4811 1306 4866 Et
1337 4809 1701 4866 circumduxit
1749 4825 1835 4865 me

260 4901 326 4954 ad
353 4916 414 4955 ea
443 4917 538 4971 per
563 4902 887 4968 circuitum;
924 4913 979 4957 et
1007 4916 1136 4957 ecce
1171 4901 1340 4956 multa
1371 4901 1528 4954 valde
1561 4901 1612 4953 in
1640 4915 1832 4969 snper-

261 4992 380 5048 ticie
410 4994 626 5064 campi;
678 5003 732 5049 et
767 5009 896 5050 ecce
947 4993 1061 5063 ipsa
1093 4992 1241 5048 arida
1275 4992 1453 5046 valde.
1493 4991 1559 5044 Et
1595 4991 1729 5044 dixit
1763 4991 1828 5044 ad

260 5100 386 5140 me:
417 5083 519 5140 Fili
559 5084 818 5150 hominis,
875 5084 920 5140 si
954 5085 1138 5139 vivent
1185 5098 1309 5138 ossa
1367 5082 1524 5136 haec?
1559 5082 1623 5136 Et
1675 5083 1785 5135 dixi
1815 5100 1830 5136 :

260 5177 481 5231 Domine
535 5177 697 5241 Dens,
728 5185 786 5233 tu
837 5177 950 5245 ipsa
987 5175 1151 5230 nosti.
1187 5175 1252 5228 Et
1277 5175 1413 5228 dixit
1439 5175 1504 5228 ad
1532 5187 1615 5228 me
1649 5189 1662 5227 :
1696 5173 1831 5228 Pro-

255 5269 493 5338 phetiza,
521 5269 591 5322 {ili
627 5269 883 5325 hominis.
921 5267 988 5322 Et
1021 5268 1233 5321 loeutus
1267 5282 1384 5322 sum
1411 5266 1474 5318 ad
1507 5266 1620 5320 haec
1656 5287 1666 5320 :
1695 5266 1829 5321 Ossa

1951 1861 2299 1934 ἁκεραιότητι
2327 1860 2528 1926 αὐτῶν,
2562 1862 2610 1915 εί
2654 1866 3116 1936 συναναστήσεται
3151 1867 3220 1922 τά
3252 1871 3532 1942 ἀπορρεύ-

1952 1966 2121 2004 σαντα
2166 1951 2223 2004 ἐν
2254 1949 2632 2020 φλεϐοτομίαις
2669 1952 2898 2022 αἵματα,
2947 1956 3040 2008 καὶ
3071 1957 3128 2010 αἱ
3159 1957 3381 2028 σάρκες,
3433 1962 3531 2016 καὶ

1949 2041 2004 2094 αἱ
2043 2040 2229 2111 τρίχες
2259 2043 2314 2093 αἱ
2347 2039 2566 2094 πώποτε
2600 2042 2911 2112 γενόμεναι,
2939 2043 2971 2115 ἦ
3010 2046 3167 2116 μόναι
3194 2049 3248 2100 αἱ
3285 2049 3421 2120 πρὸς
3457 2053 3565 2121 τῇ·

1949 2130 2114 2204 ἐξόδῳ
2147 2131 2481 2203 θλιϐόμεναι,
2511 2135 2590 2196 εἰς
2621 2131 2680 2185 τὸ
2716 2133 2795 2204 τῷ
2823 2133 2941 2206 Θεῷ
2972 2139 3142 2190 ποιεῖδ
3184 2137 3296 2209 (61)
3325 2139 3361 2193 ἃ.
3406 2140 3532 2211 βού-

1947 2225 2098 2278 λεται
2129 2225 2574 2297 προστρέχουσιν.
2612 2227 2674 2280 Οἱ
2713 2226 2770 2279 δὲ
2801 2228 3164 2300 γενναιότεροι
3207 2232 3408 2296 αὐτῶν,
3437 2233 3528 2288 ἵνα

1951 2315 2026 2386 μὴ
2076 2315 2494 2384 ἀναγκάζωνται
2529 2316 2598 2370 τὰ
2631 2315 2771 2370 αὐτὰ
2819 2319 3027 2389 αἵματα
3080 2324 3408 2390 συναγαγεῖν
3448 2322 3530 2393 τῷ

1947 2403 2089 2476 λόγῳ
2122 2405 2158 2460 ἃ.
2193 2405 2454 2471 πολλάκις
2499 2408 2864 2480 ἀποκριθῆναι
2905 2409 3012 2464 τῶν
3059 2413 3327 2483 σωμάτων
3362 2414 3528 2486 ἡμῶν

1949 2498 2170 2570 συνέϐη,
2192 2501 2324 2569 φασὶ
2356 2500 2414 2553 τὺ
2443 2500 2534 2554 ἐπὶ
2558 2501 2698 2554 τέλει
2729 2502 2883 2573 ἡμῶν
2911 2505 3309 2575 ἀναστήσεσθαι
3343 2505 3520 2577 σῶμα.

1947 2590 2460 2664 Προσηπορήσαμεν
2503 2593 2560 2646 δέ
2605 2592 2692 2646 διὰ
2724 2593 2783 2646 τὸ
2819 2594 3057 2668 τρεπτὴν
3093 2591 3232 2649 εἶναι
3277 2597 3377 2669 τὴν
3415 2615 3523 2650 σω-

1950 2685 2187 2757 ματικὴν
2226 2685 2406 2754 φύσιν,
2437 2686 2532 2738 καὶ¹
2563 2683 2785 2738 τοιαῦτα
2828 2686 3018 2759 ὥσπερ
3046 2689 3126 2752 είς
3166 2688 3226 2742 τὸ
3255 2688 3524 2761 ἡμέτερον

1947 2776 2109 2848 σῶμα
2154 2778 2210 2831 αἱ
2258 2777 2458 2850 τροφαὶ
2509 2779 2954 2842 κατατάττονται,
2999 2779 3091 2833 καὶ
3123 2779 3524 2850 μεταϐάλλουσι

1944 2868 2044 2932 τὰς
2077 2869 2415 2941 ὁμοιότητας,
2450 2869 2621 2934 οῦτως
2650 2870 2837 2924 καὶτὰ
2867 2871 3112 2944 ἡμέτερα
3154 2871 3380 2943 σώματα
3423 2891 3523 2946 με-

1946 2961 2319 3026 ταϐάλλονται,
2373 2961 2466 3015 καὶ
2499 2963 2556 3014 ἐν
2587 2962 2702 3024 τοῖς
2761 2963 3113 3034 σαρκοϐόροις
3161 2964 3366 3025 οἰωνοῖς
3419 2962 3522 3014 καὶ

1949 3050 2159 3123 θηρίοις
2197 3050 2469 3121 γίγνονται
2517 3050 2653 3122 μέρη
2688 3051 2796 3105 τῶν
2828 3052 3052 3106 ἐκείνων
3089 3052 3370 3123 σωμάτων.
3404 3051 3520 3104 Kal

1950 3141 2109 3196 πάλιν
2142 3144 2323 3195 ἐκεῖνα
2365 3141 2470 3195 ὑπὸ
2523 3142 2823 3214 ἀνθρώπων
2853 3142 2884 3214 ἢ
2923 3143 3123 3214 ἐτέρων
3159 3143 3310 3207 ζώων
3341 3142 3520 3196 ἐσθιό-

1951 3250 2088 3305 μενα
2117 3233 2585 3305 ἀντιμεταϐάλλει,
2618 3234 2712 3287 καὶ
2744 3235 2950 3304 γίνεται
2995 3234 3299 3307 ἀνθρώπων
3326 3234 3359 3307 ἠ
3403 3235 3521 3289 ἐτέ-

1949 3349 2060 3404 ρων
2091 3329 2244 3395 ζώων
2280 3329 2506 3401 σώματα
2526 3348 2538 3360 ·
2574 3331 2667 3384 καὶ
2695 3331 2886 3384 τούτου
2919 3332 3011 3384 ἐπὶ
3033 3330 3164 3384 πολὺ
3194 3330 3514 3400 γιγνομένου

1946 3424 2160 3495 ἀνάγκη
2190 3423 2252 3477 τὸ
2279 3425 2409 3478 αὐτὸ
2447 3422 2602 3495 σῶμα
2643 3425 2897 3479 πλειόνων
2932 3423 3232 3497 ἀνθρώπων
3261 3423 3518 3486 πολλάκις

1946 3519 2200 3590 γενέσθαι
2238 3519 2420 3591 μέρος.
2469 3519 2623 3584 Τίνος
2652 3515 2745 3573 οὖν
2780 3519 2933 3572 ἔσται
2977 3517 3136 3589 σῶμα
3185 3517 3242 3570 ἐν
3289 3519 3355 3589 τῇ
3390 3517 3520 3570 ava-

1947 3613 2166 3678 στάσει;
2201 3613 2309 3666 Kal
2345 3612 2516 3676 οὕτως
2544 3614 2622 3676 εις
2677 3612 2833 3684 βυθὸν
2877 3612 3142 3684 φλυαρίας
3191 3611 3338 3682 ἡμᾶς
3391 3607 3512 3663 ἀλόο

1945 3722 2074 3774 γους
2108 3703 2218 3778 (62)
2253 3704 2593 3775 συμϐήσεται
2638 3704 2949 3776 ἐμπίπτειν.
2997 3703 3104 3756 Καὶ
3142 3701 3280 3770 μετὰ
3317 3701 3515 3764 ταύτας

1943 3798 2041 3862 τὰς
2087 3797 2340 3867 ἀπορίας,
2384 3797 2476 3850 ἐπὶ
2508 3797 2568 3850 τὸ
2613 3795 2792 3850 πάντα
2835 3794 3036 3850 δυνατά
3090 3803 3224 3851 εῖναι
3271 3791 3348 3865 τῷ
3397 3793 3516 3865 Θεῷ

1945 3886 2376 3955 καταφεύγουσι,
2429 3887 2522 3940 καὶ
2569 3885 2744 3953 λέξεις
2789 3883 2896 3938 τῶν
2953 3885 3182 3957 Γραφῶν
3216 3883 3515 3954 δυναμένας

1945 3979 2088 4034 κατὰ
2134 3979 2232 4051 τὴν
2286 3981 2572 4052 πρόχειρον
2626 3976 2852 4049 ἐκδοχὴν
2887 3976 3207 4032 ὑποϐάλλειν
3254 3976 3315 4028 τὸ
3365 3974 3516 4028 voca-

1948 4089 2107 4144 μενον
2129 4074 2314 4136 αὐτοῖς
2347 4071 2710 4144 προφέρονται
2730 4087 2742 4100 ο
2777 4065 2888 4123 οἷον
2914 4068 3011 4140 τὴν
3033 4069 3090 4122 ἐν
3111 4068 3189 4139 τῷ
3225 4066 3512 4138 Ἰεζεχιήλ·

1950 4183 1969 4216 ι
2003 4164 2113 4217 Kal
2146 4163 2360 4232 ἐγένετο
2393 4166 2478 4216 ἐπ’
2503 4162 2602 4233 ἐμὲ
2635 4163 2754 4234 χεὶρ
2785 4161 2986 4232 Κυρίου
3006 4175 3019 4189 ⁸
3049 4159 3142 4213 καὶ
3170 4157 3403 4229 ἐξήγαγέ
3447 4173 3516 4229 με

1943 4259 2002 4311 ἐν
2034 4256 2325 4328 πνεύματι,
2358 4255 2454 4308 καὶ
2496 4253 2658 4323 ἔθηκέ
2693 4270 2758 4325 με
2787 4254 2844 4305 ἐν
2878 4253 3029 4323 μέσῳ
3060 4251 3152 4304 τοῦ
3188 4248 3388 4314 πεδίου,
3419 4247 3516 4304 καὶ

1943 4347 2101 4402 τοῦτο
2131 4343 2198 4419 ἦν
2232 4346 2426 4418 μεστὸν
2455 4345 2657 4398 ὀστέων
2691 4342 3012 4415 ἀνθρώπων.
3052 4340 3160 4394 Kal
3211 4336 3514 4410 περιήγαγέ

1947 4459 2015 4513 με
2050 4441 2137 4494 ἐπ’
2173 4439 2310 4493 αὐτὰ
2349 4438 2610 4495 κυκλόθεν
2645 4436 2857 4506 κύκλῳο
2891 4435 2984 4487 καὶ
3027 4433 3132 4486 ἰδοὺ
3169 4429 3339 4484 πολλὰ
3381 4426 3513 4497 eqd-

1941 4533 2044 4605 δρα
2069 4533 2162 4585 ἐπὶ
2194 4529 2486 4603 προσώπου
2517 4528 2609 4583 τοῦ
2661 4527 2877 4582 πεδίου·
2913 4527 3007 4579 καὶ
3042 4525 3170 4589 ἰδοὺ,
3205 4522 3342 4577 αὐτὰ
3373 4520 3513 4594 ξηρὰ

1940 4623 2079 4679 λίαν.
2113 4622 2224 4676 Kal
2266 4619 2385 4676 εἷπε
2417 4622 2556 4693 πρὸς
2590 4619 2656 4692 μέ
2677 4637 2691 4650 ο
2727 4620 2823 4673 re.
2865 4615 3176 4690 ἀνθρώπου,
3210 4617 3256 4668 εί
3289 4614 3512 4685 ζήσεται

1938 4714 2010 4768 τὰ
2056 4714 2219 4767 ὀστέα
2285 4713 2496 4779 ταῦτα;
2555 4713 2664 4766 Kal
2718 4706 2896 4764 εἶπον·
2945 4707 3113 4779 Κύριε
3157 4707 3187 4760 ὁ
3243 4704 3392 4768 Θεὸς,
3447 4705 3509 4758 σὺ

1939 4805 2229 4860 ἐπίστασαι
2259 4806 2452 4858 ταῦτα.
2499 4806 2609 4858 Kal
2648 4799 2765 4856 εἶπε
2799 4801 2935 4876 πρὸς
2970 4801 3070 4872 μέ·
3105 4799 3508 4871 Προφήτευσον,

1939 4899 2022 4952 υἱὲ
2066 4897 2373 4970 ἀνθρώπου.
2405 4897 2516 4950 Kal
2547 4892 2698 4948 εἷπον
2732 4893 2865 4968 πρὸς
2909 4892 3048 4946 αὑτά
3070 4909 3084 4923 ·
3124 4891 3204 4945 Τὰ
3245 4887 3410 4942 ὀστέα
3443 4887 3508 4940 τὰ

1941 4991 2082 5064 ξηρὰ
2131 4990 2337 5054 ταῦτα,
2383 4988 2652 5043 ἀκούσατε
2697 4987 2852 5055 λόγον
2901 4985 3105 5056 Κυρίου
3129 5001 3142 5014 ·
3192 4979 3314 5035 τάδε
3365 4979 3511 5047 λέγει

1949 5083 2174 5140 Ἀδωναέῑ
2227 5083 2430 5155 Κύριος
2487 5083 2600 5144 τοῖς
2660 5078 2869 5142 ὀστέοις
2917 5075 3160 5139 τούτοις·
3214 5072 3343 5126 Ἰδοὺ
3399 5067 3508 5138 ἐγὼ

1940 5179 2145 5246 εἰσάγω
2187 5177 2266 5239 είς
2299 5175 2442 5245 ὑμᾶς
2488 5173 2702 5243 πνεῦμα
2735 5171 2900 5242 ζωῆς,
2930 5167 3024 5221 καὶ
3052 5167 3206 5220 δώσω
3253 5165 3332 5226 είς
3365 5161 3509 5232 ὑμᾶς

1937 5270 2128 5342 νεῦρα,
2161 5271 2257 5323 καὶ
2290 5267 2475 5333 ἐπάξω
2511 5267 2597 5336 ἐφ’
2622 5266 2766 5336 ὑμᾶς
2810 5263 3039 5334 σάρκας,
3072 5260 3165 5313 καὶ
3195 5253 3396 5310 ἐκτενῶ
3422 5252 3509 5322 ἐφ’

257 5363 427 5430 arida,
464 5366 645 5420 audite
695 5366 916 5420 verbum
968 5363 1201 5421 Domini.
1237 5362 1362 5418 llaec
1395 5362 1529 5416 dicit
1562 5361 1820 5417 Dominus

1949 5367 2073 5438 ipa;
2095 5364 2293 5436 δέρμα,
2325 5363 2420 5415 καὶ
2450 5359 2606 5415 δώσω
2635 5359 2696 5413 τὸ
2722 5356 2941 5429 πνεῦμά
2973 5373 3074 5428 μου
3108 5353 3192 5423 ἐφ’
3225 5350 3386 5422 ὑμᾶς.
3417 5345 3508 5401 καὶ

320 5457 344 5488 ³
366 5456 565 5512 Ezech.
592 5472 802 5522 xxxvii,
835 5458 858 5515 l
887 5467 943 5512 et
973 5471 1128 5526 seqq.

325 5548 436 5620 (59)
470 5551 618 5626 οὔτε
659 5551 726 5606 τὸ
789 5551 1145 5626 Ἑϐραϊιιψ,
1197 5558 1304 5626 etc.
1366 5545 1633 5626 Scholion
1685 5546 1828 5626 istud

254 5615 440 5674 Graece
464 5623 725 5678 exhibent
756 5615 968 5678 scheme
996 5620 1413 5676 Combetlsianaa
1435 5652 1448 5676 .
1484 5630 1539 5672 et
1595 5617 1828 5673 Crabia-

254 5702 356 5742 me.
393 5688 448 5743 ln
481 5692 681 5747 Catena
709 5693 954 5748 Corderii
979 5691 1262 5747 Genuadio
1295 5689 1611 5743 ascribitnr.

319 5759 430 5831 (60)
455 5762 696 5821 llabetur
726 5765 866 5821 istud
901 5766 1263 5834 fraginentum
1289 5760 1429 5831 apud
1463 5758 1824 5831 Epiphanium

1939 5543 2138 5600 hilares.
2168 5557 2315 5598 ικιν.

1997 5615 2121 5698 ,(61)
2154 5614 2283 5670 Post
2326 5611 2501 5667 ποιεῖν
2535 5613 2686 5668 deest
2733 5610 3072 5682 ἐπιτρέπειν,
3138 5603 3220 5660 \‘cl
3259 5615 3388 5676 quid
3434 5616 3514 5660 st-

1939 5687 2116 5828 ""(lga)
2157 5755 2454 5826 Ἀλόγους.
2491 5752 2649 5810 Forte
2681 5751 2910 5822 ἀλόγως.
