3870 6510
107 305 128 358 1
141 304 238 359 393

1079 297 1388 359 SELECTA
1426 301 1492 358 IN
1524 299 1857 358 PSALMOS.
1903 334 1969 343 —-
2003 303 2196 362 PSAL.
2240 307 2280 363 Ι.
2343 315 2348 318 ’

3195 319 3334 381 1036

95 423 342 495 ζήσεσθε·
375 424 468 478 καὶ
510 423 748 495 θήσομαι
780 423 926 495 ὑμᾶς
960 424 1052 479 ὲπὶ
1100 426 1198 497 τὴν
1229 426 1330 497 γῆν
1363 425 1537 498 ὑμῶν,
1569 429 1643 479 κα

1774 425 1911 479 Dcus
1941 428 2156 484 ossibus
2188 429 2294 486 illis
2328 449 2340 485 :
2375 431 2514 489 Ecce
2545 448 2645 506 ego
2677 435 2927 494 inducam
2970 439 3026 496 in
3049 457 3143 500 vos
3169 446 3331 516 spiri-

91 513 355 583 γνώσεσθε
404 517 485 568 ὅτι
528 514 640 584 ἐγώ
691 519 804 588 εἰμι
851 516 1076 589 Κύριος.
1117 537 1134 569 ι
1183 518 1369 588 Τούτῳ
1427 518 1524 589 μὲν
1567 512 1659 571 οὖν

91 609 438 681 πιθανωτέρῳ
466 609 703 680 χρῶνται
733 610 811 680 τῷ
840 611 1015 681 ρητῷο
1051 612 1146 664 καὶ
1175 612 1308 667 ἄλλα
1332 612 1387 665 δὲ
1411 611 1658 682 λέγουσιν

88 701 430 770 εὐαγγελικὰ,
465 697 596 764 οἷον,
637 701 711 764 ὡς
759 700 840 764 τὸ,
887 721 905 752 ι
948 701 1092 755 Ἑκεί
1143 701 1292 755 ἔσται
1323 705 1351 756 ό
1384 700 1659 772 κλαυθμὸς

87 795 180 849 καὶ
204 797 230 848 6
267 794 508 864 βρυγμὸς
529 794 636 847 τῶν
668 793 924 847 ὀδόντωνο
956 814 974 846 ›
1006 795 1100 848 καὶ
1121 795 1200 852 τὸ,
1229 814 1246 844 ι
1267 793 1538 866 Φοϐήθητε
1567 795 1656 848 τὸν

85 887 376 957 δυνάμενον
397 885 491 938 καὶ
515 885 691 958 ψυχὴν
709 887 800 940 κα)⁸
824 885 984 958 σῶμα
1018 886 1279 940 ἀπολέσαι
1307 888 1364 940 ἐν
1387 888 1602 962 γεέννῃ·
1631 908 1650 940 ι

85 980 179 1032 καὶ
209 980 267 1032 τὸ
304 980 362 1031 ὲν
405 979 483 1050 τῷ
517 979 744 1050 Παύλῳο
783 998 802 1029 ι
831 980 1162 1050 Ζωοποιήσει
1192 978 1260 1033 τὰ
1306 978 1472 1050 θνητὰ
1501 981 1655 1050 ὑμῶν

85 1071 330 1143 σώματα,
358 1071 446 1125 διὰ
483 1071 544 1124 τὸ
595 1071 835 1125 ἐνοικοῦν
864 1070 1028 1124 αὑτοῦ
1074 1070 1299 1142 Πνεῦμα
1348 1073 1407 1124 ἐν
1450 1073 1594 1144 ὑμῖν.
1629 1092 1646 1124 ›

83 1165 202 1236 Χρὴ
234 1165 286 1217 δὲ
313 1165 488 1218 πάντα
519 1164 609 1218 τὸν
637 1163 902 1235 φιλαλήθη
949 1164 1068 1217 κατ’
1095 1165 1256 1218 αὑτὸν
1303 1165 1413 1235 (65)
1441 1165 1654 1231 τούτοις

83 1256 175 1309 τὸν
217 1256 336 1309 νοῦν
383 1257 751 1329 ἐπιστήσαντα
788 1257 1040 1327 περὶτῆς
1070 1258 1416 1322 ἀναστάσεως
1455 1259 1652 1328 ἀγωνί-

84 1348 300 1413 σασθαι,
329 1349 499 1402 σῶσαί
525 1366 585 1401 τε
629 1349 723 1402 καὶ
765 1348 862 1419 τὴν
895 1348 1004 1402 τῶν
1043 1349 1284 1421 ἀρχαίων
1330 1351 1648 1423 παράδοσιν,

78 1443 178 1494 καὶ
240 1441 576 1510 φυλάξασθαι
643 1443 902 1512 ἐμπεσεῖν
954 1443 1034 1504 εἰς
1095 1441 1359 1514 φλυαρὶαν
1419 1444 1650 1514 πτωχῶν

76 1531 383 1601 νοημάτων,
409 1530 687 1585 ἀδυνάτων
711 1549 768 1583 τε
796 1533 910 1602 ἅμα
934 1534 1028 1585 καὶ
1049 1533 1182 1586 Θεοῦ
1208 1534 1459 1601 ἀναξίων.
1481 1537 1649 1590 Τοῦτο

74 1621 173 1678 οὖν
204 1629 280 1691 εἰς
329 1628 419 1680 τὸν
469 1627 632 1681 τόπον
688 1628 1032 1699 διαληπτέον,
1073 1629 1154 1682 ὃτι
1189 1631 1296 1683 πᾶν
1340 1630 1498 1702 σῶμα
1545 1631 1648 1685 ὑπὸ

73 1718 294 1787 φύσεως
319 1720 671 1790 συνεχόμενον
711 1720 810 1789 τῆς
838 1720 1276 1792 καταταττούσης
1307 1723 1502 1790 ἔξωθέν
1527 1742 1646 1777 τινα

1771 525 1881 570 tum
1908 519 2055 586 vitm,
2084 529 2138 574 et
2171 536 2367 590 ponam
2399 525 2450 578 in
2484 526 2632 582 vobis
2661 544 2876 598 nervos,
2911 539 2964 588 et
2993 534 3244 592 inducam
3279 539 3330 593 in

1768 625 1861 665 vos
1885 627 2099 678 carnes,
2141 626 2192 670 et
2222 619 2510 673 extendam
2540 637 2706 692 super
2737 639 2834 681 vos
2862 637 3066 693 cutem,
3104 640 3158 685 et
3187 633 3330 688 dabo

1766 704 2013 772 Spiritum
2074 722 2249 762 meum
2296 708 2348 764 io
2391 725 2505 774 vos,
2554 722 2610 768 et
2640 715 2853 772 vivetis.
2893 717 2958 773 Et
2987 736 3181 790 ponam
3235 740 3332 780 vos

1765 798 1818 852 in
1853 808 1997 853 terra
2029 810 2234 866 vestra,
2271 812 2324 857 et
2371 799 2710 874 cognosc-etis
2760 811 2888 879 quia
2921 827 3022 882 ego
3069 829 3186 869 sum
3223 815 3329 872 Do-

1764 891 1963 944 minus.
2015 909 2033 944 ι
2092 891 2203 948 Hoc
2247 895 2413 965 igitur
2459 898 2793 964 probabilius
2824 905 3037 960 caeteris
3083 908 3330 964 testimo—

1762 983 1911 1037 nium
1945 995 2048 1050 est,
2074 1001 2195 1055 qua:
2237 1001 2666 1044 commemorare
2717 994 2913 1059 solent,
2943 1007 3142 1064 praeter
3184 1000 3326 1070 quod

1762 1076 2023 1131 nonnulla
2052 1092 2118 1132 ex
2159 1077 2468 1150 Evangeliis
2516 1083 2903 1151 expromnnt-z
2957 1087 3124 1154 velut,
3177 1109 3197 1142 ι
3250 1090 3328 1148 lbi

1759 1168 1863 1221 erit
1894 1167 2051 1223 ﬂetus
2071 1180 2123 1223 et
2152 1171 2352 1224 stridor
2375 1171 2616 1226 dentium
2649 1176 2689 1225 ⁸.
2727 1191 2746 1226 ι
2777 1173 3186 1234 ΙιοιηειΤὶιηεῑο
3201 1195 3325 1236 eum

1759 1258 1848 1326 qui
1880 1267 2055 1327 potest
2086 1268 2139 1314 et
2187 1262 2421 1320 animam
2458 1272 2510 1314 et
2545 1278 2739 1331 corpus
2765 1269 2991 1334 perdere
3033 1269 3083 1322 in
3127 1271 3328 1339 gelteno

1759 1367 1885 1405 nam
1912 1351 1954 1404 ⁷.
1989 1371 2008 1404 ι
2053 1351 2188 1406 Τυηι
2219 1353 2349 1406 illud
2380 1370 2445 1408 ex
2493 1353 2661 1409 Paulo
2689 1356 2710 1388 ⁸
2741 1374 2754 1410 :
2795 1376 2813 1408 ι
2857 1359 3161 1417 Viviﬁcabit
3183 1377 3326 1419 mor-

1759 1442 1884 1497 talia
1942 1459 2170 1512 corpora
2206 1455 2407 1508 vestra,
2454 1445 2615 1518 534
2661 1457 2879 1519 propter
2928 1452 3321 1509 inltabitantem

1755 1534 1872 1603 ejus
1893 1535 2154 1604 Spiritum
2187 1537 2237 1590 in
2268 1538 2438 1591 vobis.
2474 1556 2492 1588 r
2525 1539 2719 1593 Verum
2757 1557 2946 1598 omnes
2974 1559 3068 1600 eos
3095 1561 3321 1604 necesse

1754 1637 1858 1691 est,
1896 1626 1982 1695 qui
2012 1626 2259 1680 veritatis
2307 1628 2488 1682 studio
2523 1629 2818 1695 ducuntur,
2863 1648 2982 1686 cum
3015 1634 3084 1688 ad
3111 1649 3174 1690 ea
3202 1639 3321 1692 ani-

1757 1731 1901 1769 mum
1954 1717 2274 1786 adjeccrint,
2314 1721 2575 1774 adversus
2623 1721 2755 1776 istos
2805 1723 2872 1777 de
2921 1729 3320 1785 resurrectione

71 1809 232 1880 δίκην
276 1811 477 1880 τροφῆς
503 1811 583 1873 εἰς
629 1810 780 1874 αὐτὸ,
811 1810 903 1864 καὶ
948 1813 1348 1885 ἁποκρινούσης
1375 1814 1494 1868 ἀντὶ
1542 1815 1643 1868 τῶν

1752 1809 2119 1876 contendere;
2175 1819 2320 1865 utet
2372 1827 2493 1880 quae
2532 1827 2561 1865 a
2612 1814 2885 1869 veteribus
2922 1819 3119 1873 tradita
3168 1829 3316 1887 sunt,

71 1903 514 1973 ἐπεισαγομένων
549 1902 731 1974 ἔτερα,
757 1901 946 1974 ὥσπερ
969 1903 1036 1956 τὰ
1069 1903 1176 1958 τῶν
1208 1906 1388 1974 ιρυτῶν
1423 1909 1514 1960 καὶ
1540 1907 1648 1962 τῶν

71 1993 254 2061 ζώων,
288 1994 346 2048 τὸ
388 1995 570 2049 ὑλικὸν
601 1995 956 2066 ὑποκείμενον
1006 1996 1259 2049 οὐδέποτε
1299 1997 1409 2068 ἔχει
1433 1999 1646 2055 ταυτόν.

65 2087 274 2160 Διόπερ
298 2088 357 2140 ού
387 2088 572 2152 κακῶς
607 2091 849 2161 ποταμὸς
879 2088 1194 2160 ὠνόμασται
1220 2089 1281 2142 τὸ
1317 2091 1504 2161 σῶμα·
1539 2091 1648 2144 διό-

64 2193 145 2241 τι,
196 2178 268 2242 ὡς
312 2179 444 2250 πρὸς
489 2179 551 2232 τὸ
605 2179 826 2249 ἀκριϐὲς
852 2181 1011 2250 τάχα,
1043 2180 1160 2232 οὐδὲ
1193 2180 1284 2233 δύο
1329 2182 1550 2254 ἡμερῶν
1586 2183 1648 2235 τὸ

63 2269 289 2340 πρῶτον
337 2270 692 2341 ὑποκείμενον
742 2272 937 2324 ταυτόν
990 2273 1137 2325 ἐστιν
1185 2273 1242 2326 ἐν
1301 2275 1376 2346 τῷ
1435 2275 1646 2348 σώματι

61 2361 264 2431 ἡμῶν·
297 2361 542 2432 καίτοιγε
595 2361 686 2416 τοῦ
718 2358 828 2416 οἷον
874 2363 906 2436 ἢ
951 2364 1182 2430 Παύλου,
1216 2366 1247 2438 ἢ
1283 2368 1509 2439 Πέτρου,
1559 2371 1646 2424 ἀεὶ

57 2455 167 2508 τοῦ
216 2455 377 2508 αὑτοῦ
423 2455 595 2522 ὄντος,
625 2456 685 2508 οὐ
729 2453 823 2509 τοῦ
873 2457 1018 2510 κατὰ
1060 2456 1234 2529 ψυχὴν
1271 2459 1452 2529 μόνου,
1503 2457 1570 2533 ἧς
1611 2465 1643 2536 ἡ

58 2546 232 2600 οὐσία
264 2545 383 2599 οὔτε
419 2549 503 2618 ῥεῖ
525 2547 645 2600 καθ’
673 2549 703 2618 ἡ
714 2549 838 2618 μᾶς,
859 2547 968 2601 οὔτ’
999 2548 1422 2621 ὲπεισαγόμενόν
1439 2565 1498 2606 τι
1534 2553 1644 2624 ἔχει

59 2635 230 2699 ποτὲ,
259 2635 363 2690 κᾶν
399 2637 596 2708 ρευστὴ
641 2631 773 2709 ἦνή
815 2636 974 2706 φύσις
1026 2636 1120 2691 τοῦ
1170 2638 1438 2711 σώματος,
1476 2642 1553 2714 τῷ
1583 2644 1644 2697 τὸ

56 2726 214 2793 εἶδος
244 2729 302 2783 τὸ
323 2729 720 2802 χαρακτηρίζον
743 2730 804 2783 τὸ
836 2728 992 2801 σῶμα
1022 2732 1217 2786 ταυτὸν
1247 2728 1382 2787 εἶναι
1405 2751 1416 2763 ·
1447 2734 1522 2798 ὡς
1551 2737 1644 2788 καὶ

50 2823 203 2885 τοὺς
247 2821 445 2886 τύπους
493 2822 672 2894 μένειν
704 2823 828 2896 τοὺς
873 2823 1086 2889 αὐτοὺς,
1127 2826 1206 2888 εἰς
1233 2825 1330 2896 τὴν
1372 2826 1481 2898 (64)
1524 2846 1644 2881 ποι-

49 2913 240 2983 ότητα
269 2913 472 2987 Πέτρου
513 2914 604 2968 καὶ
637 2913 848 2967 Παύλου
879 2914 976 2986 τὴν
1023 2918 1338 2990 σωματικὴν
1378 2919 1645 2992 παριστά-

52 3023 300 3070 νοντας·
351 3007 473 3060 καθ’
520 3007 586 3079 ἢν
633 3009 897 3080 ποιότητα
956 3008 1049 3062 καὶ
1103 3011 1258 3064 οὐλαὶ
1321 3014 1386 3066 ἐκ
1436 3015 1643 3072 παίδων

1753 1902 2127 1970 retineantur;
2171 1904 2333 1974 idque
2375 1921 2689 1974 caveamus,
2724 1924 2792 1964 ne
2823 1911 2879 1964 in
2916 1926 3172 1970 sensuum
3201 1916 3320 1970 ina-

1751 1995 2099 2049 nissimorum
2140 1997 2373 2065 ineptias
2404 1999 2836 2068 descendamus;
2869 2018 3056 2057 eorum
3081 2005 3316 2072 scilicet,

1749 2101 1867 2155 qua:
1902 2101 2076 2156 neque
2111 2088 2223 2140 ﬁeri
2257 2100 2501 2158 possunt,
2533 2099 2583 2145 et
2616 2093 2796 2148 divina
2851 2095 3138 2166 majestate
3191 2109 3317 2154 sunt

1750 2179 1988 2247 indigna.
2033 2177 2297 2245 Quocirca
2340 2180 2419 2234 sic
2473 2181 2541 2234 ad
2594 2195 2716 2237 eum
2772 2184 2950 2240 locum
3000 2188 3314 2242 ratiocinari

1746 2272 1999 2325 convenit
2033 2291 2044 2324 :
2076 2284 2276 2340 corpus
2305 2285 2484 2338 omne,
2532 2276 2674 2342 quod
2701 2261 2920 2344 quidem
2958 2287 3151 2331 natura
3179 2293 3314 2334 con-

1751 2360 1969 2427 tinetur,
2029 2377 2148 2430 qua:
2195 2361 2535 2418 extrinsecus
2568 2365 2772 2435 aliquid
2804 2367 2854 2422 ei
2887 2368 3132 2424 alimenti
3171 2370 3313 2425 asci-

1747 2452 1871 2516 scit,
1901 2467 2105 2521 proque
2131 2453 2195 2507 iis
2225 2469 2344 2524 quae
2375 2453 2736 2521 sulliciuntur,
2768 2457 3013 2512 excernit
3034 2458 3138 2513 alia
3167 2477 3180 2514 :
3215 2475 3314 2516 cu-

1740 2539 1976 2610 jusmodi
2011 2552 2136 2596 sunt
2166 2543 2418 2612 stirpium
2454 2559 2709 2615 corpora,
2751 2556 2804 2602 et
2839 2548 3155 2604 animalium
3186 2565 3314 2619 pars

1746 2630 1834 2686 illa
1864 2647 1987 2685 cum
2023 2635 2247 2686 materia
2278 2642 2578 2699 concreta;
2630 2649 2907 2704 nunquam
2939 2651 3104 2690 unum
3141 2638 3314 2693 idem-

1746 2739 1851 2794 que
1880 2739 2183 2779 retnanere.
2221 2723 2376 2780 Unde
2397 2740 2504 2780 non
2530 2725 2670 2780 male
2697 2725 2895 2782 ﬂuvius
2940 2729 3159 2799 quidam
3188 2746 3314 2787 cor-

1745 2830 1848 2885 pus
1896 2831 2018 2871 esse
2063 2815 2301 2870 dicitur:
2332 2817 2591 2886 quoniam
2638 2817 2682 2872 si
2714 2828 2968 2874 accurate
2998 2823 3312 2880 considere-

1745 2921 1885 2966 tnns.
1917 2921 1984 2960 ne
2013 2906 2179 2960 biduo
2222 2907 2438 2977 quidem
2481 2907 2631 2978 prior
2656 2909 2879 2964 materia
2913 2910 2965 2964 in
2995 2913 3311 2982 corporibus

1747 2998 1947 3054 nostris
1993 2998 2184 3052 eadem
2225 3007 2596 3070 constansque
2625 3011 2941 3070 perseverat
2972 3021 2986 3058 :
3012 3018 3134 3058 cum
3171 3005 3314 3061 inte~

48 3099 444 3170 παραμένουσι
472 3103 584 3164 τοῖς
614 3099 848 3171 σώμασι,
893 3103 984 3154 καὶ
1010 3101 1146 3156 ἄλλα
1186 3103 1308 3157 τινὰ
1356 3104 1637 3177 ἰδιώματα,

1749 3089 1848 3144 rim
1875 3089 2072 3144 Paulus
2105 3089 2336 3160 exempli
2366 3091 2563 3159 gratia,
2603 3091 2686 3147 vel
2727 3090 2917 3149 Petrus
2943 3094 3083 3150 idem
3115 3096 3314 3152 nihilo-

45 3193 255 3261 φακοί.
292 3193 398 3246 Καὶ
441 3194 532 3246 ἐπὶ
564 3193 775 3258 τούτοις
807 3193 858 3246 εἴ
897 3212 948 3248 τι
995 3196 1142 3248 ἐστὶν
1178 3197 1358 3267 ὅμοιον
1391 3199 1547 3254 τοῦτο
1577 3201 1638 3254 τὸ

43 3279 231 3346 εἶδος,
259 3283 378 3336 καθ’
403 3282 430 3336 ὃ
455 3283 797 3337 εἰδοποιεῖται
829 3285 857 3337 6
904 3285 1108 3356 Πέτρος
1135 3288 1226 3339 καὶ
1255 3288 1282 3339 ὁ
1315 3287 1548 3356 Παῦλος,
1580 3291 1640 3344 τὸ

40 3377 402 3446 σωματικὸν,
427 3377 455 3430 ὃ
487 3379 545 3430 ὲν
581 3380 646 3449 τῇ
683 3378 976 3432 ἀναστάσει
1015 3380 1349 3450 περιτίθεται
1381 3383 1540 3436 πάλιν
1573 3388 1636 3458 τῇ

35 3467 235 3538 ψυχῇ,
265 3467 357 3519 ἐπὶ
400 3467 460 3520 τὸ
505 3469 751 3539 κρεῖττον
795 3468 1149 3538 μεταϐάλλον,
1185 3472 1244 3524 οὐ
1278 3472 1496 3539 πάντως
1521 3475 1641 3530 τόδε

37 3560 141 3612 ἔτι
181 3559 572 3629 ἐντεταγμένον
604 3559 665 3612 τὸ
695 3559 838 3613 κατὰ
881 3560 978 3633 τὴν
1012 3560 1236 3633 πρώτην
1263 3564 1636 3638 ὑποκείμενον.

32 3653 284 3724 ”Ωσπερ
332 3650 442 3722 (65)
475 3651 530 3705 δὲ
562 3652 622 3704 τὸ
671 3648 808 3717 εἶδός
840 3654 956 3707 ἐστι
1010 3655 1170 3727 μέχρι
1220 3656 1313 3709 τοῦ
1371 3658 1637 3730 πέρατος,

30 3745 161 3799 κᾶν
201 3747 249 3796 οἱ
296 3743 636 3815 χαρακτῆρες
683 3743 880 3797 δοκῶσι
927 3744 1128 3816 πολλὴν
1179 3745 1323 3818 ἔχειν
1366 3749 1641 3821 παραλλα-

24 3837 160 3906 γήν
185 3847 200 3862 ⁸
251 3832 425 3896 οὕτως
478 3833 694 3903 νοητέον
731 3833 823 3886 καὶ
871 3835 962 3886 ἐπὶ
1019 3834 1112 3887 τοῦ
1169 3836 1452 3907 παρόντος,
1502 3836 1640 3904 εἶδος

23 3927 260 3981 ταυτὸν
293 3924 427 3979 εἶναι
467 3924 544 3996 τῷ
592 3924 860 3996 μέλλοντι,
913 3926 1172 3999 πλείστης
1205 3929 1335 4000 ὅσης
1378 3930 1639 4004 ἐσομένης

23 4022 152 4091 τῆς
216 4019 312 4071 ἐπὶ
364 4017 579 4071 κάλλιον
638 4016 960 4088 μεταϐολῆς.
1019 4019 1336 4087 Ἀναγκαῖον
1387 4021 1494 4094 γὰρ
1541 4023 1638 4094 τὴν

24 4111 258 4183 Ψυχὴν,
305 4112 362 4164 ἐν
406 4111 588 4174 τόποις
634 4113 966 4181 σωματικοῖς
1026 4110 1392 4181 ὑπάρχουσανν
1435 4115 1639 4187 κεχρῆο

23 4205 180 4259 σθαι
229 4201 445 4274 σώμασι
479 4201 835 4273 καταλλήλοις
886 4205 997 4268 τοῖς
1036 4203 1244 4266 τόποις.
1299 4205 1407 4259 Καὶ
1451 4205 1638 4280 ὥσπερ

23 4302 90 4351 ὲν
141 4296 399 4368 θαλάσσῃ
427 4297 524 4367 ζῇν
558 4297 705 4368 ἡμᾶς
737 4295 990 4367 ἐνύδρους
1019 4296 1340 4368 γενομένους
1371 4300 1418 4351 si
1445 4299 1634 4370 ἐχρῆν,

23 4393 281 4454 πάντως
333 4391 398 4445 ἂν
441 4390 546 4442 ἔδει
587 4387 972 4461 παραπλησίαν
1019 4389 1162 4460 ἔχειν
1200 4391 1292 4443 καὶ
1324 4391 1422 4463 τὴν
1470 4393 1634 4465 ἄλλην

1745 3182 1921 3235 ιιιίιιυε
1949 3181 2225 3251 persistat,
2256 3196 2362 3234 non
2391 3182 2548 3236 modo
2582 3180 2626 3236 si
2662 3179 2779 3250 ejus
2799 3182 3036 3238 animam
3071 3195 3309 3256 spectes,

1739 3273 1894 3342 cuius
1949 3273 2248 3328 substantia
2279 3287 2452 3342 neque
2494 3273 2637 3328 ﬂuxa
2681 3284 2764 3330 est
2816 3276 2870 3330 in
2925 3277 3102 3340 nobis,
3137 3293 3311 3348 neque

1739 3365 2037 3436 quidquam
2063 3365 2408 3420 extrinsecus
2462 3365 2732 3422 invectum
2775 3369 3004 3438 accipit;
3039 3368 3131 3423 sed
3156 3371 3224 3425 ob
3257 3371 3308 3424 id

1739 3467 2026 3527 praaterea,
2059 3458 2203 3526 quod
2247 3459 2459 3513 tametsi
2494 3459 2641 3514 velut
2681 3461 2732 3514 in
2766 3470 3022 3530 perpetua
3073 3461 3310 3519 ﬂuxione

1740 3549 1808 3604 sit
1835 3559 2027 3602 natura
2066 3548 2332 3619 corporis,
2363 3548 2554 3603 eadem
2596 3549 2770 3604 forma
2815 3562 3155 3618 permaneat,
3190 3568 3311 3624 quae
3357 3571 3368 3586 η

1739 3643 1984 3713 corporis
2010 3643 2180 3697 nostri
2206 3642 2360 3712 quasi
2393 3650 2519 3697 nota
2548 3643 2794 3712 quaedam
2824 3651 2908 3699 est.
2931 3645 3167 3716 propria.
3192 3646 3308 3702 Non
3336 3686 3340 3689 ι

1739 3735 1900 3791 aliter
1954 3745 2121 3805 atque
2170 3735 2371 3790 eazdem
2429 3735 2615 3806 ﬁgurae
2667 3745 2932 3802 manent,
2991 3752 3111 3807 quae
3161 3737 3308 3794 Petri

1739 3828 2004 3898 Paulique
2035 3843 2324 3898 corporum
2381 3827 2698 3896 qualitatem
2749 3827 3124 3884 conﬁrmando
3153 3830 3310 3885 exbi—

1740 3921 1902 3988 bent;
1957 3935 2053 3989 per
2107 3934 2268 3989 quam
2316 3920 2478 3973 etiam
2533 3917 2852 3987 qualitatem
2887 3919 3108 3984 accidit,
3141 3929 3200 3974 ut
3255 3929 3308 3976 et

1740 4013 2029 4070 cicatrices
2067 4011 2180 4082 jam
2231 4021 2344 4064 tum
2377 4026 2404 4063 a
2439 4010 2622 4080 pueris
2648 4008 2700 4062 in
2735 4010 3056 4078 corporibus
3086 3998 3304 4082 perma-

1741 4116 1924 4170 neant,
1971 4105 2186 4172 aliaque
2221 4101 2505 4166 nonnulla,
2535 4115 2656 4171 quae
2699 4100 3034 4169 singulorum
3090 4105 3305 4173 propria

1740 4210 1887 4266 sunt,
1921 4195 2224 4268 cuiusmodi
2249 4204 2374 4250 sunt
2403 4193 2716 4264 lentigines.
2751 4194 2832 4250 Ad
2861 4195 2975 4249 lucc
3000 4193 3124 4248 licet
3154 4195 3308 4250 sinti-

1741 4293 1810 4348 lis
1841 4305 2099 4360 corporea
2138 4287 2226 4342 illa
2263 4287 2431 4342 forma
2482 4288 2588 4354 sit,
2624 4303 2732 4358 qua
2775 4287 2970 4342 Petrus
3004 4285 3307 4357 Paulusque

1741 4385 2081 4457 potissimum
2128 4381 2498 4446 constituitur,
2537 4381 2699 4446 idque
2731 4381 2929 4451 ipsum,
2955 4381 3097 4450 quod
3126 4381 3179 4435 in
3214 4395 3303 4436 re-

23 4485 260 4558 ,χθύων
313 4485 669 4538 κατάστασιν
711 4482 883 4545 οὕτως
937 4482 1224 4553 μέλλοντας
1281 4484 1634 4556 κληρονομεῖν

1745 4478 2083 4537 surrectione
2128 4476 2326 4530 anima:
2356 4475 2534 4530 denuo
2583 4473 2858 4542 tribuitur,
2902 4475 2994 4529 sed
3029 4473 3081 4527 in
3115 4473 3304 4530 melius

23 4577 339 4633 Βασιλείαν
374 4575 639 4649 οὐρανῶν,
679 4577 773 4630 καὶ
820 4576 878 4629 ὲν
907 4575 1091 4639 τόποις
1122 4575 1466 4647 διαφέρουσιν
1508 4579 1630 4633 ἔσε-

23 4671 198 4733 ῖοαι,
246 4668 542 4736 ἀναγκαῖον
570 4665 803 4737 χρῆσθαι
831 4664 1045 4735 σώμασι
1080 4669 1482 4734 πνευματικοῖς,
1511 4669 1633 4739 οὐχὶ

23 4764 134 4818 τοῦ
179 4761 364 4824 εἴδους
405 4759 498 4813 τοῦ
539 4759 805 4831 προτέρου
838 4750 1256 4826 ἀφανιζομένου,
1290 4757 1392 4811 κᾶν
1435 4760 1528 4814 ἐπὶ
1571 4763 1633 4817 τὸ

103 4859 136 4889 ⁸
177 4855 382 4910 Matth.
414 4869 529 4918 vm,
566 4856 654 4908 12.
740 4853 760 4884 "
789 4851 979 4906 Matth.
1008 4867 1063 4918 x,
1091 4849 1182 4904 28.

138 4947 246 5015 63)
277 4948 491 5002 Αὐτόν.
529 4946 688 5000 Forte
719 4945 1026 5015 legendum,
1069 4943 1268 4999 αὐτῶν.

138 4951 219 5004 63
277 4948 491 5002 Αὐτόν.
529 4947 688 5000 Forte
719 4947 1026 5015 legendum,
1069 4947 1184 4997 αὐτι

102 4947 248 5088 (σιξ
288 5020 391 5083 Εἰς
420 5016 549 5083 τήν.
584 5015 746 5088 Forte
769 5017 900 5088 τοὺς
928 5015 1048 5086 τήν,
1077 5025 1184 5088 etc.

99 5084 244 5160 (65)
283 5089 672 5160 "Oaxeptetc.
705 5085 870 5160 Hunc_
879 5084 1064 5160 locum
1086 5085 1152 5160 _in
1180 5084 1440 5160 Apologia
1473 5085 1634 5142 Pam~

43 5155 185 5219 hili
216 5155 304 5213 Sic
334 5161 493 5212 vertit
527 5157 754 5211 Ruﬁnus
785 5175 796 5209 :
832 5155 977 5208 Sicut
1013 5157 1148 5208 enim
1174 5156 1226 5206 in
1262 5155 1407 5210 nobis
1446 5159 1628 5212 eadem

23 5233 254 5303 pecies
288 5237 550 5298 permanet
611 5229 675 5278 ab
714 5225 968 5303 infantia
998 5241 1156 5289 usque
1185 5225 1254 5303 ad
1297 5237 1628 5303 senectutem,

23 5295 170 5359 ἐσει
224 5295 557 5353 characteres
617 5295 834 5347 multant
887 5296 1162 5347 videantur
1215 5297 1629 5351 immutationem

23 5375 335 5438 ecipere:
368 5368 442 5420 ita
495 5365 886 5433 intelligendum
931 5373 1009 5417 est
1058 5365 1192 5418 hanc
1240 5367 1468 5438 speciem
1515 5383 1631 5438 qua:

32 5436 195 5498 uno
235 5440 372 5492 inest
401 5439 567 5503 nobis,
593 5440 759 5504 ipsam
810 5451 1206 5503 permansurum
1257 5436 1413 5487 etiam
1455 5437 1506 5488 in
1538 5437 1628 5502 [u-

23 5528 207 5576 uro,
247 5509 474 5578 plurima
518 5516 691 5578 tamen
727 5507 1087 5578 immutatione
1136 5505 1192 5578 in
1224 5504 1406 5578 melius
1439 5515 1485 5558 et
1509 5506 1631 5578 glo-

23 5575 254 5639 iosius
295 5580 458 5641 facta.
518 5575 740 5630 Necesse
797 5586 870 5627 est
911 5575 1048 5627 enim
1101 5576 1331 5628 animum
1381 5576 1436 5628 in
1498 5577 1628 5628 locis

24 5653 327 5721 στρωεῶ
348 5647 668 5721 habitantem
701 5645 1112 5721 uticorporibus
1131 5644 1323 5696 talibus
1351 5661 1468 5721 qua:
1504 5654 1631 5713 apta

23 5713 140 5778 inl—
189 5720 274 5772 Itis
307 5720 434 5772 locis
463 5719 518 5771 in
546 5717 734 5785 quibus
762 5716 922 5784 degit.
959 5713 1027 5766 Et
1068 5715 1224 5785 sicut,
1254 5715 1396 5767 verbi
1445 5730 1628 5779 causa,

24 5802 30 5844 ῑ
95 5796 187 5848 in
221 5793 372 5860 aquis
405 5784 566 5842 maris
595 5803 684 5841 nos
711 5787 974 5848 habitare,
1013 5784 1087 5842 vel
1111 5787 1319 5855 aegere
1369 5795 1626 5850 posceret,

1739 4588 2062 4635 conversum
2100 4591 2113 4626 :
2143 4583 2248 4624 non
2278 4576 2453 4621 tamen
2485 4567 2671 4622 eadem
2696 4576 2778 4620 est
2814 4566 2898 4620 illa
2933 4566 3158 4620 materia
3183 4581 3304 4636 qua:

1739 4669 1952 4740 corpori
1993 4665 2227 4738 primum
2275 4660 2438 4716 insita
2485 4658 2683 4713 fuerat.
2733 4657 2811 4713 Ae
2846 4658 3302 4728 quemadmodum

1741 4764 1950 4836 species
1994 4760 2109 4829 ipsa
2143 4756 2210 4812 ad
2243 4754 2492 4809 ultimum
2546 4765 2716 4820 usque
2743 4751 2932 4807 eadem
2962 4759 3065 4818 est,
3088 4751 3188 4806 etsi
3224 4750 3305 4804 in-

1259 4849 1280 4882 ⁸
1310 4849 1468 4906 Rom.
1501 4869 1617 4923 vni,
1645 4860 1733 4915 11.

1731 4953 1844 5007 sine
1881 4946 2044 5000 dubio
2083 4958 2179 5012 pro
2202 4937 2492 5016 habitaculi
2513 4934 2766 5016 qualitate
2823 4934 3300 5016 necessariumei-

1732 5023 1944 5074 deretur
1970 5007 2159 5067 habere
2189 5013 2341 5063 talem
2367 5007 2600 5076 corporis
2644 5015 2860 5067 statum,
2891 5018 2936 5058 et
2969 5007 3301 5070 contpositio-

1731 5106 1868 5152 nem,
1899 5084 2105 5156 qualem
2135 5081 2320 5134 habent
2360 5079 2454 5132 illa
2470 5077 2889 5157 animalia-qua:
2918 5076 2970 5157 in
3021 5077 3172 5143 aquis
3222 5077 3300 5157 si-

1729 5145 2002 5220 runt';'ita
2035 5169 2191 5213 nunc,
2238 5166 2355 5204 cum
2388 5149 2632 5220 caelorum
2668 5145 3027 5220 habitaculum
3079 5145 3298 5212 promit-

1729 5217 1898 5288 tatur,
1949 5224 2230 5278 secundum
2269 5222 2503 5272 locorum
2555 5217 3152 5294 gloriantnconseqttens
3187 5224 3292 5294 χει

1731 5284 1997 5367 aptandas
2026 5308 2135 5346 esse
2161 5293 2316 5343 etiam
2352 5284 2628 5367 corporum
2683 5287 2993 5367 qualitates.
3021 5284 3149 5367 Nec.
3180 5284 3296 5362 ideo

1729 5353 1902 5422 tamen
1933 5365 2078 5426 ι)τὶον
2103 5363 2211 5413 lucc
2244 5353 2449 5426 species
2471 5353 2932 5433 exterminabitur,
2957 5354 3071 5433 licet
3084 5353 3298 5433 glorio-

1733 5441 1842 5495 sior
1861 5422 1972 5504 ejus
2003 5422 2284 5504 eﬂ'eclajit
2311 5429 2644 5504 permutatio.
2666 5424 2818 5504 Sicut
2841 5425 2975 5475 enim
2995 5423 3158 5504 ipsius
3192 5422 3300 5504 Do-

1734 5491 1862 5563 inini
1884 5491 2059 5561 vJesu:
2081 5502 2156 5555 vel
2185 5491 2378 5568 Moysi,
2412 5497 2489 5550 rel
2522 5495 2655 5568 Elite
2683 5497 2872 5559 species
2913 5509 3015 5544 non
3045 5502 3155 5568 erat
3189 5491 3298 5546 alia

1736 5581 1789 5632 in
1822 5564 2324 5642 transformatione',
2359 5583 2516 5642 quam
2551 5566 2719 5632 {uerat
2779 5573 2898 5616 ante
2948 5564 3299 5642 translofmaf

1735 5649 1950 5708 tionem,
1972 5638 2064 5696 'ita
2096 5657 2198 5694 non
2227 5643 2322 5692 erit
2356 5638 2462 5692 alia
2493 5645 2798 5690 sanctorum
2830 5638 3049 5702 species,
3086 5638 3296 5686 etiattui

1735 5718 1898 5771 multo
1929 5714 2202 5791 gloriosior
2228 5709 2343 5778 ﬁat.
