3834 6388
257 4721 260 4725 -
341 4687 502 4750 locis,
533 4689 621 4740 ttbi
665 4692 926 4758 Sct‘ipltlln
956 4692 1105 4746 est“
1153 4712 1165 4747 :

358 169 498 224 1095

1762 159 1851 214 EX
1892 155 2194 216 ORIGENE

3473 166 3634 222 i396

354 305 487 361 gens
519 286 862 360 propriarum
901 284 1224 350 formarum,
1269 292 1634 353 notarumque
1678 281 1916 337 videatut

2031 277 2368 347 ἐνδοξότερον
2413 278 2636 349 γένηται
2675 277 2839 332 αὑτοῦ
2891 281 2923 348 ἡ
2973 282 3146 354 τροπή
3172 301 3184 313 ·
3223 284 3408 358 ὥσπερ
3457 281 3526 358 ἧν
3554 291 3636 340 τὸ

355 398 479 440 esse
510 381 800 437 diversitas
833 397 848 445 ;
881 379 954 434 ita
989 389 1043 436 et
1072 380 1123 433 in
1168 394 1233 433 eo
1277 379 1344 433 de
1376 392 1484 446 quo
1510 377 1741 447 agimus,
1768 375 1928 428 intel-

357 474 630 542 ligendum
659 480 738 527 est
769 480 1093 541 prasentem
1125 470 1374 538 corporis
1413 467 1651 537 speciem
1680 465 1927 520 eamdem

354 582 477 623 esse
508 581 634 621 cum
664 564 843 632 futura
877 582 889 618 :
924 579 1043 618 cum
1076 577 1142 617 eo
1185 570 1386 627 tamen,
1419 569 1477 614 ut
1505 558 1841 613 incredibilis
1871 557 1924 611 in

358 660 552 716 melius
586 659 657 714 sit
693 658 870 712 futura
923 657 1170 712 mutatio.
1227 649 1460 709 Necesse
1505 662 1590 708 est
1635 652 1778 707 enim
1810 652 1928 704 ani-

358 766 500 805 mam
572 749 854 814 corporeis
911 749 963 801 in
1025 747 1162 801 locis
1207 746 1500 801 hatrentetn
1550 741 1929 798 consentaneis

355 842 459 898 sibi
518 843 594 895 uti
660 840 1001 912 corporilms.
1050 840 1228 907 Atque
1286 847 1338 889 ιιι
1402 837 1447 891 si
1501 836 1552 888 in
1607 833 1924 903 aquatilium

355 942 605 987 naturam
670 945 970 986 conversos
1032 930 1195 982 vitam
1265 929 1316 981 in
1381 927 1517 982 mari
1584 927 1928 997 nos_degere

355 1034 683 1097 Oporteret,
739 1024 1106 1078 necessarium
1183 1024 1322 1077 foret
1395 1037 1494 1077 nos
1561 1022 1664 1076 alia
1733 1037 1927 1092 corpo-

355 1134 474 1174 rum
523 1116 938 1180 constitutione,
1001 1114 1346 1186 pisciumque
1405 1115 1568 1169 simili
1617 1129 1739 1169 esse
1791 1131 1926 1184 pra--

353 1205 640 1260 ditoszita
700 1205 791 1274 qui
852 1203 1116 1257 rmlorum
1169 1205 1315 1274 regni
1368 1204 1731 1259 litereditatem
1767 1203 1926 1276 535

350 1295 548 1349 adituri
611 1306 774 1361 sunt,
823 1311 884 1350 ac
929 1294 1156 1350 diversis
1209 1295 1262 1348 in
1319 1297 1540 1350 sedibus
1602 1297 1918 1358 ltabitaturi,

349 1388 619 1459 spiritalia
679 1403 893 1458 quoque
946 1404 1178 1456 corpora
1229 1387 1467 1442 Ital-eant
1523 1403 1743 1444 necesse
1791 1399 1920 1444 est:

352 1493 457 1533 non
505 1479 647 1547 quod
697 1480 848 1548 prior
890 1480 1271 1547 exstinguatur
1321 1478 1561 1546 species,
1611 1481 1823 1534 tametsi
1873 1481 1922 1534 in

351 1569 619 1624 illustrius
663 1571 920 1639 quiddam
971 1570 1370 1638 gloriosiusqne
1409 1581 1669 1624 mutetur.
1723 1573 1924 1639 Quem-

2044 369 2217 440 Ἰησοῦ
2257 367 2416 434 εἶδος,
2449 371 2542 423 καί
2585 371 2882 435 Μωῦσέως,
2915 375 3008 426 καὶ
3055 374 3256 442 Ἡλίου,
3292 379 3391 450 οὐχ
3426 379 3634 450 ἕτερον

2030 462 2088 513 ἐν
2126 463 2191 531 τῇ
2230 460 2675 531 μεταμορφώσει,
2707 462 2836 533 παρ’
2863 462 2891 514 ὃ
2923 459 3009 533 ἦν.
3045 465 3136 535 Μὴ
3171 467 3476 537 πρόσκοπτε
3505 467 3634 521 τοί-

2029 570 2145 617 νυν,
2192 556 2241 606 εί
2294 554 2354 606 τδ
2408 552 2621 624 πρῶτον
2678 553 3036 624 ὑποκείμενον
3093 555 3157 609 ἀν
3207 576 3290 621 τις
3335 559 3480 627 λέγοι
3538 559 3631 630 μὴ

2030 646 2246 700 ἔσεσθαι
2290 647 2486 699 ταυτὸν
2535 647 2677 710 τότε,
2705 646 2836 699 ὅπου
2869 649 2898 699 ὀ
2940 647 3096 716 λόγος
3147 653 3259 713 τοῖς
3304 653 3629 719 ἐφιστάνειν

2027 737 2343 808 δυναμένοις
2385 737 2676 800 δείκνυσιν,
2711 738 2792 789 ὅτι
2822 736 2942 789 οὑδέ
2973 738 3068 791 νῦν
3101 740 3320 794 δύναται
3353 742 3446 794 δύο
3475 743 3629 813 ἡμε-

2032 829 2139 900 ρῶν
2172 825 2309 882 εἶναι
2340 828 2402 881 τὸ
2431 826 2644 901 πρῶτον
2672 827 3046 898 ὑποκείμενον.
3079 830 3260 895 Ἀξιον
3291 832 3348 885 δὲ
3388 834 3630 904 ἐπιστῆ-

2031 941 2119 976 σαι
2165 923 2260 976 κα)⁸
2295 922 2384 985 τὸ,
2432 923 2669 992 ἑτεροῖον
2719 923 2819 994 μὲν
2874 924 3220 995 σπείρεσθαι,
3272 926 3506 996 ἑτεροῖον
3555 925 3623 980 δὲ

2028 1012 2379 1068 ὀινίστασθαι⁸
2421 1033 2436 1064 σ
2467 1013 2754 1084 Σπείρεται
2803 1015 2912 1085 γὰρ
2961 1014 3120 1086 σῶμα
3167 1015 3420 1085 ψυχικὸν,
3461 1018 3622 1085 ἐγεί-

2029 1122 2181 1178 ρεται
2233 1103 2392 1174 σῶμα
2441 1105 2831 1174 πνευματικόν.
2860 1125 2877 1155 ι
2917 1107 3026 1159 Καὶ
3084 1106 3332 1178 ἐπιφέρει
3383 1110 3550 1160 πᾶσιν
3587 1111 3624 1162 ὁ

2041 1194 2392 1256 Ἀπόστολος,
2443 1193 2624 1264 σχεδὸν
2659 1194 2756 1264 τὴν
2787 1195 2983 1265 γηῖνην
3020 1196 3280 1265 ποιότητα
3326 1198 3474 1266 ἡμᾶς
3526 1197 3620 1249 δι-

2025 1287 2240 1340 δάσκων
2276 1284 2628 1338 ἀποτίθεσθαι
2665 1286 2884 1356 μέλλειν
2908 1288 3072 1358 ἡμᾶς,
3104 1287 3194 1340 τοῦ
3232 1288 3405 1352 εἴδους
3439 1289 3624 1352 σωζο-

2030 1381 2189 1452 μένου
2238 1379 2377 1434 κατά
2413 1379 2511 1450 τὴν
2542 1380 2866 1432 ἀνάστασιν·
2907 1400 2923 1430 ι
2955 1381 3128 1450 Τοῦτο
3159 1381 3214 1434 δέ
3251 1400 3412 1452 φημι,
3455 1381 3621 1435 ἀδελ-

2027 1474 2138 1540 φοὶ,
2179 1472 2260 1524 ὃτι
2295 1471 2431 1542 σὰρξ
2463 1471 2555 1523 καὶ
2589 1465 2727 1540 αἷμα
2761 1469 3186 1537 βασιλεία-με’)εοῦ
3203 1471 3619 1542 κληρονομῆσαι

2027 1565 2087 1615 οὐ
2131 1563 2383 1624 δύναται,
2429 1561 2610 1632 οὑδέή
2657 1562 2833 1632 φθορά
2878 1562 2979 1634 τὴν
3030 1563 3354 1634 ἀφθαρσίαν.
3383 1583 3398 1612 ι
3444 1565 3622 1626 Ἴσως

352 1659 642 1714 admodum
682 1634 808 1715 iesu
855 1677 918 1715 ac
947 1660 1144 1732 Moysis
1189 1670 1242 1715 et
1282 1634 1408 1715 iilite
1435 1664 1720 1732 speciesin
1751 1673 1916 1719 trans-

2027 1657 2124 1728 μὲν
2170 1656 2278 1726 γὰρ
2314 1655 2462 1707 ἐσται
2498 1657 2626 1726 περὶ
2673 1653 2766 1708 τοῦ
2802 1655 2893 1708 τὸν
2933 1655 3086 1723 ἆγιον
3118 1654 3228 1725 (66)
3278 1655 3617 1727 διακρατοῦ-

355 1749 678 1804 formatione
707 1766 812 1803 non
857 1750 984 1814 alia,
1018 1767 1321 1820 quamqua:
1345 1752 1501 1807 initio
1531 1764 1670 1818 erat,
1692 1755 1919 1808 exstitit.

355 1839 471 1893 Non
504 1850 554 1893 te
588 1841 753 1910 igitur
803 1840 1064 1908 offendat,
1103 1841 1146 1895 si
1179 1843 1300 1910 quis
1342 1844 1571 1911 primam
1619 1845 1919 1915 subjectam

352 1929 636 1983 materiam
678 1945 784 1984 non
819 1932 1066 1986 eamdem
1103 1937 1232 1986 tunc
1263 1933 1500 1986 futuram
1529 1935 1728 1988 dixerit
1755 1952 1768 2000 ;
1798 1951 1918 1989 cum

349 2033 416 2072 ne
447 2019 610 2073 biduo
655 2021 873 2088 quidem
918 2021 1080 2076 modo
1111 2024 1358 2077 eamdem
1411 2025 1555 2078 illam
1598 2040 1921 2094 permanere

348 2123 509 2176 posse
540 2111 680 2164 ratio
707 2112 825 2182 ipsa
855 2113 1122 2177 declaret,
1153 2113 1197 2168 si
1226 2115 1347 2182 quis
1377 2126 1611 2169 mentem
1649 2115 1776 2169 velit
1820 2116 1919 2170 ad-

346 2213 582 2258 vertere.
611 2203 1100 2260 Animadversione
1143 2217 1408 2274 prmterea
1437 2208 1661 2276 dignum
1693 2218 1748 2263 et
1792 2209 1920 2266 illud

344 2301 467 2346 est:
505 2293 779 2348 diversum
830 2295 1088 2349 seminari
1140 2311 1364 2366 corpus,
1410 2297 1790 2369 diversumque
1837 2316 1922 2356 re-

342 2397 618 2454 surgere:
667 2405 686 2438 ί
736 2385 1052 2442 Seminatur
1088 2389 1230 2445 enim
1283 2404 1479 2458 corpus
1527 2391 1780 2453 animale,
1830 2406 1918 2446 re-

343 2489 532 2548 surget
562 2494 760 2548 curpus
790 2479 1035 2548 spiritale
1057 2488 1100 2535 ³.
1158 2501 1176 2533 ι
1223 2482 1318 2536 llis
1358 2484 1612 2540 omnibus
1652 2485 1917 2554 ejusmodi

343 2568 412 2620 ab
460 2567 721 2636 Apostolo
770 2569 1174 2638 subjiciuntur,
1228 2575 1426 2642 quibus
1491 2590 1591 2629 nos
1648 2585 1916 2630 terrenam

342 2658 659 2728 qualitatem
695 2661 776 2716 sic
805 2675 927 2715 esse
959 2661 1235 2730 posituros
1271 2667 1450 2731 docet,
1493 2676 1551 2720 ut
1592 2667 1705 2737 ipsa
1743 2667 1796 2722 in
1835 2685 1919 2724 re-

343 2754 686 2808 surrectione
730 2758 944 2826 Species
1006 2760 1154 2815 salva
1208 2763 1526 2830 integraque
1571 2770 1912 2830 permaneat.

350 2863 367 2896 ι
400 2845 512 2902 lloc
543 2859 726 2903 autem
755 2851 903 2918 dico,
924 2851 1144 2920 fratres,
1169 2855 1431 2925 quoniam
1455 2870 1582 2910 caro
1611 2864 1664 2909 et
1691 2858 1916 2925 sanguis

343 2951 566 3009 regnum
605 2941 697 2996 Dei
744 2945 1028 3013 possidere
1085 2957 1384 3017 nequeunt,
1430 2963 1604 3017 neque
1639 2950 1914 3019 corruptio
1942 2977 1986 3037 ρ

342 3033 808 3102 incorruptionem
841 3037 907 3089 ιθ.
943 3057 962 3090 ι
1005 3037 1118 3093 Etsi
1166 3041 1310 3094 enim
1371 3041 1604 3096 fortasse
1651 3043 1911 3097 eximium

341 3126 599 3194 quiddatu
623 3137 948 3182 sanctorum
977 3132 1194 3200 corpori
1229 3131 1574 3186 tribuendum
1605 3134 1734 3198 erit,
1769 3144 1826 3188 ut
1861 3135 1914 3189 id

339 3217 525 3271 carnis
552 3218 666 3289 ipsa
701 3222 1010 3290 preprietas
1045 3235 1354 3290 conservet,
1397 3240 1530 3280 caro
1581 3235 1762 3281 tamen
1793 3243 1913 3281 am-

344 3309 484 3377 plius
534 3326 642 3364 non
680 3312 806 3376 erit,
841 3312 934 3367 sed
979 3315 1125 3383 quod
1178 3314 1230 3368 in
1275 3331 1443 3370 carne
1495 3317 1640 3372 velut
1693 3319 1912 3387 propria

340 3404 584 3470 quaedam
621 3415 742 3458 nota
781 3415 898 3459 erat
941 3406 1290 3476 impressum,
1331 3409 1434 3464 hoc
1475 3410 1615 3464 idem
1660 3412 1711 3465 itt
1751 3414 1914 3482 Spiri-

343 3495 436 3549 tali
474 3511 706 3566 corpore
745 3497 1182 3563 consignandnm
1213 3500 1338 3552 erit.
1371 3499 1524 3566 Quod
1558 3516 1686 3556 vero
1724 3502 1790 3556 ad
1813 3517 1915 3557 .eos

340 3588 640 3658 Scriptura:
698 3589 845 3644 locos
895 3591 1116 3653 attinet,
1161 3592 1254 3660 qui
1311 3606 1339 3644 a
1395 3594 1657 3649 fratribus
1712 3596 1915 3650 nostris

339 3681 716 3748 objiciuntur,
777 3682 846 3734 ita
911 3682 1151 3737 breviter
1207 3701 1502 3739 occurrere
1575 3701 1911 3754 possumus;

339 3784 505 3842 atque
553 3774 800 3841 inprimis
859 3775 908 3828 ei
950 3791 1110 3844 quem
1165 3792 1230 3832 ex
1287 3778 1566 3832 Ezechiele
1613 3779 1912 3847 proferunt.

342 3863 554 3918 Etenim
605 3865 649 3918 si
700 3866 978 3918 rudiorutn
1033 3880 1268 3924 mentem
1312 3886 1378 3924 ac
1423 3886 1644 3940 scepum
1691 3871 1916 3927 velimus

344 3955 646 4019 attendere,
685 3969 845 4022 quem
884 3956 937 4008 in
969 3956 1076 4010 illis
1114 3961 1390 4028 propheta:
1424 3962 1603 4016 verbis
1642 3963 1745 4017 sibi
1787 3979 1916 4032 pro-

345 4056 671 4113 posuerunt:
694 4062 1038 4117 consequens
1061 4062 1164 4115 est,
1197 4068 1261 4107 ne
1287 4053 1446 4107 ullam
1489 4056 1706 4124 quidem
1733 4059 1914 4114 carnis

342 4139 798 4194 resurreCIionem
829 4141 1002 4194 videri
1029 4143 1172 4210 ;_sed
1209 4145 1412 4198 ossium
1441 4146 1730 4212 duntaxat,
1775 4151 1914 4204 cuti-

340 4229 590 4284 cularnm
641 4240 804 4299 atque
873 4246 1193 4288 nervorum.
1247 4233 1352 4288 Sed
1399 4246 1452 4290 et
1507 4237 1635 4291 illud
1685 4241 1912 4295 demon-

2025 1766 2206 1821 μενον,
2245 1749 2349 1802 ὑπὸ
2393 1748 2485 1801 τοῦ
2518 1749 2898 1813 ίδιοποιοῦντός
2930 1767 3058 1802 ποτε
3091 1749 3186 1821 τὴν
3222 1750 3430 1820 σάρκα·
3466 1751 3614 1821 σάρξ

2021 1839 2076 1892 δέ
2138 1839 2354 1899 οὐκέτι,
2403 1839 2516 1892 ἀλλ’
2564 1840 2701 1911 ὅπερ
2755 1841 2886 1892 ποτέ
2939 1839 3403 1912 ἐχαρακτηρίζετο
3445 1843 3503 1894 ἐν
3539 1843 3612 1911 τῇ

2024 1933 2208 2003 σαρκὶ,
2239 1931 2398 1984 τοῦτο
2427 1930 3000 2003 χαρακτηρισθήσεται
3051 1934 3107 1984 ἐν
3138 1931 3215 2002 τῷ
3247 1932 3614 2003 πνευματικῷ

2023 2019 2253 2092 σώματι.
2300 2023 2408 2074 Καὶ
2453 2021 2589 2092 πρὸς
2641 2020 2708 2073 τὰ
2756 2022 2974 2093 ῥήματα
3023 2021 3078 2074 δέ
3123 2020 3232 2074 τῶν
3276 2021 3534 2095 Γραιξ-ὦν,
3571 2023 3612 2076 ἃ

2025 2111 2416 2184 παρατίθενται
2445 2114 2493 2165 οἱ
2537 2113 2754 2180 ἀδελφοὶ
2801 2111 2983 2183 ἡμῶν,
3011 2112 3182 2166 ταῦτα
3230 2113 3376 2166 ἔστιν
3400 2115 3606 2178 εἰπεῖν,

2025 2206 2119 2259 καὶ
2167 2205 2378 2276 πρῶτον
2411 2208 2468 2258 ἐν
2508 2204 2586 2275 τῷ
2629 2203 2906 2276 Ἰεζεχιήλ.
2947 2207 3068 2259 Ἐπὶ
3102 2206 3163 2258 τὸ
3191 2206 3314 2259 ὅσον
3364 2208 3472 2276 (67)
3513 2209 3606 2277 ἐφ’

2021 2293 2100 2364 οἷς
2133 2297 2410 2369 βούλονται
2441 2299 2489 2351 οί
2536 2297 2893 2369 ἀπλούστεροι
2947 2297 3088 2351 κατὰ
3118 2299 3217 2361 τὰς
3255 2298 3426 2365 λέξεις
3467 2300 3610 2354 ταύ-

2020 2407 2138 2454 τας,
2165 2389 2282 2444 οὐδέ
2311 2390 2605 2452 ἀνάστασις
2644 2388 2862 2460 σαρκῶν
2897 2387 3068 2450 ἔσται,
3101 2389 3237 2442 ἀλλὰ
3267 2390 3469 2442 ὀστέων
3507 2390 3600 2460 μό.

2022 2501 2132 2547 νον,
2169 2483 2264 2537 καὶ
2312 2483 2620 2554 δερμάτων,
2649 2484 2741 2536 καὶ
2781 2485 3006 2554 νεύρων.
3040 2483 3188 2552 ’Ἅμα
3232 2483 3288 2536 δέ
3338 2484 3432 2536 καὶ
3465 2484 3607 2537 ὐπο-

2019 2574 2257 2628 δεικτέον
2305 2577 2522 2639 αὐτοῖς,
2567 2576 2650 2628 ὅτι
2702 2575 3158 2646 συναρπάζονται,
3193 2575 3268 2638 ὼς
3313 2575 3386 2648 μὴ
3421 2593 3609 2648 νενοη-

2023 2666 2178 2731 κότες
2209 2667 2271 2721 τὸ
2300 2667 2705 2740 γεγραμμένον.
2750 2669 2824 2721 Οὐ
2853 2667 2981 2739 γὰρ,
3011 2669 3058 2720 εί
3091 2668 3224 2721 ὀστᾶ
3252 2668 3603 2736 ὀνομάζεται,

2020 2757 2236 2819 πάντως
2268 2757 2338 2810 τὰ
2369 2760 2502 2810 ὀστᾶ
2549 2756 2720 2811 ταῦτα
2753 2758 2970 2828 νοητέον
2990 2775 3002 2788 ·
3046 2757 3232 2828 ὥσπερ
3264 2758 3383 2810 οὐδὲ
3413 2761 3471 2810 ἐν
3499 2759 3608 2829 τῷ,

2023 2867 2042 2899 ε
2071 2849 2470 2921 Διεσκορπίσθη
2522 2850 2700 2903 πάντα
2731 2850 2798 2902 τὰ
2826 2851 2959 2904 ὀστᾶ
2999 2868 3118 2922 μου.
3143 2871 3160 2900 ι
3197 2852 3325 2910 Καὶ,
3366 2870 3384 2900 ‹
3416 2850 3605 2903 Ἵασαί

2022 2959 2109 3012 με,
2132 2943 2212 2995 ὅτι
2239 2943 2512 3015 ἐταράχθη
2534 2944 2602 2996 τὰ
2629 2946 2761 2998 ὀστᾶ
2781 2961 2902 3015 μου,
2919 2964 2934 2995 ι
2961 2943 3190 3015 φανεροῦ
3217 2943 3361 3008 ὄντος
3392 2943 3485 2996 τοῦ
3517 2944 3601 3014 μὴ

2021 3035 2273 3104 λέγεσθαι
2311 3037 2379 3090 τὰ
2415 3040 2548 3091 ὀστᾶ
2587 3039 2728 3092 κατὰ
2754 3040 2851 3110 τὴν
2881 3038 3064 3109 κοινὴν
3095 3038 3340 3108 ἐκδοχὴν.
3378 3036 3603 3104 Ἐπιῳέ-

2015 3145 2164 3201 ρεται
2198 3130 2326 3200 γοῦν
2362 3131 2440 3202 τῷ
2467 3132 2610 3203 λόγῳ
2631 3149 2643 3163 ·
2667 3128 2814 3202 ’Ἃρά
2861 3148 2922 3199 γε
2971 3131 3239 3199 λέγουσιν,
3280 3151 3295 3180 ι
3319 3129 3466 3204 Ξηρὰ
3508 3130 3598 3198 γέ-

2013 3239 2139 3290 γονε
2164 3222 2231 3276 τά
2263 3225 2424 3277 ὀστέα
2449 3227 2480 3294 ἡ
2492 3224 2626 3294 μῶν·
2661 3246 2679 3277 ι
2711 3226 2791 3277 ὅτι
2827 3243 2845 3274 ι
2876 3224 3027 3276 αὐτοὶ
3050 3223 3316 3290 λέγουσιν,
3344 3224 3420 3274 ὅτι
3447 3223 3593 3292 Ξηρᾶ

2014 3318 2206 3385 γέγονε
2246 3319 2314 3372 τὰ
2349 3319 2483 3372 ὀστᾶ
2525 3320 2702 3389 ἡμῶν,
2739 3340 2757 3368 ι
2796 3319 3040 3381 θέλοντες
3067 3316 3386 3370 ἀνίστασθαι
3433 3332 3592 3368 συνα-

2014 3411 2239 3481 χθέντα;
2282 3411 2440 3465 Ἀλλὰ
2469 3412 2624 3466 τοῦτο
2653 3413 2950 3483 ἀμήχανον.
2988 3413 3212 3479 Λέγοιεν
3259 3412 3300 3465 δ’
3336 3412 3420 3475 ἂν,
3457 3410 3594 3482 ξηρὰ

2014 3504 2203 3574 γέγονε
2258 3504 2324 3558 τὰ
2356 3506 2518 3560 ὀστέα
2562 3505 2740 3577 ἡμῶν,
2785 3509 2840 3559 ἐν
2881 3506 3278 3578 αἰχμαλωσίαις
3319 3506 3591 3575 γενόμενοι

2016 3599 2108 3649 καὶ
2149 3599 2326 3649 πᾶσαν
2374 3597 2608 3669 ζωτικὴν
2639 3597 2818 3652 νοτίδα
2871 3598 3330 3667 ἀποϐεϐληκότες.
3376 3596 3590 3665 Ἐπιφέ-

2017 3705 2169 3760 ρουσι
2212 3689 2342 3757 γοῦν
2388 3690 2469 3754 τὸ,
2512 3710 2528 3741 ι
2567 3691 2868 3745 ’Λπόλωλεν
2907 3693 2938 3761 ή
2992 3692 3145 3757 ἐλπὶς
3188 3690 3378 3762 ἡμῶν·
3407 3689 3592 3742 διαπε-

2017 3782 2369 3852 φωνήκαμεν.
2405 3802 2422 3832 ι
2457 3783 2663 3836 Οὐκοῦν
2701 3787 2732 3856 ἡ
2768 3784 3068 3853 ἐπαγγελία
3112 3783 3213 3853 τῆς
3247 3783 3591 3844 ἀναστάσεως

2015 3871 2108 3924 τοῦ
2137 3871 2265 3925 λαοῦ
2311 3875 2456 3926 ἐστιν
2502 3875 2608 3927 ἀπὸ
2645 3876 2739 3928 τοῦ
2786 3876 3099 3947 πτώματος,
3136 3877 3230 3929 καὶ
3280 3875 3380 3944 τῆς
3437 3874 3593 3927 οἱονεὶ

2017 3965 2342 4036 νεκρότητος
2368 3966 2433 4036 ἣν
2467 3967 2846 4038 νενέκρωνται,
2873 3968 2960 4020 διὰ
2992 3968 3055 4020 τὰ
3087 3967 3456 4037 ἁμαρτήματα
3485 3968 3592 4026 τοῖς

2017 4061 2230 4131 ἐχθροῖς
2282 4061 2694 4132 παραδοθέντες.
2762 4065 2871 4116 Καὶ
2921 4065 2970 4115 oi
3027 4062 3339 4134 ἁμαρτωλοὶ
3383 4061 3438 4114 δέ
3491 4059 3593 4113 ὑπὸ

2014 4152 2108 4205 τοῦ
2143 4153 2392 4224 Σωτῆρος
2420 4155 2667 4223 λέγονται
2712 4153 2849 4210 εἶναι
2891 4157 3050 4225 τάφοι
3086 4157 3344 4226 γέμοντες
3392 4154 3590 4206 ὀστέων

2017 4245 2109 4298 καὶ
2142 4245 2319 4314 πάσης
2364 4246 2726 4318 ἀκαθαρσίας.
2759 4248 2962 4318 Πρέπει
2993 4248 3048 4301 δέ
3099 4247 3175 4317 τῷ
3209 4246 3326 4316 Θεῷ
3357 4244 3590 4311 ἀνοίγειν

338 4321 624 4376 strandum
662 4323 797 4391 ipsis
829 4333 932 4388 est,
966 4333 1169 4382 temere
1205 4325 1326 4382 illos
1354 4328 1405 4382 in
1434 4345 1676 4385 errorem
1713 4333 1908 4403 abripi,

2019 4337 2084 4391 τὰ
2127 4341 2364 4408 μνημεῖα
2411 4340 2665 4402 ἐκάστου,
2696 4342 2787 4394 καὶ
2820 4341 3033 4408 ἐξάγειν
3068 4341 3131 4393 ἐκ
3165 4339 3272 4392 τῶν
3311 4337 3588 4409 μνημείων

339 4413 465 4467 dum
517 4414 703 4486 scripti
773 4418 1098 4472 sententiam
1167 4435 1510 4492 nequaquam
1579 4426 1909 4494 percipiunt.

336 4500 524 4570 Neque
557 4505 700 4559 enim
731 4521 854 4561 cum
892 4523 1015 4564 ossa
1055 4509 1431 4580 nominantur,
1476 4514 1590 4568 lttec
1633 4515 1749 4584 ipsa
1791 4533 1911 4584 quae

337 4593 600 4650 habemus
649 4611 774 4650 ossa
831 4614 928 4666 par
974 4608 1058 4654 est
1118 4600 1289 4670 accipi
1337 4618 1352 4668 ;
1397 4604 1475 4656 uti
1517 4619 1692 4674 neque
1735 4606 1788 4660 in
1828 4609 1911 4662 Itis

1221 4713 1239 4746 ‹
1277 4695 1532 4763 Dispersa
1569 4705 1694 4750 sunt
1725 4699 1908 4753 omnia

337 4795 462 4835 ossa
504 4796 644 4835 mea.
677 4801 696 4833 ι
738 4783 874 4837 Τυιιι
909 4785 951 4815 η
986 4803 999 4838 :
1059 4806 1077 4836 ι
1111 4785 1258 4840 Sana
1311 4804 1420 4852 me,
1472 4790 1725 4858 quoniam
1777 4809 1910 4848 con-

339 4877 555 4931 turbata
589 4888 714 4933 sunt
740 4895 865 4934 ossa
903 4898 1063 4937 mea:
1102 4904 1122 4938 ι
1158 4901 1280 4939 cum
1323 4886 1392 4940 sit
1423 4885 1771 4940 manifestum
1803 4900 1908 4939 non

340 4971 639 5026 secundum
713 4973 990 5042 vulgarem
1073 4979 1354 5032 notionem
1433 4979 1638 5033 ossium
1715 4994 1909 5034 nomen

340 5064 618 5132 usurpari.
661 5063 896 5122 Proinde
946 5071 1128 5122 statim
1164 5073 1352 5125 eadem
1400 5072 1452 5126 in
1487 5073 1733 5126 oratione
1778 5073 1908 5128 sub-

333 5153 578 5225 jnngitur
608 5156 652 5188 ¹⁸
682 5175 696 5212 :
735 5175 755 5209 ι
786 5157 863 5211 Eo
893 5159 1036 5228 quod
1069 5159 1170 5229 ipsi
1202 5161 1428 5216 dicunt:
1461 5164 1721 5232 quoniam
1753 5164 1906 5219 arida

340 5251 480 5304 facta
522 5260 650 5304 sunt
694 5267 816 5306 ossa
865 5262 1072 5307 nostra.
1109 5271 1127 5304 ι
1162 5253 1296 5307 Num
1334 5255 1436 5309 ltoc
1487 5257 1650 5325 igitur
1693 5257 1901 5322 dicunt,

345 5359 362 5389 ι
389 5342 553 5397 Arida
582 5344 722 5398 facta
766 5355 892 5398 sunt
946 5361 1067 5399 ossa
1119 5355 1325 5406 nostra,
1367 5364 1384 5397 ι
1439 5349 1579 5415 quod
1616 5349 1804 5402 eadem
1849 5350 1900 5403 in

401 5443 428 5474 ⁸
455 5438 472 5491 1
499 5438 620 5492 Cor.
649 5453 737 5502 xv,
759 5438 846 5492 44.
925 5439 969 5468 ¹⁰
995 5439 1122 5493 ibid.
1153 5439 1242 5492 20.
1321 5441 1359 5471 “
1389 5441 1528 5494 Psal.
1565 5458 1684 5508 χχι,
1721 5443 1807 5500 15.

1887 5449 1944 5510 ’⁸,
1966 5448 2111 5504 Psal.
2144 5469 2218 5516 vr,
2255 5455 2308 5509 5.

2021 4430 2167 4499 ἡμᾶς
2213 4430 2698 4503 ἐζωοποιημένους,
2726 4432 2914 4504 ὥσπερ
2949 4435 2976 4486 ὁ
3007 4432 3194 4504 Σωτὴρ
3229 4432 3318 4484 τὸν
3343 4428 3588 4498 Λάζαρον

2018 4522 2265 4576 εἵλκυσεν
2297 4524 2420 4590 ἔξω.
2450 4526 2522 4577 Τὸ
2550 4526 2630 4588 δέ,
2661 4546 2678 4576 ‹
2721 4527 2868 4590 Ἐκεῖ
2897 4525 3048 4578 ἕσται
3075 4527 3103 4576 ὀ
3134 4523 3406 4594 κλαυθμὸς
3437 4521 3530 4574 καὶ
3560 4519 3587 4572 ὁ

2020 4613 2262 4686 βρυγμὸς
2292 4618 2400 4670 τῶν
2434 4618 2680 4684 ὀδόντων,
2709 4639 2726 4670 ι
2761 4619 2897 4690 πρὸς
2931 4619 3126 4681 αὐτοὺς
3155 4615 3476 4687 ἀπορητέον,
3511 4615 3586 4666 ὅτι

2015 4707 2091 4772 ὡς
2121 4711 2176 4762 ἐν
2223 4710 2396 4781 τούτῳ
2430 4710 2505 4780 τῷ
2559 4712 2658 4782 βίῳ
2705 4714 2813 4765 πᾶν
2867 4712 3025 4782 μέλος
3063 4710 3143 4774 εἷς
3175 4727 3294 4762 τινα
3344 4708 3531 4779 χρείαν
3559 4706 3586 4759 ὁ

2018 4803 2358 4874 Δημιουργὸς
2411 4803 2846 4867 κατεσκεύασεν,
2898 4804 3039 4858 οὕτω
3083 4803 3333 4864 καὶτοὺς
3375 4801 3587 4859 ὀδόντας

2018 4896 2098 4957 είς
2144 4896 2202 4946 τὸ
2250 4895 2634 4949 διακόπτεσθαι
2675 4897 2774 4968 τὴν
2820 4895 3044 4967 στερεὰν
3087 4895 3312 4966 τροφήν,
3355 4892 3452 4954 Τίς
3499 4887 3586 4943 οἷν

2018 4988 2176 5059 χρεία
2203 4992 2315 5052 τοῖς
2359 4989 2745 5061 κολαζομένοις
2799 4989 3062 5050 ὀδόντων;
3106 4988 3167 5040 οὐ
3212 4985 3320 5056 γὰρ
3365 4986 3444 5047 είς
3494 4983 3586 5051 τὴν

2017 5078 2238 5146 γέενναν
2291 5079 2441 5144 ὄντες
2484 5081 2602 5136 κατ’
2633 5081 2830 5142 αὐτοὺς
2877 5081 3156 5148 φάγονται.
3194 5077 3301 5130 Καὶ
3330 5074 3584 5134 δεικτέον,

2014 5169 2098 5222 ὅτι
2139 5171 2198 5222 οὐ
2248 5172 2423 5225 πάντα
2463 5170 2984 5244 παραλαμϐάνεσθαι
3034 5170 3112 5223 δεῖ
3145 5169 3284 5222 κατὰ
3316 5168 3376 5220 τὸ
3406 5167 3587 5237 κείμε-

2011 5280 2118 5316 νον.
2159 5283 2176 5314 ι
2214 5266 2460 5330 ὐδόντας
2492 5265 2622 5335 γοῦν
2655 5265 2992 5338 ἁμαρτωλῶν
3033 5262 3386 5335 συνέτριψας·
3416 5280 3436 5312 ι
3477 5259 3584 5319 καὶ,

2017 5375 2035 5405 α
2070 5357 2180 5421 Τὰς
2225 5359 2395 5429 μύλας
2451 5360 2558 5415 τῶν
2601 5359 2830 5413 λεόντων
2887 5358 3206 5412 ουνέθλασεν
3247 5358 3274 5409 ὀ
3310 5354 3532 5426 Κύριος.
3564 5368 3583 5405 ι

2389 5456 2437 5487 ¹³
2463 5455 2656 5509 Ιίιοοιι.
2693 5471 2906 5520 ιχαιιι,
2937 5455 3023 5507 Η.

546 5550 949 5640 ῌΞρὶιτόῦυτόν
980 5550 1168 5640 cingor.
1200 5552 1370 5640 ﬁtt‘rle‘
1392 5553 1601 5638 legend.
1637 5558 1889 5631 περιττὸν

2019 5565 2108 5620 τῶν
2139 5567 2330 5635 ἁγίων.
2367 5569 2473 5624 Sed
2506 5569 2594 5626 llic
2628 5571 2779 5626 locus
2807 5581 3097 5640 corruptus
3131 5577 3234 5624 est.

413 5620 526 5690 (07)
570 5621 695 5676 Ἐπὶ
719 5623 784 5675 τὸ
807 5622 974 5678 ὅσον.
1011 5622 1192 5687 Forte,
1229 5623 1379 5677 Ἐπεὶ
1411 5627 1553 5678 ὅσον.
