3870 6504
217 275 343 333 4097

1191 270 1501 326 SELECTA
1535 269 1600 324 IN
1638 268 1978 326 PSALMOS.
2017 298 2087 310 —
2124 268 2321 324 PSAL.
2352 267 2396 324 1.

3323 269 3456 324 1098

212 373 303 436 Τίς
335 369 390 424 δὲ
425 369 595 434 οὕτως
629 367 853 438 ἠλίθιος,
895 367 970 432 ὡς
1001 368 1421 439 ὑπολαμϐάνειν,
1463 369 1562 432 ὅτι,
1597 365 1782 438 τηρῶν

1896 381 2051 420 unum
2115 365 2343 421 collecta
2426 361 2618 417 volunt
2664 359 3044 431 resurgere?
3103 359 3268 429 Atqui
3338 367 3454 421 tieri

208 466 274 522 τὰ
330 463 555 534 σώματα
605 463 711 516 τῶν
745 461 1080 534 ἁμαρτωλῶν
1115 463 1142 514 ὀ
1181 461 1341 526 Θεὸς,
1387 463 1512 524 τοὺς
1562 459 1779 522 ὀδόντας

209 555 379 614 αὐτῶν
435 552 706 625 συντρίϐει
745 553 934 623 μόνον;
976 554 1184 624 Ὥσπερ
1219 548 1309 606 οὖν
1355 552 1409 604 εἴ
1450 569 1567 614 τις,
1612 549 1778 603 θέλων

207 649 375 705 ταῦτα
404 645 574 710 οὓτως
623 645 788 715 ἔχειν,
819 644 1134 716 θλιϐόμενος
1179 645 1388 698 εἵλκετο
1437 643 1521 696 ἐπ’
1555 641 1782 713 ἀλληγο-

213 743 346 815 ρίαν,
370 737 543 802 οὕτως
576 738 835 809 ζητητέον
862 737 968 790 τῶν
1003 737 1381 809 κολαζομένων
1413 737 1504 790 τὸν
1539 736 1781 815 βρυγμὸν

210 809 313 890 τῶν
352 832 598 895 ὀδόντων,
641 831 742 900 τῆς
795 830 974 900 ψυχῆς
1004 830 1233 901 δύναμιν
1285 830 1592 901 μασητικὴν
1625 809 1781 900 ἑχού-

211 944 325 996 σης,
356 925 480 994 ἥτις
510 925 567 976 ἐν
598 921 774 994 καιρῷ
813 922 906 974 τοῦ
955 921 1180 991 ἐλέγχου
1217 923 1344 994 περὶ
1376 921 1486 975 τῶν
1535 923 1784 994 ἁμαρτη-

215 1022 414 1094 μάτων,
464 1016 604 1070 κατά
659 1014 750 1070 τὸν
801 1013 1178 1086 συγκρουσμὸν
1247 1013 1354 1067 τῶν
1412 1013 1662 1078 ὀδόντων,
1708 1012 1784 1078 ὡς

211 1111 488 1184 ἐφρόνησε,
539 1109 723 1181 βρόξει
765 1108 891 1171 τοὺς
937 1106 1174 1170 ὀδόντας.
1227 1106 1300 1158 Τὸ
1332 1105 1410 1170 δὲ,
1456 1125 1474 1158 ι
1507 1104 1783 1178 Φοϐήθητε

212 1207 296 1258 τὸν
325 1203 620 1274 δυνάμενον
651 1200 742 1254 καὶ
774 1199 950 1270 ψυχὴν
981 1200 1075 1253 καὶ
1117 1199 1178 1252 τὸ
1231 1200 1391 1270 σῶμα
1435 1197 1698 1251 ἀπολέσαι
1729 1199 1786 1251 ἐν

209 1298 416 1368 γεέννῃ,
443 1316 460 1346 ι
497 1296 635 1365 τάχα
665 1293 762 1364 μὲν
796 1292 1056 1356 διδάσκει,
1099 1292 1180 1345 ὅτι
1212 1290 1505 1363 ἀσώματος
1533 1293 1565 1362 ἡ
1611 1289 1783 1360 ψυχὴν

210 1390 346 1461 τάχα
374 1389 431 1442 δὲ
467 1387 617 1459 δηλοί
666 1387 762 1440 καὶ
793 1387 874 1439 ὅτι
919 1385 1087 1457 χωρὶς
1123 1383 1375 1453 σώματος
1425 1384 1485 1436 οὐ
1523 1381 1788 1448 κολασθή-

211 1497 392 1536 σεται·
427 1481 552 1549 περὶ
587 1469 648 1531 οὗ
693 1477 1138 1549 φυσιολογοῦντες
1182 1475 1248 1530 τὰ
1298 1476 1428 1546 περὶ
1477 1473 1572 1529 τοῦ
1617 1473 1790 1537 εἴδους

210 1574 302 1630 καὶ
347 1571 441 1626 τοῦ
492 1569 708 1643 πρώτου
761 1569 1124 1640 ὑποκειμένου
1193 1567 1514 1639 εἰρήκαμεν.
1567 1565 1676 1619 Καὶ
1729 1565 1791 1618 τὸ

210 1667 358 1739 παρὰ
403 1665 480 1736 τῷ
520 1663 825 1734 Ἀποστόλῳ
855 1664 932 1721 δὲ,
970 1681 987 1712 ι
1020 1662 1356 1731 Ζωοποιήσει
1391 1660 1488 1712 καὶ
1514 1660 1580 1712 τὰ
1621 1657 1790 1729 θνητὰ

1884 457 2028 512 istud
2087 472 2192 511 non
2258 463 2461 525 potest.
2510 453 2690 522 Quare
2740 453 2890 508 arida
2945 452 3064 506 ideo
3111 468 3206 508 sua
3273 455 3459 510 dicunt

1883 567 2029 618 ossa,
2077 550 2219 620 quod
2283 550 2336 604 in
2394 547 2804 619 captivitatibus
2867 548 2957 602 diu
3009 548 3179 603 habiti
3234 548 3454 602 vitalem

1884 657 2101 698 onmem
2154 641 2433 696 humorem
2487 640 2791 694 amiserint.
2834 638 2991 696 Unde
3037 648 3092 694 et
3136 640 3268 696 illud
3321 640 3458 696 infe-

1886 745 2010 788 runt
2038 753 2052 790 :
2095 754 2113 787 ι
2144 735 2314 790 Periit
2338 747 2461 802 Spes
2486 741 2673 786 nostra
2704 750 2716 785 :
2753 732 2977 786 abscissi
3009 746 3222 790 sumus.
3254 751 3274 786 ι
3307 733 3458 800 Quo-

1887 826 2033 880 circa
2070 825 2494 881 resurrectionis
2523 824 2610 877 illa
2643 823 2843 894 populo
2885 822 3022 878 facta
3053 825 3346 892 promissio
3389 825 3459 880 ab

1887 918 1976 972 illa
2006 919 2186 983 ruina,
2223 932 2287 972 ac
2325 915 2472 971 velut
2518 917 2859 980 enecatione,
2895 929 3001 985 qua
3037 915 3182 970 velut
3205 917 3458 971 exstincti

1885 1017 2034 1075 sunt,
2067 1009 2191 1064 dum
2221 1018 2444 1078 propter
2481 1005 2691 1060 scelera
2739 1005 2793 1059 in
2843 1005 3082 1060 hostium
3128 1015 3457 1074 potestatem

1890 1100 2072 1155 traditi
2089 1109 2236 1166 sunt,
2255 1100 2500 1170 quaedam
2527 1108 2610 1153 est
2630 1097 2888 1152 exeitatio
2927 1095 3127 1150 futura.
3149 1097 3458 1164 Quinetiam

1888 1201 2204 1264 peccatores
2226 1209 2254 1247 a
2276 1193 2564 1249 Saivature
2586 1190 2749 1262 536
2769 1188 3016 1259 sepulcra
3049 1204 3170 1246 esse
3204 1192 3462 1247 dicuntur

1889 1289 2125 1354 ossibus,
2180 1297 2342 1357 atque
2385 1287 2533 1341 omni
2582 1283 2924 1339 immunditia
2958 1282 3138 1352 plena.
3189 1286 3294 1340 Sed
3327 1285 3462 1340 illud

1891 1381 2084 1435 divina:
2115 1379 2384 1448 maiestati
2428 1378 2704 1442 convenit,
2741 1384 2800 1430 ut
2827 1375 3168 1446 singulorum
3212 1378 3465 1448 sepulcra

1893 1471 2204 1542 patefaciat,
2258 1479 2314 1526 et
2364 1485 2464 1526 nos
2519 1470 2588 1525 ad
2635 1469 2800 1523 vitam
2850 1470 3185 1523 instauratos
3223 1483 3470 1525 emonu-

1893 1563 2090 1618 mentis
2143 1564 2359 1640 educat,
2407 1562 2631 1632 perinde
2658 1577 2720 1617 ac
2746 1561 3009 1615 Lazarum
3045 1558 3190 1616 foras
3215 1559 3467 1616 Salvator

1894 1658 2154 1712 extraxit.
2191 1655 2308 1711 Jam
2333 1671 2463 1711 vero
2493 1656 2634 1725 quod
2676 1657 2821 1711 hunc
2858 1656 3035 1711 locum
3075 1653 3346 1724 objiciunt
3376 1654 3464 1708 u*:

210 1759 364 1832 ἡμῶν
405 1756 652 1828 σώματα,
678 1775 693 1806 ι
737 1754 931 1824 θνητοῦ
976 1753 1131 1816 ὄντος
1159 1750 1254 1804 τοῦ
1285 1750 1556 1820 σώματος,
1586 1750 1680 1802 καὶ
1728 1748 1788 1800 οὐ

1899 1769 1916 1801 ι
1957 1749 2035 1805 lbi
2065 1749 2170 1804 erit
2197 1747 2358 1804 ﬂetus
2388 1756 2444 1802 et
2471 1747 2678 1802 stridor
2714 1746 2986 1809 dentium,
3025 1767 3043 1799 ι
3099 1747 3178 1802 sic
3209 1746 3468 1801 adversus

214 1852 532 1926 μετέχοντος
573 1850 670 1919 τῆς
723 1847 985 1919 ἀληθινῆς
1033 1845 1208 1916 ζωῆς,
1261 1843 1482 1898 δύναται
1535 1840 1794 1914 παριστά-

210 1965 338 2007 νειν,
384 1947 516 1998 ὅπου
560 1943 620 1997 τὸ
665 1941 973 2014 σωματικὸν
1018 1935 1177 2002 εἶδος,
1213 1938 1343 2009 περὶ
1391 1932 1451 1991 οῦ
1489 1938 1790 2008 εἰρήκαμεν

210 2044 273 2111 τῇ
311 2039 471 2110 φύσει
531 2037 722 2109 θνητὸν
773 2035 854 2099 ὃν,
891 2053 908 2086 ι
958 2035 1086 2088 ὅταν
1137 2031 1370 2101 Χριστὸς
1423 2029 1707 2100 φανερωθῇ
1757 2029 1790 2098 ἡ

212 2132 325 2205 ζωὴ
386 2130 608 2203 quiut,»
661 2130 752 2182 καὶ
793 2126 924 2180 αὐτὸ
982 2124 1303 2197 μεταϐάλλει
1363 2122 1470 2176 ἀπὸ
1515 2120 1610 2174 τοῦ
1654 2117 1792 2174 εἶναι

210 2227 373 2299 σῶμα
413 2225 644 2279 θανάτου
693 2216 1045 2292 ζωοποιηθὲν,
1089 2219 1175 2272 διὰ
1208 2217 1268 2271 τὸ
1305 2216 1529 2287 Πνεῦμα
1564 2214 1625 2267 τὸ
1661 2213 1795 2279 ζωοο

211 2321 400 2376 ποιοῦν
431 2323 495 2373 ὲκ
525 2318 619 2372 τοῦ
661 2316 975 2387 πνεύματος
1002 2311 1306 2382 γεγονέναι.
1334 2309 1444 2363 Καὶ
1472 2307 1553 2370 τὸ,
1595 2326 1611 2357 ι
1651 2307 1796 2377 Ἐρεῖ

208 2415 282 2478 δὲ,
327 2412 452 2475 Πῶς
497 2410 798 2482 ἐγείρονται
842 2407 891 2460 οἱ
933 2407 1149 2476 νεκροὶ,
1184 2402 1320 2473 ποίῳ
1363 2400 1420 2454 δὲ
1455 2398 1668 2470 σώματι
1706 2397 1796 2470 ἔρ-

210 2524 432 2580 χονταις
465 2524 482 2557 ι
519 2502 740 2574 γυμνῶς
782 2499 1135 2572 παρίστησιν,
1171 2497 1252 2550 ὅτι
1291 2495 1352 2548 τὸ
1399 2493 1611 2563 πρῶτον
1660 2493 1794 2545 ὑπο-

211 2599 464 2670 κείμενον
507 2596 606 2650 οὐκ
647 2594 1034 2665 ἀναστήσεται.
1072 2592 1134 2643 Εἰ
1166 2588 1276 2660 γὰρ
1311 2585 1491 2650 καλῶς
1524 2583 1792 2654 ἐλάϐομεν

209 2691 272 2746 τὸ
323 2688 694 2762 παράδειγμα,
751 2684 964 2757 ῥητέον,
1028 2682 1109 2735 ὅτι
1157 2683 1184 2735 ὁ
1225 2676 1597 2751 σπερματικὸς
1640 2675 1797 2744 λόγος

212 2788 268 2840 ὲν
299 2783 381 2855 τῷ
421 2781 602 2852 κόκκῳ
649 2777 744 2832 τοῦ
791 2777 941 2831 σίτου
993 2774 1329 2847 δραξάμενος
1378 2770 1481 2841 τῆς
1530 2786 1798 2840 παρακει-

214 2878 386 2948 μένης
431 2875 582 2946 ὓλης,
618 2873 713 2927 καὶ
741 2871 809 2924 δι’
840 2870 968 2940 ὅλης
1009 2867 1179 2937 αὐτῆς
1224 2866 1503 2937 χωρήσας,
1536 2859 1796 2931 περιδρα-

212 2972 450 3042 ξάμενος
507 2968 675 3038 αὐτῆς
723 2965 818 3019 τοῦ
880 2960 1044 3017 αὐτοῦ
1096 2959 1290 3022 εἴδους,
1342 2949 1416 3008 ὧν
1468 2954 1579 3025 ἔχει
1635 2951 1796 3006 δυνά-

1896 1841 2013 1895 illos
2039 1840 2426 1910 disputandum
2459 1835 2731 1892 est:Cum
2769 1834 2823 1888 in
2846 1835 2969 1890 .hac
3006 1834 3113 1887 vita
3164 1833 3467 1887 membrum

1895 1946 2058 1987 omne
2102 1931 2168 1985 ad
2202 1944 2359 1984 usum
2417 1928 2656 1998 aliquem
2703 1941 2732 1980 a
2779 1940 2992 1981 summo
3038 1925 3128 1980 illo
3167 1924 3363 1995 opiﬁce
3399 1924 3469 1978 sit

1894 2024 2196 2089 conditum,
2253 2030 2365 2076 tum
2421 2035 2552 2076 vero
2604 2020 2795 2074 dentes
2844 2016 3016 2073 solido
3075 2018 3197 2073 cibo
3244 2016 3472 2073 commi-

1896 2115 2111 2171 nuendo
2165 2124 2294 2169 sunt
2344 2113 2494 2168 facti.
2543 2112 2680 2180 Quid
2729 2111 2896 2181 igitur
2922 2109 3175 2166 dentibus
3198 2123 3334 2179 opus
3364 2108 3472 2163 illis

1895 2221 1998 2272 est.
2020 2210 2110 2280 qui
2133 2208 2270 2278 apud
2293 2205 2495 2261 inferos
2518 2206 2868 2261 cruciantur?
2897 2203 3038 2271 Non,
3059 2204 3226 2267 enim,
3253 2203 3468 2273 opinor,

1901 2305 2192 2375 quidquam
2226 2301 2334 2355 illic
2372 2300 2797 2355 manducaturos
2821 2311 2939 2353 esse
2963 2297 3220 2353 dixerint.
3250 2295 3330 2349 Ad
3359 2295 3472 2349 lmc

1900 2395 2126 2451 docendi
2155 2403 2300 2459 Sunt,
2336 2406 2441 2445 non
2478 2389 2662 2445 omnia
2702 2389 2930 2460 perinde
2963 2386 3277 2457 accipienda
3325 2400 3467 2448 esse,

1911 2504 1973 2543 ac
2003 2487 2206 2556 scripta
2252 2493 2398 2540 sunt.
2453 2483 2634 2550 Quare
2678 2481 2785 2536 alio
2833 2480 2952 2535 loco
2980 2479 3238 2548 scriptum
3267 2487 3351 2531 est
3379 2477 3424 2508 ¹⁸
3456 2494 3470 2530 :

1907 2599 1925 2631 ι
1962 2581 2162 2634 Dentes
2200 2586 2546 2646 peccatorum
2576 2573 2903 2629 contrivisti.
2945 2591 2962 2624 ι
3000 2572 3130 2627 item
3169 2571 3250 2626 “z
3301 2587 3319 2620 ι
3357 2568 3474 2624 Μο-

1901 2671 1982 2726 las
2017 2670 2231 2724 leonum
2257 2666 2521 2736 confregit
2547 2665 2826 2720 Dominus.
2850 2681 2868 2715 δ
2888 2661 3023 2716 Nam
3053 2661 3176 2732 quis
3206 2662 3343 2715 adeo
3364 2669 3478 2715 sto-

1901 2764 2049 2819 lidus
2088 2771 2196 2826 est,
2229 2769 2288 2814 ut
2325 2759 2428 2814 sibi
2464 2755 2791 2828 persuadeat
2821 2753 2987 2810 Deum
3020 2752 3313 2808 reservatis
3342 2765 3476 2821 pec-

1906 2863 2152 2909 catorum
2217 2847 2536 2920 corporibus
2583 2845 2728 2902 solos
2783 2845 2976 2900 dentes
3021 2841 3360 2899 conterere?
3408 2840 3481 2896 Ut

1905 2948 2068 3019 igitur
2091 2924 2192 3016 qui
2237 2945 2350 2998 lucc
2388 2943 2462 2996 ita
2515 2954 2577 2995 se
2634 2939 2840 2994 habere
2883 2937 3038 3002 velit,
3095 2936 3147 2990 in
3193 2935 3477 3006 angustias

217 3077 369 3131 μεων
404 3057 680 3126 ἐπιτίθησι
710 3058 776 3126 τῇ
815 3069 946 3106 ποτε
983 3053 1085 3120 γῇ,
1134 3047 1230 3101 κοιλ⁵
1264 3046 1454 3109 ὕδατι,
1501 3044 1595 3097 καὶ
1642 3042 1790 3113 ἀέρι,

1905 3039 2185 3109 coniectus
2216 3037 2281 3092 ad
2329 3035 2678 3101 allegoricum
2713 3046 2935 3088 sensum
2977 3029 3067 3085 vel
3117 3029 3320 3083 invitus
3362 3037 3476 3081 tra-

213 3154 308 3206 καὶ
365 3151 526 3222 πυρὶ,
575 3149 803 3218 νικήσας
845 3145 946 3208 τὰς
989 3141 1214 3195 ἐκείνων
1260 3138 1568 3206 ποιότητας,
1630 3151 1795 3206 μετοι-

211 3245 403 3299 ϐάλλει
436 3243 527 3294 ἐπὶ
550 3242 752 3309 ταύτην
798 3233 865 3308 ἦς
894 3237 1039 3289 ἐστιν
1085 3231 1248 3294 αὐτὸς
1292 3227 1655 3300 δημιουργός·
1703 3227 1798 3280 καὶ

210 3336 392 3399 οὕτως
431 3331 843 3404 συμπληροῦται
881 3329 910 3380 ὀ
953 3327 1154 3398 στάχυς
1202 3325 1282 3388 είς
1326 3322 1632 3394 ὑπερϐολὴν
1684 3321 1801 3374 δια-

212 3429 403 3502 φέρων
432 3427 526 3481 τοῦ
565 3425 624 3490 ἐξ
655 3424 830 3497 ἀρχῆς
867 3421 1088 3485 κόκκου,
1138 3417 1358 3491 μεγέθει
1405 3416 1496 3470 καὶ
1530 3417 1797 3487 σχήματι,

214 3525 311 3578 καὶ
355 3520 619 3592 ποικιλίᾳ.

216 3617 360 3682 leut,
400 3618 472 3670 ita
521 3623 631 3666 tum
696 3607 946 3666 dentibus
993 3600 1397 3676 quodammodo
1459 3599 1732 3655 stridebit.
1776 3597 1913 3652 Illud
1964 3612 2092 3651 vero
2135 3597 2176 3628 ‘7
2222 3615 2235 3650 :

1907 3135 2054 3190 hitur
2083 3151 2096 3187 :
2136 3133 2213 3188 sic
2245 3133 2308 3186 de
2339 3132 2574 3186 stridore
2603 3127 2870 3192 dentium,
2895 3125 2947 3180 in
2972 3125 3059 3179 bis
3081 3123 3174 3192 qui
3198 3119 3480 3190 suppliciis

1907 3228 2254 3292 ah‘ieiuntur,
2317 3224 2594 3295 inquirere
2664 3221 2807 3277 idem
2874 3227 3091 3289 oportet
3141 3233 3154 3270 :
3214 3225 3480 3287 quatenus

1909 3321 2089 3375 anima
2147 3315 2560 3374 commandendi
2617 3313 2930 3370 nonnullam
2991 3311 3097 3365 vim
3150 3309 3334 3372 habet,
3377 3321 3483 3374 qua

1911 3413 2100 3468 ultimo
2177 3413 2270 3467 illo
2334 3413 2523 3483 judicii
2583 3419 2846 3479 tempore,
2911 3420 3033 3460 cum
3110 3403 3178 3458 de
3242 3401 3486 3471 peccatis

1909 3504 2138 3575 qitzrstio
2172 3504 2483 3565 habebitur,
2519 3502 2741 3571 perinde
2787 3507 2848 3554 ut
2899 3495 3083 3554 collidi
3149 3494 3344 3550 dentes
3389 3505 3483 3545 so-

2293 3614 2310 3647 ι
2357 3594 2566 3650 Timete
2619 3608 2744 3648 eum
2777 3591 2870 3662 qui
2923 3596 3102 3654 potest
3148 3587 3384 3642 animam
3430 3593 3487 3639 et

216 3723 424 3780 corpus
471 3704 699 3777 perdere
727 3702 778 3755 iu
820 3701 1148 3769 gehennam,
1182 3714 1200 3747 ι
1247 3693 1385 3748 forte
1426 3692 1479 3746 id
1523 3706 1688 3744 unum
1748 3706 1844 3743 nos
1883 3691 2075 3752 docet,
2118 3695 2394 3756 expertem
2441 3699 2563 3740 esse
2610 3682 2856 3753 corporis
2892 3679 3126 3735 animam
3165 3695 3178 3744 ;
3221 3686 3314 3731 aut
3354 3674 3485 3728 illud

217 3806 477 3874 insuper,
531 3799 768 3854 animam
821 3797 941 3850 sine
987 3805 1218 3862 corpore
1269 3787 1448 3844 nullas
1499 3800 1692 3858 pmuas
1747 3800 1866 3840 esse
1913 3784 2336 3854 pcrsoluturam.
2392 3782 2466 3836 De
2511 3795 2618 3852 quo
2657 3791 2885 3848 corpore
2927 3790 3047 3846 quae
3096 3773 3160 3828 ad
3227 3771 3484 3842 speciem,

214 3915 281 3956 ac
323 3865 559 3970 primam
603 3894 902 3964 subjectam
945 3887 1230 3944 materiam
1273 3883 1599 3948 attinebant,
1649 3880 1809 3953 paulo
1862 3890 1988 3934 ante
2037 3878 2267 3933 naturali
2315 3877 2526 3932 ratione
2567 3874 2942 3930 disseruimus.
2988 3870 3058 3926 At
3108 3882 3238 3923 vero
3284 3865 3486 3920 dictum

213 3967 356 4053 illud
395 3993 635 4065 Apostoli
671 3993 715 4025 ’⁸
749 4009 763 4045 :
816 4009 835 4042 ι
883 3985 1193 4045 Viviticabit
1247 3993 1302 4038 et.
1344 3981 1592 4037 mortalia
1649 3992 1835 4034 nostra
1887 3993 2158 4046 corpora;
2197 3996 2217 4028 ι
2271 3991 2397 4031 cum
2442 3983 2687 4030 nostrum
2739 3968 2968 4026 mortale
3005 3967 3078 4019 sit
3119 3977 3352 4032 corpus,
3387 3974 3491 4014 nec

213 4105 371 4145 vera:
402 4049 526 4142 vitta:
567 4085 860 4157 particeps,
896 4079 1038 4136 istud
1082 4078 1261 4148 ipsum
1312 4073 1595 4128 declarare
1640 4079 2238 4138 potestzpcorpoream
2289 4067 2429 4120 hanc
2482 4062 2716 4134 speciem
2761 4060 2828 4114 de
2869 4072 2976 4127 qua
3026 4067 3184 4108 antea
3230 4049 3489 4105 diximus.

214 4203 348 4260 quae
392 4151 583 4241 natura
630 4151 874 4237 mortalis
919 4186 1056 4232 est:
1107 4192 1126 4226 ι
1167 4171 1302 4227 Cum
1356 4170 1606 4224 Christus
1649 4166 1960 4237 apparuerit
2007 4165 2120 4218 vita
2179 4171 2362 4217 nostra
2413 4161 2489 4225 ",
2531 4177 2550 4211 ι
2603 4167 2656 4212 et
2701 4156 2868 4225 ipsam
2937 4151 3005 4205 ab
3055 4163 3121 4203 eo
3174 4155 3340 4205 statu,
3384 4156 3490 4209 quo

218 4239 438 4358 peccati
481 4296 680 4353 corpus
711 4285 850 4345 erat,
883 4290 1003 4332 esse
1048 4270 1402 4335 mutandam;
1450 4275 1805 4337 posteaquam
1864 4263 2077 4319 scilicet
2121 4262 2189 4316 ab
2229 4259 2446 4315 viviﬁco
2487 4256 2689 4326 Spiritu
2721 4253 2787 4307 ad
2830 4251 2996 4305 vitam
3032 4246 3274 4358 restituta
3307 4239 3490 4358 fuerit,

219 4336 397 4454 atque
440 4381 492 4435 in
539 4336 842 4449 spiritalem
895 4382 1147 4427 naturam
1199 4364 1494 4420 transierit.
1545 4361 1816 4416 Praeterea
1865 4359 2004 4414 istud
2047 4359 2219 4429 ipsum
2259 4358 2306 4390 ³ο
2345 4375 2358 4410 ;
2402 4373 2421 4406 ι
2468 4353 2574 4409 Sed
2605 4352 2747 4407 dicet
2797 4343 2991 4415 aliquis
3029 4360 3044 4397 :
3081 4336 3362 4407 Quomodo
3385 4345 3494 4437 ’τοι

215 4438 466 4551 sudgunt
497 4438 719 4538 mortui,
757 4481 852 4526 aut
883 4468 1028 4540 quali
1075 4479 1198 4520 cum
1233 4477 1461 4531 corpore
1502 4459 1769 4515 venient?
1814 4478 1834 4510 ι
1886 4457 2066 4528 palam
2117 4456 2245 4511 illud
2290 4453 2552 4516 ostendit,
2599 4449 2829 4520 primam
2863 4438 3162 4551 subiectam
3209 4440 3492 4551 υἱέι-ιεηῖιζιι

217 4529 383 4630 nullae
417 4571 578 4625 modo
604 4578 910 4635 resurgere.
941 4559 1072 4615 Nam
1103 4559 1148 4613 si
1190 4565 1340 4612 recte
1372 4553 1707 4624 propositum
1749 4551 1817 4606 ab
1863 4553 2123 4623 Apostolo
2161 4548 2468 4620 exemplum
2513 4542 2844 4613 accipimus,
2892 4529 3175 4588 dicendum
3222 4535 3306 4580 est
3340 4538 3354 4575 :
3399 4533 3492 4574 se-

220 4669 400 4725 minis
437 4673 708 4726 naturam,
743 4675 864 4730 qua:
895 4653 1154 4711 frumenti
1183 4666 1356 4724 grano
1390 4651 1549 4704 insita
1597 4658 1714 4716 est,
1750 4647 1925 4702 vicina
1962 4653 2213 4716 correpta
2261 4644 2515 4705 materia,
2567 4649 2733 4693 totam
2781 4631 2925 4686 illam
2966 4622 3282 4696 pervadere,
3332 4624 3495 4730 aitque

218 4766 379 4821 iilius
414 4763 614 4832 pariter
647 4766 897 4823 correpta
923 4752 1124 4821 specie,
1153 4750 1296 4802 vires
1325 4759 1453 4800 suas
1483 4745 1535 4798 in
1577 4745 1649 4810 id,
1681 4744 1822 4813 quod
1858 4753 1985 4798 ante
2025 4752 2194 4807 terra,
2219 4757 2382 4812 aqua,
2425 4755 2536 4802 aer,
2575 4733 2824 4805 iguiSQue
2854 4727 3053 4787 fueral.
3091 4713 3493 4832 ῐτθῐιεΐιξιιάυΐθι

219 4812 377 4821 ...._-
414 4812 600 4832 ,πη-γ
809 4812 819 4823 .
955 4812 968 4821 .
1707 4812 1710 4813 ν

216 4869 530 4922 earumque
569 4849 841 4921 superatis
890 4843 1270 4916 qualitatibus,
1311 4841 1366 4895 in
1417 4837 1562 4892 illam
1608 4837 1806 4906 ipsam,
1839 4837 1992 4906 cujus
2030 4845 2116 4892 est
2154 4836 2375 4897 artifex,
2407 4839 2728 4886 convertere
2763 4843 2776 4880 :
2825 4835 2986 4891 atque
3025 4822 3128 4873 hoc
3175 4812 3335 4866 modo
3373 4819 3500 4877 per-

220 4955 318 5010 ﬁci
358 4953 584 5023 spicam,
612 4964 730 5019 quae
763 4963 791 5000 ιι
837 4945 1021 5016 priore
1044 4954 1213 5011 grano
1237 4937 1434 4991 mirum
1483 4935 1535 4988 in
1570 4934 1809 4997 modum,
1843 4943 1895 4988 et
1925 4933 2318 5004 magnitudine,
2362 4940 2417 4985 et
2456 4929 2653 4998 ﬁgura,
2695 4933 2749 4979 ct
2784 4919 3050 4976 varietate
3094 4910 3373 4968 dissideat.

299 5065 424 5122 Τοῦ
469 5060 676 5116 αὑτοῦ.
719 5057 915 5130 Κρίσις
951 5053 1067 5107 ἐστὶ
1101 5049 1210 5122 (68)
1258 5046 1481 5102 δικαίων
1518 5043 1614 5114 μὲν
1656 5045 1690 5114 ἡ
1717 5044 1790 5098 ἀπ

1896 5069 1899 5092 ι
2000 5047 2158 5118 537
2198 5044 2474 5110 Ejusdem.
2500 5041 2780 5097 Justorum
2821 5033 3041 5104 quidem
3077 5024 3340 5128 judicium
3363 5059 3381 5086 ,
3415 5024 3500 5072 est

220 5118 543 5234 πρακτικοῦ
591 5118 842 5224 σώματος
875 5149 966 5202 ἐπὶ
1009 5118 1276 5214 ἀγγελικὰ
1312 5137 1668 5234 μετάϐασις-ἰ
1697 5137 1790 5188 ἀσε

1928 5140 2192 5194 transitus
2219 5137 2287 5190 ab
2315 5148 2544 5205 operoso
2585 5142 2812 5199 corpore
2841 5126 2907 5178 ad
2939 5118 3183 5190 angelica
3225 5122 3455 5179 corpora
3481 5124 3497 5173 ;

2433 5227 2446 5234 -
2512 5227 2542 5234 -.
2583 5225 2594 5234 .
2840 5227 2850 5234 .
3003 5220 3230 5234 “mam
3270 5215 3497 5234 mrum,"

231 5215 284 5234 η.
674 5215 686 5224 .

221 5255 348 5309 ϐῶν
394 5253 452 5305 δὲ
491 5249 597 5304 ἀπὸ
639 5243 942 5317 πρακτικοῦ
991 5239 1241 5310 σώματος
1290 5233 1382 5286 ἐπὶ
1434 5226 1683 5283 σκοτεινὰ
1726 5245 1790 5282 κα

1927 5234 2214 5302 impiorum
2263 5244 2392 5284 vero
2427 5225 2693 5296 judicium
2725 5264 2740 5289 ,
2773 5227 2858 5275 est
2895 5217 2963 5270 ab
2999 5220 3230 5282 Operose
3268 5215 3498 5317 τοι·ρὲω

221 5291 447 5419 ἕοζρερὰ
497 5291 783 5415 μετάθεῗσις
845 5291 1091 5406 σώματαῖ
1145 5325 1560 5400 Ἐγερθήσονται
1604 5320 1712 5391 γὰρ
1769 5338 1790 5373 ο

1932 5324 1984 5376 in
2020 5326 2302 5378 tenebrosa
2336 5330 2391 5376 et
2443 5320 2673 5374 obscura
2723 5325 2949 5381 corpora
2989 5297 3340 5374 permutatio.
3393 5291 3500 5346 Re-

308 5509 362 5542 “
396 5507 702 5563 Mattlmm,
747 5499 835 5554 12.
915 5498 956 5528 ’³
986 5494 1126 5548 i‘sal.
1153 5506 1234 5556 iit,
1265 5490 1318 5543 8.
1399 5494 1442 5526 ιο
1474 5483 1618 5539 Psal.
1645 5493 1776 5542 Lvn,

1951 5477 1990 5508 ”
2019 5475 2210 5532 Matth.
2237 5493 2292 5542 x,
2331 5475 2422 5530 ‘28.
2503 5471 2544 5503 ⁵⁸
2574 5470 2731 5526 Rom.
2774 5481 2890 5528 vut,
2921 5463 3004 5517 Η.
3105 5458 3148 5490 ¹⁹
3175 5457 3292 5512 Col.
3325 5470 3405 5515 lli,
3439 5468 3495 5510 4.

227 5582 284 5614 ³ο
319 5579 342 5634 l
374 5581 499 5636 Cor.
537 5593 624 5638 xv,
655 5574 745 5628 55.

314 5706 432 5776 (68)
474 5704 682 5772 Κρίσις
709 5697 866 5761 ἐστι,
910 5702 1016 5747 etc.
1057 5687 1340 5756 Descripta
1389 5689 1517 5737 sunt
1575 5693 1605 5734 e
1653 5670 1870 5732 schedia
1927 5667 2136 5724 Ernesti
2178 5663 2397 5729 Grabii,
2445 5669 2500 5716 et
2549 5653 2874 5716 Combeﬁsii,
2932 5647 3229 5714 Latinrqtte
3297 5646 3519 5696 exstant

231 5781 392 5852 apud
426 5776 742 5829 Btil‘bal'lllilo
1111 5854 1160 5856 Α
3147 5795 3228 5856 35

576 5869 850 5930 Ριτιιοι.
890 5863 1006 5922 tiu.
1043 5854 1186 5918 XII.
