3870 6506
539 289 673 348 1099

1939 285 2030 342 EX
2069 284 2372 344 ORIGENE

3661 304 3777 359 ΗΜ

531 415 756 480 surgent
787 406 929 464 enim
962 405 1136 475 impii,
1185 417 1288 458 non
1325 403 1380 458 in
1432 401 1625 473 priori,
1661 403 1754 458 sed
1786 402 1838 458 in
1869 404 2063 460 sccund

2176 456 2181 465 _
2208 402 2424 467 ἀσεϐεῖς
2457 403 2556 458 οὐκ
2589 403 2647 456 ἐν
2674 405 2739 475 τῇ
2781 404 3021 477 προτέρᾳ
3062 405 3243 478 κρίσει
3269 446 3282 468 ,
3315 405 3431 460 ἀλλ’
3482 409 3544 462 ἐν
3585 415 3650 482 τῇ
3679 415 3776 469 δευ-

533 501 750 558 iudicio.

524 517 750 573 judicio.
979 541 985 547 .

609 594 769 649 Vens.
801 591 854 648 6.
890 589 1152 656 Quoniam
1181 591 1319 644 novit
1356 589 1614 645 Dominus
1645 591 1781 644 viam
1809 589 2098 659 justorum,

526 698 576 744 et
612 690 711 743 iter
738 686 1011 754 impiarum
1051 684 1257 751 peribit.
1292 683 1488 737 Malum
1517 684 1720 736 nullum
1757 701 1785 738 a
1848 683 1976 744 Deo,
2009 684 2102 736 sed

523 781 796 851 iustorum
847 777 930 832 via
963 776 1311 848 cognoscitur
1359 777 1426 828 ".
1467 795 1484 827 ι
1515 775 1672 830 Novit
1700 794 1718 826 ι
1753 775 1897 830 enim
1938 795 1956 827 ι
1994 776 2094 830 θοι

526 872 704 926 minus
741 870 832 940 qui
883 878 1013 924 sunt
1051 867 1186 937 ejus.
1227 886 1244 918 ι
1289 865 1566 922 Justorum
1601 882 1735 922 vero
1767 867 1848 920 via
1888 877 1969 921 est
2008 867 2098 922 ille

523 967 614 1038 qui
633 966 865 1021 dixit“:
896 983 915 1016 ι
943 963 1052 1034 Ego
1078 979 1194 1017 sum
1223 962 1332 1026 via,
1363 982 1380 1015 ι
1410 962 1476 1016 de
1498 977 1605 1029 quo
1631 963 1790 1015 etiam
1810 961 2005 1015 dicitur
2027 961 2092 1014 ’3:

526 1079 544 1112 ι
567 1057 758 1114 Videte
799 1071 920 1127 quae
968 1057 1042 1110 sit
1075 1056 1162 1108 via
1197 1055 1358 1109 bona.
1385 1074 1406 1106 ›
1461 1054 1754 1122 Impiornm
1802 1063 1978 1108 autem
2011 1053 2093 1106 via

517 1162 604 1208 est
641 1152 726 1207 illa
761 1152 813 1206 in
859 1166 965 1220 qua
1001 1149 1281 1204 ambulant
1311 1148 1401 1217 qui
1436 1148 1502 1203 de
1534 1148 1794 1204 Creatore
1829 1147 1972 1201 male
2017 1145 2094 1198 lo-

515 1254 778 1315 qunntur.
812 1242 1026 1313 Ignorat
1082 1255 1182 1296 nec
1234 1241 1384 1295 novit
1430 1239 1570 1294 mala
1600 1279 1614 1304 ,
1653 1253 1758 1292 non
1800 1237 1941 1307 quod
1983 1252 2088 1290 non

516 1338 688 1404 possit
730 1336 915 1392 omnia
961 1334 1422 1404 comprehendere
1470 1341 1525 1387 et
1579 1330 1934 1400 intelligentia
1987 1345 2088 1384 sua

515 1430 728 1498 assequi
761 1427 888 1500 (hoc
921 1427 1064 1481 enim
1096 1426 1163 1481 de
1191 1424 1301 1480 Deo
1331 1425 1573 1495 cogitare
1601 1420 1796 1492 nefas),
1824 1422 1916 1476 sed
1943 1421 2086 1490 quod

513 1521 820 1591 cognitione
844 1518 960 1586 ejus
989 1518 1204 1588 indigna
1234 1518 1360 1572 sint.
1393 1517 1598 1572 Idcirco
1631 1514 1772 1570 forte
1804 1513 2088 1588 (audacter

513 1611 660 1667 (sitim
687 1611 976 1666 dicendum
1021 1607 1125 1680 est)
1153 1608 1450 1679 interrogat
1481 1607 1546 1662 de
1575 1606 1642 1662 iis
1693 1622 1812 1678 quae
1842 1622 1949 1662 non
1988 1621 2086 1660 no-

512 1703 609 1756 vit.
643 1699 744 1757 Ubi
783 1701 927 1756 enim
965 1699 1137 1754 Adam
1183 1699 1445 1769 peccavit,
1482 1715 1586 1753 non
1630 1699 1778 1752 novit
1810 1714 1954 1765 eum,
1987 1713 2084 1753 ne-

2209 497 2362 550 τέρα.

2275 514 2406 643 ξἓιὶτι
2436 573 2709 658 τινίώσκει
2739 593 2772 643 ό
2805 591 3021 658 Κύριος
3051 590 3194 644 ὁδὸν
3219 591 3497 654 δικαίων,
3539 597 3631 648 καὶ
3659 598 3772 666 εδδ-ς

2202 683 2434 737 ἀσεϐῶν
2465 683 2791 737 ἀπολεῖται.
2829 684 2992 737 Οὐδὲν
3027 685 3132 737 ὑπὸ
3163 684 3301 738 Θεοῦ
3333 686 3662 754 γινώσκεται
3679 692 3767 760 (ω)

2203 773 2434 842 φαῦλον,
2490 774 2602 827 ἀλλ’
2648 777 2680 845 ἡ
2717 774 2824 828 τῶν
2859 774 3081 828 δικαίων
3125 776 3258 840 ὁδός.
3320 796 3340 827 ι
3374 777 3566 844 Ἔγνω
3619 799 3634 829 ι
3683 783 3766 852 γὰρ

2206 884 2224 914 ι
2261 864 2462 936 Κύριος
2485 865 2610 928 τοὺς
2644 865 2804 929 ὄντας
2837 866 3022 920 αὐτοῦ.
3061 886 3080 918 ι
3127 866 3273 932 Ὁδὸς
3307 867 3362 922 δὲ
3413 869 3638 922 δικαίων
3665 876 3689 925 ὁ
3714 879 3764 927 εξ-

2199 953 2348 1007 πών·
2407 975 2423 1006 ι
2482 953 2623 1024 Ἐγώ
2669 957 2784 1026 εἰμι
2836 959 2867 1027 ἡ
2923 956 3070 1020 ὁδὸς,
3123 977 3139 1008 ι
3196 960 3325 1029 περὶ
3382 951 3457 1010 οῦ

2209 1068 2226 1099 ι
2267 1048 2432 1100 Ἴδετε
2479 1048 2534 1100 δὲ
2576 1049 2703 1101 ποία
2732 1049 2878 1102 ἐστὶν
2921 1051 2953 1119 ἡ
2991 1049 3104 1112 ὁδὸς
3150 1052 3182 1120 ἡ
3229 1050 3447 1120 ἀγαθή.
3494 1071 3513 1102 ι
3563 1052 3695 1116 Ὁδὸς
3717 1056 3760 1106 εἰ

2196 1139 2407 1193 ἀσεϐῶν
2441 1140 2507 1210 ἣν
2547 1140 2818 1194 ὁδεύουσιν
2854 1143 2901 1193 ci.
2935 1141 3356 1212 κακολογοῦντες
3394 1145 3495 1196 τὸν
3524 1149 3755 1217 Aram;-

2193 1234 2306 1301 γόν.
2356 1235 2566 1302 Ἀγνοεῖ
2589 1234 2644 1286 δὲ
2679 1234 2773 1287 καὶ
2799 1235 2858 1287 ού
2890 1234 3146 1302 γινώσκει
3175 1235 3242 1289 τὰ
3277 1239 3436 1290 κακά
3457 1279 3471 1298 ,
3503 1241 3565 1290 οὐ
3602 1239 3668 1309 τῷ
3690 1242 3758 1293 ελ-

2193 1325 2385 1378 νασΘαι
2409 1325 2568 1378 αὑτὸν
2596 1326 3020 1398 περιδράξασθαι
3057 1329 3296 1394 πάντων,
3333 1338 3439 1384 καὶ
3477 1334 3752 1402 περιλαᾶῐι

2190 1419 2256 1486 τῇ
2286 1417 2492 1488 διανοίᾳ
2513 1417 2674 1471 αὑτοῦ
2717 1416 2893 1489 (τοῦτο
2925 1419 3032 1491 γὰρ
3056 1420 3315 1491 ἀθέμιτον
3349 1424 3456 1476 καὶ
3489 1423 3751 1493 λογίζεσθαι

2190 1509 2317 1578 περὶ
2345 1507 2478 1561 Θεοῦ
2501 1510 2540 1580 )’
2573 1509 2706 1563 ἀλλὰ
2741 1509 2817 1581 τῷ
2849 1511 3045 1576 ἀνάξια
3079 1508 3219 1566 εἶναι
3263 1519 3365 1584 τῆς
3409 1515 3656 1582 γνώσεως
3682 1521 3752 1570 αἰ.

2188 1603 2302 1658 τοῦ.
2331 1604 2482 1674 Τάχα
2511 1602 2597 1656 διὰ
2627 1604 2782 1658 τοῦτο
2807 1601 3231 1676 ἶτολμηρότερον
3254 1607 3311 1659 δὲ
3342 1609 3491 1660 αὐτὸ
3523 1610 3668 1680 ἐρεῖὸ
3691 1611 3748 1661 λά-

2187 1695 2302 1766 γος)
2332 1695 2656 1750 πυνθάνεται
2686 1698 2814 1769 περὶ
2848 1693 2922 1751 ὧν
2951 1699 3050 1750 οὐκ
3068 1695 3205 1751 οἶδεν
3225 1716 3238 1728 ο
3271 1700 3410 1752 ὅταν
3443 1703 3554 1770 γὰρ
3575 1703 3746 1773 dp.in

511 1810 618 1866 que
653 1795 827 1850 locum
865 1793 916 1846 in
948 1807 1108 1862 quem
1139 1792 1412 1846 ceciderat
1452 1791 1620 1844 Deum
1667 1789 1899 1859 fugiens.
1940 1791 2063 1858 Qua

2184 1787 2213 1839 ὁ
2249 1787 2418 1859 Ἀδὰμ
2441 1827 2454 1851 ,
2479 1789 2580 1841 οὐκ
2608 1783 2744 1842 οἶδεν
2774 1789 2933 1842 αὐτὸν
2957 1831 2971 1854 ,
3003 1791 3120 1842 οὐδὲ
3153 1791 3245 1843 τὸν
3277 1792 3461 1844 τόπον
3495 1794 3571 1854 εἰς
3613 1793 3661 1844 ὃν
3685 1797 3746 1844 ix.

511 1896 732 1956 propter
767 1885 844 1939 ait
869 1885 949 1938 ’δε
990 1902 1010 1936 ι
1036 1884 1230 1948 Adam,
1267 1883 1354 1937 nbi
1408 1883 1506 1936 es?
1534 1901 1553 1934 ι
1589 1882 1679 1937 Sic
1722 1891 1775 1938 et
1811 1883 1863 1937 in
1904 1882 2084 1936 Evan-

507 1977 647 2047 gelio
681 1977 982 2045 interrogat
1034 1975 1100 2030 de
1141 1974 1207 2028 iis
1235 1989 1355 2042 qua:
1387 1988 1490 2028 non
1529 1972 1679 2027 novit
1719 1974 1861 2042 quod
1896 1973 2082 2042 cogni-

508 2071 658 2126 tione
684 2085 779 2126 sua
817 2070 1037 2140 indigna
1071 2069 1199 2123 sint.
1229 2068 1366 2136 Quia
1397 2067 1543 2122 enim
1574 2083 1680 2123 non
1717 2075 1940 2122 noverat
1975 2066 2078 2120 dre-

503 2161 783 2224 monium,
818 2175 998 2230 neque
1048 2175 1244 2214 nomen
1279 2158 1417 2227 ejus,
1453 2161 1750 2226 interrogat
1794 2157 1937 2228 quod
1978 2171 2078 2210 no-

503 2269 624 2309 men
649 2254 764 2324 ejus
791 2254 883 2321 sit,
909 2263 964 2309 et
992 2253 1146 2310 audit
1172 2255 1217 2286 "
1245 2267 1260 2307 :
1300 2274 1316 2302 ι
1340 2251 1504 2323 Legio
1533 2252 1662 2307 mihi
1690 2267 1884 2306 nomen
1918 2260 2020 2304 est.
2052 2269 2071 2301 ι

499 2347 568 2402 Et
597 2347 914 2418 priusquam
948 2347 1143 2402 mulier
1173 2346 1460 2415 sanguinis
1507 2345 1774 2416 proﬂuvio
1822 2344 2076 2398 laborans

500 2438 875 2492 remissionem
924 2448 1270 2508 peccatorum
1319 2438 1610 2502 obtineat,
1664 2436 1959 2506 interrogat
1997 2435 2077 2490 tli-

497 2544 628 2584 cens
650 2531 728 2584 "z
767 2547 786 2581 ι
817 2529 950 2596 Quis
980 2545 1067 2584 me
1094 2531 1310 2600 tetigit?
1335 2550 1354 2583 ›
1391 2529 1542 2584 Viam
1573 2529 1738 2598 igitur
1762 2528 2071 2598 iniquorum

498 2621 710 2690 ignorat
744 2621 902 2682 Dens,
936 2620 1207 2687 iustorum
1245 2636 1375 2676 vero
1411 2621 1582 2676 novit.
1620 2619 1751 2686 Quis
1777 2629 1954 2673 autem
1988 2619 2072 2672 via

490 2713 764 2782 justorum
793 2753 809 2779 ,
862 2714 963 2768 nisi
1006 2713 1094 2769 ille
1147 2714 1238 2784 qui
1288 2715 1424 2769 dixit
1465 2733 1477 2769 :
1531 2731 1550 2768 ι
1581 2712 1695 2784 Ego
1746 2729 1862 2767 sum
1900 2713 2008 2778 via,
2048 2731 2066 2764 ι

497 2819 660 2875 quem
700 2805 850 2866 novit
877 2803 1078 2860 Pater?
1114 2822 1133 2856 ι
1162 2803 1334 2860 Nemo
1365 2805 1508 2859 enim
1542 2804 1690 2859 novit
1735 2803 1932 2858 Filium
1968 2803 2070 2858 nisi

493 2899 654 2955 Pater
691 2900 757 2953 ’⁷.
797 2918 816 2952 ›
855 2899 1119 2955 Caeterum
1153 2899 1219 2953 ad
1267 2897 1357 2953 illa
1391 2913 1511 2966 qua:
1547 2897 1612 2952 de
1649 2896 1960 2968 cognitione
2016 2905 2070 2950 et

495 2993 797 3062 ignorantia
818 2991 913 3048 Dei
946 2991 1197 3055 dicimus,
1230 2989 1784 3046 accommodabuntur
1813 2989 1978 3045 etiam
2005 3005 2068 3044 ea

489 3099 610 3154 qua:
656 3084 856 3154 passim
903 3083 1174 3139 habentur
1220 3083 1272 3137 in
1319 3083 1592 3152 prornhetis
1623 3083 1688 3137 de
1723 3082 1975 3135 memoria
2015 3091 2068 3137 et

489 3176 748 3232 oblivione
792 3177 905 3232 Dei.
939 3176 1070 3230 Nam
1107 3191 1248 3246 saepe
1280 3175 1422 3230 inter
1453 3175 1717 3229 orandum
1758 3174 1959 3229 dicitur
1985 3174 2060 3230 ’δε

495 3287 514 3320 ι
540 3267 745 3324 Memor
771 3279 886 3324 esto
910 3269 1034 3332 mei,
1062 3288 1080 3320 ›
1113 3277 1186 3335 et,
1211 3287 1228 3318 ι
1257 3268 1435 3334 Quare
1457 3267 1656 3323 oblitus
1684 3281 1744 3323 es
1777 3277 2065 3338 pauperta-

487 3368 559 3421 tis
606 3366 848 3421 nostraz?
882 3385 898 3418 ο
939 3365 1009 3420 Ut
1054 3365 1198 3420 enim
1239 3380 1268 3417 a
1316 3379 1411 3418 sua
1469 3363 1727 3419 memoria
1769 3373 2062 3432 peccantes

485 3468 722 3525 amovet,
754 3459 833 3512 sic
859 3474 1050 3513 rursus
1077 3458 1401 3528 poenitentes
1429 3457 1624 3524 recipit
1653 3468 1708 3513 et
1734 3464 1930 3513 eorum‘
1956 3471 2061 3512 me-

486 3551 711 3606 moriam
744 3550 938 3606 iterum
969 3551 1154 3606 sumit.

2065 3674 2136 3688 .-

1058 3737 1374 3794 I‘SALMUS
1420 3738 1484 3794 II.

554 3829 718 3887 Vnus.
753 3833 778 3886 1
815 3839 869 3886 et
895 3831 954 3886 2.
993 3831 1173 3896 Quare
1205 3831 1533 3899 fremuerunt
1570 3839 1746 3900 gentes
1779 3840 1828 3886 et
1871 3832 2050 3902 populi

481 3923 718 3976 meditati
773 3931 892 3976 sunt
951 3921 1190 3976 inania?
1233 3921 1523 3974 Astiterunt
1579 3938 1724 3991 reges
1776 3934 1961 3987 terrm,
2001 3935 2047 3979 et

477 4013 738 4081 principes
766 4018 1107 4066 convenerunt
1139 4009 1192 4063 in
1220 4026 1380 4063 unum
1411 4011 1662 4066 adversus
1689 4011 1973 4067 Dominum
2003 4024 2048 4067 et

479 4106 728 4159 adversus
774 4103 1037 4158 Christum
1069 4104 1226 4174 ejus,
1281 4115 1388 4158 etc.
1441 4105 1576 4158 Cum
1612 4106 1664 4159 in
1715 4106 2047 4176 exemplaria

479 4198 583 4252 duo
609 4197 873 4253 Hebraica
903 4198 1306 4261 incidissemus,
1343 4196 1394 4251 in
1428 4211 1534 4251 uno
1565 4197 1784 4266 quidem
1821 4199 2046 4254 secundi

477 4291 665 4360 psalmi
717 4290 1040 4360 principium
1073 4289 1382 4344 invenimus
1431 4290 1541 4344 haec
1576 4289 1738 4360 538
1772 4305 1894 4346 esse
1919 4333 1934 4358 ,
1993 4291 2044 4344 in

2187 1878 2442 1933 πέπτωκε
2479 1881 2697 1950 φεύγων
2727 1882 2834 1934 ἀπὸ
2855 1881 3012 1935 Θεοῦ.
3036 1883 3127 1935 Διό
3157 1901 3344 1954 φησιν’
3397 1903 3418 1934 ι
3465 1885 3645 1954 Ἀδὰμ,
3669 1888 3741 1937 ποί

2185 1966 2269 2035 si;
2300 1989 2317 2022 ι
2367 1972 2595 2042 Ὁμοίως
2639 1973 2698 2026 δὲ
2741 1973 2835 2027 καὶ
2876 1976 2935 2027 ὲν
2971 1974 3046 2046 τῷ
3087 1975 3419 2046 [εὐαγγελίῳ
3455 1977 3738 2029 πυνίήνετιι

2184 2063 2311 2135 περὶ
2324 2058 2398 2118 ὧν
2413 2065 2511 2118 οὐκ
2526 2061 2684 2130 οἶδεν,
2701 2067 2800 2120 οὐκ
2821 2067 2989 2120 ὄντων
3012 2069 3176 2134 ἀξίων
3188 2069 3292 2137 τῆς
3313 2067 3580 2137 γνώσεως
3596 2071 3738 2122 aito-1.

2194 2152 2347 2208 Ἐπεὶ
2367 2155 2474 2227 γὰρ
2488 2156 2586 2209 οὐκ
2606 2153 2712 2210 οἶδε
2742 2158 2802 2210 τὸ
2832 2158 3123 2229 δαιμόνιον,
3146 2161 3268 2212 οὐδὲ
3295 2161 3359 2213 τὸ
3393 2162 3565 2232 ὄνομα
3595 2161 3736 2224 αὑτά,

2185 2242 2514 2298 πυνθάνεται
2545 2245 2598 2298 τί
2627 2246 2689 2298 τὸ
2718 2245 2888 2317 ὄνομα
2916 2247 3080 2300 αὐτοῦ
3103 2291 3117 2313 ,
3149 2249 3238 2301 ὅτε
3272 2249 3466 2302 ἐκεῖνο
3499 2251 3740 2321 ἀποκρίνει

2181 2351 2293 2396 ται,
2324 2335 2431 2402 ὅτι,
2469 2355 2487 2387 ι
2517 2336 2734 2406 Λεγεὼν
2760 2338 2933 2409 ὅνομά
2965 2357 3072 2410 μοι.
3112 2361 3130 2390 ι
3159 2342 3271 2394 Καὶ
3305 2343 3446 2412 πρὶν
3471 2343 3567 2413 τὴν
3589 2344 3736 2411 ἀφεῖεν

2177 2427 2276 2500 τὴν
2327 2430 2454 2501 περὶ
2494 2430 2597 2501 τῆς
2642 2433 2916 2504 σωτηρίας
2952 2433 3135 2486 λαϐεῖν
3183 2436 3284 2506 τὴν
3333 2436 3734 2506 αἱμορῤοοῦττι.

2180 2521 2503 2576 πυνθάνεται
2542 2523 2716 2592 λέγων
2749 2541 2762 2554 ·
2819 2544 2836 2576 ι
2876 2526 2972 2589 Τίς
3019 2544 3119 2598 μου
3163 2528 3388 2598 ἥψατο;
3432 2548 3451 2580 ι
3507 2531 3608 2599 Τὴν
3649 2531 3738 2581 ἄλεν

2177 2607 2267 2664 οὖν
2315 2614 2422 2665 τῶν
2451 2613 2650 2666 ἀδίκων
2693 2617 2720 2668 ὁ
2751 2616 2882 2679 Θεὸς
2928 2617 3129 2685 ἀγνοεῖ,
3167 2617 3268 2689 τὴν
3311 2619 3373 2672 δὲ
3413 2621 3523 2672 τῶν
3552 2621 3737 2672 δικαίων

2174 2705 2452 2772 γινώσκει.
2500 2706 2596 2769 Τίς
2631 2706 2687 2759 δὲ
2737 2709 2770 2778 ἡ
2819 2707 2935 2771 ὁδὸς
2983 2709 3089 2761 τῶν
3128 2709 3361 2763 δικαίων
3407 2713 3439 2782 ἦ
3493 2716 3521 2766 ὁ
3559 2712 3733 2764 εἰπών·

2181 2813 2198 2846 ι
2237 2795 2374 2865 Ἐγώ
2406 2797 2520 2868 είμι
2553 2799 2585 2868 ἡ
2617 2797 2767 2862 ὁδὸς,
2816 2817 2835 2849 ›
2871 2800 2930 2853 ὃν
2961 2801 3221 2869 γινώσκει
3258 2805 3286 2855 ὁ
3333 2805 3563 2876 Πατήρ;
3599 2825 3615 2853 ι
3650 2805 3736 2856 Οὑ-

2172 2887 2282 2950 δεὶς
2311 2890 2418 2960 γὰρ
2460 2889 2600 2957 ἔγνω
2644 2890 2734 2943 τὸν
2767 2893 2897 2944 Υίὸν
2927 2895 2973 2946 εί
3007 2895 3080 2965 μὴ
3110 2897 3138 2947 ὁ
3181 2897 3401 2966 Πατήρ.
3441 2917 3458 2947 ι
3508 2898 3738 2968 Ἀρμότει

2171 2977 2227 3031 δὲ
2259 2983 2368 3043 τοῖς
2396 2981 2523 3052 περὶ
2555 2980 2811 3049 γνώσεως
2841 2985 2933 3036 καὶ⁸
2963 2985 3238 3052 ἀγνωσίας
3262 2987 3400 3039 Θεοῦ
3425 2988 3483 3039 τὰ
3515 2987 3734 3057 Τδνεχῶς

2172 3071 2399 3142 κείμενα
2427 3073 2484 3124 ἐν
2509 3076 2630 3138 ταῖς
2653 3077 3011 3148 προφητείαις
3028 3079 3295 3148 ὀνόματα,
3314 3079 3504 3149 μνήμη
3521 3082 3608 3132 καὶ
3623 3082 3726 3142 ,ινξ-

2171 3166 2246 3230 θη
2269 3163 2425 3218 Θεοῦ.
2454 3166 2721 3231 Πολλάκις
2745 3168 2854 3240 γὰρ
2878 3171 2934 3222 ἐν
2958 3171 3143 3240 εύχαῖς
3174 3171 3396 3242 εἴρηται
3547 3191 3564 3221 ι
3591 3173 3730 3241 Μνήο

2173 3255 2329 3327 σοητί
2357 3275 2460 3328 μου
2485 3276 2498 3289 ο
2536 3278 2553 3310 ι
2589 3260 2702 3318 καὶ,
2737 3281 2754 3311 ι
2792 3261 2906 3315 Ἵνα
2929 3263 2982 3314 τί
3001 3263 3340 3337 ἐπιλανθάνῃ
3371 3265 3466 3334 τῆς
3488 3265 3736 3333 πτωχείας

2170 3351 2366 3420 ήμῶν;
2400 3371 2417 3402 ι
2463 3353 2814 3426 Ἀπορρίπτει
2859 3355 2968 3427 γὰρ
2991 3357 3088 3427 τῆς
3134 3357 3335 3410 ἑαυτοῦ
3384 3359 3594 3428 μνήμης
3625 3359 3732 3418 τίς

2169 3443 2614 3515 ἁμαρτάνονταςο
2657 3446 2846 3519 ὥσπερ
2893 3448 3054 3502 πάλιν
3093 3450 3382 3520 προσίεται
3425 3453 3549 3513 τοὺς
3591 3466 3731 3520 μετα-

2167 3535 2440 3600 νοοῦντας,
2471 3538 2566 3591 καὶ
2587 3537 2955 3611 ἀναλαμϐάνει
2978 3541 3182 3593 τούτων
3215 3540 3315 3611 τὴν
3357 3544 3594 3612 μνήμην.

2749 3742 3040 3797 ΨΑΛΜΟΣ
3075 3743 3150 3799 B'.

2234 3836 2364 3890 "Ira
2398 3836 2454 3887 τί
2485 3835 2794 3904 ἐφρύαξαν
2835 3835 2978 3902 ἔθνη
3001 3876 3016 3899 ,
3042 3838 3140 3890 καὶ
3190 3839 3334 3892 λαοὶ
3375 3839 3728 3908 ἐμελέτησαν

2160 3927 2343 3991 κενά;
2382 3927 2781 3996 Παρέστησαν
2814 3931 2868 3981 oi
2901 3929 3188 3996 ,βασιλεῖς
3217 3931 3332 3998 τῆς
3366 3931 3480 4000 γῆς
3503 3974 3515 3992 ,
3553 3933 3648 3984 καὶ
3679 3933 3724 3983 εἰ

2157 4021 2447 4089 ἄρχοντες
2474 4021 2877 4090 συνήχθησαν
2903 4023 3000 4076 ἐπὶ
3040 4025 3104 4076 τὸ
3129 4025 3276 4077 αὐτὸ
3309 4025 3462 4078 κατὰ
3501 4024 3605 4078 τεῦ
3627 4029 3724 4077 Κεσ-

2147 4112 2286 4179 ρίου
2315 4114 2411 4166 καὶ
2449 4114 2598 4167 κατὰ
2639 4114 2744 4167 τοῦ
2781 4114 3037 4182 Χριστοῦ
3065 4116 3251 4169 αὐτοῦ
3275 4156 3290 4179 ,
3321 4135 3374 4170 κ.
3406 4135 3457 4170 τ.
3483 4119 3524 4170 ὲ.
3581 4116 3720 4168 Andra

2156 4204 2467 4274 ἐντυχόντες
2503 4205 2612 4277 (70)
2651 4205 2958 4275 Ἑϐραϊκοῖς
2999 4207 3390 4278 ἀντιγράφοις,
3434 4210 3490 4260 ὲν
3526 4209 3623 4277 μὲν
3657 4206 3720 4273 τῷ

2155 4294 2323 4365 ἑτέρῳ
2354 4294 2584 4366 εὕρομεν
2609 4296 2778 4367 ἀρχὴν
2802 4296 3056 4368 δευτέρου
3079 4297 3301 4369 ψαλμοῦ
3337 4300 3507 4352 ταῦτα
3529 4317 3542 4328 °
3577 4302 3632 4351 ἐν

475 4382 652 4437 altero
681 4396 805 4437 vero
832 4397 953 4436 cum
986 4381 1169 4450 priore
1195 4378 1482 4448 conjuncta
1515 4392 1688 4436 erant.
1724 4382 1790 4436 Et
1819 4384 1870 4437 iu
1902 4383 2048 4436 Acti-

2176 4386 2227 4456 ’ᾧ
2251 4387 2421 4458 ἑτέρῳ
2449 4387 2748 4458 συνήπτετο
2771 4386 2847 4456 τῷ
2868 4386 3085 4458 πρώτῳ.
3107 4389 3216 4440 Καὶ
3241 4391 3300 4441 ἐν
3327 4393 3449 4453 ταῖς
3475 4389 3716 4456 Πράξεσι

475 4476 570 4528 bus
611 4474 972 4544 apostolorum
1005 4475 1136 4530 illud
1166 4474 1244 4529 '9:
1287 4491 1304 4525 ι
1333 4473 1502 4528 Filius
1536 4489 1688 4528 meus
1717 4490 1776 4530 es
1808 4485 1860 4529 tu
1882 4515 1897 4540 ,
1948 4490 2048 4545 ego

477 4566 638 4620 hodie
668 4567 826 4634 genui
862 4577 934 4634 te,
971 4585 988 4618 ι
1025 4581 1054 4620 c
1081 4566 1259 4636 primo
1289 4566 1499 4636 psalmo
1531 4566 1802 4620 laudatur.
1844 4587 1864 4619 ι
1894 4567 2046 4621 Sicut

472 4659 732 4726 scriptum
766 4670 850 4712 est
874 4698 888 4721 ,
920 4677 938 4710 ι
980 4660 1194 4727 inquit,
1237 4677 1254 4709 ι
1292 4659 1344 4712 in
1387 4659 1563 4726 primo
1599 4658 1810 4728 psalmo
1837 4697 1853 4722 ,
1899 4659 2044 4714 ﬁlius

474 4763 625 4805 mens
658 4764 717 4806 es
746 4759 820 4814 tu,
854 4766 953 4821 ego
987 4752 1149 4805 hodie
1182 4756 1339 4822 genui
1371 4763 1442 4807 te.
1475 4772 1493 4805 ι
1530 4753 1729 4808 Verum
1757 4755 2042 4822 exempla-

471 4841 550 4896 ria
577 4843 762 4899 Graeca
799 4843 942 4897 hunc
977 4845 1272 4898 secundum
1308 4859 1429 4899 esse
1468 4846 1725 4900 indicant.
1761 4844 1890 4899 Illud
1939 4861 2037 4899 au-

469 4946 577 4990 tem
613 4951 718 4990 non
752 4935 1104 4998 ignorantlum
1132 4944 1214 4989 est
1243 4935 1294 4989 in
1327 4935 1609 4990 Hebraicis
1638 4935 2039 5005 exemplaribus

466 5027 596 5084 nulli
638 5026 845 5096 psalmo
883 5042 1167 5080 numerum
1214 5029 1452 5096 apponi,
1494 5028 1608 5082 sive
1654 5027 1880 5094 primus,
1923 5029 2038 5082 sive

465 5120 737 5176 secundus
764 5157 781 5184 ,
836 5118 950 5173 sive
1003 5118 1199 5173 tertius
1229 5119 1321 5171 sit.
1370 5117 1638 5173 Cazterum
1675 5134 1796 5188 qua:
1846 5118 1931 5174 hic
1973 5119 2038 5172 de

461 5213 680 5268 Christo
708 5225 940 5281 persona
981 5209 1349 5264 vaticinatur?
1387 5207 1480 5263 Vel
1518 5209 1761 5280 Spiritus
1807 5220 2034 5266 sanctus

531 5332 572 5363 ἰ
605 5327 645 5383 II
676 5316 817 5385 'I'im.
860 5345 921 5394 tt,
959 5330 1045 5385 19.
1123 5333 1167 5362 ²²
1193 5329 1346 5383 Joan.
1380 5345 1486 5394 χιιι,
1519 5331 1571 5389 6.
1649 5333 1695 5364 ’³
1726 5332 1929 5388 Jerem.
1962 5349 2036 5398 vr,

2237 5333 2284 5364 “
2307 5331 2504 5387 Cenes.
2536 5347 2617 5397 ιιι,
2647 5331 2702 5387 9.
2773 5331 2822 5365 ⁸⁵
2848 5331 3018 5389 Marc.
3046 5347 3100 5398 ν,
3127 5331 3184 5388 9.

1047 5401 1092 5432 ’⁸
1124 5400 1268 5456 Psal.
1313 5414 1466 5464 thtt,
1495 5403 1586 5455 24.
1661 5405 1705 5441 ’³
1735 5407 1858 5459 Act.
1885 5419 2002 5470 xm,
2028 5405 2120 5459 53.

460 5403 503 5433 ³⁷
533 5400 725 5455 Matth.
760 5415 841 5464 χι,
880 5401 972 5454 27.

529 5494 641 5566 (69)
669 5491 1014 5566 ,Οὐδὲν-ὐπὸ
1047 5494 1193 5548 Θεοῦ
1219 5496 1589 5562 γινώσκεται,
1619 5506 1724 5549 etc.
1767 5496 1808 5549 Ε
1837 5497 2026 5551 codice

457 5559 808 5618 Barocciano.
847 5563 1048 5617 Eadem
1108 5559 1282 5631 quoad
1343 5582 1561 5620 sensum
1598 5567 1758 5620 habet
1815 5566 2021 5621 Catena

457 5633 726 5706 Corderii.
757 5633 948 5706 Latine
972 5643 1189 5687 exstant
1220 5637 1358 5703 apud
1394 5635 1712 5698 Barbarum,
1745 5637 2024 5706 majorque

458 5719 588 5827 ᾔει-ε
619 5703 825 5784 iisdem.
848 5702 963 5784 fere
997 5706 1202 5787 verbis.
1223 5702 1673 5787 reperitur)me
1707 5702 2020 5788 Eusebium.

507 5773 728 5827 onnulla
753 5785 916 5827 etiam
945 5776 1068 5827 Inde
1095 5787 1322 5827 alrlnmt
1347 5776 1607 5827 Hilarius.
1644 5774 1932 5827 ltxnlanal.
1970 5794 2020 5827 ιη

507 5773 728 5830 onnulia
753 5773 916 5829 etiam
945 5775 1068 5830 inde
1095 5773 1322 5846 arripuit
1346 5773 1607 5843 Hilarius,
1644 5774 1932 5847 ltxplanat.
1970 5779 2023 5832 in

2146 4480 2201 4533 δὲ
2225 4480 2333 4534 τῶν
2357 4480 2667 4533 ἀποστόλων
2693 4479 2774 4543 τὸ,
2805 4499 2823 4531 ι
2862 4481 2987 4543 Υίός
3013 4499 3113 4550 μου
3145 4475 3198 4534 εἷ
3227 4483 3314 4544 σὺ,
3353 4480 3465 4550 ἐγὼ
3494 4485 3714 4552 aii-,2?“
3803 4531 3809 4552 ὲ

2143 4571 2450 4642 γεγέννηκά
2463 4588 2542 4633 σε,
2557 4591 2574 4620 ›
2597 4571 2812 4638 ὲλέγετο
2833 4565 2971 4622 εἶναι
2993 4570 3086 4623 τοῦ
3112 4570 3328 4641 πρώτου
3355 4571 3618 4640 ψαλμοὶ(
3643 4570 3716 4630 Ὠς

2143 4663 2250 4733 γὰρ
2278 4664 2604 4734 γέγραπται,
2630 4681 2646 4713 ι
2669 4663 2855 4732 φησιν,
2881 4682 2898 4712 ε
2927 4665 2983 4715 ὲν
3007 4661 3210 4732 πρώτῳ
3231 4662 3452 4732 ψαλμῷ·
3473 4663 3594 4722 Υῐός
3626 4679 3711 4730 μοι

2141 4749 2193 4806 εἶ
2227 4754 2313 4815 σὺ,
2356 4752 2468 4820 ἐγὼ
2507 4753 2746 4824 σήμερον
2786 4753 3093 4822 γεγέννηκὰ
3137 4770 3218 4805 σε.
3261 4773 3278 4804 ι
3326 4755 3404 4805 Τὰ
3441 4753 3712 4822 Tim-‘52::

2146 4846 2328 4917 μέντοι
2345 4846 2652 4917 ἀντίγραφα
2667 4845 2918 4916 δεύτερον
2936 4840 3072 4897 εἶναι
3098 4845 3289 4898 τοῦτον
3318 4847 3521 4916 μηνύει.
3555 4846 3714 4896 Teir:

2139 4938 2195 4991 δὲ
2221 4938 2322 4991 οὐκ
2345 4937 2656 5008 ἀγνοητὲον,
2674 4938 2754 4990 ὅτι
2781 4939 2839 4989 ἐν
2858 4935 2937 5006 τῷ
2965 4937 3238 5008 Ἐϐραῖκῴ
3263 4938 3433 4990 οὐδενὶ
3455 4939 3560 4989 τῶν
3589 4938 3704 5006 ’ξαλ-

2144 5028 2259 5100 μῶν
2293 5028 2524 5100 ἀριθμὸς
2554 5029 2917 5100 παράκειται,
2955 5028 3171 5098 πρῶτος
3201 5031 3249 5082 εἰ
3275 5029 3442 5098 τύχοι,
3468 5031 3494 5098 ἢ
3532 5031 3708 5083 δεύτε-

2145 5135 2256 5190 ρος,
2283 5119 2317 5190 ἢ
2340 5119 2541 5190 τρίτος.
2589 5119 2653 5172 Τί
2688 5118 2743 5172 δὲ
2771 5119 2830 5171 τὸ
2869 5119 3026 5187 λέγον
3052 5117 3118 5170 ἂν
3166 5120 3250 5190 εἴη
3278 5121 3555 5190 πρόσωπον
3587 5136 3704 5188 τῖεν»

2145 5209 2371 5280 φητείαν
2400 5209 2648 5280 περιέχον
2673 5209 2771 5280 τὴν
2811 5210 2940 5279 περὶ
2979 5209 3255 5280 Χριστοῦ;
3291 5210 3440 5262 Ἤτοι
3463 5211 3524 5261 τὸ
3553 5208 3704 5261 [Γ.εοί

3262 5334 3307 5365 ’⁸
3344 5331 3468 5387 Luc.
3497 5345 3584 5392 tu,
3614 5330 3688 5383 5

2133 5496 2324 5566 psalm.
2354 5511 2392 5557 ι,
2425 5511 2575 5549 num.
2613 5495 2700 5551 19.

2203 5566 2314 5636 (70)
2344 5566 2533 5619 Δυσὶν
2555 5566 2932 5633 ἐντυχόντες,
2952 5573 3060 5619 etc.
3081 5563 3124 5616 E
3141 5565 3330 5619 codice
3355 5564 3686 5636 Βοιωτίας».

2131 5647 2185 5690 et
2214 5634 2431 5690 Sciretlis
2459 5637 2792 5690 Combelisii.
2823 5636 3012 5689 Latine
3049 5647 3266 5690 eastant
3295 5638 3344 5689 in
3367 5637 3560 5690 Catena
3587 5634 3686 5686 [Ia-

2133 5707 2289 5778 nielis
2316 5706 2590 5778 Barbari,
2623 5706 2678 5760 lu
2728 5705 2935 5762 Catena
2986 5705 3235 5762 Corderti
3290 5720 3560 5778 perperam
3593 5715 3682 5758 Ir.-

2131 5777 2373 5832 buuntur
2398 5775 2653 5847 Georgio.
