  <div class='ocr_page' id='page_1' title='image "/cluster/home/n/w/nwhite01/storage/ocr_20150623/12/hvd.32044019207638/554.png"; bbox 0 0 3870 6504; ppageno 0'>
   <div class='ocr_carea' id='block_1_1' title="bbox 112 330 232 385">
    <p class='ocr_par' dir='ltr' id='par_1_1' title="bbox 112 330 232 385">
     <span class='ocr_line' id='line_1_1' title="bbox 112 330 232 385; baseline -0.017 -1"><span class='ocrx_word' id='word_1_1' title='bbox 112 330 232 385; x_wconf 83' lang='grc' dir='ltr'>ιιιιι</span> 
     </span>
    </p>
   </div>
   <div class='ocr_carea' id='block_1_2' title="bbox 1079 320 2304 380">
    <p class='ocr_par' dir='ltr' id='par_1_2' title="bbox 1079 320 2304 380">
     <span class='ocr_line' id='line_1_2' title="bbox 1079 320 2304 380; baseline 0.002 -2"><span class='ocrx_word' id='word_1_2' title='bbox 1079 322 1387 378; x_wconf 70' lang='grc' dir='ltr'><strong>ΞΕΗΞΟΤᾹ</strong></span> <span class='ocrx_word' id='word_1_3' title='bbox 1424 322 1488 378; x_wconf 77' lang='lat' dir='ltr'><strong>IN</strong></span> <span class='ocrx_word' id='word_1_4' title='bbox 1528 320 1863 379; x_wconf 78' lang='lat' dir='ltr'><strong>PSALMOS.</strong></span> <span class='ocrx_word' id='word_1_5' title='bbox 1899 348 1968 362; x_wconf 69' lang='grc' dir='ltr'><strong>-ιι</strong></span> <span class='ocrx_word' id='word_1_6' title='bbox 2003 322 2197 380; x_wconf 80' lang='lat' dir='ltr'><strong>PSAL.</strong></span> <span class='ocrx_word' id='word_1_7' title='bbox 2241 321 2304 380; x_wconf 86' lang='lat' dir='ltr'><strong>ll.</strong></span> 
     </span>
    </p>
   </div>
   <div class='ocr_carea' id='block_1_3' title="bbox 3202 331 3338 384">
    <p class='ocr_par' dir='ltr' id='par_1_3' title="bbox 3202 331 3338 384">
     <span class='ocr_line' id='line_1_3' title="bbox 3202 331 3338 384; baseline 0.007 -1"><span class='ocrx_word' id='word_1_8' title='bbox 3202 331 3338 384; x_wconf 74' lang='lat'><strong>“0‘2.</strong></span> 
     </span>
    </p>
   </div>
   <div class='ocr_carea' id='block_1_4' title="bbox 109 422 1661 518">
    <p class='ocr_par' dir='ltr' id='par_1_4' title="bbox 109 422 1661 518">
     <span class='ocr_line' id='line_1_4' title="bbox 109 422 1661 518; baseline -0.005 -20"><span class='ocrx_word' id='word_1_9' title='bbox 109 464 182 518; x_wconf 87' lang='grc' dir='ltr'><strong>μα</strong></span> <span class='ocrx_word' id='word_1_10' title='bbox 204 444 258 498; x_wconf 76' lang='grc' dir='ltr'><strong>τὸ</strong></span> <span class='ocrx_word' id='word_1_11' title='bbox 285 443 458 511; x_wconf 80' lang='grc' dir='ltr'>ἆγιον,</span> <span class='ocrx_word' id='word_1_12' title='bbox 485 441 516 512; x_wconf 82' lang='grc' dir='ltr'>ἦ</span> <span class='ocrx_word' id='word_1_13' title='bbox 547 439 706 502; x_wconf 80' lang='grc' dir='ltr'>αὐτὸς</span> <span class='ocrx_word' id='word_1_14' title='bbox 743 441 771 491; x_wconf 95' lang='lat'><strong>6</strong></span> <span class='ocrx_word' id='word_1_15' title='bbox 794 422 1088 509; x_wconf 61' lang='grc' dir='ltr'>’προφήτης</span> <span class='ocrx_word' id='word_1_16' title='bbox 1115 439 1278 491; x_wconf 76' lang='grc' dir='ltr'>ἐστίν.</span> <span class='ocrx_word' id='word_1_17' title='bbox 1320 438 1450 490; x_wconf 77' lang='grc' dir='ltr'><strong>Ἀπὸ</strong></span> <span class='ocrx_word' id='word_1_18' title='bbox 1487 437 1543 490; x_wconf 86' lang='grc' dir='ltr'><strong>δὲ</strong></span> <span class='ocrx_word' id='word_1_19' title='bbox 1571 437 1661 490; x_wconf 86' lang='grc' dir='ltr'><strong>τοῦ</strong></span> 
     </span>
    </p>
   </div>
   <div class='ocr_carea' id='block_1_5' title="bbox 1769 422 3341 518">
    <p class='ocr_par' dir='ltr' id='par_1_5' title="bbox 1785 438 3341 511">
     <span class='ocr_line' id='line_1_5' title="bbox 1785 438 3341 511; baseline 0.006 -22"><span class='ocrx_word' id='word_1_20' title='bbox 1785 446 1904 501; x_wconf 80' lang='grc' dir='ltr'>εει,</span> <span class='ocrx_word' id='word_1_21' title='bbox 1938 438 2021 492; x_wconf 87' lang='lat' dir='ltr'><strong>vel</strong></span> <span class='ocrx_word' id='word_1_22' title='bbox 2071 439 2186 506; x_wconf 90' lang='lat' dir='ltr'><strong>ipse</strong></span> <span class='ocrx_word' id='word_1_23' title='bbox 2231 441 2512 510; x_wconf 78' lang='lat' dir='ltr'><strong>propheta.</strong></span> <span class='ocrx_word' id='word_1_24' title='bbox 2563 441 2604 494; x_wconf 77' lang='grc' dir='ltr'>Α</span> <span class='ocrx_word' id='word_1_25' title='bbox 2644 440 3006 511; x_wconf 85' lang='lat' dir='ltr'><strong>Diapsalmate</strong></span> <span class='ocrx_word' id='word_1_26' title='bbox 3051 453 3228 498; x_wconf 90' lang='lat' dir='ltr'><strong>autem</strong></span> <span class='ocrx_word' id='word_1_27' title='bbox 3283 450 3341 499; x_wconf 87' lang='lat' dir='ltr'><strong>tit</strong></span> 
     </span>
    </p>
   </div>
   <div class='ocr_carea' id='block_1_6' title="bbox 103 528 1662 608">
    <p class='ocr_par' dir='ltr' id='par_1_6' title="bbox 103 528 1662 608">
     <span class='ocr_line' id='line_1_6' title="bbox 103 528 1662 608; baseline -0.008 -15"><span class='ocrx_word' id='word_1_28' title='bbox 103 537 471 608; x_wconf 72' lang='grc' dir='ltr'>Διαψάλματος</span> <span class='ocrx_word' id='word_1_29' title='bbox 524 531 789 605; x_wconf 84' lang='grc' dir='ltr'>μεταϐολὴ</span> <span class='ocrx_word' id='word_1_30' title='bbox 829 531 1036 600; x_wconf 84' lang='grc' dir='ltr'>γίνεται</span> <span class='ocrx_word' id='word_1_31' title='bbox 1084 530 1178 584; x_wconf 92' lang='grc' dir='ltr'><strong>τοῦ</strong></span> <span class='ocrx_word' id='word_1_32' title='bbox 1227 531 1509 600; x_wconf 87' lang='grc' dir='ltr'>λέγοντος·</span> <span class='ocrx_word' id='word_1_33' title='bbox 1547 528 1662 583; x_wconf 75' lang='grc' dir='ltr'>ἔστι</span> 
     </span>
    </p>
   </div>
   <div class='ocr_carea' id='block_1_7' title="bbox 103 618 1664 700">
    <p class='ocr_par' dir='ltr' id='par_1_7' title="bbox 103 618 1664 700">
     <span class='ocr_line' id='line_1_7' title="bbox 103 618 1664 700; baseline -0.008 -17"><span class='ocrx_word' id='word_1_34' title='bbox 103 627 209 700; x_wconf 81' lang='grc' dir='ltr'>γὰρ</span> <span class='ocrx_word' id='word_1_35' title='bbox 253 629 282 681; x_wconf 93' lang='lat'><strong>6</strong></span> <span class='ocrx_word' id='word_1_36' title='bbox 316 623 575 695; x_wconf 84' lang='grc' dir='ltr'>Χριστὸς,</span> <span class='ocrx_word' id='word_1_37' title='bbox 613 621 688 684; x_wconf 86' lang='grc' dir='ltr'><strong>ώς</strong></span> <span class='ocrx_word' id='word_1_38' title='bbox 729 621 818 673; x_wconf 69' lang='grc' dir='ltr'><strong>καὶ</strong></span> <span class='ocrx_word' id='word_1_39' title='bbox 874 619 1032 673; x_wconf 90' lang='grc' dir='ltr'>τοῦτο</span> <span class='ocrx_word' id='word_1_40' title='bbox 1088 621 1512 691; x_wconf 82' lang='grc' dir='ltr'>παραστήσομεν</span> <span class='ocrx_word' id='word_1_41' title='bbox 1566 618 1664 682; x_wconf 78' lang='grc' dir='ltr'>τὰς</span> 
     </span>
    </p>
   </div>
   <div class='ocr_carea' id='block_1_8' title="bbox 103 707 1666 783">
    <p class='ocr_par' dir='ltr' id='par_1_8' title="bbox 103 707 1666 783">
     <span class='ocr_line' id='line_1_8' title="bbox 103 707 1666 783; baseline -0.006 -13"><span class='ocrx_word' id='word_1_42' title='bbox 103 717 266 783; x_wconf 79' lang='grc' dir='ltr'><strong>λέξεις</strong></span> <span class='ocrx_word' id='word_1_43' title='bbox 291 714 650 782; x_wconf 76' lang='grc' dir='ltr'>ἐξετάζοντες.</span> <span class='ocrx_word' id='word_1_44' title='bbox 676 712 784 764; x_wconf 77' lang='grc' dir='ltr'>Καὶ</span> <span class='ocrx_word' id='word_1_45' title='bbox 811 711 870 763; x_wconf 84' lang='grc' dir='ltr'><strong>ού</strong></span> <span class='ocrx_word' id='word_1_46' title='bbox 908 709 1218 780; x_wconf 85' lang='grc' dir='ltr'>θαυμαστὸν</span> <span class='ocrx_word' id='word_1_47' title='bbox 1249 711 1296 762; x_wconf 81' lang='grc' dir='ltr'>εἰ</span> <span class='ocrx_word' id='word_1_48' title='bbox 1337 712 1393 762; x_wconf 80' lang='grc' dir='ltr'>ὲν</span> <span class='ocrx_word' id='word_1_49' title='bbox 1430 708 1507 762; x_wconf 71' lang='grc' dir='ltr'>ἐνὶ</span> <span class='ocrx_word' id='word_1_50' title='bbox 1532 707 1666 777; x_wconf 69' lang='grc' dir='ltr'>ψαλ-</span> 
     </span>
    </p>
   </div>
   <div class='ocr_carea' id='block_1_9' title="bbox 105 799 1665 881">
    <p class='ocr_par' dir='ltr' id='par_1_9' title="bbox 105 799 1665 881">
     <span class='ocr_line' id='line_1_9' title="bbox 105 799 1665 881; baseline -0.008 -18"><span class='ocrx_word' id='word_1_51' title='bbox 105 809 190 881; x_wconf 80' lang='grc' dir='ltr'>μῷ</span> <span class='ocrx_word' id='word_1_52' title='bbox 218 808 334 879; x_wconf 73' lang='grc' dir='ltr'>οὐχὶ</span> <span class='ocrx_word' id='word_1_53' title='bbox 361 806 418 859; x_wconf 80' lang='grc' dir='ltr'>ἓν</span> <span class='ocrx_word' id='word_1_54' title='bbox 453 802 740 878; x_wconf 86' lang='grc' dir='ltr'>πρόσωπόν</span> <span class='ocrx_word' id='word_1_55' title='bbox 782 802 895 853; x_wconf 81' lang='grc' dir='ltr'>ἐστι</span> <span class='ocrx_word' id='word_1_56' title='bbox 929 801 988 854; x_wconf 84' lang='grc' dir='ltr'>τὺ</span> <span class='ocrx_word' id='word_1_57' title='bbox 1023 801 1208 870; x_wconf 87' lang='grc' dir='ltr'>λέγον·</span> <span class='ocrx_word' id='word_1_58' title='bbox 1248 800 1514 870; x_wconf 86' lang='grc' dir='ltr'>πολλαχοῦ</span> <span class='ocrx_word' id='word_1_59' title='bbox 1557 799 1665 872; x_wconf 76' lang='grc' dir='ltr'>γὰρ</span> 
     </span>
    </p>
   </div>
   <div class='ocr_carea' id='block_1_10' title="bbox 101 891 1666 964">
    <p class='ocr_par' dir='ltr' id='par_1_10' title="bbox 101 891 1666 964">
     <span class='ocr_line' id='line_1_10' title="bbox 101 891 1666 964; baseline -0.006 -9"><span class='ocrx_word' id='word_1_60' title='bbox 101 901 255 955; x_wconf 83' lang='grc' dir='ltr'>τοῦτο</span> <span class='ocrx_word' id='word_1_61' title='bbox 285 900 428 953; x_wconf 80' lang='grc' dir='ltr'>ἐστιν</span> <span class='ocrx_word' id='word_1_62' title='bbox 472 898 632 959; x_wconf 87' lang='grc' dir='ltr'>ἰδεῖν,</span> <span class='ocrx_word' id='word_1_63' title='bbox 668 895 742 958; x_wconf 89' lang='grc' dir='ltr'>ὡς</span> <span class='ocrx_word' id='word_1_64' title='bbox 782 893 1058 964; x_wconf 81' lang='grc' dir='ltr'>προϊόντες</span> <span class='ocrx_word' id='word_1_65' title='bbox 1098 891 1361 964; x_wconf 82' lang='grc' dir='ltr'>δείξομεν.</span> <span class='ocrx_word' id='word_1_66' title='bbox 1401 895 1510 947; x_wconf 70' lang='grc' dir='ltr'>Καὶ</span> <span class='ocrx_word' id='word_1_67' title='bbox 1536 893 1666 947; x_wconf 88' lang='grc' dir='ltr'>ταῦ-</span> 
     </span>
    </p>
   </div>
   <div class='ocr_carea' id='block_1_11' title="bbox 99 984 1666 1064">
    <p class='ocr_par' dir='ltr' id='par_1_11' title="bbox 99 984 1666 1064">
     <span class='ocr_line' id='line_1_11' title="bbox 99 984 1666 1064; baseline -0.008 -16"><span class='ocrx_word' id='word_1_68' title='bbox 99 1011 170 1048; x_wconf 86' lang='grc' dir='ltr'><strong>τα</strong></span> <span class='ocrx_word' id='word_1_69' title='bbox 217 993 309 1064; x_wconf 84' lang='grc' dir='ltr'><strong>μὲν</strong></span> <span class='ocrx_word' id='word_1_70' title='bbox 346 990 452 1063; x_wconf 82' lang='grc' dir='ltr'>πρὸ</span> <span class='ocrx_word' id='word_1_71' title='bbox 495 987 588 1042; x_wconf 85' lang='grc' dir='ltr'><strong>τοῦ</strong></span> <span class='ocrx_word' id='word_1_72' title='bbox 617 985 828 1057; x_wconf 69' lang='grc' dir='ltr'>ψαλμοῦ</span> <span class='ocrx_word' id='word_1_73' title='bbox 853 1025 865 1048; x_wconf 96' lang='grc'><strong>,</strong></span> <span class='ocrx_word' id='word_1_74' title='bbox 909 985 1330 1055; x_wconf 79' lang='grc' dir='ltr'>κατανοήσωμεν</span> <span class='ocrx_word' id='word_1_75' title='bbox 1374 984 1430 1037; x_wconf 82' lang='grc' dir='ltr'>δὲ</span> <span class='ocrx_word' id='word_1_76' title='bbox 1458 986 1554 1048; x_wconf 72' lang='grc' dir='ltr'>τὰς</span> <span class='ocrx_word' id='word_1_77' title='bbox 1580 985 1666 1037; x_wconf 86' lang='grc' dir='ltr'>λέ-</span> 
     </span>
    </p>
   </div>
   <div class='ocr_carea' id='block_1_12' title="bbox 101 1087 231 1153">
    <p class='ocr_par' dir='ltr' id='par_1_12' title="bbox 101 1087 231 1153">
     <span class='ocr_line' id='line_1_12' title="bbox 101 1087 231 1153; baseline 0 -15"><span class='ocrx_word' id='word_1_78' title='bbox 101 1087 231 1153; x_wconf 84' lang='grc' dir='ltr'>ξεις.</span> 
     </span>
    </p>
   </div>
   <div class='ocr_carea' id='block_1_13' title="bbox 179 1166 1663 1240">
    <p class='ocr_par' dir='ltr' id='par_1_13' title="bbox 179 1166 1663 1240">
     <span class='ocr_line' id='line_1_13' title="bbox 179 1166 1663 1240; baseline -0.008 -8"><span class='ocrx_word' id='word_1_79' title='bbox 179 1175 281 1232; x_wconf 85' lang='grc' dir='ltr'><strong>Τοῦ</strong></span> <span class='ocrx_word' id='word_1_80' title='bbox 319 1172 525 1229; x_wconf 84' lang='grc' dir='ltr'>αὑτοῦ.</span> <span class='ocrx_word' id='word_1_81' title='bbox 576 1171 826 1240; x_wconf 82' lang='grc' dir='ltr'><strong>Τέσσαρα</strong></span> <span class='ocrx_word' id='word_1_82' title='bbox 863 1169 993 1240; x_wconf 83' lang='grc' dir='ltr'><strong>γένη</strong></span> <span class='ocrx_word' id='word_1_83' title='bbox 1047 1168 1153 1221; x_wconf 81' lang='grc' dir='ltr'>τῶν</span> <span class='ocrx_word' id='word_1_84' title='bbox 1203 1168 1310 1238; x_wconf 84' lang='grc'><strong>(71)</strong></span> <span class='ocrx_word' id='word_1_85' title='bbox 1363 1166 1663 1239; x_wconf 83' lang='grc' dir='ltr'>ἀνθρώπων</span> 
     </span>
    </p>
   </div>
   <div class='ocr_carea' id='block_1_14' title="bbox 100 1259 1664 1340">
    <p class='ocr_par' dir='ltr' id='par_1_14' title="bbox 100 1259 1664 1340">
     <span class='ocr_line' id='line_1_14' title="bbox 100 1259 1664 1340; baseline -0.008 -17"><span class='ocrx_word' id='word_1_86' title='bbox 100 1269 263 1340; x_wconf 75' lang='grc' dir='ltr'>φησὶν</span> <span class='ocrx_word' id='word_1_87' title='bbox 304 1269 332 1320; x_wconf 86' lang='lat'><strong>6</strong></span> <span class='ocrx_word' id='word_1_88' title='bbox 371 1266 526 1334; x_wconf 80' lang='grc' dir='ltr'><strong>λόγος</strong></span> <span class='ocrx_word' id='word_1_89' title='bbox 568 1261 984 1332; x_wconf 79' lang='grc' dir='ltr'>ὲπιϐεϐληκέναι</span> <span class='ocrx_word' id='word_1_90' title='bbox 1023 1260 1266 1332; x_wconf 81' lang='grc' dir='ltr'>Χριστῷ·</span> <span class='ocrx_word' id='word_1_91' title='bbox 1316 1259 1442 1330; x_wconf 78' lang='grc' dir='ltr'>ἔθνη</span> <span class='ocrx_word' id='word_1_92' title='bbox 1497 1259 1664 1331; x_wconf 84' lang='grc' dir='ltr'>φρυά-</span> 
     </span>
    </p>
   </div>
   <div class='ocr_carea' id='block_1_15' title="bbox 96 1349 1662 1427">
    <p class='ocr_par' dir='ltr' id='par_1_15' title="bbox 96 1349 1662 1427">
     <span class='ocr_line' id='line_1_15' title="bbox 96 1349 1662 1427; baseline -0.009 -12"><span class='ocrx_word' id='word_1_93' title='bbox 96 1362 261 1427; x_wconf 82' lang='grc' dir='ltr'>ξαντα</span> <span class='ocrx_word' id='word_1_94' title='bbox 287 1357 404 1413; x_wconf 76' lang='grc' dir='ltr'>κατ’</span> <span class='ocrx_word' id='word_1_95' title='bbox 428 1355 618 1419; x_wconf 78' lang='grc' dir='ltr'>αὐτοῦ,</span> <span class='ocrx_word' id='word_1_96' title='bbox 656 1354 748 1408; x_wconf 66' lang='grc' dir='ltr'><strong>καὶ</strong></span> <span class='ocrx_word' id='word_1_97' title='bbox 775 1353 939 1415; x_wconf 79' lang='grc' dir='ltr'>λαοὺς</span> <span class='ocrx_word' id='word_1_98' title='bbox 967 1352 1366 1422; x_wconf 84' lang='grc' dir='ltr'>μελετήσαντας</span> <span class='ocrx_word' id='word_1_99' title='bbox 1392 1350 1540 1413; x_wconf 79' lang='grc' dir='ltr'>κενὰ,</span> <span class='ocrx_word' id='word_1_100' title='bbox 1569 1349 1662 1402; x_wconf 73' lang='grc' dir='ltr'><strong>καὶ</strong></span> 
     </span>
    </p>
   </div>
   <div class='ocr_carea' id='block_1_16' title="bbox 98 1445 1664 1523">
    <p class='ocr_par' dir='ltr' id='par_1_16' title="bbox 98 1445 1664 1523">
     <span class='ocr_line' id='line_1_16' title="bbox 98 1445 1664 1523; baseline -0.008 -16"><span class='ocrx_word' id='word_1_101' title='bbox 98 1453 331 1523; x_wconf 81' lang='grc' dir='ltr'><strong>βασιλεῖς</strong></span> <span class='ocrx_word' id='word_1_102' title='bbox 375 1451 476 1522; x_wconf 78' lang='grc' dir='ltr'><strong>τῆς</strong></span> <span class='ocrx_word' id='word_1_103' title='bbox 514 1449 617 1520; x_wconf 80' lang='grc' dir='ltr'>γῆς</span> <span class='ocrx_word' id='word_1_104' title='bbox 667 1447 1050 1518; x_wconf 81' lang='grc' dir='ltr'>παραστάντας</span> <span class='ocrx_word' id='word_1_105' title='bbox 1085 1447 1199 1517; x_wconf 77' lang='grc' dir='ltr'>μετ’</span> <span class='ocrx_word' id='word_1_106' title='bbox 1230 1445 1503 1515; x_wconf 81' lang='grc' dir='ltr'><strong>ἀρχόντων</strong></span> <span class='ocrx_word' id='word_1_107' title='bbox 1541 1460 1664 1496; x_wconf 89' lang='grc' dir='ltr'>συν-</span> 
     </span>
    </p>
   </div>
   <div class='ocr_carea' id='block_1_17' title="bbox 94 1534 1665 1618">
    <p class='ocr_par' dir='ltr' id='par_1_17' title="bbox 94 1534 1665 1618">
     <span class='ocr_line' id='line_1_17' title="bbox 94 1534 1665 1618; baseline -0.008 -19"><span class='ocrx_word' id='word_1_108' title='bbox 94 1547 363 1618; x_wconf 86' lang='grc' dir='ltr'>αχθέντων</span> <span class='ocrx_word' id='word_1_109' title='bbox 393 1543 484 1596; x_wconf 69' lang='grc' dir='ltr'>ἐπὶ</span> <span class='ocrx_word' id='word_1_110' title='bbox 504 1541 564 1595; x_wconf 84' lang='grc' dir='ltr'>τὸ</span> <span class='ocrx_word' id='word_1_111' title='bbox 587 1541 734 1596; x_wconf 83' lang='grc' dir='ltr'>αύτό.</span> <span class='ocrx_word' id='word_1_112' title='bbox 762 1542 869 1595; x_wconf 72' lang='grc' dir='ltr'>Καὶ</span> <span class='ocrx_word' id='word_1_113' title='bbox 893 1539 1175 1612; x_wconf 74' lang='grc' dir='ltr'>ἡγούμεθα</span> <span class='ocrx_word' id='word_1_114' title='bbox 1207 1540 1302 1610; x_wconf 80' lang='grc' dir='ltr'><strong>μὲν</strong></span> <span class='ocrx_word' id='word_1_115' title='bbox 1325 1538 1450 1608; x_wconf 83' lang='grc' dir='ltr'>ἔθνη</span> <span class='ocrx_word' id='word_1_116' title='bbox 1483 1534 1665 1607; x_wconf 89' lang='grc' dir='ltr'>δηλοῦ-</span> 
     </span>
    </p>
   </div>
   <div class='ocr_carea' id='block_1_18' title="bbox 95 1629 1663 1706">
    <p class='ocr_par' dir='ltr' id='par_1_18' title="bbox 95 1629 1663 1706">
     <span class='ocr_line' id='line_1_18' title="bbox 95 1629 1663 1706; baseline -0.007 -14"><span class='ocrx_word' id='word_1_117' title='bbox 95 1639 222 1692; x_wconf 80' lang='grc' dir='ltr'>σθαι</span> <span class='ocrx_word' id='word_1_118' title='bbox 251 1640 374 1700; x_wconf 78' lang='grc' dir='ltr'>τοὺς</span> <span class='ocrx_word' id='word_1_119' title='bbox 392 1635 702 1706; x_wconf 76' lang='grc' dir='ltr'>ἀλλοτρίους</span> <span class='ocrx_word' id='word_1_120' title='bbox 723 1635 821 1705; x_wconf 78' lang='grc' dir='ltr'><strong>τῆς</strong></span> <span class='ocrx_word' id='word_1_121' title='bbox 851 1634 1084 1696; x_wconf 86' lang='grc' dir='ltr'>πίστεως</span> <span class='ocrx_word' id='word_1_122' title='bbox 1115 1629 1452 1702; x_wconf 80' lang='grc' dir='ltr'>ἀνθρώπους,</span> <span class='ocrx_word' id='word_1_123' title='bbox 1477 1629 1663 1699; x_wconf 82' lang='grc' dir='ltr'>ὥσπερ</span> 
     </span>
    </p>
   </div>
   <div class='ocr_carea' id='block_1_19' title="bbox 92 1722 1663 1802">
    <p class='ocr_par' dir='ltr' id='par_1_19' title="bbox 92 1722 1663 1802">
     <span class='ocr_line' id='line_1_19' title="bbox 92 1722 1663 1802; baseline -0.008 -17"><span class='ocrx_word' id='word_1_124' title='bbox 92 1733 220 1794; x_wconf 73' lang='grc' dir='ltr'>τοὺς</span> <span class='ocrx_word' id='word_1_125' title='bbox 252 1727 583 1802; x_wconf 82' lang='grc' dir='ltr'>στρατιώτας</span> <span class='ocrx_word' id='word_1_126' title='bbox 615 1730 739 1791; x_wconf 82' lang='grc' dir='ltr'>τοὺς</span> <span class='ocrx_word' id='word_1_127' title='bbox 773 1727 1118 1801; x_wconf 81' lang='grc' dir='ltr'>φρυάξαντας</span> <span class='ocrx_word' id='word_1_128' title='bbox 1159 1725 1276 1778; x_wconf 83' lang='grc' dir='ltr'>κατ’</span> <span class='ocrx_word' id='word_1_129' title='bbox 1313 1723 1472 1778; x_wconf 82' lang='grc' dir='ltr'>αὐτοῦ</span> <span class='ocrx_word' id='word_1_130' title='bbox 1497 1741 1509 1753; x_wconf 89' lang='grc'>·</span> <span class='ocrx_word' id='word_1_131' title='bbox 1540 1722 1663 1786; x_wconf 83' lang='grc' dir='ltr'>τοὺς</span> 
     </span>
    </p>
   </div>
   <div class='ocr_carea' id='block_1_20' title="bbox 90 1810 1661 1888">
    <p class='ocr_par' dir='ltr' id='par_1_20' title="bbox 90 1810 1661 1888">
     <span class='ocr_line' id='line_1_20' title="bbox 90 1810 1661 1888; baseline -0.008 -13"><span class='ocrx_word' id='word_1_132' title='bbox 90 1823 150 1875; x_wconf 77' lang='grc' dir='ltr'>δὲ</span> <span class='ocrx_word' id='word_1_133' title='bbox 173 1823 326 1884; x_wconf 76' lang='grc' dir='ltr'>λαοὺς</span> <span class='ocrx_word' id='word_1_134' title='bbox 351 1821 476 1883; x_wconf 79' lang='grc' dir='ltr'>τοὺς</span> <span class='ocrx_word' id='word_1_135' title='bbox 501 1820 608 1873; x_wconf 76' lang='grc' dir='ltr'>ἀπὸ</span> <span class='ocrx_word' id='word_1_136' title='bbox 628 1819 735 1872; x_wconf 83' lang='grc' dir='ltr'><strong>τῶν</strong></span> <span class='ocrx_word' id='word_1_137' title='bbox 765 1817 945 1888; x_wconf 81' lang='grc' dir='ltr'>φυλῶν</span> <span class='ocrx_word' id='word_1_138' title='bbox 972 1817 1066 1886; x_wconf 83' lang='grc' dir='ltr'><strong>τῆς</strong></span> <span class='ocrx_word' id='word_1_139' title='bbox 1089 1814 1400 1884; x_wconf 82' lang='grc' dir='ltr'>κατατομῆς</span> <span class='ocrx_word' id='word_1_140' title='bbox 1426 1812 1505 1882; x_wconf 88' lang='grc' dir='ltr'>(ού</span> <span class='ocrx_word' id='word_1_141' title='bbox 1553 1810 1661 1882; x_wconf 83' lang='grc' dir='ltr'><strong>γὰρ</strong></span> 
     </span>
    </p>
   </div>
   <div class='ocr_carea' id='block_1_21' title="bbox 90 1901 1658 1987">
    <p class='ocr_par' dir='ltr' id='par_1_21' title="bbox 90 1901 1658 1987">
     <span class='ocr_line' id='line_1_21' title="bbox 90 1901 1658 1987; baseline -0.009 -21"><span class='ocrx_word' id='word_1_142' title='bbox 90 1913 292 1987; x_wconf 83' lang='grc' dir='ltr'>κυρίως</span> <span class='ocrx_word' id='word_1_143' title='bbox 316 1911 530 1965; x_wconf 77' lang='grc' dir='ltr'>λεκτέον</span> <span class='ocrx_word' id='word_1_144' title='bbox 559 1908 752 1972; x_wconf 68' lang='grc' dir='ltr'>αὐτοὺς</span> <span class='ocrx_word' id='word_1_145' title='bbox 784 1908 873 1960; x_wconf 81' lang='grc' dir='ltr'><strong>τὸν</strong></span> <span class='ocrx_word' id='word_1_146' title='bbox 898 1907 1126 1977; x_wconf 78' lang='grc' dir='ltr'>Σωτῆρα</span> <span class='ocrx_word' id='word_1_147' title='bbox 1161 1904 1234 1974; x_wconf 76' lang='grc' dir='ltr'>μὴ</span> <span class='ocrx_word' id='word_1_148' title='bbox 1268 1901 1658 1974; x_wconf 81' lang='grc' dir='ltr'>προσιεμένους</span> 
     </span>
    </p>
   </div>
   <div class='ocr_carea' id='block_1_22' title="bbox 90 1989 1659 2074">
    <p class='ocr_par' dir='ltr' id='par_1_22' title="bbox 90 1989 1659 2074">
     <span class='ocr_line' id='line_1_22' title="bbox 90 1989 1659 2074; baseline -0.011 -17"><span class='ocrx_word' id='word_1_149' title='bbox 90 2007 158 2057; x_wconf 79' lang='grc' dir='ltr'>ἐκ</span> <span class='ocrx_word' id='word_1_150' title='bbox 192 2001 534 2074; x_wconf 77' lang='grc' dir='ltr'>περιτομῆς),</span> <span class='ocrx_word' id='word_1_151' title='bbox 567 2001 760 2062; x_wconf 82' lang='grc' dir='ltr'>οἵτινες</span> <span class='ocrx_word' id='word_1_152' title='bbox 811 1996 940 2050; x_wconf 88' lang='grc' dir='ltr'><strong>κενά</strong></span> <span class='ocrx_word' id='word_1_153' title='bbox 996 1993 1430 2065; x_wconf 86' lang='grc' dir='ltr'>μεμελετήκασι,</span> <span class='ocrx_word' id='word_1_154' title='bbox 1473 1989 1564 2042; x_wconf 76' lang='grc' dir='ltr'><strong>τὸν</strong></span> <span class='ocrx_word' id='word_1_155' title='bbox 1602 1990 1659 2040; x_wconf 83' lang='grc' dir='ltr'>ὲν</span> 
     </span>
    </p>
   </div>
   <div class='ocr_carea' id='block_1_23' title="bbox 86 2082 1659 2169">
    <p class='ocr_par' dir='ltr' id='par_1_23' title="bbox 86 2082 1659 2169">
     <span class='ocr_line' id='line_1_23' title="bbox 86 2082 1659 2169; baseline -0.011 -19"><span class='ocrx_word' id='word_1_156' title='bbox 86 2102 205 2162; x_wconf 87' lang='grc' dir='ltr'>τοῖς</span> <span class='ocrx_word' id='word_1_157' title='bbox 233 2095 619 2169; x_wconf 77' lang='grc' dir='ltr'>μελετωμένοις</span> <span class='ocrx_word' id='word_1_158' title='bbox 649 2093 1003 2165; x_wconf 81' lang='grc' dir='ltr'>προφητικοῖς</span> <span class='ocrx_word' id='word_1_159' title='bbox 1033 2089 1208 2157; x_wconf 82' lang='grc' dir='ltr'>λόγοις</span> <span class='ocrx_word' id='word_1_160' title='bbox 1236 2082 1659 2154; x_wconf 87' lang='grc' dir='ltr'>καταγγελλόμε-</span> 
     </span>
    </p>
   </div>
   <div class='ocr_carea' id='block_1_24' title="bbox 88 2174 1658 2258">
    <p class='ocr_par' dir='ltr' id='par_1_24' title="bbox 88 2174 1658 2258">
     <span class='ocr_line' id='line_1_24' title="bbox 88 2174 1658 2258; baseline -0.011 -15"><span class='ocrx_word' id='word_1_161' title='bbox 88 2207 187 2243; x_wconf 77' lang='grc' dir='ltr'><strong>νον</strong></span> <span class='ocrx_word' id='word_1_162' title='bbox 216 2187 444 2258; x_wconf 83' lang='grc' dir='ltr'>Χριστὸν</span> <span class='ocrx_word' id='word_1_163' title='bbox 475 2185 534 2238; x_wconf 86' lang='grc' dir='ltr'><strong>ού</strong></span> <span class='ocrx_word' id='word_1_164' title='bbox 571 2184 902 2254; x_wconf 87' lang='grc' dir='ltr'>νενοηκότες.</span> <span class='ocrx_word' id='word_1_165' title='bbox 935 2179 1178 2242; x_wconf 82' lang='grc' dir='ltr'>Βασιλεῖς</span> <span class='ocrx_word' id='word_1_166' title='bbox 1211 2178 1266 2231; x_wconf 82' lang='grc' dir='ltr'><strong>δὲ</strong></span> <span class='ocrx_word' id='word_1_167' title='bbox 1307 2177 1403 2246; x_wconf 76' lang='grc' dir='ltr'>τῆς</span> <span class='ocrx_word' id='word_1_168' title='bbox 1435 2174 1538 2244; x_wconf 78' lang='grc' dir='ltr'><strong>γῆς</strong></span> <span class='ocrx_word' id='word_1_169' title='bbox 1567 2175 1658 2226; x_wconf 78' lang='grc' dir='ltr'><strong>καὶ</strong></span> 
     </span>
    </p>
   </div>
   <div class='ocr_carea' id='block_1_25' title="bbox 84 2265 1656 2352">
    <p class='ocr_par' dir='ltr' id='par_1_25' title="bbox 84 2265 1656 2352">
     <span class='ocr_line' id='line_1_25' title="bbox 84 2265 1656 2352; baseline -0.009 -21"><span class='ocrx_word' id='word_1_170' title='bbox 84 2282 346 2352; x_wconf 80' lang='grc' dir='ltr'>ἄρχοντες</span> <span class='ocrx_word' id='word_1_171' title='bbox 373 2276 615 2348; x_wconf 80' lang='grc' dir='ltr'>Ἡρώδης</span> <span class='ocrx_word' id='word_1_172' title='bbox 642 2293 700 2329; x_wconf 89' lang='grc' dir='ltr'><strong>τε</strong></span> <span class='ocrx_word' id='word_1_173' title='bbox 727 2276 820 2329; x_wconf 79' lang='grc' dir='ltr'>καὶ</span> <span class='ocrx_word' id='word_1_174' title='bbox 849 2274 1070 2335; x_wconf 83' lang='grc' dir='ltr'>Πόντιος</span> <span class='ocrx_word' id='word_1_175' title='bbox 1091 2270 1341 2332; x_wconf 79' lang='grc' dir='ltr'>Πιλᾶτος,</span> <span class='ocrx_word' id='word_1_176' title='bbox 1366 2269 1459 2320; x_wconf 71' lang='grc' dir='ltr'><strong>καὶ</strong></span> <span class='ocrx_word' id='word_1_177' title='bbox 1492 2267 1544 2318; x_wconf 84' lang='grc' dir='ltr'>οἱ</span> <span class='ocrx_word' id='word_1_178' title='bbox 1564 2265 1656 2318; x_wconf 82' lang='grc' dir='ltr'><strong>τοῦ</strong></span> 
     </span>
    </p>
   </div>
   <div class='ocr_carea' id='block_1_26' title="bbox 101 2358 1658 2439">
    <p class='ocr_par' dir='ltr' id='par_1_26' title="bbox 101 2358 1658 2439">
     <span class='ocr_line' id='line_1_26' title="bbox 101 2358 1658 2439; baseline -0.012 -13"><span class='ocrx_word' id='word_1_179' title='bbox 101 2373 370 2426; x_wconf 82' lang='grc' dir='ltr'>Ἰουδαίων</span> <span class='ocrx_word' id='word_1_180' title='bbox 403 2365 530 2424; x_wconf 82' lang='grc' dir='ltr'>λαοῦ</span> <span class='ocrx_word' id='word_1_181' title='bbox 571 2367 879 2439; x_wconf 79' lang='grc' dir='ltr'>ἡγούμενοι.</span> <span class='ocrx_word' id='word_1_182' title='bbox 909 2365 1123 2418; x_wconf 79' lang='grc' dir='ltr'>Τούτων</span> <span class='ocrx_word' id='word_1_183' title='bbox 1156 2365 1264 2433; x_wconf 86' lang='grc' dir='ltr'>γὰρ</span> <span class='ocrx_word' id='word_1_184' title='bbox 1292 2361 1384 2414; x_wconf 74' lang='grc' dir='ltr'><strong>καὶ</strong></span> <span class='ocrx_word' id='word_1_185' title='bbox 1410 2363 1437 2412; x_wconf 98' lang='lat'><strong>6</strong></span> <span class='ocrx_word' id='word_1_186' title='bbox 1465 2358 1658 2410; x_wconf 80' lang='grc' dir='ltr'>θεσπέ-</span> 
     </span>
    </p>
   </div>
   <div class='ocr_carea' id='block_1_27' title="bbox 86 2449 1659 2534">
    <p class='ocr_par' dir='ltr' id='par_1_27' title="bbox 86 2449 1659 2534">
     <span class='ocr_line' id='line_1_27' title="bbox 86 2449 1659 2534; baseline -0.011 -17"><span class='ocrx_word' id='word_1_187' title='bbox 86 2482 210 2527; x_wconf 87' lang='grc' dir='ltr'>σιος</span> <span class='ocrx_word' id='word_1_188' title='bbox 266 2463 466 2534; x_wconf 78' lang='grc' dir='ltr'>Πέτρος</span> <span class='ocrx_word' id='word_1_189' title='bbox 523 2463 551 2514; x_wconf 92' lang='lat'><strong>6</strong></span> <span class='ocrx_word' id='word_1_190' title='bbox 610 2459 902 2521; x_wconf 76' lang='grc' dir='ltr'>ἀπόστολος</span> <span class='ocrx_word' id='word_1_191' title='bbox 944 2454 1421 2527; x_wconf 79' lang='grc' dir='ltr'>ἀπεμνημόνευσεν</span> <span class='ocrx_word' id='word_1_192' title='bbox 1479 2449 1659 2512; x_wconf 84' lang='grc' dir='ltr'>ίδικῶς</span> 
     </span>
    </p>
   </div>
   <div class='ocr_carea' id='block_1_28' title="bbox 85 2542 1659 2620">
    <p class='ocr_par' dir='ltr' id='par_1_28' title="bbox 85 2542 1659 2620">
     <span class='ocr_line' id='line_1_28' title="bbox 85 2542 1659 2620; baseline -0.009 -13"><span class='ocrx_word' id='word_1_193' title='bbox 85 2558 150 2607; x_wconf 82' lang='grc' dir='ltr'><strong>ἐν</strong></span> <span class='ocrx_word' id='word_1_194' title='bbox 189 2557 302 2618; x_wconf 88' lang='grc' dir='ltr'>ταῖς</span> <span class='ocrx_word' id='word_1_195' title='bbox 354 2551 610 2620; x_wconf 76' lang='grc' dir='ltr'>Πράξεσι</span> <span class='ocrx_word' id='word_1_196' title='bbox 653 2551 760 2603; x_wconf 79' lang='grc' dir='ltr'>τῶν</span> <span class='ocrx_word' id='word_1_197' title='bbox 799 2548 1107 2604; x_wconf 82' lang='grc' dir='ltr'>ἀποστόλων</span> <span class='ocrx_word' id='word_1_198' title='bbox 1147 2545 1245 2616; x_wconf 76' lang='grc' dir='ltr'>τὴν</span> <span class='ocrx_word' id='word_1_199' title='bbox 1294 2542 1659 2614; x_wconf 76' lang='grc' dir='ltr'>προκειμένην</span> 
     </span>
    </p>
   </div>
   <div class='ocr_carea' id='block_1_29' title="bbox 85 2636 1660 2730">
    <p class='ocr_par' dir='ltr' id='par_1_29' title="bbox 85 2636 1660 2719">
     <span class='ocr_line' id='line_1_29' title="bbox 85 2636 1660 2719; baseline -0.009 -20"><span class='ocrx_word' id='word_1_200' title='bbox 85 2648 285 2719; x_wconf 81' lang='grc' dir='ltr'>χρῆσιν</span> <span class='ocrx_word' id='word_1_201' title='bbox 316 2643 672 2717; x_wconf 85' lang='grc' dir='ltr'>παραγαγών.</span> <span class='ocrx_word' id='word_1_202' title='bbox 719 2643 782 2694; x_wconf 86' lang='grc' dir='ltr'>Εἰ</span> <span class='ocrx_word' id='word_1_203' title='bbox 814 2641 871 2693; x_wconf 82' lang='grc' dir='ltr'>δὲ</span> <span class='ocrx_word' id='word_1_204' title='bbox 903 2641 995 2694; x_wconf 72' lang='grc' dir='ltr'><strong>καὶ</strong></span> <span class='ocrx_word' id='word_1_205' title='bbox 1039 2639 1136 2701; x_wconf 79' lang='grc' dir='ltr'><strong>τὰς</strong></span> <span class='ocrx_word' id='word_1_206' title='bbox 1169 2637 1430 2709; x_wconf 88' lang='grc' dir='ltr'>ἀοράτους</span> <span class='ocrx_word' id='word_1_207' title='bbox 1471 2636 1660 2706; x_wconf 81' lang='grc' dir='ltr'>φήσεις</span> 
     </span>
    </p>
   </div>
   <div class='ocr_carea' id='block_1_30' title="bbox 81 2727 1659 2810">
    <p class='ocr_par' dir='ltr' id='par_1_30' title="bbox 81 2727 1659 2810">
     <span class='ocr_line' id='line_1_30' title="bbox 81 2727 1659 2810; baseline -0.01 -17"><span class='ocrx_word' id='word_1_208' title='bbox 81 2740 378 2810; x_wconf 84' lang='grc' dir='ltr'>δυνάμεις,</span> <span class='ocrx_word' id='word_1_209' title='bbox 423 2738 520 2789; x_wconf 82' lang='grc' dir='ltr'><strong>οὐκ</strong></span> <span class='ocrx_word' id='word_1_210' title='bbox 562 2734 627 2788; x_wconf 83' lang='grc' dir='ltr'><strong>ἂν</strong></span> <span class='ocrx_word' id='word_1_211' title='bbox 665 2733 948 2804; x_wconf 82' lang='grc' dir='ltr'>ἁμάρτοις.</span> <span class='ocrx_word' id='word_1_212' title='bbox 997 2732 1104 2786; x_wconf 73' lang='grc' dir='ltr'>Καὶ</span> <span class='ocrx_word' id='word_1_213' title='bbox 1132 2731 1160 2781; x_wconf 88' lang='grc' dir='ltr'>ὁ</span> <span class='ocrx_word' id='word_1_214' title='bbox 1195 2727 1500 2798; x_wconf 87' lang='grc' dir='ltr'>σοφώτατος</span> <span class='ocrx_word' id='word_1_215' title='bbox 1533 2727 1659 2795; x_wconf 84' lang='grc' dir='ltr'>γοῦν</span> 
     </span>
    </p>
   </div>
   <div class='ocr_carea' id='block_1_31' title="bbox 97 2820 1658 2896">
    <p class='ocr_par' dir='ltr' id='par_1_31' title="bbox 97 2820 1658 2896">
     <span class='ocr_line' id='line_1_31' title="bbox 97 2820 1658 2896; baseline -0.008 -13"><span class='ocrx_word' id='word_1_216' title='bbox 97 2829 420 2891; x_wconf 83' lang='grc' dir='ltr'>Ἀπόστολος</span> <span class='ocrx_word' id='word_1_217' title='bbox 442 2828 500 2880; x_wconf 86' lang='grc' dir='ltr'><strong>ού</strong></span> <span class='ocrx_word' id='word_1_218' title='bbox 526 2825 776 2879; x_wconf 86' lang='grc' dir='ltr'>τοσοῦτον</span> <span class='ocrx_word' id='word_1_219' title='bbox 798 2823 1100 2896; x_wconf 84' lang='grc' dir='ltr'>ἀνθρώποις</span> <span class='ocrx_word' id='word_1_220' title='bbox 1124 2822 1368 2893; x_wconf 66' lang='grc' dir='ltr'>προσῆψε</span> <span class='ocrx_word' id='word_1_221' title='bbox 1384 2820 1444 2872; x_wconf 75' lang='grc' dir='ltr'>τὸ</span> <span class='ocrx_word' id='word_1_222' title='bbox 1467 2822 1658 2872; x_wconf 74' lang='grc' dir='ltr'>ἐσταυ-</span> 
     </span>
    </p>
   </div>
   <div class='ocr_carea' id='block_1_32' title="bbox 84 2908 1661 2992">
    <p class='ocr_par' dir='ltr' id='par_1_32' title="bbox 84 2908 1661 2992">
     <span class='ocr_line' id='line_1_32' title="bbox 84 2908 1661 2992; baseline -0.01 -17"><span class='ocrx_word' id='word_1_223' title='bbox 84 2921 326 2992; x_wconf 83' lang='grc' dir='ltr'>ρωκέναι</span> <span class='ocrx_word' id='word_1_224' title='bbox 358 2920 446 2972; x_wconf 77' lang='grc' dir='ltr'><strong>τὸν</strong></span> <span class='ocrx_word' id='word_1_225' title='bbox 475 2917 728 2988; x_wconf 76' lang='grc' dir='ltr'>Χριστὸν,</span> <span class='ocrx_word' id='word_1_226' title='bbox 765 2917 840 2978; x_wconf 82' lang='grc' dir='ltr'>ὡς</span> <span class='ocrx_word' id='word_1_227' title='bbox 865 2915 1154 2986; x_wconf 80' lang='grc' dir='ltr'>δυνάμεσιν</span> <span class='ocrx_word' id='word_1_228' title='bbox 1193 2914 1556 2985; x_wconf 82' lang='grc' dir='ltr'>ἀρχοντικαῖς,</span> <span class='ocrx_word' id='word_1_229' title='bbox 1582 2908 1661 2961; x_wconf 90' lang='grc' dir='ltr'>λέ-</span> 
     </span>
    </p>
   </div>
   <div class='ocr_carea' id='block_1_33' title="bbox 83 3002 1661 3078">
    <p class='ocr_par' dir='ltr' id='par_1_33' title="bbox 83 3002 1661 3078">
     <span class='ocr_line' id='line_1_33' title="bbox 83 3002 1661 3078; baseline -0.007 -14"><span class='ocrx_word' id='word_1_230' title='bbox 83 3027 236 3078; x_wconf 88' lang='grc' dir='ltr'>γων·</span> <span class='ocrx_word' id='word_1_231' title='bbox 288 3028 306 3059; x_wconf 86' lang='grc'><strong>(</strong></span> <span class='ocrx_word' id='word_1_232' title='bbox 340 3007 534 3077; x_wconf 77' lang='grc' dir='ltr'>Σοφίαν</span> <span class='ocrx_word' id='word_1_233' title='bbox 566 3007 622 3059; x_wconf 81' lang='grc' dir='ltr'><strong>δὲ</strong></span> <span class='ocrx_word' id='word_1_234' title='bbox 652 3002 917 3077; x_wconf 73' lang='grc' dir='ltr'>λαλοῦμεν</span> <span class='ocrx_word' id='word_1_235' title='bbox 949 3008 1004 3058; x_wconf 79' lang='grc' dir='ltr'>ὲν</span> <span class='ocrx_word' id='word_1_236' title='bbox 1037 3008 1148 3068; x_wconf 90' lang='grc' dir='ltr'>τοῖς</span> <span class='ocrx_word' id='word_1_237' title='bbox 1177 3004 1431 3066; x_wconf 87' lang='grc' dir='ltr'>τελείοις·</span> <span class='ocrx_word' id='word_1_238' title='bbox 1470 3002 1661 3071; x_wconf 87' lang='grc' dir='ltr'>σοφίαν</span> 
     </span>
    </p>
   </div>
   <div class='ocr_carea' id='block_1_34' title="bbox 80 3095 1664 3169">
    <p class='ocr_par' dir='ltr' id='par_1_34' title="bbox 80 3095 1664 3169">
     <span class='ocr_line' id='line_1_34' title="bbox 80 3095 1664 3169; baseline -0.007 -11"><span class='ocrx_word' id='word_1_239' title='bbox 80 3105 144 3158; x_wconf 82' lang='grc' dir='ltr'>δὲ</span> <span class='ocrx_word' id='word_1_240' title='bbox 170 3104 232 3157; x_wconf 77' lang='grc' dir='ltr'><strong>οὐ</strong></span> <span class='ocrx_word' id='word_1_241' title='bbox 262 3101 355 3155; x_wconf 88' lang='grc' dir='ltr'><strong>τοῦ</strong></span> <span class='ocrx_word' id='word_1_242' title='bbox 383 3101 575 3165; x_wconf 85' lang='grc' dir='ltr'>αίῶνος</span> <span class='ocrx_word' id='word_1_243' title='bbox 605 3099 818 3164; x_wconf 88' lang='grc' dir='ltr'>τούτου,</span> <span class='ocrx_word' id='word_1_244' title='bbox 837 3101 957 3153; x_wconf 79' lang='grc' dir='ltr'>οὐδὲ</span> <span class='ocrx_word' id='word_1_245' title='bbox 985 3098 1091 3152; x_wconf 83' lang='grc' dir='ltr'><strong>τῶν</strong></span> <span class='ocrx_word' id='word_1_246' title='bbox 1115 3097 1387 3169; x_wconf 81' lang='grc' dir='ltr'>ἀρχόντων</span> <span class='ocrx_word' id='word_1_247' title='bbox 1409 3095 1503 3149; x_wconf 89' lang='grc' dir='ltr'><strong>τοῦ</strong></span> <span class='ocrx_word' id='word_1_248' title='bbox 1535 3095 1664 3150; x_wconf 78' lang='grc' dir='ltr'><strong>αἰῶ-</strong></span> 
     </span>
    </p>
   </div>
   <div class='ocr_carea' id='block_1_35' title="bbox 1772 533 3339 600">
    <p class='ocr_par' dir='ltr' id='par_1_35' title="bbox 1772 533 3339 600">
     <span class='ocr_line' id='line_1_35' title="bbox 1772 533 3339 600; baseline 0.005 -16"><span class='ocrx_word' id='word_1_249' title='bbox 1772 545 2016 596; x_wconf 76' lang='lat' dir='ltr'><strong>persona:</strong></span> <span class='ocrx_word' id='word_1_250' title='bbox 2042 534 2301 587; x_wconf 88' lang='lat' dir='ltr'><strong>mutatio:</strong></span> <span class='ocrx_word' id='word_1_251' title='bbox 2332 533 2579 589; x_wconf 76' lang='lat' dir='ltr'><strong>Christus</strong></span> <span class='ocrx_word' id='word_1_252' title='bbox 2603 536 2744 588; x_wconf 89' lang='lat' dir='ltr'><strong>enim</strong></span> <span class='ocrx_word' id='word_1_253' title='bbox 2776 545 2877 600; x_wconf 91' lang='lat' dir='ltr'><strong>est,</strong></span> <span class='ocrx_word' id='word_1_254' title='bbox 2911 545 2966 591; x_wconf 85' lang='grc' dir='ltr'><strong>ιιι</strong></span> <span class='ocrx_word' id='word_1_255' title='bbox 2998 536 3136 590; x_wconf 79' lang='lat' dir='ltr'><strong>infra</strong></span> <span class='ocrx_word' id='word_1_256' title='bbox 3163 548 3339 592; x_wconf 88' lang='lat' dir='ltr'><strong>osten-</strong></span> 
     </span>
    </p>
   </div>
   <div class='ocr_carea' id='block_1_36' title="bbox 1773 623 3334 695">
    <p class='ocr_par' dir='ltr' id='par_1_36' title="bbox 1773 623 3334 695">
     <span class='ocr_line' id='line_1_36' title="bbox 1773 623 3334 695; baseline 0.005 -19"><span class='ocrx_word' id='word_1_257' title='bbox 1773 623 1951 688; x_wconf 89' lang='lat' dir='ltr'><strong>detur,</strong></span> <span class='ocrx_word' id='word_1_258' title='bbox 1979 638 2100 678; x_wconf 83' lang='grc' dir='ltr'>ειιιιι</span> <span class='ocrx_word' id='word_1_259' title='bbox 2128 623 2366 690; x_wconf 76' lang='lat' dir='ltr'><strong>singulas</strong></span> <span class='ocrx_word' id='word_1_260' title='bbox 2399 639 2558 680; x_wconf 89' lang='lat' dir='ltr'><strong>voces</strong></span> <span class='ocrx_word' id='word_1_261' title='bbox 2584 627 2968 695; x_wconf 75' lang='lat' dir='ltr'><strong>expendemus.</strong></span> <span class='ocrx_word' id='word_1_262' title='bbox 2997 626 3106 683; x_wconf 82' lang='lat' dir='ltr'><strong>Nec</strong></span> <span class='ocrx_word' id='word_1_263' title='bbox 3139 630 3334 684; x_wconf 83' lang='lat' dir='ltr'><strong>tnirtnn</strong></span> 
     </span>
    </p>
   </div>
   <div class='ocr_carea' id='block_1_37' title="bbox 1773 713 3338 791">
    <p class='ocr_par' dir='ltr' id='par_1_37' title="bbox 1773 713 3338 791">
     <span class='ocr_line' id='line_1_37' title="bbox 1773 713 3338 791; baseline 0.006 -24"><span class='ocrx_word' id='word_1_264' title='bbox 1773 713 1817 767; x_wconf 86' lang='lat' dir='ltr'><strong>si</strong></span> <span class='ocrx_word' id='word_1_265' title='bbox 1855 714 1906 767; x_wconf 92' lang='lat' dir='ltr'><strong>in</strong></span> <span class='ocrx_word' id='word_1_266' title='bbox 1947 729 2054 767; x_wconf 92' lang='lat' dir='ltr'><strong>uno</strong></span> <span class='ocrx_word' id='word_1_267' title='bbox 2094 715 2302 784; x_wconf 84' lang='lat' dir='ltr'><strong>psalmo</strong></span> <span class='ocrx_word' id='word_1_268' title='bbox 2341 731 2442 768; x_wconf 91' lang='lat' dir='ltr'><strong>non</strong></span> <span class='ocrx_word' id='word_1_269' title='bbox 2485 731 2590 768; x_wconf 91' lang='lat' dir='ltr'><strong>una</strong></span> <span class='ocrx_word' id='word_1_270' title='bbox 2619 726 2701 770; x_wconf 86' lang='lat' dir='ltr'><strong>est</strong></span> <span class='ocrx_word' id='word_1_271' title='bbox 2745 732 2973 786; x_wconf 81' lang='lat' dir='ltr'><strong>persona</strong></span> <span class='ocrx_word' id='word_1_272' title='bbox 3005 735 3126 789; x_wconf 73' lang='lat' dir='ltr'><strong>qua:</strong></span> <span class='ocrx_word' id='word_1_273' title='bbox 3161 721 3338 791; x_wconf 88' lang='lat' dir='ltr'><strong>loqui-</strong></span> 
     </span>
    </p>
   </div>
   <div class='ocr_carea' id='block_1_38' title="bbox 1777 805 3334 876">
    <p class='ocr_par' dir='ltr' id='par_1_38' title="bbox 1777 805 3334 876">
     <span class='ocr_line' id='line_1_38' title="bbox 1777 805 3334 876; baseline 0.006 -16"><span class='ocrx_word' id='word_1_274' title='bbox 1777 815 1884 860; x_wconf 92' lang='lat' dir='ltr'><strong>tur.</strong></span> <span class='ocrx_word' id='word_1_275' title='bbox 1925 806 2037 860; x_wconf 94' lang='lat' dir='ltr'><strong>lloc</strong></span> <span class='ocrx_word' id='word_1_276' title='bbox 2071 810 2214 860; x_wconf 91' lang='lat' dir='ltr'><strong>enim</strong></span> <span class='ocrx_word' id='word_1_277' title='bbox 2246 807 2492 876; x_wconf 85' lang='lat' dir='ltr'><strong>pluribus</strong></span> <span class='ocrx_word' id='word_1_278' title='bbox 2521 808 2573 862; x_wconf 91' lang='lat' dir='ltr'><strong>in</strong></span> <span class='ocrx_word' id='word_1_279' title='bbox 2607 810 2738 863; x_wconf 90' lang='lat' dir='ltr'><strong>locis</strong></span> <span class='ocrx_word' id='word_1_280' title='bbox 2768 811 2952 866; x_wconf 85' lang='lat' dir='ltr'><strong>videre</strong></span> <span class='ocrx_word' id='word_1_281' title='bbox 2977 805 3080 874; x_wconf 83' lang='lat' dir='ltr'><strong>est,</strong></span> <span class='ocrx_word' id='word_1_282' title='bbox 3111 824 3168 868; x_wconf 90' lang='lat' dir='ltr'><strong>ut</strong></span> <span class='ocrx_word' id='word_1_283' title='bbox 3199 817 3334 869; x_wconf 78' lang='lat' dir='ltr'><strong>infra</strong></span> 
     </span>
    </p>
   </div>
   <div class='ocr_carea' id='block_1_39' title="bbox 1772 899 3334 975">
    <p class='ocr_par' dir='ltr' id='par_1_39' title="bbox 1772 899 3334 975">
     <span class='ocr_line' id='line_1_39' title="bbox 1772 899 3334 975; baseline 0.008 -23"><span class='ocrx_word' id='word_1_284' title='bbox 1772 901 2143 953; x_wconf 84' lang='lat' dir='ltr'><strong>ostendemus.</strong></span> <span class='ocrx_word' id='word_1_285' title='bbox 2185 899 2402 954; x_wconf 82' lang='lat' dir='ltr'><strong>Interim</strong></span> <span class='ocrx_word' id='word_1_286' title='bbox 2441 901 2555 954; x_wconf 70' lang='lat' dir='ltr'><strong>haec</strong></span> <span class='ocrx_word' id='word_1_287' title='bbox 2580 917 2676 970; x_wconf 92' lang='lat' dir='ltr'><strong>pro</strong></span> <span class='ocrx_word' id='word_1_288' title='bbox 2705 905 2928 959; x_wconf 76' lang='lat' dir='ltr'><strong>exordio</strong></span> <span class='ocrx_word' id='word_1_289' title='bbox 2971 907 3163 975; x_wconf 83' lang='lat' dir='ltr'><strong>psalmi</strong></span> <span class='ocrx_word' id='word_1_290' title='bbox 3194 910 3334 964; x_wconf 90' lang='lat' dir='ltr'><strong>dicta</strong></span> 
     </span>
    </p>
   </div>
   <div class='ocr_carea' id='block_1_40' title="bbox 1774 990 2837 1060">
    <p class='ocr_par' dir='ltr' id='par_1_40' title="bbox 1774 990 2837 1060">
     <span class='ocr_line' id='line_1_40' title="bbox 1774 990 2837 1060; baseline 0.004 -18"><span class='ocrx_word' id='word_1_291' title='bbox 1774 991 1917 1056; x_wconf 86' lang='lat' dir='ltr'><strong>sint,</strong></span> <span class='ocrx_word' id='word_1_292' title='bbox 1951 1005 2096 1045; x_wconf 90' lang='lat' dir='ltr'><strong>nunc</strong></span> <span class='ocrx_word' id='word_1_293' title='bbox 2131 990 2242 1060; x_wconf 86' lang='lat' dir='ltr'><strong>ipsa</strong></span> <span class='ocrx_word' id='word_1_294' title='bbox 2274 991 2438 1045; x_wconf 83' lang='lat' dir='ltr'><strong>verba</strong></span> <span class='ocrx_word' id='word_1_295' title='bbox 2466 992 2837 1047; x_wconf 88' lang='lat' dir='ltr'><strong>discutiamus.</strong></span> 
     </span>
    </p>
   </div>
   <div class='ocr_carea' id='block_1_41' title="bbox 1838 1173 3335 1249">
    <p class='ocr_par' dir='ltr' id='par_1_41' title="bbox 1838 1173 3335 1249">
     <span class='ocr_line' id='line_1_41' title="bbox 1838 1173 3335 1249; baseline 0.007 -21"><span class='ocrx_word' id='word_1_296' title='bbox 1838 1176 2110 1246; x_wconf 78' lang='lat' dir='ltr'><strong>Ejusdem.</strong></span> <span class='ocrx_word' id='word_1_297' title='bbox 2145 1173 2392 1242; x_wconf 84' lang='lat' dir='ltr'><strong>Quatuor</strong></span> <span class='ocrx_word' id='word_1_298' title='bbox 2424 1174 2700 1230; x_wconf 84' lang='lat' dir='ltr'><strong>hominum</strong></span> <span class='ocrx_word' id='word_1_299' title='bbox 2733 1193 2932 1249; x_wconf 83' lang='lat' dir='ltr'><strong>genera</strong></span> <span class='ocrx_word' id='word_1_300' title='bbox 2980 1179 3109 1234; x_wconf 75' lang='lat' dir='ltr'><strong>dicit</strong></span> <span class='ocrx_word' id='word_1_301' title='bbox 3139 1182 3335 1238; x_wconf 83' lang='lat' dir='ltr'><strong>adver-</strong></span> 
     </span>
    </p>
   </div>
   <div class='ocr_carea' id='block_1_42' title="bbox 1768 1267 3337 1340">
    <p class='ocr_par' dir='ltr' id='par_1_42' title="bbox 1768 1267 3337 1340">
     <span class='ocr_line' id='line_1_42' title="bbox 1768 1267 3337 1340; baseline 0.003 -16"><span class='ocrx_word' id='word_1_302' title='bbox 1768 1285 1860 1324; x_wconf 91' lang='lat' dir='ltr'><strong>sus</strong></span> <span class='ocrx_word' id='word_1_303' title='bbox 1886 1269 2160 1323; x_wconf 87' lang='lat' dir='ltr'><strong>Christum</strong></span> <span class='ocrx_word' id='word_1_304' title='bbox 2197 1267 2557 1322; x_wconf 80' lang='lat' dir='ltr'><strong>insurrexisse</strong></span> <span class='ocrx_word' id='word_1_305' title='bbox 2582 1309 2598 1332; x_wconf 96' lang='lat'><strong>,</strong></span> <span class='ocrx_word' id='word_1_306' title='bbox 2625 1279 2811 1338; x_wconf 83' lang='lat' dir='ltr'><strong>gentes</strong></span> <span class='ocrx_word' id='word_1_307' title='bbox 2845 1286 2966 1340; x_wconf 70' lang='lat' dir='ltr'><strong>qua:</strong></span> <span class='ocrx_word' id='word_1_308' title='bbox 2999 1272 3337 1329; x_wconf 76' lang='lat' dir='ltr'><strong>fremuerunt</strong></span> 
     </span>
    </p>
   </div>
   <div class='ocr_carea' id='block_1_43' title="bbox 1766 1359 3338 1431">
    <p class='ocr_par' dir='ltr' id='par_1_43' title="bbox 1766 1359 3338 1431">
     <span class='ocr_line' id='line_1_43' title="bbox 1766 1359 3338 1431; baseline 0.001 -15"><span class='ocrx_word' id='word_1_309' title='bbox 1766 1370 1959 1416; x_wconf 88' lang='lat' dir='ltr'><strong>contra</strong></span> <span class='ocrx_word' id='word_1_310' title='bbox 1995 1360 2189 1428; x_wconf 88' lang='lat' dir='ltr'><strong>ipsum,</strong></span> <span class='ocrx_word' id='word_1_311' title='bbox 2231 1361 2455 1427; x_wconf 89' lang='lat' dir='ltr'><strong>populos</strong></span> <span class='ocrx_word' id='word_1_312' title='bbox 2481 1359 2572 1429; x_wconf 88' lang='lat' dir='ltr'><strong>qui</strong></span> <span class='ocrx_word' id='word_1_313' title='bbox 2603 1362 2843 1416; x_wconf 83' lang='lat' dir='ltr'><strong>meditati</strong></span> <span class='ocrx_word' id='word_1_314' title='bbox 2875 1375 2998 1417; x_wconf 88' lang='lat' dir='ltr'><strong>sunt</strong></span> <span class='ocrx_word' id='word_1_315' title='bbox 3045 1365 3248 1431; x_wconf 76' lang='lat' dir='ltr'><strong>inania,</strong></span> <span class='ocrx_word' id='word_1_316' title='bbox 3282 1379 3338 1420; x_wconf 90' lang='lat' dir='ltr'><strong>et</strong></span> 
     </span>
    </p>
   </div>
   <div class='ocr_carea' id='block_1_44' title="bbox 1728 1452 3332 1526">
    <p class='ocr_par' dir='ltr' id='par_1_44' title="bbox 1728 1452 3332 1526">
     <span class='ocr_line' id='line_1_44' title="bbox 1728 1452 3332 1526; baseline 0.007 -26"><span class='ocrx_word' id='word_1_317' title='bbox 1728 1468 1919 1521; x_wconf 81' lang='lat' dir='ltr'><strong>.reges</strong></span> <span class='ocrx_word' id='word_1_318' title='bbox 1974 1461 2136 1507; x_wconf 68' lang='lat' dir='ltr'><strong>terra:</strong></span> <span class='ocrx_word' id='word_1_319' title='bbox 2181 1453 2272 1522; x_wconf 89' lang='lat' dir='ltr'><strong>qui</strong></span> <span class='ocrx_word' id='word_1_320' title='bbox 2332 1452 2659 1505; x_wconf 84' lang='lat' dir='ltr'><strong>adstiterunt</strong></span> <span class='ocrx_word' id='word_1_321' title='bbox 2711 1469 2833 1508; x_wconf 91' lang='lat' dir='ltr'><strong>cum</strong></span> <span class='ocrx_word' id='word_1_322' title='bbox 2890 1457 3228 1526; x_wconf 79' lang='lat' dir='ltr'><strong>principibus</strong></span> <span class='ocrx_word' id='word_1_323' title='bbox 3281 1460 3332 1513; x_wconf 93' lang='lat' dir='ltr'><strong>in</strong></span> 
     </span>
    </p>
   </div>
   <div class='ocr_carea' id='block_1_45' title="bbox 1762 1544 3332 1620">
    <p class='ocr_par' dir='ltr' id='par_1_45' title="bbox 1762 1544 3332 1620">
     <span class='ocr_line' id='line_1_45' title="bbox 1762 1544 3332 1620; baseline 0.002 -21"><span class='ocrx_word' id='word_1_324' title='bbox 1762 1562 1929 1601; x_wconf 89' lang='lat' dir='ltr'><strong>unum</strong></span> <span class='ocrx_word' id='word_1_325' title='bbox 1971 1545 2334 1616; x_wconf 80' lang='lat' dir='ltr'><strong>congregatis.</strong></span> <span class='ocrx_word' id='word_1_326' title='bbox 2390 1544 2455 1598; x_wconf 87' lang='lat' dir='ltr'><strong>Et</strong></span> <span class='ocrx_word' id='word_1_327' title='bbox 2485 1545 2814 1600; x_wconf 86' lang='lat' dir='ltr'><strong>arbitramur</strong></span> <span class='ocrx_word' id='word_1_328' title='bbox 2845 1549 3061 1617; x_wconf 88' lang='lat' dir='ltr'><strong>quidem</strong></span> <span class='ocrx_word' id='word_1_329' title='bbox 3091 1550 3332 1620; x_wconf 83' lang='lat' dir='ltr'><strong>gentium</strong></span> 
     </span>
    </p>
   </div>
   <div class='ocr_carea' id='block_1_46' title="bbox 1764 1635 3335 1711">
    <p class='ocr_par' dir='ltr' id='par_1_46' title="bbox 1764 1635 3335 1711">
     <span class='ocr_line' id='line_1_46' title="bbox 1764 1635 3335 1711; baseline 0.003 -20"><span class='ocrx_word' id='word_1_330' title='bbox 1764 1637 1983 1691; x_wconf 87' lang='lat' dir='ltr'><strong>nomine</strong></span> <span class='ocrx_word' id='word_1_331' title='bbox 2022 1637 2231 1691; x_wconf 90' lang='lat' dir='ltr'><strong>alienos</strong></span> <span class='ocrx_word' id='word_1_332' title='bbox 2275 1652 2302 1689; x_wconf 91' lang='lat' dir='ltr'><strong>a</strong></span> <span class='ocrx_word' id='word_1_333' title='bbox 2353 1635 2458 1690; x_wconf 84' lang='lat' dir='ltr'><strong>lide</strong></span> <span class='ocrx_word' id='word_1_334' title='bbox 2492 1637 2764 1708; x_wconf 85' lang='lat' dir='ltr'><strong>designari</strong></span> <span class='ocrx_word' id='word_1_335' title='bbox 2811 1641 3100 1708; x_wconf 88' lang='lat' dir='ltr'><strong>homines,</strong></span> <span class='ocrx_word' id='word_1_336' title='bbox 3147 1643 3335 1711; x_wconf 87' lang='lat' dir='ltr'><strong>quales</strong></span> 
     </span>
    </p>
   </div>
   <div class='ocr_carea' id='block_1_47' title="bbox 1762 1727 3335 1805">
    <p class='ocr_par' dir='ltr' id='par_1_47' title="bbox 1762 1727 3335 1805">
     <span class='ocr_line' id='line_1_47' title="bbox 1762 1727 3335 1805; baseline 0.004 -22"><span class='ocrx_word' id='word_1_337' title='bbox 1762 1737 1918 1783; x_wconf 88' lang='lat' dir='ltr'><strong>erant</strong></span> <span class='ocrx_word' id='word_1_338' title='bbox 1953 1727 2152 1783; x_wconf 89' lang='lat' dir='ltr'><strong>milites</strong></span> <span class='ocrx_word' id='word_1_339' title='bbox 2185 1727 2275 1796; x_wconf 88' lang='lat' dir='ltr'><strong>qui</strong></span> <span class='ocrx_word' id='word_1_340' title='bbox 2306 1727 2569 1783; x_wconf 84' lang='lat' dir='ltr'><strong>adversus</strong></span> <span class='ocrx_word' id='word_1_341' title='bbox 2595 1743 2718 1783; x_wconf 92' lang='lat' dir='ltr'><strong>eum</strong></span> <span class='ocrx_word' id='word_1_342' title='bbox 2757 1731 3126 1799; x_wconf 80' lang='lat' dir='ltr'><strong>fremuerunt;</strong></span> <span class='ocrx_word' id='word_1_343' title='bbox 3165 1751 3335 1805; x_wconf 84' lang='lat' dir='ltr'><strong>popu-</strong></span> 
     </span>
    </p>
   </div>
   <div class='ocr_carea' id='block_1_48' title="bbox 1764 1819 3336 1894">
    <p class='ocr_par' dir='ltr' id='par_1_48' title="bbox 1764 1819 3336 1894">
     <span class='ocr_line' id='line_1_48' title="bbox 1764 1819 3336 1894; baseline 0.006 -24"><span class='ocrx_word' id='word_1_344' title='bbox 1764 1821 1844 1873; x_wconf 89' lang='lat' dir='ltr'><strong>los</strong></span> <span class='ocrx_word' id='word_1_345' title='bbox 1871 1833 1998 1873; x_wconf 89' lang='lat' dir='ltr'><strong>vero</strong></span> <span class='ocrx_word' id='word_1_346' title='bbox 2024 1859 2038 1883; x_wconf 91' lang='lat'><strong>,</strong></span> <span class='ocrx_word' id='word_1_347' title='bbox 2092 1819 2212 1873; x_wconf 88' lang='lat' dir='ltr'><strong>illus</strong></span> <span class='ocrx_word' id='word_1_348' title='bbox 2243 1835 2310 1874; x_wconf 81' lang='lat' dir='ltr'><strong>ex</strong></span> <span class='ocrx_word' id='word_1_349' title='bbox 2352 1819 2599 1876; x_wconf 91' lang='lat' dir='ltr'><strong>tribubus</strong></span> <span class='ocrx_word' id='word_1_350' title='bbox 2649 1823 2750 1878; x_wconf 90' lang='lat' dir='ltr'><strong>dici</strong></span> <span class='ocrx_word' id='word_1_351' title='bbox 2789 1824 2881 1894; x_wconf 89' lang='lat' dir='ltr'><strong>qui</strong></span> <span class='ocrx_word' id='word_1_352' title='bbox 2923 1827 3126 1880; x_wconf 83' lang='lat' dir='ltr'><strong>exsecti</strong></span> <span class='ocrx_word' id='word_1_353' title='bbox 3178 1835 3336 1880; x_wconf 91' lang='lat' dir='ltr'><strong>erant</strong></span> 
     </span>
    </p>
   </div>
   <div class='ocr_carea' id='block_1_49' title="bbox 1767 1908 3333 1986">
    <p class='ocr_par' dir='ltr' id='par_1_49' title="bbox 1767 1908 3333 1986">
     <span class='ocr_line' id='line_1_49' title="bbox 1767 1908 3333 1986; baseline 0.009 -28"><span class='ocrx_word' id='word_1_354' title='bbox 1767 1908 1965 1978; x_wconf 81' lang='lat' dir='ltr'><strong>(neque</strong></span> <span class='ocrx_word' id='word_1_355' title='bbox 1987 1910 2131 1964; x_wconf 91' lang='lat' dir='ltr'><strong>enim</strong></span> <span class='ocrx_word' id='word_1_356' title='bbox 2157 1912 2377 1982; x_wconf 87' lang='lat' dir='ltr'><strong>pr0prie</strong></span> <span class='ocrx_word' id='word_1_357' title='bbox 2403 1911 2690 1968; x_wconf 90' lang='lat' dir='ltr'><strong>dicendum</strong></span> <span class='ocrx_word' id='word_1_358' title='bbox 2717 1923 2800 1969; x_wconf 88' lang='lat' dir='ltr'><strong>est</strong></span> <span class='ocrx_word' id='word_1_359' title='bbox 2824 1930 2918 1971; x_wconf 91' lang='lat' dir='ltr'><strong>eos</strong></span> <span class='ocrx_word' id='word_1_360' title='bbox 2943 1918 3032 1986; x_wconf 89' lang='lat' dir='ltr'><strong>qui</strong></span> <span class='ocrx_word' id='word_1_361' title='bbox 3059 1917 3333 1972; x_wconf 89' lang='lat' dir='ltr'><strong>Christum</strong></span> 
     </span>
    </p>
   </div>
   <div class='ocr_carea' id='block_1_50' title="bbox 1767 2006 3334 2080">
    <p class='ocr_par' dir='ltr' id='par_1_50' title="bbox 1767 2006 3334 2080">
     <span class='ocr_line' id='line_1_50' title="bbox 1767 2006 3334 2080; baseline 0.007 -27"><span class='ocrx_word' id='word_1_362' title='bbox 1767 2016 1870 2053; x_wconf 90' lang='lat' dir='ltr'><strong>non</strong></span> <span class='ocrx_word' id='word_1_363' title='bbox 1905 2011 2257 2070; x_wconf 87' lang='lat' dir='ltr'><strong>receperunt,</strong></span> <span class='ocrx_word' id='word_1_364' title='bbox 2293 2019 2355 2060; x_wconf 87' lang='lat' dir='ltr'><strong>ex</strong></span> <span class='ocrx_word' id='word_1_365' title='bbox 2401 2006 2814 2062; x_wconf 86' lang='lat' dir='ltr'><strong>circumcisione</strong></span> <span class='ocrx_word' id='word_1_366' title='bbox 2848 2007 3058 2078; x_wconf 80' lang='lat' dir='ltr'><strong>fuisse),</strong></span> <span class='ocrx_word' id='word_1_367' title='bbox 3086 2010 3174 2079; x_wconf 90' lang='lat' dir='ltr'><strong>qui</strong></span> <span class='ocrx_word' id='word_1_368' title='bbox 3211 2010 3334 2080; x_wconf 87' lang='lat' dir='ltr'><strong>qui-</strong></span> 
     </span>
    </p>
   </div>
   <div class='ocr_carea' id='block_1_51' title="bbox 1766 2094 3336 2171">
    <p class='ocr_par' dir='ltr' id='par_1_51' title="bbox 1766 2094 3336 2171">
     <span class='ocr_line' id='line_1_51' title="bbox 1766 2094 3336 2171; baseline 0.008 -28"><span class='ocrx_word' id='word_1_369' title='bbox 1766 2094 1884 2148; x_wconf 91' lang='lat' dir='ltr'><strong>dem</strong></span> <span class='ocrx_word' id='word_1_370' title='bbox 1921 2110 2056 2148; x_wconf 84' lang='lat' dir='ltr'><strong>vana</strong></span> <span class='ocrx_word' id='word_1_371' title='bbox 2091 2096 2331 2150; x_wconf 84' lang='lat' dir='ltr'><strong>meditati</strong></span> <span class='ocrx_word' id='word_1_372' title='bbox 2367 2107 2494 2152; x_wconf 89' lang='lat' dir='ltr'><strong>sunt</strong></span> <span class='ocrx_word' id='word_1_373' title='bbox 2523 2112 2647 2153; x_wconf 90' lang='lat' dir='ltr'><strong>cum</strong></span> <span class='ocrx_word' id='word_1_374' title='bbox 2683 2099 2734 2154; x_wconf 94' lang='lat' dir='ltr'><strong>in</strong></span> <span class='ocrx_word' id='word_1_375' title='bbox 2781 2099 3036 2170; x_wconf 87' lang='lat' dir='ltr'><strong>perlectis</strong></span> <span class='ocrx_word' id='word_1_376' title='bbox 3062 2115 3092 2154; x_wconf 88' lang='lat' dir='ltr'><strong>a</strong></span> <span class='ocrx_word' id='word_1_377' title='bbox 3120 2115 3178 2156; x_wconf 88' lang='lat' dir='ltr'><strong>se</strong></span> <span class='ocrx_word' id='word_1_378' title='bbox 3212 2117 3336 2171; x_wconf 87' lang='lat' dir='ltr'><strong>pro-</strong></span> 
     </span>
    </p>
   </div>
   <div class='ocr_carea' id='block_1_52' title="bbox 1767 2185 3337 2252">
    <p class='ocr_par' dir='ltr' id='par_1_52' title="bbox 1767 2185 3337 2252">
     <span class='ocr_line' id='line_1_52' title="bbox 1767 2185 3337 2252; baseline 0.008 -19"><span class='ocrx_word' id='word_1_379' title='bbox 1767 2185 1993 2252; x_wconf 79' lang='lat' dir='ltr'><strong>plteticis</strong></span> <span class='ocrx_word' id='word_1_380' title='bbox 2023 2189 2366 2244; x_wconf 75' lang='lat' dir='ltr'><strong>sermonibus</strong></span> <span class='ocrx_word' id='word_1_381' title='bbox 2405 2191 2786 2245; x_wconf 91' lang='lat' dir='ltr'><strong>annuntiatum</strong></span> <span class='ocrx_word' id='word_1_382' title='bbox 2814 2191 3087 2247; x_wconf 89' lang='lat' dir='ltr'><strong>Christum</strong></span> <span class='ocrx_word' id='word_1_383' title='bbox 3115 2207 3219 2248; x_wconf 93' lang='lat' dir='ltr'><strong>non</strong></span> <span class='ocrx_word' id='word_1_384' title='bbox 3256 2194 3337 2246; x_wconf 89' lang='lat' dir='ltr'><strong>in-</strong></span> 
     </span>
    </p>
   </div>
   <div class='ocr_carea' id='block_1_53' title="bbox 1727 2278 3336 2356">
    <p class='ocr_par' dir='ltr' id='par_1_53' title="bbox 1727 2278 3336 2356">
     <span class='ocr_line' id='line_1_53' title="bbox 1727 2278 3336 2356; baseline 0.008 -28"><span class='ocrx_word' id='word_1_385' title='bbox 1727 2294 1731 2299; x_wconf 94' lang='grc'><strong>·</strong></span> <span class='ocrx_word' id='word_1_386' title='bbox 1769 2278 2109 2334; x_wconf 76' lang='lat' dir='ltr'><strong>tellexernnt.</strong></span> <span class='ocrx_word' id='word_1_387' title='bbox 2151 2280 2327 2351; x_wconf 84' lang='lat' dir='ltr'><strong>Reges</strong></span> <span class='ocrx_word' id='word_1_388' title='bbox 2361 2291 2519 2338; x_wconf 73' lang='lat' dir='ltr'><strong>terra:</strong></span> <span class='ocrx_word' id='word_1_389' title='bbox 2555 2294 2610 2339; x_wconf 92' lang='lat' dir='ltr'><strong>et</strong></span> <span class='ocrx_word' id='word_1_390' title='bbox 2642 2287 2918 2356; x_wconf 90' lang='lat' dir='ltr'><strong>principes</strong></span> <span class='ocrx_word' id='word_1_391' title='bbox 2949 2295 3108 2341; x_wconf 86' lang='lat' dir='ltr'><strong>erunt</strong></span> <span class='ocrx_word' id='word_1_392' title='bbox 3162 2286 3336 2342; x_wconf 82' lang='lat' dir='ltr'><strong>[Iern--</strong></span> 
     </span>
    </p>
   </div>
   <div class='ocr_carea' id='block_1_54' title="bbox 1767 2370 3334 2448">
    <p class='ocr_par' dir='ltr' id='par_1_54' title="bbox 1767 2370 3334 2448">
     <span class='ocr_line' id='line_1_54' title="bbox 1767 2370 3334 2448; baseline 0.008 -30"><span class='ocrx_word' id='word_1_393' title='bbox 1767 2370 1860 2420; x_wconf 69' lang='lat' dir='ltr'><strong>des</strong></span> <span class='ocrx_word' id='word_1_394' title='bbox 1891 2380 1945 2423; x_wconf 89' lang='lat' dir='ltr'><strong>et</strong></span> <span class='ocrx_word' id='word_1_395' title='bbox 1997 2371 2215 2426; x_wconf 90' lang='lat' dir='ltr'><strong>Pontius</strong></span> <span class='ocrx_word' id='word_1_396' title='bbox 2247 2373 2472 2440; x_wconf 85' lang='lat' dir='ltr'><strong>Pilatus,</strong></span> <span class='ocrx_word' id='word_1_397' title='bbox 2505 2385 2560 2429; x_wconf 90' lang='lat' dir='ltr'><strong>et</strong></span> <span class='ocrx_word' id='word_1_398' title='bbox 2591 2375 2798 2432; x_wconf 84' lang='lat' dir='ltr'><strong>Judaici</strong></span> <span class='ocrx_word' id='word_1_399' title='bbox 2836 2378 3019 2448; x_wconf 91' lang='lat' dir='ltr'><strong>populi</strong></span> <span class='ocrx_word' id='word_1_400' title='bbox 3054 2379 3334 2448; x_wconf 66' lang='lat' dir='ltr'><strong>praesides.</strong></span> 
     </span>
    </p>
   </div>
   <div class='ocr_carea' id='block_1_55' title="bbox 1765 2459 3336 2538">
    <p class='ocr_par' dir='ltr' id='par_1_55' title="bbox 1765 2459 3336 2538">
     <span class='ocr_line' id='line_1_55' title="bbox 1765 2459 3336 2538; baseline 0.007 -27"><span class='ocrx_word' id='word_1_401' title='bbox 1765 2459 1967 2514; x_wconf 80' lang='lat' dir='ltr'><strong>Horum</strong></span> <span class='ocrx_word' id='word_1_402' title='bbox 2019 2463 2162 2516; x_wconf 89' lang='lat' dir='ltr'><strong>enim</strong></span> <span class='ocrx_word' id='word_1_403' title='bbox 2208 2472 2262 2517; x_wconf 89' lang='lat' dir='ltr'><strong>et</strong></span> <span class='ocrx_word' id='word_1_404' title='bbox 2296 2466 2454 2520; x_wconf 90' lang='lat' dir='ltr'><strong>divus</strong></span> <span class='ocrx_word' id='word_1_405' title='bbox 2504 2465 2694 2521; x_wconf 83' lang='lat' dir='ltr'><strong>Petrus</strong></span> <span class='ocrx_word' id='word_1_406' title='bbox 2736 2469 3016 2537; x_wconf 87' lang='lat' dir='ltr'><strong>apostolus</strong></span> <span class='ocrx_word' id='word_1_407' title='bbox 3051 2469 3336 2538; x_wconf 87' lang='lat' dir='ltr'><strong>speciatim</strong></span> 
     </span>
    </p>
   </div>
   <div class='ocr_carea' id='block_1_56' title="bbox 1769 2549 3338 2624">
    <p class='ocr_par' dir='ltr' id='par_1_56' title="bbox 1769 2549 3338 2624">
     <span class='ocr_line' id='line_1_56' title="bbox 1769 2549 3338 2624; baseline 0.008 -23"><span class='ocrx_word' id='word_1_408' title='bbox 1769 2549 2011 2604; x_wconf 85' lang='lat' dir='ltr'><strong>meminit</strong></span> <span class='ocrx_word' id='word_1_409' title='bbox 2057 2551 2107 2603; x_wconf 92' lang='lat' dir='ltr'><strong>in</strong></span> <span class='ocrx_word' id='word_1_410' title='bbox 2161 2553 2374 2607; x_wconf 74' lang='lat' dir='ltr'><strong>Actibus</strong></span> <span class='ocrx_word' id='word_1_411' title='bbox 2418 2556 2786 2624; x_wconf 87' lang='lat' dir='ltr'><strong>apostolorum</strong></span> <span class='ocrx_word' id='word_1_412' title='bbox 2832 2559 2919 2612; x_wconf 92' lang='lat' dir='ltr'><strong>ubi</strong></span> <span class='ocrx_word' id='word_1_413' title='bbox 2969 2559 3118 2614; x_wconf 86' lang='lat' dir='ltr'><strong>hisce</strong></span> <span class='ocrx_word' id='word_1_414' title='bbox 3169 2561 3338 2614; x_wconf 85' lang='lat' dir='ltr'><strong>utitur</strong></span> 
     </span>
    </p>
   </div>
   <div class='ocr_carea' id='block_1_57' title="bbox 1770 2640 3339 2718">
    <p class='ocr_par' dir='ltr' id='par_1_57' title="bbox 1770 2640 3339 2718">
     <span class='ocr_line' id='line_1_57' title="bbox 1770 2640 3339 2718; baseline 0.009 -29"><span class='ocrx_word' id='word_1_415' title='bbox 1770 2641 2028 2695; x_wconf 74' lang='lat' dir='ltr'><strong>verbis”.</strong></span> <span class='ocrx_word' id='word_1_416' title='bbox 2064 2640 2214 2708; x_wconf 88' lang='lat' dir='ltr'><strong>Quod</strong></span> <span class='ocrx_word' id='word_1_417' title='bbox 2240 2644 2284 2698; x_wconf 92' lang='lat' dir='ltr'><strong>si</strong></span> <span class='ocrx_word' id='word_1_418' title='bbox 2308 2655 2360 2699; x_wconf 91' lang='lat' dir='ltr'><strong>et</strong></span> <span class='ocrx_word' id='word_1_419' title='bbox 2391 2647 2692 2702; x_wconf 68' lang='lat' dir='ltr'><strong>invisibiles</strong></span> <span class='ocrx_word' id='word_1_420' title='bbox 2719 2663 2839 2704; x_wconf 88' lang='lat' dir='ltr'><strong>esse</strong></span> <span class='ocrx_word' id='word_1_421' title='bbox 2863 2659 3155 2718; x_wconf 82' lang='lat' dir='ltr'><strong>potestates</strong></span> <span class='ocrx_word' id='word_1_422' title='bbox 3186 2651 3339 2704; x_wconf 83' lang='lat' dir='ltr'><strong>dixe-</strong></span> 
     </span>
    </p>
   </div>
   <div class='ocr_carea' id='block_1_58' title="bbox 1767 2731 3339 2812">
    <p class='ocr_par' dir='ltr' id='par_1_58' title="bbox 1767 2731 3339 2812">
     <span class='ocr_line' id='line_1_58' title="bbox 1767 2731 3339 2812; baseline 0.009 -28"><span class='ocrx_word' id='word_1_423' title='bbox 1767 2731 1864 2796; x_wconf 90' lang='lat' dir='ltr'><strong>ris,</strong></span> <span class='ocrx_word' id='word_1_424' title='bbox 1885 2747 1993 2786; x_wconf 93' lang='lat' dir='ltr'><strong>non</strong></span> <span class='ocrx_word' id='word_1_425' title='bbox 2019 2734 2381 2791; x_wconf 86' lang='lat' dir='ltr'><strong>aberraveris.</strong></span> <span class='ocrx_word' id='word_1_426' title='bbox 2414 2739 2574 2792; x_wconf 87' lang='lat' dir='ltr'><strong>Certe</strong></span> <span class='ocrx_word' id='word_1_427' title='bbox 2595 2741 3024 2808; x_wconf 88' lang='lat' dir='ltr'><strong>sapientissimus</strong></span> <span class='ocrx_word' id='word_1_428' title='bbox 3048 2743 3339 2812; x_wconf 76' lang='lat' dir='ltr'><strong>Aposmlus</strong></span> 
     </span>
    </p>
   </div>
   <div class='ocr_carea' id='block_1_59' title="bbox 1769 2823 3336 2898">
    <p class='ocr_par' dir='ltr' id='par_1_59' title="bbox 1769 2823 3336 2898">
     <span class='ocr_line' id='line_1_59' title="bbox 1769 2823 3336 2898; baseline 0.007 -22"><span class='ocrx_word' id='word_1_429' title='bbox 1769 2823 1872 2878; x_wconf 91' lang='lat' dir='ltr'><strong>illis</strong></span> <span class='ocrx_word' id='word_1_430' title='bbox 1922 2825 2092 2880; x_wconf 91' lang='lat' dir='ltr'><strong>multo</strong></span> <span class='ocrx_word' id='word_1_431' title='bbox 2121 2827 2291 2898; x_wconf 80' lang='lat' dir='ltr'><strong>magis</strong></span> <span class='ocrx_word' id='word_1_432' title='bbox 2337 2845 2500 2898; x_wconf 90' lang='lat' dir='ltr'><strong>quam</strong></span> <span class='ocrx_word' id='word_1_433' title='bbox 2538 2832 2847 2888; x_wconf 87' lang='lat' dir='ltr'><strong>hominibus</strong></span> <span class='ocrx_word' id='word_1_434' title='bbox 2878 2833 3081 2888; x_wconf 88' lang='lat' dir='ltr'><strong>Christi</strong></span> <span class='ocrx_word' id='word_1_435' title='bbox 3122 2849 3336 2890; x_wconf 88' lang='lat' dir='ltr'><strong>crucem</strong></span> 
     </span>
    </p>
   </div>
   <div class='ocr_carea' id='block_1_60' title="bbox 1769 2917 3339 2996">
    <p class='ocr_par' dir='ltr' id='par_1_60' title="bbox 1769 2917 3339 2996">
     <span class='ocr_line' id='line_1_60' title="bbox 1769 2917 3339 2996; baseline 0.009 -30"><span class='ocrx_word' id='word_1_436' title='bbox 1769 2917 2019 2972; x_wconf 82' lang='lat' dir='ltr'><strong>attribuit</strong></span> <span class='ocrx_word' id='word_1_437' title='bbox 2065 2919 2250 2976; x_wconf 88' lang='lat' dir='ltr'><strong>dicens</strong></span> <span class='ocrx_word' id='word_1_438' title='bbox 2279 2921 2357 2975; x_wconf 77' lang='grc' dir='ltr'><strong>³¹ε</strong></span> <span class='ocrx_word' id='word_1_439' title='bbox 2399 2941 2416 2974; x_wconf 87' lang='grc' dir='ltr'><strong>ι</strong></span> <span class='ocrx_word' id='word_1_440' title='bbox 2454 2923 2791 2993; x_wconf 86' lang='lat' dir='ltr'><strong>Sapientiam</strong></span> <span class='ocrx_word' id='word_1_441' title='bbox 2845 2936 3023 2980; x_wconf 87' lang='lat' dir='ltr'><strong>autem</strong></span> <span class='ocrx_word' id='word_1_442' title='bbox 3069 2926 3339 2996; x_wconf 87' lang='lat' dir='ltr'><strong>loquimur</strong></span> 
     </span>
    </p>
   </div>
   <div class='ocr_carea' id='block_1_61' title="bbox 1769 3006 3337 3087">
    <p class='ocr_par' dir='ltr' id='par_1_61' title="bbox 1769 3006 3337 3087">
     <span class='ocr_line' id='line_1_61' title="bbox 1769 3006 3337 3087; baseline 0.009 -29"><span class='ocrx_word' id='word_1_443' title='bbox 1769 3006 1912 3062; x_wconf 87' lang='lat' dir='ltr'><strong>inter</strong></span> <span class='ocrx_word' id='word_1_444' title='bbox 1945 3009 2245 3078; x_wconf 77' lang='lat' dir='ltr'><strong>perfectos:</strong></span> <span class='ocrx_word' id='word_1_445' title='bbox 2274 3016 2599 3082; x_wconf 86' lang='lat' dir='ltr'><strong>sapientiam</strong></span> <span class='ocrx_word' id='word_1_446' title='bbox 2634 3032 2764 3072; x_wconf 89' lang='lat' dir='ltr'><strong>vero</strong></span> <span class='ocrx_word' id='word_1_447' title='bbox 2801 3033 2908 3074; x_wconf 91' lang='lat' dir='ltr'><strong>non</strong></span> <span class='ocrx_word' id='word_1_448' title='bbox 2936 3017 3095 3087; x_wconf 83' lang='lat' dir='ltr'><strong>hujus</strong></span> <span class='ocrx_word' id='word_1_449' title='bbox 3122 3019 3337 3086; x_wconf 70' lang='lat' dir='ltr'><strong>Saeculi,</strong></span> 
     </span>
    </p>
   </div>
   <div class='ocr_carea' id='block_1_62' title="bbox 1770 3100 3336 3178">
    <p class='ocr_par' dir='ltr' id='par_1_62' title="bbox 1770 3100 3336 3178">
     <span class='ocr_line' id='line_1_62' title="bbox 1770 3100 3336 3178; baseline 0.01 -29"><span class='ocrx_word' id='word_1_450' title='bbox 1770 3111 1944 3167; x_wconf 83' lang='lat' dir='ltr'><strong>neque</strong></span> <span class='ocrx_word' id='word_1_451' title='bbox 1981 3100 2288 3171; x_wconf 84' lang='lat' dir='ltr'><strong>principum</strong></span> <span class='ocrx_word' id='word_1_452' title='bbox 2359 3105 2518 3175; x_wconf 86' lang='lat' dir='ltr'><strong>hujus</strong></span> <span class='ocrx_word' id='word_1_453' title='bbox 2558 3107 2742 3162; x_wconf 68' lang='lat' dir='ltr'><strong>saeculi</strong></span> <span class='ocrx_word' id='word_1_454' title='bbox 2803 3109 2892 3178; x_wconf 91' lang='lat' dir='ltr'><strong>qui</strong></span> <span class='ocrx_word' id='word_1_455' title='bbox 2943 3110 3336 3176; x_wconf 86' lang='lat' dir='ltr'><strong>destruuntur;</strong></span> 
     </span>
    </p>
   </div>
   <div class='ocr_carea' id='block_1_63' title="bbox 80 3188 1661 3288">
    <p class='ocr_par' dir='ltr' id='par_1_63' title="bbox 80 3188 1660 3268">
     <span class='ocr_line' id='line_1_63' title="bbox 80 3188 1660 3268; baseline -0.008 -16"><span class='ocrx_word' id='word_1_456' title='bbox 80 3216 180 3261; x_wconf 72' lang='grc' dir='ltr'><strong>νος</strong></span> <span class='ocrx_word' id='word_1_457' title='bbox 207 3198 416 3260; x_wconf 83' lang='grc' dir='ltr'>τούτου,</span> <span class='ocrx_word' id='word_1_458' title='bbox 448 3196 555 3249; x_wconf 86' lang='grc' dir='ltr'><strong>τῶν</strong></span> <span class='ocrx_word' id='word_1_459' title='bbox 579 3195 1054 3268; x_wconf 75' lang='grc' dir='ltr'>καταργουμένωνο</span> <span class='ocrx_word' id='word_1_460' title='bbox 1081 3191 1216 3245; x_wconf 78' lang='grc' dir='ltr'>ἀλλὰ</span> <span class='ocrx_word' id='word_1_461' title='bbox 1243 3189 1507 3259; x_wconf 81' lang='grc' dir='ltr'>λαλοῦμεν</span> <span class='ocrx_word' id='word_1_462' title='bbox 1526 3188 1660 3241; x_wconf 83' lang='grc' dir='ltr'>Θεοῦ</span> 
     </span>
    </p>
   </div>
   <div class='ocr_carea' id='block_1_64' title="bbox 1769 3188 3336 3288">
    <p class='ocr_par' dir='ltr' id='par_1_64' title="bbox 1769 3189 3336 3270">
     <span class='ocr_line' id='line_1_64' title="bbox 1769 3189 3336 3270; baseline 0.01 -29"><span class='ocrx_word' id='word_1_463' title='bbox 1769 3190 1862 3242; x_wconf 80' lang='grc' dir='ltr'>εει]</span> <span class='ocrx_word' id='word_1_464' title='bbox 1897 3189 2167 3259; x_wconf 90' lang='lat' dir='ltr'><strong>loquimur</strong></span> <span class='ocrx_word' id='word_1_465' title='bbox 2184 3192 2278 3248; x_wconf 90' lang='lat' dir='ltr'><strong>Dei</strong></span> <span class='ocrx_word' id='word_1_466' title='bbox 2307 3197 2628 3264; x_wconf 88' lang='lat' dir='ltr'><strong>sapientiam</strong></span> <span class='ocrx_word' id='word_1_467' title='bbox 2661 3199 2711 3252; x_wconf 91' lang='lat' dir='ltr'><strong>in</strong></span> <span class='ocrx_word' id='word_1_468' title='bbox 2752 3203 3033 3269; x_wconf 84' lang='lat' dir='ltr'><strong>mysterio,</strong></span> <span class='ocrx_word' id='word_1_469' title='bbox 3060 3216 3180 3270; x_wconf 64' lang='lat' dir='ltr'><strong>quae</strong></span> <span class='ocrx_word' id='word_1_470' title='bbox 3209 3203 3336 3256; x_wconf 81' lang='lat' dir='ltr'><strong>abs-</strong></span> 
     </span>
    </p>
   </div>
   <div class='ocr_carea' id='block_1_65' title="bbox 78 3282 1660 3361">
    <p class='ocr_par' dir='ltr' id='par_1_65' title="bbox 78 3282 1660 3361">
     <span class='ocr_line' id='line_1_65' title="bbox 78 3282 1660 3361; baseline -0.006 -19"><span class='ocrx_word' id='word_1_471' title='bbox 78 3289 284 3359; x_wconf 78' lang='grc' dir='ltr'>σοφίαν</span> <span class='ocrx_word' id='word_1_472' title='bbox 317 3291 374 3342; x_wconf 81' lang='grc' dir='ltr'>ἐν</span> <span class='ocrx_word' id='word_1_473' title='bbox 407 3288 704 3361; x_wconf 80' lang='grc' dir='ltr'>μυστηρίῳ,</span> <span class='ocrx_word' id='word_1_474' title='bbox 741 3287 837 3358; x_wconf 87' lang='grc' dir='ltr'><strong>τὴν</strong></span> <span class='ocrx_word' id='word_1_475' title='bbox 870 3284 1392 3356; x_wconf 79' lang='grc' dir='ltr'>ἀποκεκρυμμένην,</span> <span class='ocrx_word' id='word_1_476' title='bbox 1430 3282 1494 3352; x_wconf 81' lang='grc' dir='ltr'>ἣν</span> <span class='ocrx_word' id='word_1_477' title='bbox 1536 3298 1660 3351; x_wconf 86' lang='grc' dir='ltr'>προ-</span> 
     </span>
    </p>
   </div>
   <div class='ocr_carea' id='block_1_66' title="bbox 72 3370 1663 3453">
    <p class='ocr_par' dir='ltr' id='par_1_66' title="bbox 72 3370 1663 3453">
     <span class='ocr_line' id='line_1_66' title="bbox 72 3370 1663 3453; baseline -0.008 -18"><span class='ocrx_word' id='word_1_478' title='bbox 72 3381 287 3453; x_wconf 84' lang='grc' dir='ltr'>ώρισεν</span> <span class='ocrx_word' id='word_1_479' title='bbox 323 3383 352 3434; x_wconf 91' lang='lat'><strong>6</strong></span> <span class='ocrx_word' id='word_1_480' title='bbox 379 3381 507 3443; x_wconf 78' lang='grc' dir='ltr'>Θεὸς</span> <span class='ocrx_word' id='word_1_481' title='bbox 538 3380 645 3452; x_wconf 84' lang='grc' dir='ltr'><strong>πρὸ</strong></span> <span class='ocrx_word' id='word_1_482' title='bbox 674 3378 782 3431; x_wconf 84' lang='grc' dir='ltr'><strong>τῶν</strong></span> <span class='ocrx_word' id='word_1_483' title='bbox 825 3376 1031 3431; x_wconf 86' lang='grc' dir='ltr'>αἰώνων</span> <span class='ocrx_word' id='word_1_484' title='bbox 1072 3377 1151 3438; x_wconf 82' lang='grc' dir='ltr'><strong>είς</strong></span> <span class='ocrx_word' id='word_1_485' title='bbox 1183 3373 1338 3438; x_wconf 79' lang='grc' dir='ltr'>δόξαν</span> <span class='ocrx_word' id='word_1_486' title='bbox 1379 3371 1554 3443; x_wconf 81' lang='grc' dir='ltr'>ἡμῶν,</span> <span class='ocrx_word' id='word_1_487' title='bbox 1597 3370 1663 3441; x_wconf 79' lang='grc' dir='ltr'>ἣν</span> 
     </span>
    </p>
   </div>
   <div class='ocr_carea' id='block_1_67' title="bbox 76 3465 1662 3543">
    <p class='ocr_par' dir='ltr' id='par_1_67' title="bbox 76 3465 1662 3543">
     <span class='ocr_line' id='line_1_67' title="bbox 76 3465 1662 3543; baseline -0.008 -15"><span class='ocrx_word' id='word_1_488' title='bbox 76 3473 265 3536; x_wconf 75' lang='grc' dir='ltr'>οὐδεὶς</span> <span class='ocrx_word' id='word_1_489' title='bbox 293 3473 399 3525; x_wconf 83' lang='grc' dir='ltr'>τῶν</span> <span class='ocrx_word' id='word_1_490' title='bbox 430 3472 702 3543; x_wconf 79' lang='grc' dir='ltr'>ἀρχόντων</span> <span class='ocrx_word' id='word_1_491' title='bbox 730 3465 821 3523; x_wconf 81' lang='grc' dir='ltr'><strong>τοῦ</strong></span> <span class='ocrx_word' id='word_1_492' title='bbox 858 3467 1053 3532; x_wconf 81' lang='grc' dir='ltr'>αἰῶνος</span> <span class='ocrx_word' id='word_1_493' title='bbox 1087 3466 1278 3520; x_wconf 90' lang='grc' dir='ltr'>τούτου</span> <span class='ocrx_word' id='word_1_494' title='bbox 1309 3466 1573 3534; x_wconf 73' lang='grc' dir='ltr'>ἐγνωκεψ</span> <span class='ocrx_word' id='word_1_495' title='bbox 1615 3467 1662 3517; x_wconf 87' lang='grc' dir='ltr'>εἰ</span> 
     </span>
    </p>
   </div>
   <div class='ocr_carea' id='block_1_68' title="bbox 73 3555 1665 3636">
    <p class='ocr_par' dir='ltr' id='par_1_68' title="bbox 73 3555 1665 3636">
     <span class='ocr_line' id='line_1_68' title="bbox 73 3555 1665 3636; baseline -0.007 -18"><span class='ocrx_word' id='word_1_496' title='bbox 73 3566 196 3636; x_wconf 66' lang='grc' dir='ltr'><strong>γὰρ</strong></span> <span class='ocrx_word' id='word_1_497' title='bbox 222 3563 484 3632; x_wconf 79' lang='grc' dir='ltr'>ἔγνωσαν,</span> <span class='ocrx_word' id='word_1_498' title='bbox 517 3563 616 3615; x_wconf 85' lang='grc' dir='ltr'><strong>ούκ</strong></span> <span class='ocrx_word' id='word_1_499' title='bbox 637 3560 703 3614; x_wconf 87' lang='grc' dir='ltr'><strong>ἂν</strong></span> <span class='ocrx_word' id='word_1_500' title='bbox 730 3560 818 3614; x_wconf 83' lang='grc' dir='ltr'><strong>τὸν</strong></span> <span class='ocrx_word' id='word_1_501' title='bbox 849 3559 1050 3630; x_wconf 81' lang='grc' dir='ltr'>Κύριον</span> <span class='ocrx_word' id='word_1_502' title='bbox 1079 3558 1176 3628; x_wconf 81' lang='grc' dir='ltr'>τῆς</span> <span class='ocrx_word' id='word_1_503' title='bbox 1204 3556 1360 3628; x_wconf 77' lang='grc' dir='ltr'>δόξης</span> <span class='ocrx_word' id='word_1_504' title='bbox 1393 3555 1665 3627; x_wconf 74' lang='grc' dir='ltr'>ἐσταύρω-</span> 
     </span>
    </p>
   </div>
   <div class='ocr_carea' id='block_1_69' title="bbox 76 3646 1661 3725">
    <p class='ocr_par' dir='ltr' id='par_1_69' title="bbox 76 3646 1661 3725">
     <span class='ocr_line' id='line_1_69' title="bbox 76 3646 1661 3725; baseline -0.008 -15"><span class='ocrx_word' id='word_1_505' title='bbox 76 3673 208 3710; x_wconf 84' lang='grc' dir='ltr'>σαν.</span> <span class='ocrx_word' id='word_1_506' title='bbox 239 3675 258 3708; x_wconf 80' lang='grc' dir='ltr'><strong>ι</strong></span> <span class='ocrx_word' id='word_1_507' title='bbox 296 3656 442 3708; x_wconf 83' lang='grc' dir='ltr'>Ποῖοι</span> <span class='ocrx_word' id='word_1_508' title='bbox 465 3655 572 3725; x_wconf 84' lang='grc' dir='ltr'><strong>γὰρ</strong></span> <span class='ocrx_word' id='word_1_509' title='bbox 600 3653 856 3725; x_wconf 84' lang='grc' dir='ltr'>ἄρχοντες</span> <span class='ocrx_word' id='word_1_510' title='bbox 898 3649 1248 3722; x_wconf 76' lang='grc' dir='ltr'>ἐσταύρωσαν</span> <span class='ocrx_word' id='word_1_511' title='bbox 1277 3648 1368 3701; x_wconf 80' lang='grc' dir='ltr'><strong>τὸν</strong></span> <span class='ocrx_word' id='word_1_512' title='bbox 1409 3646 1661 3719; x_wconf 79' lang='grc' dir='ltr'>Χριστὸν,</span> 
     </span>
    </p>
   </div>
   <div class='ocr_carea' id='block_1_70' title="bbox 69 3738 1663 3818">
    <p class='ocr_par' dir='ltr' id='par_1_70' title="bbox 69 3738 1663 3818">
     <span class='ocr_line' id='line_1_70' title="bbox 69 3738 1663 3818; baseline -0.009 -16"><span class='ocrx_word' id='word_1_513' title='bbox 69 3749 178 3802; x_wconf 73' lang='grc' dir='ltr'>τὸν</span> <span class='ocrx_word' id='word_1_514' title='bbox 207 3744 309 3818; x_wconf 82' lang='grc' dir='ltr'>τῆς</span> <span class='ocrx_word' id='word_1_515' title='bbox 337 3745 491 3818; x_wconf 80' lang='grc' dir='ltr'>δόξης</span> <span class='ocrx_word' id='word_1_516' title='bbox 527 3744 750 3816; x_wconf 84' lang='grc' dir='ltr'>Κύριον,</span> <span class='ocrx_word' id='word_1_517' title='bbox 777 3745 826 3796; x_wconf 78' lang='lat' dir='ltr'><strong>oi</strong></span> <span class='ocrx_word' id='word_1_518' title='bbox 853 3744 927 3815; x_wconf 85' lang='grc' dir='ltr'>μὴ</span> <span class='ocrx_word' id='word_1_519' title='bbox 958 3741 1316 3812; x_wconf 85' lang='grc' dir='ltr'>γινώσκοντες</span> <span class='ocrx_word' id='word_1_520' title='bbox 1349 3739 1448 3811; x_wconf 79' lang='grc' dir='ltr'><strong>τὴν</strong></span> <span class='ocrx_word' id='word_1_521' title='bbox 1476 3738 1663 3807; x_wconf 79' lang='grc' dir='ltr'>σοφίαν</span> 
     </span>
    </p>
   </div>
   <div class='ocr_carea' id='block_1_71' title="bbox 69 3829 1666 3905">
    <p class='ocr_par' dir='ltr' id='par_1_71' title="bbox 69 3829 1666 3905">
     <span class='ocr_line' id='line_1_71' title="bbox 69 3829 1666 3905; baseline -0.009 -11"><span class='ocrx_word' id='word_1_522' title='bbox 69 3837 177 3894; x_wconf 78' lang='grc' dir='ltr'><strong>τοῦ</strong></span> <span class='ocrx_word' id='word_1_523' title='bbox 196 3838 355 3901; x_wconf 86' lang='grc' dir='ltr'>Θεοῦ,</span> <span class='ocrx_word' id='word_1_524' title='bbox 378 3839 471 3891; x_wconf 74' lang='grc' dir='ltr'>καὶ</span> <span class='ocrx_word' id='word_1_525' title='bbox 494 3837 646 3889; x_wconf 70' lang='grc' dir='ltr'>αὐτοὶ</span> <span class='ocrx_word' id='word_1_526' title='bbox 667 3835 854 3905; x_wconf 81' lang='grc' dir='ltr'>σοφίας</span> <span class='ocrx_word' id='word_1_527' title='bbox 876 3833 1027 3897; x_wconf 79' lang='grc' dir='ltr'>τινὰς</span> <span class='ocrx_word' id='word_1_528' title='bbox 1049 3832 1190 3902; x_wconf 84' lang='grc' dir='ltr'>ἔχειν</span> <span class='ocrx_word' id='word_1_529' title='bbox 1219 3829 1666 3900; x_wconf 85' lang='grc' dir='ltr'>ὑπολαμϐανόμε-</span> 
     </span>
    </p>
   </div>
   <div class='ocr_carea' id='block_1_72' title="bbox 69 3918 1665 4002">
    <p class='ocr_par' dir='ltr' id='par_1_72' title="bbox 69 3918 1665 4002">
     <span class='ocr_line' id='line_1_72' title="bbox 69 3918 1665 4002; baseline -0.008 -18"><span class='ocrx_word' id='word_1_530' title='bbox 69 3951 186 3996; x_wconf 82' lang='grc' dir='ltr'>νοι,</span> <span class='ocrx_word' id='word_1_531' title='bbox 206 3932 240 4002; x_wconf 78' lang='grc' dir='ltr'>ἦ</span> <span class='ocrx_word' id='word_1_532' title='bbox 260 3931 310 3983; x_wconf 78' lang='lat' dir='ltr'><strong>oi</strong></span> <span class='ocrx_word' id='word_1_533' title='bbox 325 3929 601 4000; x_wconf 86' lang='grc' dir='ltr'>λεγόμενοι</span> <span class='ocrx_word' id='word_1_534' title='bbox 623 3929 678 3980; x_wconf 81' lang='grc' dir='ltr'>ὲν</span> <span class='ocrx_word' id='word_1_535' title='bbox 688 3929 806 3989; x_wconf 90' lang='grc' dir='ltr'>ταῖς</span> <span class='ocrx_word' id='word_1_536' title='bbox 827 3925 1181 3997; x_wconf 77' lang='grc' dir='ltr'>προφητείαις</span> <span class='ocrx_word' id='word_1_537' title='bbox 1195 3923 1376 3995; x_wconf 80' lang='grc' dir='ltr'>ἄρχων</span> <span class='ocrx_word' id='word_1_538' title='bbox 1394 3918 1665 3991; x_wconf 88' lang='grc' dir='ltr'>βασιλείας</span> 
     </span>
    </p>
   </div>
   <div class='ocr_carea' id='block_1_73' title="bbox 69 4011 1665 4095">
    <p class='ocr_par' dir='ltr' id='par_1_73' title="bbox 69 4011 1665 4095">
     <span class='ocr_line' id='line_1_73' title="bbox 69 4011 1665 4095; baseline -0.011 -17"><span class='ocrx_word' id='word_1_539' title='bbox 69 4023 337 4095; x_wconf 83' lang='grc' dir='ltr'>Περσῶν,</span> <span class='ocrx_word' id='word_1_540' title='bbox 369 4022 460 4074; x_wconf 72' lang='grc' dir='ltr'><strong>καὶ</strong></span> <span class='ocrx_word' id='word_1_541' title='bbox 487 4021 667 4092; x_wconf 82' lang='grc' dir='ltr'>ἄρχων</span> <span class='ocrx_word' id='word_1_542' title='bbox 699 4019 972 4089; x_wconf 85' lang='grc' dir='ltr'>βασιλείας</span> <span class='ocrx_word' id='word_1_543' title='bbox 1007 4015 1294 4086; x_wconf 82' lang='grc' dir='ltr'>Ἑλλήνων,</span> <span class='ocrx_word' id='word_1_544' title='bbox 1318 4014 1408 4066; x_wconf 72' lang='grc' dir='ltr'><strong>καὶ</strong></span> <span class='ocrx_word' id='word_1_545' title='bbox 1437 4011 1575 4066; x_wconf 89' lang='grc' dir='ltr'><strong>κατά</strong></span> <span class='ocrx_word' id='word_1_546' title='bbox 1606 4011 1665 4062; x_wconf 79' lang='grc' dir='ltr'>τὸ</span> 
     </span>
    </p>
   </div>
   <div class='ocr_carea' id='block_1_74' title="bbox 65 4109 1663 4180">
    <p class='ocr_par' dir='ltr' id='par_1_74' title="bbox 65 4109 1663 4180">
     <span class='ocr_line' id='line_1_74' title="bbox 65 4109 1663 4180; baseline -0.011 -5"><span class='ocrx_word' id='word_1_547' title='bbox 65 4118 385 4175; x_wconf 82' lang='grc' dir='ltr'>ἀκόλουθον</span> <span class='ocrx_word' id='word_1_548' title='bbox 417 4119 463 4170; x_wconf 92' lang='grc' dir='ltr'>οἱ</span> <span class='ocrx_word' id='word_1_549' title='bbox 493 4117 601 4170; x_wconf 84' lang='grc' dir='ltr'><strong>τῶν</strong></span> <span class='ocrx_word' id='word_1_550' title='bbox 632 4115 832 4169; x_wconf 82' lang='grc' dir='ltr'>λοιπῶν</span> <span class='ocrx_word' id='word_1_551' title='bbox 865 4113 1068 4173; x_wconf 61' lang='lat' dir='ltr'><strong>eet/(Iw;</strong></span> <span class='ocrx_word' id='word_1_552' title='bbox 1103 4132 1120 4161; x_wconf 78' lang='grc' dir='ltr'><strong>ι</strong></span> <span class='ocrx_word' id='word_1_553' title='bbox 1157 4110 1238 4164; x_wconf 74' lang='grc' dir='ltr'><strong>Τὰ</strong></span> <span class='ocrx_word' id='word_1_554' title='bbox 1267 4109 1391 4180; x_wconf 84' lang='grc' dir='ltr'>έθνη</span> <span class='ocrx_word' id='word_1_555' title='bbox 1435 4127 1453 4159; x_wconf 78' lang='grc' dir='ltr'><strong>ι</strong></span> <span class='ocrx_word' id='word_1_556' title='bbox 1484 4109 1663 4160; x_wconf 83' lang='grc' dir='ltr'>τοίνυν</span> 
     </span>
    </p>
   </div>
   <div class='ocr_carea' id='block_1_75' title="bbox 73 4201 1663 4282">
    <p class='ocr_par' dir='ltr' id='par_1_75' title="bbox 73 4201 1663 4282">
     <span class='ocr_line' id='line_1_75' title="bbox 73 4201 1663 4282; baseline -0.006 -22"><span class='ocrx_word' id='word_1_557' title='bbox 73 4231 99 4260; x_wconf 73' lang='grc' dir='ltr'><strong>σ</strong></span> <span class='ocrx_word' id='word_1_558' title='bbox 148 4208 452 4282; x_wconf 83' lang='grc' dir='ltr'>ἐφρύαξαν·</span> <span class='ocrx_word' id='word_1_559' title='bbox 485 4227 503 4258; x_wconf 77' lang='grc' dir='ltr'><strong>ι</strong></span> <span class='ocrx_word' id='word_1_560' title='bbox 537 4209 675 4278; x_wconf 85' lang='grc' dir='ltr'>ὅπερ</span> <span class='ocrx_word' id='word_1_561' title='bbox 707 4206 875 4269; x_wconf 73' lang='grc' dir='ltr'>ἐστὶν,</span> <span class='ocrx_word' id='word_1_562' title='bbox 910 4205 984 4268; x_wconf 86' lang='grc' dir='ltr'>ὡς</span> <span class='ocrx_word' id='word_1_563' title='bbox 1014 4205 1042 4256; x_wconf 95' lang='lat'><strong>6</strong></span> <span class='ocrx_word' id='word_1_564' title='bbox 1087 4203 1310 4265; x_wconf 83' lang='grc' dir='ltr'>Ἀκύλας</span> <span class='ocrx_word' id='word_1_565' title='bbox 1335 4201 1663 4270; x_wconf 87' lang='grc' dir='ltr'>σαφέστερον</span> 
     </span>
    </p>
   </div>
   <div class='ocr_carea' id='block_1_76' title="bbox 60 4292 1660 4376">
    <p class='ocr_par' dir='ltr' id='par_1_76' title="bbox 60 4292 1660 4376">
     <span class='ocr_line' id='line_1_76' title="bbox 60 4292 1660 4376; baseline -0.008 -21"><span class='ocrx_word' id='word_1_566' title='bbox 60 4303 467 4376; x_wconf 77' lang='grc' dir='ltr'>ἡρμήνευσεν,</span> <span class='ocrx_word' id='word_1_567' title='bbox 507 4319 525 4351; x_wconf 81' lang='grc' dir='ltr'><strong>ι</strong></span> <span class='ocrx_word' id='word_1_568' title='bbox 560 4298 993 4371; x_wconf 73' lang='grc' dir='ltr'>ἐθορυϐήθησαν.</span> <span class='ocrx_word' id='word_1_569' title='bbox 1021 4317 1038 4347; x_wconf 82' lang='grc' dir='ltr'><strong>ι</strong></span> <span class='ocrx_word' id='word_1_570' title='bbox 1075 4297 1230 4350; x_wconf 85' lang='grc' dir='ltr'>Ἔστι</span> <span class='ocrx_word' id='word_1_571' title='bbox 1268 4294 1323 4346; x_wconf 82' lang='grc' dir='ltr'><strong>δὲ</strong></span> <span class='ocrx_word' id='word_1_572' title='bbox 1356 4296 1388 4364; x_wconf 82' lang='grc' dir='ltr'>ἡ</span> <span class='ocrx_word' id='word_1_573' title='bbox 1417 4292 1556 4356; x_wconf 83' lang='grc' dir='ltr'>λέξις</span> <span class='ocrx_word' id='word_1_574' title='bbox 1585 4294 1618 4362; x_wconf 77' lang='grc' dir='ltr'>ὴ</span> <span class='ocrx_word' id='word_1_575' title='bbox 1648 4331 1660 4351; x_wconf 92' lang='grc'><strong>,</strong></span> 
     </span>
    </p>
   </div>
   <div class='ocr_carea' id='block_1_77' title="bbox 72 4385 1662 4464">
    <p class='ocr_par' dir='ltr' id='par_1_77' title="bbox 72 4385 1662 4464">
     <span class='ocr_line' id='line_1_77' title="bbox 72 4385 1662 4464; baseline -0.008 -18"><span class='ocrx_word' id='word_1_576' title='bbox 72 4415 98 4445; x_wconf 75' lang='grc' dir='ltr'>ι</span> <span class='ocrx_word' id='word_1_577' title='bbox 128 4390 440 4464; x_wconf 73' lang='grc' dir='ltr'>ἐφρύαξαν,</span> <span class='ocrx_word' id='word_1_578' title='bbox 466 4411 484 4443; x_wconf 79' lang='grc' dir='ltr'><strong>ι</strong></span> <span class='ocrx_word' id='word_1_579' title='bbox 535 4389 1106 4462; x_wconf 84' lang='grc' dir='ltr'>ὀνοματοπεποιημένη</span> <span class='ocrx_word' id='word_1_580' title='bbox 1129 4428 1142 4454; x_wconf 91' lang='grc'><strong>,</strong></span> <span class='ocrx_word' id='word_1_581' title='bbox 1189 4387 1283 4441; x_wconf 77' lang='grc' dir='ltr'><strong>καὶ</strong></span> <span class='ocrx_word' id='word_1_582' title='bbox 1327 4385 1662 4457; x_wconf 78' lang='grc' dir='ltr'>ἐμφαίνουσα</span> 
     </span>
    </p>
   </div>
   <div class='ocr_carea' id='block_1_78' title="bbox 60 4477 1661 4556">
    <p class='ocr_par' dir='ltr' id='par_1_78' title="bbox 60 4477 1661 4556">
     <span class='ocr_line' id='line_1_78' title="bbox 60 4477 1661 4556; baseline -0.009 -16"><span class='ocrx_word' id='word_1_583' title='bbox 60 4486 172 4540; x_wconf 80' lang='grc' dir='ltr'><strong>τὸν</strong></span> <span class='ocrx_word' id='word_1_584' title='bbox 207 4486 424 4556; x_wconf 82' lang='grc' dir='ltr'>ἄσημον</span> <span class='ocrx_word' id='word_1_585' title='bbox 453 4479 584 4554; x_wconf 78' lang='grc' dir='ltr'>ἦχον</span> <span class='ocrx_word' id='word_1_586' title='bbox 622 4481 727 4536; x_wconf 85' lang='grc' dir='ltr'>τῶν</span> <span class='ocrx_word' id='word_1_587' title='bbox 755 4481 1123 4553; x_wconf 85' lang='grc' dir='ltr'>θορυϐούντων</span> <span class='ocrx_word' id='word_1_588' title='bbox 1145 4499 1157 4509; x_wconf 92' lang='grc'><strong>·</strong></span> <span class='ocrx_word' id='word_1_589' title='bbox 1203 4479 1431 4533; x_wconf 90' lang='grc' dir='ltr'>τοιοῦτοι</span> <span class='ocrx_word' id='word_1_590' title='bbox 1477 4477 1584 4547; x_wconf 83' lang='grc' dir='ltr'><strong>γὰρ</strong></span> <span class='ocrx_word' id='word_1_591' title='bbox 1613 4477 1661 4527; x_wconf 76' lang='lat' dir='ltr'><strong>oi</strong></span> 
     </span>
    </p>
   </div>
   <div class='ocr_carea' id='block_1_79' title="bbox 1766 3280 3334 3356">
    <p class='ocr_par' dir='ltr' id='par_1_79' title="bbox 1766 3280 3334 3356">
     <span class='ocr_line' id='line_1_79' title="bbox 1766 3280 3334 3356; baseline 0.01 -25"><span class='ocrx_word' id='word_1_592' title='bbox 1766 3280 1980 3334; x_wconf 80' lang='lat' dir='ltr'><strong>condita</strong></span> <span class='ocrx_word' id='word_1_593' title='bbox 2017 3292 2100 3336; x_wconf 90' lang='lat' dir='ltr'><strong>est</strong></span> <span class='ocrx_word' id='word_1_594' title='bbox 2129 3323 2142 3346; x_wconf 92' lang='lat'><strong>,</strong></span> <span class='ocrx_word' id='word_1_595' title='bbox 2182 3299 2341 3352; x_wconf 87' lang='lat' dir='ltr'><strong>quam</strong></span> <span class='ocrx_word' id='word_1_596' title='bbox 2377 3288 2783 3356; x_wconf 76' lang='lat' dir='ltr'><strong>praedestinavit</strong></span> <span class='ocrx_word' id='word_1_597' title='bbox 2814 3290 2955 3346; x_wconf 90' lang='lat' dir='ltr'><strong>Dens</strong></span> <span class='ocrx_word' id='word_1_598' title='bbox 2987 3302 3112 3346; x_wconf 87' lang='lat' dir='ltr'><strong>ante</strong></span> <span class='ocrx_word' id='word_1_599' title='bbox 3140 3294 3334 3348; x_wconf 75' lang='lat' dir='ltr'><strong>Stccula</strong></span> 
     </span>
    </p>
   </div>
   <div class='ocr_carea' id='block_1_80' title="bbox 1768 3371 3337 3452">
    <p class='ocr_par' dir='ltr' id='par_1_80' title="bbox 1768 3371 3337 3452">
     <span class='ocr_line' id='line_1_80' title="bbox 1768 3371 3337 3452; baseline 0.009 -29"><span class='ocrx_word' id='word_1_600' title='bbox 1768 3371 1819 3424; x_wconf 93' lang='lat' dir='ltr'><strong>in</strong></span> <span class='ocrx_word' id='word_1_601' title='bbox 1855 3372 2082 3440; x_wconf 82' lang='lat' dir='ltr'><strong>gloriam</strong></span> <span class='ocrx_word' id='word_1_602' title='bbox 2121 3384 2404 3441; x_wconf 87' lang='lat' dir='ltr'><strong>nostram,</strong></span> <span class='ocrx_word' id='word_1_603' title='bbox 2440 3393 2604 3448; x_wconf 90' lang='lat' dir='ltr'><strong>quam</strong></span> <span class='ocrx_word' id='word_1_604' title='bbox 2647 3395 2803 3435; x_wconf 91' lang='lat' dir='ltr'><strong>nemo</strong></span> <span class='ocrx_word' id='word_1_605' title='bbox 2833 3381 3138 3450; x_wconf 86' lang='lat' dir='ltr'><strong>principum</strong></span> <span class='ocrx_word' id='word_1_606' title='bbox 3180 3384 3337 3452; x_wconf 86' lang='lat' dir='ltr'><strong>hujus</strong></span> 
     </span>
    </p>
   </div>
   <div class='ocr_carea' id='block_1_81' title="bbox 1768 3463 3335 3544">
    <p class='ocr_par' dir='ltr' id='par_1_81' title="bbox 1768 3463 3335 3544">
     <span class='ocr_line' id='line_1_81' title="bbox 1768 3463 3335 3544; baseline 0.009 -29"><span class='ocrx_word' id='word_1_607' title='bbox 1768 3463 1945 3518; x_wconf 69' lang='lat' dir='ltr'><strong>szeculi</strong></span> <span class='ocrx_word' id='word_1_608' title='bbox 1979 3467 2270 3534; x_wconf 84' lang='lat' dir='ltr'><strong>cognovit:</strong></span> <span class='ocrx_word' id='word_1_609' title='bbox 2311 3469 2354 3522; x_wconf 92' lang='lat' dir='ltr'><strong>si</strong></span> <span class='ocrx_word' id='word_1_610' title='bbox 2401 3471 2546 3524; x_wconf 91' lang='lat' dir='ltr'><strong>enim</strong></span> <span class='ocrx_word' id='word_1_611' title='bbox 2597 3473 3025 3538; x_wconf 80' lang='lat' dir='ltr'><strong>cognovissent,</strong></span> <span class='ocrx_word' id='word_1_612' title='bbox 3061 3489 3335 3544; x_wconf 89' lang='lat' dir='ltr'><strong>nunquam</strong></span> 
     </span>
    </p>
   </div>
   <div class='ocr_carea' id='block_1_82' title="bbox 1771 3555 3332 3636">
    <p class='ocr_par' dir='ltr' id='par_1_82' title="bbox 1771 3555 3332 3636">
     <span class='ocr_line' id='line_1_82' title="bbox 1771 3555 3332 3636; baseline 0.008 -29"><span class='ocrx_word' id='word_1_613' title='bbox 1771 3555 2049 3609; x_wconf 91' lang='lat' dir='ltr'><strong>Dominum</strong></span> <span class='ocrx_word' id='word_1_614' title='bbox 2070 3559 2255 3627; x_wconf 67' lang='lat' dir='ltr'><strong>gloria:</strong></span> <span class='ocrx_word' id='word_1_615' title='bbox 2271 3561 2686 3616; x_wconf 80' lang='lat' dir='ltr'><strong>cruciﬁxissent.</strong></span> <span class='ocrx_word' id='word_1_616' title='bbox 2720 3584 2737 3615; x_wconf 75' lang='grc' dir='ltr'><strong>ι</strong></span> <span class='ocrx_word' id='word_1_617' title='bbox 2761 3564 2990 3630; x_wconf 86' lang='lat' dir='ltr'><strong>Quinam</strong></span> <span class='ocrx_word' id='word_1_618' title='bbox 3013 3568 3155 3619; x_wconf 90' lang='lat' dir='ltr'><strong>enim</strong></span> <span class='ocrx_word' id='word_1_619' title='bbox 3174 3567 3332 3636; x_wconf 89' lang='lat' dir='ltr'><strong>prin-</strong></span> 
     </span>
    </p>
   </div>
   <div class='ocr_carea' id='block_1_83' title="bbox 1767 3648 3330 3723">
    <p class='ocr_par' dir='ltr' id='par_1_83' title="bbox 1767 3648 3330 3723">
     <span class='ocr_line' id='line_1_83' title="bbox 1767 3648 3330 3723; baseline 0.006 -21"><span class='ocrx_word' id='word_1_620' title='bbox 1767 3649 1912 3714; x_wconf 88' lang='lat' dir='ltr'><strong>cipes</strong></span> <span class='ocrx_word' id='word_1_621' title='bbox 1942 3648 2216 3702; x_wconf 87' lang='lat' dir='ltr'><strong>Christum</strong></span> <span class='ocrx_word' id='word_1_622' title='bbox 2253 3652 2438 3722; x_wconf 63' lang='lat' dir='ltr'><strong>gloriae</strong></span> <span class='ocrx_word' id='word_1_623' title='bbox 2469 3654 2750 3708; x_wconf 84' lang='lat' dir='ltr'><strong>Dominum</strong></span> <span class='ocrx_word' id='word_1_624' title='bbox 2784 3657 3162 3710; x_wconf 81' lang='lat' dir='ltr'><strong>crueilixerunt</strong></span> <span class='ocrx_word' id='word_1_625' title='bbox 3186 3700 3201 3723; x_wconf 95' lang='lat'><strong>,</strong></span> <span class='ocrx_word' id='word_1_626' title='bbox 3237 3657 3330 3714; x_wconf 86' lang='lat' dir='ltr'><strong>Dei</strong></span> 
     </span>
    </p>
   </div>
   <div class='ocr_carea' id='block_1_84' title="bbox 1768 3742 3338 3818">
    <p class='ocr_par' dir='ltr' id='par_1_84' title="bbox 1768 3742 3338 3818">
     <span class='ocr_line' id='line_1_84' title="bbox 1768 3742 3338 3818; baseline 0.006 -24"><span class='ocrx_word' id='word_1_627' title='bbox 1768 3742 2084 3810; x_wconf 84' lang='lat' dir='ltr'><strong>sapientiam</strong></span> <span class='ocrx_word' id='word_1_628' title='bbox 2137 3758 2241 3796; x_wconf 90' lang='lat' dir='ltr'><strong>non</strong></span> <span class='ocrx_word' id='word_1_629' title='bbox 2279 3757 2633 3813; x_wconf 82' lang='lat' dir='ltr'><strong>agnoscentes</strong></span> <span class='ocrx_word' id='word_1_630' title='bbox 2666 3756 2720 3800; x_wconf 90' lang='lat' dir='ltr'><strong>et</strong></span> <span class='ocrx_word' id='word_1_631' title='bbox 2766 3763 2824 3801; x_wconf 87' lang='lat' dir='ltr'><strong>se</strong></span> <span class='ocrx_word' id='word_1_632' title='bbox 2873 3763 3086 3817; x_wconf 84' lang='lat' dir='ltr'><strong>quoque</strong></span> <span class='ocrx_word' id='word_1_633' title='bbox 3120 3749 3338 3818; x_wconf 85' lang='lat' dir='ltr'><strong>sapien-</strong></span> 
     </span>
    </p>
   </div>
   <div class='ocr_carea' id='block_1_85' title="bbox 1770 3834 3334 3910">
    <p class='ocr_par' dir='ltr' id='par_1_85' title="bbox 1770 3834 3334 3910">
     <span class='ocr_line' id='line_1_85' title="bbox 1770 3834 3334 3910; baseline 0.005 -24"><span class='ocrx_word' id='word_1_634' title='bbox 1770 3835 1896 3887; x_wconf 88' lang='lat' dir='ltr'><strong>tiam</strong></span> <span class='ocrx_word' id='word_1_635' title='bbox 1931 3834 2218 3902; x_wconf 84' lang='lat' dir='ltr'><strong>quamdam</strong></span> <span class='ocrx_word' id='word_1_636' title='bbox 2268 3837 2467 3891; x_wconf 85' lang='lat' dir='ltr'><strong>habere</strong></span> <span class='ocrx_word' id='word_1_637' title='bbox 2513 3838 2936 3905; x_wconf 85' lang='lat' dir='ltr'><strong>existimantes,</strong></span> <span class='ocrx_word' id='word_1_638' title='bbox 2988 3841 3087 3894; x_wconf 88' lang='lat' dir='ltr'><strong>nisi</strong></span> <span class='ocrx_word' id='word_1_639' title='bbox 3124 3840 3199 3894; x_wconf 92' lang='lat' dir='ltr'><strong>illi</strong></span> <span class='ocrx_word' id='word_1_640' title='bbox 3242 3841 3334 3910; x_wconf 91' lang='lat' dir='ltr'><strong>qui</strong></span> 
     </span>
    </p>
   </div>
   <div class='ocr_carea' id='block_1_86' title="bbox 1771 3916 3337 4003">
    <p class='ocr_par' dir='ltr' id='par_1_86' title="bbox 1771 3916 3337 4003">
     <span class='ocr_line' id='line_1_86' title="bbox 1771 3916 3337 4003; baseline 0.006 -27"><span class='ocrx_word' id='word_1_641' title='bbox 1771 3925 1820 3978; x_wconf 90' lang='lat' dir='ltr'><strong>in</strong></span> <span class='ocrx_word' id='word_1_642' title='bbox 1853 3916 2130 3996; x_wconf 88' lang='lat' dir='ltr'><strong>pr0phetis</strong></span> <span class='ocrx_word' id='word_1_643' title='bbox 2158 3939 2676 3995; x_wconf 86' lang='lat' dir='ltr'><strong>commemorantur,</strong></span> <span class='ocrx_word' id='word_1_644' title='bbox 2715 3931 2964 3999; x_wconf 87' lang='lat' dir='ltr'><strong>princeps</strong></span> <span class='ocrx_word' id='word_1_645' title='bbox 2998 3930 3159 4002; x_wconf 83' lang='lat'><strong>539</strong></span> <span class='ocrx_word' id='word_1_646' title='bbox 3185 3934 3337 4003; x_wconf 83' lang='lat' dir='ltr'><strong>regni</strong></span> 
     </span>
    </p>
   </div>
   <div class='ocr_carea' id='block_1_87' title="bbox 1770 4014 3337 4088">
    <p class='ocr_par' dir='ltr' id='par_1_87' title="bbox 1770 4014 3337 4088">
     <span class='ocr_line' id='line_1_87' title="bbox 1770 4014 3337 4088; baseline 0.005 -20"><span class='ocrx_word' id='word_1_647' title='bbox 1770 4014 2076 4082; x_wconf 88' lang='lat' dir='ltr'><strong>Persarum,</strong></span> <span class='ocrx_word' id='word_1_648' title='bbox 2109 4026 2162 4071; x_wconf 90' lang='lat' dir='ltr'><strong>et</strong></span> <span class='ocrx_word' id='word_1_649' title='bbox 2189 4017 2441 4087; x_wconf 86' lang='lat' dir='ltr'><strong>princeps</strong></span> <span class='ocrx_word' id='word_1_650' title='bbox 2471 4019 2622 4088; x_wconf 76' lang='lat' dir='ltr'><strong>regni</strong></span> <span class='ocrx_word' id='word_1_651' title='bbox 2658 4019 2972 4074; x_wconf 70' lang='lat' dir='ltr'><strong>Grazcorum</strong></span> <span class='ocrx_word' id='word_1_652' title='bbox 3000 4061 3016 4086; x_wconf 94' lang='lat'><strong>,</strong></span> <span class='ocrx_word' id='word_1_653' title='bbox 3057 4033 3112 4076; x_wconf 91' lang='lat' dir='ltr'><strong>et</strong></span> <span class='ocrx_word' id='word_1_654' title='bbox 3142 4036 3337 4076; x_wconf 89' lang='lat' dir='ltr'><strong>conse-</strong></span> 
     </span>
    </p>
   </div>
   <div class='ocr_carea' id='block_1_88' title="bbox 1768 4106 3332 4180">
    <p class='ocr_par' dir='ltr' id='par_1_88' title="bbox 1768 4106 3332 4180">
     <span class='ocr_line' id='line_1_88' title="bbox 1768 4106 3332 4180; baseline 0.009 -26"><span class='ocrx_word' id='word_1_655' title='bbox 1768 4114 1998 4172; x_wconf 86' lang='lat' dir='ltr'><strong>quenter</strong></span> <span class='ocrx_word' id='word_1_656' title='bbox 2033 4106 2362 4175; x_wconf 88' lang='lat' dir='ltr'><strong>reliquarnm</strong></span> <span class='ocrx_word' id='word_1_657' title='bbox 2402 4110 2644 4178; x_wconf 81' lang='lat' dir='ltr'><strong>gentium</strong></span> <span class='ocrx_word' id='word_1_658' title='bbox 2680 4111 2990 4180; x_wconf 72' lang='lat' dir='ltr'><strong>print-ipes?</strong></span> <span class='ocrx_word' id='word_1_659' title='bbox 3031 4129 3050 4163; x_wconf 83' lang='grc' dir='ltr'><strong>ι</strong></span> <span class='ocrx_word' id='word_1_660' title='bbox 3077 4110 3282 4168; x_wconf 87' lang='lat' dir='ltr'><strong>Gentes</strong></span> <span class='ocrx_word' id='word_1_661' title='bbox 3312 4136 3332 4168; x_wconf 77' lang='grc' dir='ltr'><strong>ι</strong></span> 
     </span>
    </p>
   </div>
   <div class='ocr_carea' id='block_1_89' title="bbox 1769 4197 3335 4273">
    <p class='ocr_par' dir='ltr' id='par_1_89' title="bbox 1769 4197 3335 4273">
     <span class='ocr_line' id='line_1_89' title="bbox 1769 4197 3335 4273; baseline 0.008 -23"><span class='ocrx_word' id='word_1_662' title='bbox 1769 4198 1948 4266; x_wconf 84' lang='lat' dir='ltr'><strong>itaque</strong></span> <span class='ocrx_word' id='word_1_663' title='bbox 1980 4218 1998 4250; x_wconf 85' lang='grc' dir='ltr'><strong>ι</strong></span> <span class='ocrx_word' id='word_1_664' title='bbox 2022 4197 2384 4263; x_wconf 84' lang='lat' dir='ltr'><strong>fremuerunt,</strong></span> <span class='ocrx_word' id='word_1_665' title='bbox 2415 4220 2433 4252; x_wconf 75' lang='grc' dir='ltr'><strong>ι</strong></span> <span class='ocrx_word' id='word_1_666' title='bbox 2479 4203 2530 4256; x_wconf 92' lang='lat' dir='ltr'><strong>id</strong></span> <span class='ocrx_word' id='word_1_667' title='bbox 2571 4212 2674 4266; x_wconf 86' lang='lat' dir='ltr'><strong>est,</strong></span> <span class='ocrx_word' id='word_1_668' title='bbox 2701 4214 2759 4258; x_wconf 88' lang='lat' dir='ltr'><strong>ut</strong></span> <span class='ocrx_word' id='word_1_669' title='bbox 2784 4205 2976 4273; x_wconf 83' lang='lat' dir='ltr'><strong>Aquila</strong></span> <span class='ocrx_word' id='word_1_670' title='bbox 3015 4205 3216 4262; x_wconf 91' lang='lat' dir='ltr'><strong>clarius</strong></span> <span class='ocrx_word' id='word_1_671' title='bbox 3247 4207 3335 4262; x_wconf 88' lang='lat' dir='ltr'><strong>in-</strong></span> 
     </span>
    </p>
   </div>
   <div class='ocr_carea' id='block_1_90' title="bbox 1769 4295 3376 4373">
    <p class='ocr_par' dir='ltr' id='par_1_90' title="bbox 1769 4295 3376 4373">
     <span class='ocr_line' id='line_1_90' title="bbox 1769 4295 3376 4373; baseline 0.007 -31"><span class='ocrx_word' id='word_1_672' title='bbox 1769 4297 2091 4359; x_wconf 87' lang='lat' dir='ltr'><strong>terpretatus</strong></span> <span class='ocrx_word' id='word_1_673' title='bbox 2141 4302 2261 4357; x_wconf 89' lang='lat' dir='ltr'><strong>est,</strong></span> <span class='ocrx_word' id='word_1_674' title='bbox 2314 4309 2332 4342; x_wconf 85' lang='grc' dir='ltr'><strong>ι</strong></span> <span class='ocrx_word' id='word_1_675' title='bbox 2377 4295 2756 4348; x_wconf 86' lang='lat' dir='ltr'><strong>turbaverunt.</strong></span> <span class='ocrx_word' id='word_1_676' title='bbox 2801 4313 2819 4346; x_wconf 76' lang='grc' dir='ltr'><strong>ι</strong></span> <span class='ocrx_word' id='word_1_677' title='bbox 2875 4299 3047 4352; x_wconf 90' lang='lat' dir='ltr'><strong>Dictio</strong></span> <span class='ocrx_word' id='word_1_678' title='bbox 3100 4307 3282 4353; x_wconf 88' lang='lat' dir='ltr'><strong>autem</strong></span> <span class='ocrx_word' id='word_1_679' title='bbox 3320 4337 3336 4365; x_wconf 90' lang='lat'><strong>,</strong></span> <span class='ocrx_word' id='word_1_680' title='bbox 3374 4371 3376 4373; x_wconf 2' lang='grc' dir='ltr'><strong>ρ</strong></span> 
     </span>
    </p>
   </div>
   <div class='ocr_carea' id='block_1_91' title="bbox 1772 4384 3341 4456">
    <p class='ocr_par' dir='ltr' id='par_1_91' title="bbox 1772 4384 3341 4456">
     <span class='ocr_line' id='line_1_91' title="bbox 1772 4384 3341 4456; baseline 0.008 -22"><span class='ocrx_word' id='word_1_681' title='bbox 1772 4402 1790 4434; x_wconf 85' lang='grc' dir='ltr'><strong>ι</strong></span> <span class='ocrx_word' id='word_1_682' title='bbox 1817 4384 2171 4450; x_wconf 80' lang='lat' dir='ltr'><strong>fremuerunt,</strong></span> <span class='ocrx_word' id='word_1_683' title='bbox 2201 4403 2220 4437; x_wconf 82' lang='grc' dir='ltr'><strong>ι</strong></span> <span class='ocrx_word' id='word_1_684' title='bbox 2260 4387 2592 4440; x_wconf 87' lang='lat' dir='ltr'><strong>inconditum</strong></span> <span class='ocrx_word' id='word_1_685' title='bbox 2624 4399 2977 4456; x_wconf 72' lang='lat' dir='ltr'><strong>repraesentat</strong></span> <span class='ocrx_word' id='word_1_686' title='bbox 3006 4391 3341 4446; x_wconf 88' lang='lat' dir='ltr'><strong>tumultuan-</strong></span> 
     </span>
    </p>
   </div>
   <div class='ocr_carea' id='block_1_92' title="bbox 1769 4477 3336 4549">
    <p class='ocr_par' dir='ltr' id='par_1_92' title="bbox 1769 4477 3336 4549">
     <span class='ocr_line' id='line_1_92' title="bbox 1769 4477 3336 4549; baseline 0.008 -21"><span class='ocrx_word' id='word_1_687' title='bbox 1769 4477 1900 4530; x_wconf 93' lang='lat' dir='ltr'><strong>tium</strong></span> <span class='ocrx_word' id='word_1_688' title='bbox 1936 4477 2218 4545; x_wconf 88' lang='lat' dir='ltr'><strong>strepitum</strong></span> <span class='ocrx_word' id='word_1_689' title='bbox 2241 4519 2254 4544; x_wconf 91' lang='lat'><strong>,</strong></span> <span class='ocrx_word' id='word_1_690' title='bbox 2302 4477 2612 4548; x_wconf 84' lang='lat' dir='ltr'><strong>cujusmodi</strong></span> <span class='ocrx_word' id='word_1_691' title='bbox 2660 4492 2787 4533; x_wconf 92' lang='lat' dir='ltr'><strong>sunt</strong></span> <span class='ocrx_word' id='word_1_692' title='bbox 2818 4482 2852 4536; x_wconf 90' lang='lat' dir='ltr'><strong>ii</strong></span> <span class='ocrx_word' id='word_1_693' title='bbox 2883 4483 2974 4549; x_wconf 91' lang='lat' dir='ltr'><strong>qui</strong></span> <span class='ocrx_word' id='word_1_694' title='bbox 3028 4497 3094 4537; x_wconf 85' lang='lat' dir='ltr'><strong>ex</strong></span> <span class='ocrx_word' id='word_1_695' title='bbox 3125 4484 3336 4540; x_wconf 89' lang='lat' dir='ltr'><strong>insidiis</strong></span> 
     </span>
    </p>
   </div>
   <div class='ocr_carea' id='block_1_93' title="bbox 61 4568 1661 4648">
    <p class='ocr_par' dir='ltr' id='par_1_93' title="bbox 61 4571 1661 4648">
     <span class='ocr_line' id='line_1_93' title="bbox 61 4571 1661 4648; baseline -0.005 -17"><span class='ocrx_word' id='word_1_696' title='bbox 61 4577 446 4648; x_wconf 85' lang='grc' dir='ltr'>σεσοϐημένοι</span> <span class='ocrx_word' id='word_1_697' title='bbox 499 4574 638 4629; x_wconf 84' lang='grc' dir='ltr'>κατὰ</span> <span class='ocrx_word' id='word_1_698' title='bbox 681 4576 804 4637; x_wconf 83' lang='grc' dir='ltr'>τοὺς</span> <span class='ocrx_word' id='word_1_699' title='bbox 863 4575 1084 4646; x_wconf 76' lang='grc' dir='ltr'>καιροὺς</span> <span class='ocrx_word' id='word_1_700' title='bbox 1138 4573 1231 4626; x_wconf 91' lang='grc' dir='ltr'><strong>τοῦ</strong></span> <span class='ocrx_word' id='word_1_701' title='bbox 1296 4571 1661 4625; x_wconf 77' lang='grc' dir='ltr'>ἐπιϐουλεύειν</span> 
     </span>
    </p>
   </div>
   <div class='ocr_carea' id='block_1_94' title="bbox 1769 4568 3342 4648">
    <p class='ocr_par' dir='ltr' id='par_1_94' title="bbox 1769 4568 3342 4642">
     <span class='ocr_line' id='line_1_94' title="bbox 1769 4568 3342 4642; baseline 0.003 -19"><span class='ocrx_word' id='word_1_702' title='bbox 1769 4571 2036 4624; x_wconf 88' lang='lat' dir='ltr'><strong>concitate</strong></span> <span class='ocrx_word' id='word_1_703' title='bbox 2073 4568 2322 4625; x_wconf 81' lang='lat' dir='ltr'><strong>feruntur</strong></span> <span class='ocrx_word' id='word_1_704' title='bbox 2355 4572 2409 4624; x_wconf 90' lang='lat' dir='ltr'><strong>in</strong></span> <span class='ocrx_word' id='word_1_705' title='bbox 2441 4571 2642 4626; x_wconf 83' lang='grc' dir='ltr'>Ιιοειεε.</span> <span class='ocrx_word' id='word_1_706' title='bbox 2677 4571 2830 4638; x_wconf 91' lang='lat' dir='ltr'><strong>Quod</strong></span> <span class='ocrx_word' id='word_1_707' title='bbox 2870 4574 2914 4626; x_wconf 89' lang='lat' dir='ltr'><strong>si</strong></span> <span class='ocrx_word' id='word_1_708' title='bbox 2943 4574 3132 4642; x_wconf 90' lang='lat' dir='ltr'><strong>reliqui</strong></span> <span class='ocrx_word' id='word_1_709' title='bbox 3171 4575 3342 4630; x_wconf 78' lang='lat' dir='ltr'><strong>inter-</strong></span> 
     </span>
    </p>
   </div>
   <div class='ocr_carea' id='block_1_95' title="bbox 61 4663 1661 4741">
    <p class='ocr_par' dir='ltr' id='par_1_95' title="bbox 61 4663 1661 4741">
     <span class='ocr_line' id='line_1_95' title="bbox 61 4663 1661 4741; baseline -0.005 -17"><span class='ocrx_word' id='word_1_710' title='bbox 61 4669 424 4741; x_wconf 79' lang='grc' dir='ltr'>ὑπάρχουσιν</span> <span class='ocrx_word' id='word_1_711' title='bbox 458 4667 596 4720; x_wconf 76' lang='grc' dir='ltr'>κατὰ</span> <span class='ocrx_word' id='word_1_712' title='bbox 633 4666 739 4721; x_wconf 82' lang='grc' dir='ltr'><strong>τῶν</strong></span> <span class='ocrx_word' id='word_1_713' title='bbox 776 4666 867 4719; x_wconf 85' lang='grc' dir='ltr'><strong>ὑπ’</strong></span> <span class='ocrx_word' id='word_1_714' title='bbox 896 4665 1071 4720; x_wconf 75' lang='grc' dir='ltr'>αὐτῶν</span> <span class='ocrx_word' id='word_1_715' title='bbox 1101 4663 1533 4734; x_wconf 85' lang='grc' dir='ltr'>πολεμουμένων.</span> <span class='ocrx_word' id='word_1_716' title='bbox 1553 4665 1661 4717; x_wconf 75' lang='grc' dir='ltr'><strong>Καὶ</strong></span> 
     </span>
    </p>
   </div>
   <div class='ocr_carea' id='block_1_96' title="bbox 55 4753 1665 4833">
    <p class='ocr_par' dir='ltr' id='par_1_96' title="bbox 55 4753 1665 4833">
     <span class='ocr_line' id='line_1_96' title="bbox 55 4753 1665 4833; baseline -0.007 -16"><span class='ocrx_word' id='word_1_717' title='bbox 55 4766 123 4817; x_wconf 81' lang='grc' dir='ltr'><strong>εἰ</strong></span> <span class='ocrx_word' id='word_1_718' title='bbox 158 4763 240 4833; x_wconf 82' lang='grc' dir='ltr'>μὴ</span> <span class='ocrx_word' id='word_1_719' title='bbox 273 4763 321 4814; x_wconf 87' lang='grc' dir='ltr'>οἱ</span> <span class='ocrx_word' id='word_1_720' title='bbox 347 4760 522 4812; x_wconf 73' lang='grc' dir='ltr'>λοιποὶ</span> <span class='ocrx_word' id='word_1_721' title='bbox 549 4757 878 4829; x_wconf 70' lang='grc' dir='ltr'>ὲρμηνευταὶ</span> <span class='ocrx_word' id='word_1_722' title='bbox 905 4757 1151 4827; x_wconf 81' lang='grc' dir='ltr'>εἰρήκασι</span> <span class='ocrx_word' id='word_1_723' title='bbox 1181 4755 1261 4818; x_wconf 84' lang='grc' dir='ltr'><strong>τὸ,</strong></span> <span class='ocrx_word' id='word_1_724' title='bbox 1293 4775 1309 4804; x_wconf 80' lang='grc' dir='ltr'><strong>ι</strong></span> <span class='ocrx_word' id='word_1_725' title='bbox 1335 4753 1665 4826; x_wconf 77' lang='grc' dir='ltr'>ἐθορυϐήθη-</span> 
     </span>
    </p>
   </div>
   <div class='ocr_carea' id='block_1_97' title="bbox 58 4844 1662 4922">
    <p class='ocr_par' dir='ltr' id='par_1_97' title="bbox 58 4844 1662 4922">
     <span class='ocr_line' id='line_1_97' title="bbox 58 4844 1662 4922; baseline -0.007 -13"><span class='ocrx_word' id='word_1_726' title='bbox 58 4872 207 4917; x_wconf 85' lang='grc' dir='ltr'>σαν,</span> <span class='ocrx_word' id='word_1_727' title='bbox 231 4874 251 4903; x_wconf 74' lang='grc' dir='ltr'><strong>ι</strong></span> <span class='ocrx_word' id='word_1_728' title='bbox 272 4853 386 4916; x_wconf 73' lang='grc' dir='ltr'>καὶ,</span> <span class='ocrx_word' id='word_1_729' title='bbox 407 4871 424 4902; x_wconf 82' lang='grc' dir='ltr'><strong>ι</strong></span> <span class='ocrx_word' id='word_1_730' title='bbox 445 4853 608 4922; x_wconf 76' lang='grc' dir='ltr'>κυκᾷ,</span> <span class='ocrx_word' id='word_1_731' title='bbox 634 4870 651 4901; x_wconf 79' lang='grc' dir='ltr'><strong>ι</strong></span> <span class='ocrx_word' id='word_1_732' title='bbox 672 4849 746 4913; x_wconf 79' lang='grc' dir='ltr'>ὡς</span> <span class='ocrx_word' id='word_1_733' title='bbox 763 4850 1076 4920; x_wconf 87' lang='grc' dir='ltr'>Σύμμαχος,</span> <span class='ocrx_word' id='word_1_734' title='bbox 1093 4844 1159 4918; x_wconf 79' lang='grc' dir='ltr'>ἦν</span> <span class='ocrx_word' id='word_1_735' title='bbox 1182 4846 1427 4900; x_wconf 80' lang='grc' dir='ltr'>ἐκλαϐεῖν</span> <span class='ocrx_word' id='word_1_736' title='bbox 1449 4846 1552 4898; x_wconf 84' lang='grc' dir='ltr'><strong>ἀπὸ</strong></span> <span class='ocrx_word' id='word_1_737' title='bbox 1569 4845 1662 4899; x_wconf 92' lang='grc' dir='ltr'><strong>τοῦ</strong></span> 
     </span>
    </p>
   </div>
   <div class='ocr_carea' id='block_1_98' title="bbox 64 4939 1662 5022">
    <p class='ocr_par' dir='ltr' id='par_1_98' title="bbox 64 4939 1662 5022">
     <span class='ocr_line' id='line_1_98' title="bbox 64 4939 1662 5022; baseline -0.006 -21"><span class='ocrx_word' id='word_1_738' title='bbox 64 4971 93 5001; x_wconf 73' lang='grc' dir='ltr'>ει</span> <span class='ocrx_word' id='word_1_739' title='bbox 128 4947 448 5022; x_wconf 77' lang='grc' dir='ltr'>ἐφρύαξαν,</span> <span class='ocrx_word' id='word_1_740' title='bbox 483 4966 500 4997; x_wconf 75' lang='grc' dir='ltr'><strong>ι</strong></span> <span class='ocrx_word' id='word_1_741' title='bbox 528 4946 611 5008; x_wconf 86' lang='grc' dir='ltr'><strong>τὺ,</strong></span> <span class='ocrx_word' id='word_1_742' title='bbox 648 4964 666 4996; x_wconf 78' lang='grc' dir='ltr'><strong>ι</strong></span> <span class='ocrx_word' id='word_1_743' title='bbox 692 4942 1164 5015; x_wconf 83' lang='grc' dir='ltr'>ὲμεγαλαύχησαν·</span> <span class='ocrx_word' id='word_1_744' title='bbox 1192 4960 1209 4992; x_wconf 81' lang='grc' dir='ltr'><strong>ι</strong></span> <span class='ocrx_word' id='word_1_745' title='bbox 1248 4940 1322 5003; x_wconf 83' lang='grc' dir='ltr'>ὡς</span> <span class='ocrx_word' id='word_1_746' title='bbox 1355 4941 1410 4991; x_wconf 79' lang='grc' dir='ltr'><strong>ἐν</strong></span> <span class='ocrx_word' id='word_1_747' title='bbox 1441 4941 1518 4992; x_wconf 77' lang='grc' dir='ltr'>ἐνὶ</span> <span class='ocrx_word' id='word_1_748' title='bbox 1555 4939 1662 4993; x_wconf 82' lang='grc' dir='ltr'><strong>τῶν</strong></span> 
     </span>
    </p>
   </div>
   <div class='ocr_carea' id='block_1_99' title="bbox 52 5031 1665 5114">
    <p class='ocr_par' dir='ltr' id='par_1_99' title="bbox 52 5031 1665 5114">
     <span class='ocr_line' id='line_1_99' title="bbox 52 5031 1665 5114; baseline -0.007 -18"><span class='ocrx_word' id='word_1_749' title='bbox 52 5037 388 5114; x_wconf 80' lang='grc' dir='ltr'>προφητῶν</span> <span class='ocrx_word' id='word_1_750' title='bbox 427 5037 650 5108; x_wconf 85' lang='grc' dir='ltr'>οἰόμεθα</span> <span class='ocrx_word' id='word_1_751' title='bbox 687 5035 843 5089; x_wconf 86' lang='grc' dir='ltr'>τοῦτο</span> <span class='ocrx_word' id='word_1_752' title='bbox 875 5033 1063 5104; x_wconf 78' lang='grc' dir='ltr'>δηλοῦν</span> <span class='ocrx_word' id='word_1_753' title='bbox 1110 5033 1208 5103; x_wconf 83' lang='grc' dir='ltr'><strong>τὴν</strong></span> <span class='ocrx_word' id='word_1_754' title='bbox 1242 5032 1414 5098; x_wconf 81' lang='grc' dir='ltr'>λέξιν·</span> <span class='ocrx_word' id='word_1_755' title='bbox 1456 5050 1474 5081; x_wconf 80' lang='grc' dir='ltr'><strong>ι</strong></span> <span class='ocrx_word' id='word_1_756' title='bbox 1507 5031 1665 5086; x_wconf 83' lang='grc' dir='ltr'>Κατά</span> 
     </span>
    </p>
   </div>
   <div class='ocr_carea' id='block_1_100' title="bbox 47 5123 1665 5204">
    <p class='ocr_par' dir='ltr' id='par_1_100' title="bbox 47 5123 1665 5204">
     <span class='ocr_line' id='line_1_100' title="bbox 47 5123 1665 5204; baseline -0.005 -20"><span class='ocrx_word' id='word_1_757' title='bbox 47 5136 148 5190; x_wconf 75' lang='grc' dir='ltr'><strong>τὰ</strong></span> <span class='ocrx_word' id='word_1_758' title='bbox 181 5130 523 5204; x_wconf 87' lang='grc' dir='ltr'>φρυάγματα</span> <span class='ocrx_word' id='word_1_759' title='bbox 537 5129 630 5182; x_wconf 91' lang='grc' dir='ltr'><strong>τοῦ</strong></span> <span class='ocrx_word' id='word_1_760' title='bbox 647 5128 930 5199; x_wconf 78' lang='grc' dir='ltr'>Ἰορδάνου.</span> <span class='ocrx_word' id='word_1_761' title='bbox 946 5125 1080 5179; x_wconf 73' lang='grc' dir='ltr'>»Καὶ</span> <span class='ocrx_word' id='word_1_762' title='bbox 1102 5125 1220 5178; x_wconf 73' lang='grc' dir='ltr'>ἐπεὶ</span> <span class='ocrx_word' id='word_1_763' title='bbox 1242 5142 1259 5174; x_wconf 83' lang='lat' dir='ltr'><strong>t</strong></span> <span class='ocrx_word' id='word_1_764' title='bbox 1281 5127 1310 5177; x_wconf 92' lang='lat'><strong>6</strong></span> <span class='ocrx_word' id='word_1_765' title='bbox 1337 5123 1665 5195; x_wconf 85' lang='grc' dir='ltr'>ἀρνούμενος</span> 
     </span>
    </p>
   </div>
   <div class='ocr_carea' id='block_1_101' title="bbox 45 5213 1665 5289">
    <p class='ocr_par' dir='ltr' id='par_1_101' title="bbox 45 5213 1665 5289">
     <span class='ocr_line' id='line_1_101' title="bbox 45 5213 1665 5289; baseline -0.01 -6"><span class='ocrx_word' id='word_1_766' title='bbox 45 5229 172 5283; x_wconf 72' lang='grc' dir='ltr'>τὸν</span> <span class='ocrx_word' id='word_1_767' title='bbox 205 5225 359 5288; x_wconf 80' lang='grc' dir='ltr'>Υίὸν,</span> <span class='ocrx_word' id='word_1_768' title='bbox 392 5223 510 5277; x_wconf 76' lang='grc' dir='ltr'>οὐδὲ</span> <span class='ocrx_word' id='word_1_769' title='bbox 533 5221 623 5275; x_wconf 77' lang='grc' dir='ltr'>τὸν</span> <span class='ocrx_word' id='word_1_770' title='bbox 646 5219 862 5289; x_wconf 87' lang='grc' dir='ltr'>Πατέρα</span> <span class='ocrx_word' id='word_1_771' title='bbox 893 5219 1027 5288; x_wconf 80' lang='grc' dir='ltr'>ἔχει,</span> <span class='ocrx_word' id='word_1_772' title='bbox 1051 5215 1146 5270; x_wconf 72' lang='grc' dir='ltr'>καὶ</span> <span class='ocrx_word' id='word_1_773' title='bbox 1170 5218 1198 5268; x_wconf 90' lang='lat'><strong>6</strong></span> <span class='ocrx_word' id='word_1_774' title='bbox 1221 5215 1505 5286; x_wconf 85' lang='grc' dir='ltr'>δεχόμενος</span> <span class='ocrx_word' id='word_1_775' title='bbox 1532 5233 1550 5265; x_wconf 74' lang='grc' dir='ltr'><strong>ι</strong></span> <span class='ocrx_word' id='word_1_776' title='bbox 1577 5213 1665 5266; x_wconf 74' lang='grc' dir='ltr'><strong>τὸν</strong></span> 
     </span>
    </p>
   </div>
   <div class='ocr_carea' id='block_1_102' title="bbox 45 5306 1666 5392">
    <p class='ocr_par' dir='ltr' id='par_1_102' title="bbox 45 5306 1666 5392">
     <span class='ocr_line' id='line_1_102' title="bbox 45 5306 1666 5392; baseline -0.011 -16"><span class='ocrx_word' id='word_1_777' title='bbox 45 5323 115 5376; x_wconf 75' lang='grc' dir='ltr'>Χ</span> <span class='ocrx_word' id='word_1_778' title='bbox 131 5317 348 5392; x_wconf 78' lang='grc' dir='ltr'>ριστὸν,</span> <span class='ocrx_word' id='word_1_779' title='bbox 369 5335 385 5367; x_wconf 85' lang='grc' dir='ltr'><strong>ι</strong></span> <span class='ocrx_word' id='word_1_780' title='bbox 407 5315 620 5385; x_wconf 88' lang='grc' dir='ltr'>δέχεται</span> <span class='ocrx_word' id='word_1_781' title='bbox 641 5312 730 5365; x_wconf 76' lang='grc' dir='ltr'>τὸν</span> <span class='ocrx_word' id='word_1_782' title='bbox 754 5309 1145 5364; x_wconf 85' lang='grc' dir='ltr'>ἀποστείλαντα</span> <span class='ocrx_word' id='word_1_783' title='bbox 1163 5308 1344 5372; x_wconf 76' lang='grc' dir='ltr'>αὑτὸν,</span> <span class='ocrx_word' id='word_1_784' title='bbox 1371 5327 1387 5356; x_wconf 73' lang='grc' dir='ltr'><strong>ι</strong></span> <span class='ocrx_word' id='word_1_785' title='bbox 1409 5306 1496 5360; x_wconf 85' lang='grc' dir='ltr'>διὰ</span> <span class='ocrx_word' id='word_1_786' title='bbox 1511 5307 1666 5360; x_wconf 80' lang='grc' dir='ltr'>τοῦτο</span> 
     </span>
    </p>
   </div>
   <div class='ocr_carea' id='block_1_103' title="bbox 37 5401 1666 5480">
    <p class='ocr_par' dir='ltr' id='par_1_103' title="bbox 37 5401 1666 5480">
     <span class='ocr_line' id='line_1_103' title="bbox 37 5401 1666 5480; baseline -0.009 -12"><span class='ocrx_word' id='word_1_787' title='bbox 37 5419 92 5470; x_wconf 83' lang='grc' dir='ltr'><strong>ὁ</strong></span> <span class='ocrx_word' id='word_1_788' title='bbox 129 5409 289 5466; x_wconf 87' lang='grc' dir='ltr'><strong>κατά</strong></span> <span class='ocrx_word' id='word_1_789' title='bbox 315 5407 553 5480; x_wconf 86' lang='grc' dir='ltr'>Χριστοῦ</span> <span class='ocrx_word' id='word_1_790' title='bbox 593 5403 1015 5478; x_wconf 82' lang='grc' dir='ltr'>στρατευόμενος</span> <span class='ocrx_word' id='word_1_791' title='bbox 1047 5403 1126 5464; x_wconf 77' lang='grc' dir='ltr'>εἰς</span> <span class='ocrx_word' id='word_1_792' title='bbox 1158 5401 1247 5454; x_wconf 80' lang='grc' dir='ltr'>τὸν</span> <span class='ocrx_word' id='word_1_793' title='bbox 1291 5401 1505 5472; x_wconf 88' lang='grc' dir='ltr'>Πατέρα</span> <span class='ocrx_word' id='word_1_794' title='bbox 1537 5401 1666 5454; x_wconf 86' lang='grc' dir='ltr'>ἀσε-</span> 
     </span>
    </p>
   </div>
   <div class='ocr_carea' id='block_1_104' title="bbox 148 5532 466 5586">
    <p class='ocr_par' dir='ltr' id='par_1_104' title="bbox 148 5532 466 5586">
     <span class='ocr_line' id='line_1_104' title="bbox 148 5532 466 5586; baseline -0.006 0"><span class='ocrx_word' id='word_1_795' title='bbox 148 5533 203 5566; x_wconf 80' lang='grc'><strong>⁸⁰</strong></span> <span class='ocrx_word' id='word_1_796' title='bbox 235 5532 362 5586; x_wconf 83' lang='lat' dir='ltr'><strong>Act.</strong></span> <span class='ocrx_word' id='word_1_797' title='bbox 392 5547 466 5586; x_wconf 90' lang='lat' dir='ltr'><strong>tv.</strong></span> 
     </span>
    </p>
   </div>
   <div class='ocr_carea' id='block_1_105' title="bbox 149 5646 1656 5728">
    <p class='ocr_par' dir='ltr' id='par_1_105' title="bbox 149 5646 1656 5728">
     <span class='ocr_line' id='line_1_105' title="bbox 149 5646 1656 5728; baseline -0.005 -22"><span class='ocrx_word' id='word_1_798' title='bbox 149 5652 276 5726; x_wconf 82' lang='lat'><strong>(7|)</strong></span> <span class='ocrx_word' id='word_1_799' title='bbox 309 5651 584 5728; x_wconf 62' lang='grc' dir='ltr'>Τέσσαρα</span> <span class='ocrx_word' id='word_1_800' title='bbox 623 5650 767 5728; x_wconf 65' lang='grc' dir='ltr'>τέγη</span> <span class='ocrx_word' id='word_1_801' title='bbox 805 5647 940 5728; x_wconf 58' lang='grc' dir='ltr'>τῶις,</span> <span class='ocrx_word' id='word_1_802' title='bbox 967 5657 1067 5728; x_wconf 78' lang='lat' dir='ltr'><strong>etc.</strong></span> <span class='ocrx_word' id='word_1_803' title='bbox 1099 5647 1139 5700; x_wconf 80' lang='grc' dir='ltr'>Ε</span> <span class='ocrx_word' id='word_1_804' title='bbox 1163 5646 1349 5728; x_wconf 69' lang='lat' dir='ltr'><strong>codice</strong></span> <span class='ocrx_word' id='word_1_805' title='bbox 1375 5647 1656 5728; x_wconf 55' lang='lat' dir='ltr'><strong>paroreia-</strong></span> 
     </span>
    </p>
   </div>
   <div class='ocr_carea' id='block_1_106' title="bbox 33 5717 1655 5787">
    <p class='ocr_par' dir='ltr' id='par_1_106' title="bbox 33 5717 1655 5787">
     <span class='ocr_line' id='line_1_106' title="bbox 33 5717 1655 5787; baseline -0.004 -8"><span class='ocrx_word' id='word_1_806' title='bbox 33 5717 175 5787; x_wconf 70' lang='grc' dir='ltr'>ηοξ</span> <span class='ocrx_word' id='word_1_807' title='bbox 204 5734 265 5779; x_wconf 84' lang='lat' dir='ltr'><strong>et</strong></span> <span class='ocrx_word' id='word_1_808' title='bbox 292 5717 864 5777; x_wconf 79' lang='lat' dir='ltr'><strong>schedisCombeﬁsii.</strong></span> <span class='ocrx_word' id='word_1_809' title='bbox 901 5719 1085 5772; x_wconf 69' lang='lat' dir='ltr'><strong>Latine</strong></span> <span class='ocrx_word' id='word_1_810' title='bbox 1123 5719 1340 5787; x_wconf 77' lang='lat' dir='ltr'><strong>exhibet</strong></span> <span class='ocrx_word' id='word_1_811' title='bbox 1382 5717 1655 5772; x_wconf 81' lang='lat' dir='ltr'><strong>Barbarus</strong></span> 
     </span>
    </p>
   </div>
   <div class='ocr_carea' id='block_1_107' title="bbox 33 5786 1655 5864">
    <p class='ocr_par' dir='ltr' id='par_1_107' title="bbox 33 5786 1655 5864">
     <span class='ocr_line' id='line_1_107' title="bbox 33 5786 1655 5864; baseline -0.009 -9"><span class='ocrx_word' id='word_1_812' title='bbox 33 5804 127 5855; x_wconf 79' lang='lat' dir='ltr'><strong>in</strong></span> <span class='ocrx_word' id='word_1_813' title='bbox 161 5786 400 5860; x_wconf 85' lang='lat' dir='ltr'><strong>Catena,</strong></span> <span class='ocrx_word' id='word_1_814' title='bbox 429 5801 756 5864; x_wconf 85' lang='lat' dir='ltr'><strong>postremam</strong></span> <span class='ocrx_word' id='word_1_815' title='bbox 784 5798 962 5846; x_wconf 88' lang='lat' dir='ltr'><strong>autem</strong></span> <span class='ocrx_word' id='word_1_816' title='bbox 1000 5789 1160 5855; x_wconf 86' lang='lat' dir='ltr'><strong>hujus</strong></span> <span class='ocrx_word' id='word_1_817' title='bbox 1207 5786 1494 5857; x_wconf 77' lang='lat' dir='ltr'><strong>fragmenti</strong></span> <span class='ocrx_word' id='word_1_818' title='bbox 1522 5802 1655 5856; x_wconf 86' lang='lat' dir='ltr'><strong>par-</strong></span> 
     </span>
    </p>
   </div>
   <div class='ocr_carea' id='block_1_108' title="bbox 551 5527 1216 5596">
    <p class='ocr_par' dir='ltr' id='par_1_108' title="bbox 551 5527 1216 5596">
     <span class='ocr_line' id='line_1_108' title="bbox 551 5527 1216 5596; baseline -0.003 -14"><span class='ocrx_word' id='word_1_819' title='bbox 551 5529 593 5561; x_wconf 84' lang='grc'><strong>³¹</strong></span> <span class='ocrx_word' id='word_1_820' title='bbox 621 5527 788 5584; x_wconf 89' lang='lat' dir='ltr'><strong>lCor.</strong></span> <span class='ocrx_word' id='word_1_821' title='bbox 823 5543 882 5592; x_wconf 92' lang='grc' dir='ltr'><strong>ιι,</strong></span> <span class='ocrx_word' id='word_1_822' title='bbox 913 5527 946 5581; x_wconf 88' lang='grc'>6</span> <span class='ocrx_word' id='word_1_823' title='bbox 981 5535 1033 5581; x_wconf 89' lang='grc' dir='ltr'><strong>ει</strong></span> <span class='ocrx_word' id='word_1_824' title='bbox 1061 5540 1216 5596; x_wconf 89' lang='lat' dir='ltr'><strong>seqq.</strong></span> 
     </span>
    </p>
   </div>
   <div class='ocr_carea' id='block_1_109' title="bbox 1305 5525 2190 5590">
    <p class='ocr_par' dir='ltr' id='par_1_109' title="bbox 1305 5525 2190 5590">
     <span class='ocr_line' id='line_1_109' title="bbox 1305 5525 2190 5590; baseline -0.002 -10"><span class='ocrx_word' id='word_1_825' title='bbox 1305 5526 1349 5556; x_wconf 83' lang='lat'><strong>&quot;</strong></span> <span class='ocrx_word' id='word_1_826' title='bbox 1381 5525 1584 5584; x_wconf 83' lang='lat' dir='ltr'><strong>Jerem.</strong></span> <span class='ocrx_word' id='word_1_827' title='bbox 1622 5541 1717 5590; x_wconf 83' lang='lat' dir='ltr'><strong>xu,</strong></span> <span class='ocrx_word' id='word_1_828' title='bbox 1755 5525 1808 5579; x_wconf 87' lang='lat'><strong>5.</strong></span> <span class='ocrx_word' id='word_1_829' title='bbox 1846 5525 2011 5580; x_wconf 89' lang='lat' dir='ltr'><strong>Zach.</strong></span> <span class='ocrx_word' id='word_1_830' title='bbox 2037 5541 2114 5589; x_wconf 68' lang='grc' dir='ltr'>χι,</span> <span class='ocrx_word' id='word_1_831' title='bbox 2138 5525 2190 5580; x_wconf 78' lang='grc'>5.</span> 
     </span>
    </p>
   </div>
   <div class='ocr_carea' id='block_1_110' title="bbox 1770 4664 3342 4730">
    <p class='ocr_par' dir='ltr' id='par_1_110' title="bbox 1770 4664 3342 4730">
     <span class='ocr_line' id='line_1_110' title="bbox 1770 4664 3342 4730; baseline 0.006 -18"><span class='ocrx_word' id='word_1_832' title='bbox 1770 4669 1953 4729; x_wconf 90' lang='lat' dir='ltr'><strong>pretes</strong></span> <span class='ocrx_word' id='word_1_833' title='bbox 1982 4675 2089 4715; x_wconf 92' lang='lat' dir='ltr'><strong>non</strong></span> <span class='ocrx_word' id='word_1_834' title='bbox 2119 4664 2435 4727; x_wconf 83' lang='lat' dir='ltr'><strong>vertissent,</strong></span> <span class='ocrx_word' id='word_1_835' title='bbox 2473 4681 2492 4714; x_wconf 73' lang='grc' dir='ltr'><strong>ι</strong></span> <span class='ocrx_word' id='word_1_836' title='bbox 2529 4665 2905 4728; x_wconf 84' lang='lat' dir='ltr'><strong>turbaverunt,</strong></span> <span class='ocrx_word' id='word_1_837' title='bbox 2931 4683 2950 4716; x_wconf 77' lang='grc' dir='ltr'><strong>ι</strong></span> <span class='ocrx_word' id='word_1_838' title='bbox 2983 4674 3057 4730; x_wconf 87' lang='grc' dir='ltr'><strong>ει,</strong></span> <span class='ocrx_word' id='word_1_839' title='bbox 3097 4685 3115 4718; x_wconf 86' lang='grc' dir='ltr'><strong>ι</strong></span> <span class='ocrx_word' id='word_1_840' title='bbox 3143 4668 3342 4721; x_wconf 86' lang='lat' dir='ltr'><strong>tumul-</strong></span> 
     </span>
    </p>
   </div>
   <div class='ocr_carea' id='block_1_111' title="bbox 1771 4752 3334 4824">
    <p class='ocr_par' dir='ltr' id='par_1_111' title="bbox 1771 4752 3334 4824">
     <span class='ocr_line' id='line_1_111' title="bbox 1771 4752 3334 4824; baseline 0.003 -19"><span class='ocrx_word' id='word_1_841' title='bbox 1771 4761 2012 4814; x_wconf 89' lang='lat' dir='ltr'><strong>tuantur,</strong></span> <span class='ocrx_word' id='word_1_842' title='bbox 2042 4771 2062 4805; x_wconf 75' lang='grc' dir='ltr'><strong>ι</strong></span> <span class='ocrx_word' id='word_1_843' title='bbox 2099 4763 2156 4807; x_wconf 88' lang='grc' dir='ltr'><strong>ιιι</strong></span> <span class='ocrx_word' id='word_1_844' title='bbox 2185 4752 2562 4824; x_wconf 87' lang='lat' dir='ltr'><strong>Symmachus,</strong></span> <span class='ocrx_word' id='word_1_845' title='bbox 2605 4771 2633 4808; x_wconf 92' lang='lat' dir='ltr'><strong>a</strong></span> <span class='ocrx_word' id='word_1_846' title='bbox 2664 4755 2850 4820; x_wconf 91' lang='lat' dir='ltr'><strong>verbo,</strong></span> <span class='ocrx_word' id='word_1_847' title='bbox 2889 4774 2908 4806; x_wconf 83' lang='grc' dir='ltr'><strong>ι</strong></span> <span class='ocrx_word' id='word_1_848' title='bbox 2931 4755 3288 4823; x_wconf 81' lang='lat' dir='ltr'><strong>fremuerunt,</strong></span> <span class='ocrx_word' id='word_1_849' title='bbox 3314 4778 3334 4810; x_wconf 78' lang='grc' dir='ltr'><strong>ι</strong></span> 
     </span>
    </p>
   </div>
   <div class='ocr_carea' id='block_1_112' title="bbox 1771 4844 3340 4917">
    <p class='ocr_par' dir='ltr' id='par_1_112' title="bbox 1771 4844 3340 4917">
     <span class='ocr_line' id='line_1_112' title="bbox 1771 4844 3340 4917; baseline 0.003 -21"><span class='ocrx_word' id='word_1_850' title='bbox 1771 4844 1951 4900; x_wconf 91' lang='lat' dir='ltr'><strong>dicere</strong></span> <span class='ocrx_word' id='word_1_851' title='bbox 1996 4845 2222 4911; x_wconf 90' lang='lat' dir='ltr'><strong>liceret,</strong></span> <span class='ocrx_word' id='word_1_852' title='bbox 2277 4865 2295 4898; x_wconf 85' lang='grc' dir='ltr'><strong>ι</strong></span> <span class='ocrx_word' id='word_1_853' title='bbox 2325 4861 2448 4902; x_wconf 85' lang='grc' dir='ltr'>εεεε</span> <span class='ocrx_word' id='word_1_854' title='bbox 2480 4847 2848 4916; x_wconf 72' lang='lat' dir='ltr'><strong>iactaverunt,</strong></span> <span class='ocrx_word' id='word_1_855' title='bbox 2881 4866 2900 4898; x_wconf 75' lang='grc' dir='ltr'><strong>ι</strong></span> <span class='ocrx_word' id='word_1_856' title='bbox 2952 4851 3094 4917; x_wconf 79' lang='lat' dir='ltr'><strong>quod</strong></span> <span class='ocrx_word' id='word_1_857' title='bbox 3130 4849 3182 4902; x_wconf 93' lang='lat' dir='ltr'><strong>in</strong></span> <span class='ocrx_word' id='word_1_858' title='bbox 3233 4865 3340 4903; x_wconf 87' lang='lat' dir='ltr'><strong>uno</strong></span> 
     </span>
    </p>
   </div>
   <div class='ocr_carea' id='block_1_113' title="bbox 1771 4939 3342 5009">
    <p class='ocr_par' dir='ltr' id='par_1_113' title="bbox 1771 4939 3342 5009">
     <span class='ocr_line' id='line_1_113' title="bbox 1771 4939 3342 5009; baseline 0.004 -17"><span class='ocrx_word' id='word_1_859' title='bbox 1771 4939 2156 5008; x_wconf 88' lang='lat' dir='ltr'><strong>prophetarum</strong></span> <span class='ocrx_word' id='word_1_860' title='bbox 2202 4949 2453 5009; x_wconf 86' lang='lat' dir='ltr'><strong>putamus</strong></span> <span class='ocrx_word' id='word_1_861' title='bbox 2490 4942 2573 4995; x_wconf 89' lang='lat' dir='ltr'><strong>his</strong></span> <span class='ocrx_word' id='word_1_862' title='bbox 2604 4941 2829 4996; x_wconf 92' lang='lat' dir='ltr'><strong>indicari</strong></span> <span class='ocrx_word' id='word_1_863' title='bbox 2866 4942 3048 4997; x_wconf 89' lang='lat' dir='ltr'><strong>verbis</strong></span> <span class='ocrx_word' id='word_1_864' title='bbox 3074 4943 3154 4997; x_wconf 81' lang='lat' dir='ltr'><strong>“z</strong></span> <span class='ocrx_word' id='word_1_865' title='bbox 3192 4960 3212 4994; x_wconf 83' lang='grc' dir='ltr'><strong>ι</strong></span> <span class='ocrx_word' id='word_1_866' title='bbox 3242 4944 3342 4999; x_wconf 79' lang='lat' dir='ltr'><strong>Se-</strong></span> 
     </span>
    </p>
   </div>
   <div class='ocr_carea' id='block_1_114' title="bbox 1772 5032 3340 5105">
    <p class='ocr_par' dir='ltr' id='par_1_114' title="bbox 1772 5032 3340 5105">
     <span class='ocr_line' id='line_1_114' title="bbox 1772 5032 3340 5105; baseline 0.003 -21"><span class='ocrx_word' id='word_1_867' title='bbox 1772 5032 2003 5086; x_wconf 83' lang='lat' dir='ltr'><strong>cundum</strong></span> <span class='ocrx_word' id='word_1_868' title='bbox 2058 5032 2367 5102; x_wconf 81' lang='lat' dir='ltr'><strong>superbiam</strong></span> <span class='ocrx_word' id='word_1_869' title='bbox 2415 5032 2688 5088; x_wconf 67' lang='lat' dir='ltr'><strong>Iordanis.</strong></span> <span class='ocrx_word' id='word_1_870' title='bbox 2723 5052 2741 5084; x_wconf 79' lang='grc' dir='ltr'><strong>ι</strong></span> <span class='ocrx_word' id='word_1_871' title='bbox 2782 5034 2847 5088; x_wconf 80' lang='lat' dir='ltr'><strong>Et</strong></span> <span class='ocrx_word' id='word_1_872' title='bbox 2892 5035 3148 5104; x_wconf 81' lang='lat' dir='ltr'><strong>quoniam</strong></span> <span class='ocrx_word' id='word_1_873' title='bbox 3201 5037 3340 5105; x_wconf 74' lang='lat' dir='ltr'><strong>«qui</strong></span> 
     </span>
    </p>
   </div>
   <div class='ocr_carea' id='block_1_115' title="bbox 1773 5123 3335 5197">
    <p class='ocr_par' dir='ltr' id='par_1_115' title="bbox 1773 5123 3335 5197">
     <span class='ocr_line' id='line_1_115' title="bbox 1773 5123 3335 5197; baseline 0.001 -19"><span class='ocrx_word' id='word_1_874' title='bbox 1773 5135 1930 5194; x_wconf 79' lang='lat' dir='ltr'><strong>negat</strong></span> <span class='ocrx_word' id='word_1_875' title='bbox 1965 5123 2162 5179; x_wconf 85' lang='lat' dir='ltr'><strong>Filium</strong></span> <span class='ocrx_word' id='word_1_876' title='bbox 2195 5164 2212 5192; x_wconf 91' lang='lat'><strong>,</strong></span> <span class='ocrx_word' id='word_1_877' title='bbox 2262 5140 2365 5180; x_wconf 90' lang='lat' dir='ltr'><strong>nec</strong></span> <span class='ocrx_word' id='word_1_878' title='bbox 2408 5125 2623 5181; x_wconf 87' lang='lat' dir='ltr'><strong>Patrem</strong></span> <span class='ocrx_word' id='word_1_879' title='bbox 2677 5127 2839 5183; x_wconf 88' lang='lat' dir='ltr'><strong>habet</strong></span> <span class='ocrx_word' id='word_1_880' title='bbox 2884 5127 2949 5192; x_wconf 81' lang='grc'>³³,</span> <span class='ocrx_word' id='word_1_881' title='bbox 2987 5146 3005 5178; x_wconf 75' lang='grc' dir='ltr'><strong>ι</strong></span> <span class='ocrx_word' id='word_1_882' title='bbox 3051 5140 3104 5182; x_wconf 85' lang='grc' dir='ltr'><strong>ει</strong></span> <span class='ocrx_word' id='word_1_883' title='bbox 3148 5128 3282 5197; x_wconf 75' lang='grc' dir='ltr'>«ιιιιί</span> <span class='ocrx_word' id='word_1_884' title='bbox 3316 5145 3335 5178; x_wconf 77' lang='grc' dir='ltr'><strong>ι</strong></span> 
     </span>
    </p>
   </div>
   <div class='ocr_carea' id='block_1_116' title="bbox 1773 5215 3338 5287">
    <p class='ocr_par' dir='ltr' id='par_1_116' title="bbox 1773 5215 3338 5287">
     <span class='ocr_line' id='line_1_116' title="bbox 1773 5215 3338 5287; baseline 0 -17"><span class='ocrx_word' id='word_1_885' title='bbox 1773 5215 2048 5270; x_wconf 85' lang='lat' dir='ltr'><strong>Christum</strong></span> <span class='ocrx_word' id='word_1_886' title='bbox 2079 5233 2098 5267; x_wconf 81' lang='grc' dir='ltr'><strong>ι</strong></span> <span class='ocrx_word' id='word_1_887' title='bbox 2127 5216 2340 5285; x_wconf 92' lang='lat' dir='ltr'><strong>recipit,</strong></span> <span class='ocrx_word' id='word_1_888' title='bbox 2368 5217 2564 5286; x_wconf 89' lang='lat' dir='ltr'><strong>recipit</strong></span> <span class='ocrx_word' id='word_1_889' title='bbox 2595 5216 2742 5271; x_wconf 91' lang='lat' dir='ltr'><strong>illum</strong></span> <span class='ocrx_word' id='word_1_890' title='bbox 2787 5218 2877 5287; x_wconf 88' lang='lat' dir='ltr'><strong>qui</strong></span> <span class='ocrx_word' id='word_1_891' title='bbox 2906 5219 3050 5272; x_wconf 87' lang='lat' dir='ltr'><strong>misit</strong></span> <span class='ocrx_word' id='word_1_892' title='bbox 3070 5237 3088 5269; x_wconf 77' lang='grc' dir='ltr'><strong>ι</strong></span> <span class='ocrx_word' id='word_1_893' title='bbox 3124 5231 3244 5270; x_wconf 84' lang='grc' dir='ltr'>ειιιιι</span> <span class='ocrx_word' id='word_1_894' title='bbox 3271 5217 3338 5282; x_wconf 73' lang='grc'>⁸⁵,</span> 
     </span>
    </p>
   </div>
   <div class='ocr_carea' id='block_1_117' title="bbox 1774 5306 3337 5379">
    <p class='ocr_par' dir='ltr' id='par_1_117' title="bbox 1774 5306 3337 5379">
     <span class='ocr_line' id='line_1_117' title="bbox 1774 5306 3337 5379; baseline 0 -18"><span class='ocrx_word' id='word_1_895' title='bbox 1774 5310 1896 5364; x_wconf 89' lang='lat' dir='ltr'><strong>ideo</strong></span> <span class='ocrx_word' id='word_1_896' title='bbox 1931 5309 2024 5379; x_wconf 90' lang='lat' dir='ltr'><strong>qui</strong></span> <span class='ocrx_word' id='word_1_897' title='bbox 2056 5309 2252 5364; x_wconf 89' lang='lat' dir='ltr'><strong>militat</strong></span> <span class='ocrx_word' id='word_1_898' title='bbox 2296 5309 2556 5365; x_wconf 85' lang='lat' dir='ltr'><strong>adversus</strong></span> <span class='ocrx_word' id='word_1_899' title='bbox 2585 5306 2861 5365; x_wconf 89' lang='lat' dir='ltr'><strong>Christum</strong></span> <span class='ocrx_word' id='word_1_900' title='bbox 2893 5350 2908 5374; x_wconf 94' lang='lat'><strong>,</strong></span> <span class='ocrx_word' id='word_1_901' title='bbox 2960 5325 3087 5379; x_wconf 82' lang='lat' dir='ltr'><strong>erga</strong></span> <span class='ocrx_word' id='word_1_902' title='bbox 3120 5308 3337 5363; x_wconf 86' lang='lat' dir='ltr'><strong>Patrem</strong></span> 
     </span>
    </p>
   </div>
   <div class='ocr_carea' id='block_1_118' title="bbox 1775 5400 3337 5473">
    <p class='ocr_par' dir='ltr' id='par_1_118' title="bbox 1775 5400 3337 5473">
     <span class='ocr_line' id='line_1_118' title="bbox 1775 5400 3337 5473; baseline 0 -19"><span class='ocrx_word' id='word_1_903' title='bbox 1775 5401 1973 5470; x_wconf 88' lang='lat' dir='ltr'><strong>impius</strong></span> <span class='ocrx_word' id='word_1_904' title='bbox 2001 5410 2105 5456; x_wconf 91' lang='lat' dir='ltr'><strong>est.</strong></span> <span class='ocrx_word' id='word_1_905' title='bbox 2153 5401 2256 5468; x_wconf 90' lang='lat' dir='ltr'><strong>Qui</strong></span> <span class='ocrx_word' id='word_1_906' title='bbox 2304 5416 2434 5473; x_wconf 76' lang='lat' dir='ltr'><strong>ergo</strong></span> <span class='ocrx_word' id='word_1_907' title='bbox 2465 5402 2835 5470; x_wconf 81' lang='lat' dir='ltr'><strong>fremuerunt,</strong></span> <span class='ocrx_word' id='word_1_908' title='bbox 2872 5411 2926 5456; x_wconf 93' lang='lat' dir='ltr'><strong>et</strong></span> <span class='ocrx_word' id='word_1_909' title='bbox 2955 5401 3136 5455; x_wconf 88' lang='lat' dir='ltr'><strong>inania</strong></span> <span class='ocrx_word' id='word_1_910' title='bbox 3168 5400 3337 5456; x_wconf 84' lang='lat' dir='ltr'><strong>medi-</strong></span> 
     </span>
    </p>
   </div>
   <div class='ocr_carea' id='block_1_119' title="bbox 2269 5520 3334 5592">
    <p class='ocr_par' dir='ltr' id='par_1_119' title="bbox 2269 5520 3334 5592">
     <span class='ocr_line' id='line_1_119' title="bbox 2269 5520 3334 5592; baseline -0.004 -12"><span class='ocrx_word' id='word_1_911' title='bbox 2269 5526 2354 5580; x_wconf 85' lang='grc'><strong>³³1</strong></span> <span class='ocrx_word' id='word_1_912' title='bbox 2385 5525 2540 5581; x_wconf 82' lang='lat' dir='ltr'><strong>Joan.</strong></span> <span class='ocrx_word' id='word_1_913' title='bbox 2580 5541 2643 5592; x_wconf 87' lang='grc' dir='ltr'><strong>ιι,</strong></span> <span class='ocrx_word' id='word_1_914' title='bbox 2682 5523 2772 5579; x_wconf 71' lang='grc'><strong>25.</strong></span> <span class='ocrx_word' id='word_1_915' title='bbox 2863 5521 2910 5554; x_wconf 67' lang='grc'><strong>³⁸</strong></span> <span class='ocrx_word' id='word_1_916' title='bbox 2937 5521 3128 5577; x_wconf 86' lang='lat' dir='ltr'><strong>Matth.</strong></span> <span class='ocrx_word' id='word_1_917' title='bbox 3160 5535 3217 5587; x_wconf 69' lang='grc' dir='ltr'><strong>κ,</strong></span> <span class='ocrx_word' id='word_1_918' title='bbox 3247 5520 3334 5576; x_wconf 73' lang='grc'><strong>40.</strong></span> 
     </span>
    </p>
   </div>
   <div class='ocr_carea' id='block_1_120' title="bbox 1769 5641 3330 5719">
    <p class='ocr_par' dir='ltr' id='par_1_120' title="bbox 1769 5641 3330 5719">
     <span class='ocr_line' id='line_1_120' title="bbox 1769 5641 3330 5719; baseline -0.003 -19"><span class='ocrx_word' id='word_1_919' title='bbox 1769 5656 1870 5700; x_wconf 82' lang='lat' dir='ltr'><strong>Ictu</strong></span> <span class='ocrx_word' id='word_1_920' title='bbox 1893 5662 1924 5702; x_wconf 89' lang='lat' dir='ltr'><strong>e</strong></span> <span class='ocrx_word' id='word_1_921' title='bbox 1955 5647 2143 5704; x_wconf 88' lang='lat' dir='ltr'><strong>codice</strong></span> <span class='ocrx_word' id='word_1_922' title='bbox 2167 5647 2334 5716; x_wconf 71' lang='lat' dir='ltr'><strong>Regio</strong></span> <span class='ocrx_word' id='word_1_923' title='bbox 2366 5649 2524 5714; x_wconf 77' lang='grc'><strong>4818,</strong></span> <span class='ocrx_word' id='word_1_924' title='bbox 2559 5649 2617 5719; x_wconf 81' lang='grc' dir='ltr'>ἰιι</span> <span class='ocrx_word' id='word_1_925' title='bbox 2637 5651 2809 5719; x_wconf 73' lang='lat' dir='ltr'><strong>lucem</strong></span> <span class='ocrx_word' id='word_1_926' title='bbox 2842 5643 3030 5719; x_wconf 57' lang='lat' dir='ltr'><strong>Grgere</strong></span> <span class='ocrx_word' id='word_1_927' title='bbox 3061 5642 3227 5719; x_wconf 79' lang='lat' dir='ltr'><strong>edidit</strong></span> <span class='ocrx_word' id='word_1_928' title='bbox 3258 5641 3330 5693; x_wconf 86' lang='lat' dir='ltr'><strong>vit</strong></span> 
     </span>
    </p>
   </div>
   <div class='ocr_carea' id='block_1_121' title="bbox 1767 5714 3327 5779">
    <p class='ocr_par' dir='ltr' id='par_1_121' title="bbox 1767 5714 3327 5779">
     <span class='ocr_line' id='line_1_121' title="bbox 1767 5714 3327 5779; baseline -0.003 -11"><span class='ocrx_word' id='word_1_929' title='bbox 1767 5719 2106 5773; x_wconf 75' lang='lat' dir='ltr'><strong>clarissimus</strong></span> <span class='ocrx_word' id='word_1_930' title='bbox 2131 5714 2360 5773; x_wconf 81' lang='lat' dir='ltr'><strong>domnus</strong></span> <span class='ocrx_word' id='word_1_931' title='bbox 2385 5718 2694 5772; x_wconf 82' lang='lat' dir='ltr'><strong>Bernardus</strong></span> <span class='ocrx_word' id='word_1_932' title='bbox 2725 5714 3180 5770; x_wconf 80' lang='lat' dir='ltr'><strong>Montefalcuuius</strong></span> <span class='ocrx_word' id='word_1_933' title='bbox 3207 5726 3327 5779; x_wconf 67' lang='lat' dir='ltr'><strong>pra:-</strong></span> 
     </span>
    </p>
   </div>
   <div class='ocr_carea' id='block_1_122' title="bbox 1767 5784 2895 5860">
    <p class='ocr_par' dir='ltr' id='par_1_122' title="bbox 1767 5784 2895 5860">
     <span class='ocr_line' id='line_1_122' title="bbox 1767 5784 2895 5860; baseline -0.001 -19"><span class='ocrx_word' id='word_1_934' title='bbox 1767 5790 1943 5844; x_wconf 83' lang='lat' dir='ltr'><strong>lnnin.</strong></span> <span class='ocrx_word' id='word_1_935' title='bbox 1978 5792 2044 5848; x_wconf 88' lang='lat' dir='ltr'><strong>ad</strong></span> <span class='ocrx_word' id='word_1_936' title='bbox 2079 5789 2323 5860; x_wconf 71' lang='lat' dir='ltr'><strong>Hexapla</strong></span> <span class='ocrx_word' id='word_1_937' title='bbox 2343 5789 2613 5860; x_wconf 79' lang='lat' dir='ltr'><strong>Ot&#39;igenis,</strong></span> <span class='ocrx_word' id='word_1_938' title='bbox 2646 5803 2766 5859; x_wconf 81' lang='lat' dir='ltr'><strong>pag.</strong></span> <span class='ocrx_word' id='word_1_939' title='bbox 2801 5784 2895 5843; x_wconf 83' lang='lat'><strong>85.</strong></span> 
     </span>
    </p>
   </div>
  </div>
