3834 6388
354 328 496 386 “03

1737 316 1829 371 EX
1865 315 2163 372 ORIGENE

3474 323 3616 375 HM

356 448 454 503 tati
481 458 627 514 sunt,
654 455 706 500 et
736 445 1068 500 adstiterant
1093 445 1144 499 in
1173 457 1338 497 unum
1371 456 1435 496 ac
1464 439 1775 511 congregati
1808 447 1932 493 sunt

2046 438 2136 492 δεῖ.
2187 441 2246 492 Οἱ
2293 439 2424 508 γοῦν
2460 439 2833 512 φρυάξαντες,
2879 439 2974 494 καὶ
3018 441 3149 495 κενὰ
3177 440 3613 514 μελετήσαντες,

356 539 540 603 simul,
577 537 758 607 specie
786 535 1006 605 quidem
1056 541 1248 588 contra
1292 531 1567 587 Christum
1607 529 1779 586 solum
1816 538 1931 582 tur-

357 631 453 684 bas
483 635 800 690 moverunt,
833 625 911 680 sic
945 634 1121 678 autem
1153 623 1295 693 quod
1339 623 1605 686 fecerunt,
1648 621 1756 675 illis
1783 634 1931 674 com-

358 729 604 788 putatum
653 727 757 785 est,
791 733 855 772 ac
901 717 944 772 si
981 715 1192 770 Patrem
1226 717 1401 785 ipsum
1450 714 1694 786 aggressi
1725 722 1928 768 essent.

357 814 700 883 Quapropter
731 811 928 865 dicitur
956 809 1072 864 haec
1115 822 1208 864 eos
1255 808 1433 879 egisse
1471 825 1489 858 ι
1527 807 1790 861 adversus
1825 805 1932 860 Do-

360 906 562 960 tninum
606 913 660 959 et
695 904 957 958 adversus
989 901 1264 956 Christum
1297 900 1430 970 ejus.
1464 919 1482 951 ›
1525 899 1716 967 Operae
1747 907 1928 952 autem

358 996 591 1064 pretium
628 1003 709 1050 est
754 993 895 1048 scire
926 991 978 1046 id
1014 991 1157 1061 quod
1193 991 1336 1059 apud
1367 989 1588 1046 Gra'cos
1616 988 1933 1042 enuntiatur

359 1103 491 1142 voce
535 1086 757 1158 Κύριος,
811 1085 860 1138 id
914 1094 997 1139 cst
1037 1102 1055 1134 ι
1088 1083 1380 1147 Dominus,
1428 1101 1448 1134 ι
1486 1081 1628 1150 apud
1677 1079 1932 1135 Hebraeos

357 1195 490 1235 vero
513 1196 643 1236 voce
676 1198 694 1231 ι
724 1176 958 1234 Adonai.
996 1195 1013 1228 ι
1051 1175 1249 1232 Decem
1278 1176 1422 1231 enim
1455 1172 1763 1230 nominibus
1792 1173 1932 1242 apud

362 1274 618 1329 Hebraeos
641 1273 781 1327 Deus
805 1265 1130 1341 appellatur.
1153 1283 1383 1338 quorum
1419 1280 1585 1322 unum
1619 1275 1698 1320 est
1736 1284 1755 1316 ι
1784 1265 1918 1319 Ado-

360 1367 479 1431 nai,
512 1385 530 1419 ι
569 1365 710 1434 quod
740 1365 1134 1435 interpretatur
1183 1380 1201 1412 ι
1248 1359 1527 1415 Dominus.
1554 1378 1572 1412 ι
1612 1357 1676 1413 Et
1722 1359 1931 1427 quoties

359 1456 497 1526 apud
550 1454 804 1510 Hebrmos
837 1453 1036 1509 dicitur
1074 1451 1304 1515 Adonai,
1340 1449 1504 1505 toties
1534 1450 1674 1519 apud
1711 1447 1933 1504 Graecos

361 1549 592 1603 habetur
627 1564 646 1598 ι
682 1545 964 1610 Dominus,
995 1563 1013 1596 ι
1050 1543 1343 1610 Scriptura:
1371 1541 1608 1596 dictione
1640 1541 1690 1594 id
1723 1539 1934 1610 signiti-

359 1645 536 1689 cante.
568 1632 800 1701 Quando
845 1643 1028 1686 autem
1079 1629 1321 1686 occurrit
1372 1628 1482 1694 lae,
1525 1631 1666 1701 apud
1715 1629 1932 1684 Grascos

357 1725 684 1796 exprimitur
716 1722 1073 1792 appellatione
1122 1719 1346 1792 Κύριος,
1395 1743 1419 1772 ‹
1447 1719 1733 1785 Dominus,
1783 1739 1802 1772 ι
1838 1719 1931 1774 sed

361 1833 465 1871 non
500 1817 627 1871 item
677 1815 820 1886 apud
872 1813 1128 1868 Hebraeos
1153 1854 1168 1877 ,
1207 1821 1265 1866 ut
1315 1813 1368 1866 in
1400 1812 1494 1867 illo
1522 1813 1602 1866 3':
1641 1833 1658 1862 ι
1691 1812 1931 1867 Laudate

363 1910 671 1972 Dominum,
705 1906 964 1978 quoniam
998 1905 1168 1958 bonus
1207 1913 1289 1959 est
1321 1904 1580 1973 psalmus.
1607 1921 1624 1954 ι
1672 1902 1932 1957 Dominus

360 2004 502 2060 enim
551 2003 654 2056 hoc
686 1999 806 2054 loco
853 2011 950 2067 pro
980 1994 1075 2050 lae
1110 1996 1306 2050 dicitur
1331 2036 1346 2060 ,
1387 2005 1441 2050 et
1485 1994 1693 2049 initittm
1742 1994 1930 2066 psalmi

359 2094 501 2166 apud
531 2092 787 2150 Hebraeos
813 2101 898 2145 est
934 2107 952 2140 ι
986 2087 1237 2145 Alleluia.
1273 2107 1291 2140 ι
1325 2087 1418 2142 Est
1446 2087 1608 2142 etiam
1641 2085 1783 2156 apud
1816 2085 1934 2140 illos

357 2185 633 2243 ineliabile
656 2183 924 2254 quoddam
965 2194 1160 2237 nomen
1204 2187 1684 2250 tetragrammaton
1705 2219 1719 2245 ,
1751 2178 1803 2232 id
1827 2187 1933 2243 est,

359 2291 594 2350 quatuor
617 2277 790 2332 literis
821 2284 1101 2341 constans,
1135 2274 1188 2328 in
1223 2287 1384 2327 aurea
1413 2271 1608 2327 summi
1634 2269 1936 2326 sacerdotis

359 2369 562 2425 lamina
600 2367 961 2435 inscriptum,
996 2373 1052 2418 et
1080 2379 1213 2418 voce
1249 2382 1267 2415 ι
1291 2361 1498 2417 Adonai
1531 2380 1550 2414 ›
1580 2361 1928 2424 enuntiatur,

357 2462 486 2517 licet
523 2461 628 2517 hoc
659 2475 764 2514 non
792 2459 1057 2528 scriptum
1089 2457 1159 2510 sit
1189 2456 1241 2509 in
1274 2464 1726 2524 tetragrammato
1749 2500 1763 2524 ,
1795 2455 1937 2528 apud

359 2553 578 2610 Crtecos
612 2567 744 2606 vero
773 2550 1099 2620 exprimitur
1147 2563 1282 2604 voce
1337 2567 1354 2598 ι
1394 2548 1676 2605 Dominus.
1711 2569 1729 2603 ι
1766 2551 1843 2606 Ac
1883 2552 1935 2606 in

360 2643 794 2701 accuratioribus
826 2639 1224 2711 exemplaribus
1273 2641 1375 2694 hoc
1427 2658 1625 2698 nomen
1673 2644 1934 2714 scriptum

359 2746 442 2794 cst
470 2736 753 2793 Hebraicis
780 2735 974 2804 literis,
1001 2733 1276 2789 hebraicis
1299 2735 1518 2804 quidem
1545 2735 1802 2804 antiquis,
1833 2751 1936 2790 non

361 2843 541 2886 autem
571 2830 867 2886 hod‘iernis.
905 2815 1144 2882 Narrant
1174 2828 1318 2882 enim
1355 2827 1584 2882 Esdr'am
1623 2827 1674 2881 in
1707 2828 1940 2897 captivi-

362 2933 472 2978 tate
498 2921 636 2978 alios
666 2921 800 2992 ipsis
823 2919 1170 2974 characteres
1195 2919 1316 2974 loco
1347 2919 1590 2989 priorum
1624 2920 1938 2975 tradidisse.

363 3013 569 3070 Horum
617 3021 798 3070 autem
853 3011 1202 3067 meminimus
1260 3010 1385 3080 quia
1455 3020 1940 3080 tetragrautmalou

361 3107 506 3177 quod
537 3114 621 3162 est
654 3125 672 3158 ι
699 3105 981 3172 Dominus,
1007 3124 1027 3157 ι
1054 3103 1201 3175 jacet
1231 3103 1286 3157 iu
1318 3103 1423 3158 hoc
1445 3102 1517 3157 ”:
1557 3121 1576 3154 ι
1602 3101 1709 3158 Sed
1743 3102 1795 3156 iIt
1829 3103 1941 3172 lege

367 3198 611 3265 Domini;
648 3217 668 3251 ι
710 3206 765 3253 et
806 3197 858 3252 in
909 3197 1048 3252 hoc:
1106 3214 1125 3248 ι
1155 3194 1424 3262 Quoniam
1475 3193 1629 3248 novit
1682 3193 1939 3248 Dominus

365 3291 509 3345 viam
532 3288 838 3358 justorum;
867 3306 886 3339 ι
923 3297 982 3342 et
1012 3301 1192 3342 nunc:
1229 3304 1246 3337 ι
1271 3286 1545 3340 Adversus
1577 3285 1859 3340 Dominum
1889 3294 1943 3340 et

364 3382 629 3434 adversus
648 3379 923 3435 Christum
957 3377 1095 3446 ejus.
1125 3397 1145 3430 ι
1180 3376 1313 3433 Illud
1335 3387 1519 3432 autem
1542 3377 1940 3432 observandum

365 3482 450 3529 est
491 3472 840 3546 Septuaginta
873 3483 928 3529 et
961 3473 1391 3530 Theodotionem
1435 3474 1618 3528 omnia
1652 3474 1704 3529 in
1751 3483 1943 3544 praete-

366 3566 471 3619 rito
493 3566 833 3636 exprimere;
869 3564 1118 3633 Aquilam
1163 3579 1294 3619 vero
1335 3565 1495 3620 modo
1523 3566 1575 3618 iu
1626 3565 1902 3634 praeterito
1926 3604 1940 3627 ,

366 3659 526 3712 modo
555 3659 606 3710 in
637 3657 853 3723 futuro;
885 3657 1270 3726 Symmachum
1302 3667 1484 3712 autem
1509 3659 1693 3712 omnia
1727 3659 1778 3712 iu
1810 3674 1945 3729 pra:-

366 3751 504 3805 senti
539 3750 806 3820 proferre.
841 3749 1032 3804 Solent
1062 3751 1265 3820 quippe
1309 3747 1668 3821 Septuaginta
1702 3766 1946 3820 saepenu-

365 3857 519 3896 mero
548 3855 667 3910 qua
695 3839 857 3912 540
884 3841 950 3895 de
976 3839 1198 3896 Christo
1231 3840 1486 3910 priedicta
1515 3849 1662 3905 sunt,
1696 3855 1757 3896 ea
1790 3840 1943 3909 quasi

361 3932 475 4000 jam
517 3933 913 4003 contigissent,
947 3931 1258 3998 enuntiare,
1291 3940 1349 3985 ut
1379 3931 1429 3986 iu
1464 3931 1554 3987 illo
1586 3932 1629 3964 ³⁷
1658 3951 1671 3985 :
1719 3950 1738 3983 ι
1772 3931 1944 3986 Dede-

369 4033 495 4078 runt
540 4025 595 4078 in
623 4038 806 4080 escam
860 4037 1042 4078 meam
1089 4022 1156 4078 fel
1183 4033 1281 4088 ,et
1318 4021 1373 4076 in
1425 4021 1515 4076 siti
1560 4036 1678 4076 mea
1720 4030 1946 4092 potave-

369 4125 497 4169 ruut
528 4129 614 4170 me
668 4123 850 4169 aceto.
884 4113 1198 4170 Diviserunt
1253 4113 1356 4168 sibi
1410 4112 1730 4167 vestimenta
1783 4127 1900 4166 mea
1931 4152 1944 4175 ,

368 4216 425 4263 et
443 4222 605 4280 super
638 4218 846 4263 vestem
870 4221 1043 4262 meam
1080 4206 1347 4260 miserunt
1387 4216 1588 4260 sortem
1617 4205 1683 4258 ³⁸.
1721 4224 1741 4258 ι
1767 4205 1832 4260 Et
1852 4205 1897 4237 "
1931 4222 1946 4260 :

374 4318 393 4351 ι
420 4300 658 4370 Populus
689 4314 850 4370 quem
874 4315 977 4353 non
1009 4299 1256 4368 cognovi.
1280 4299 1506 4354 servivit
1538 4299 1694 4364 mihi,
1714 4299 1767 4352 in
1794 4298 1950 4353 audi-

371 4405 427 4449 tu
475 4395 624 4451 auris
663 4395 904 4451 obedivit
953 4393 1108 4447 mihi.
1143 4413 1160 4443 ι
1212 4393 1562 4450 Arbitramur
1616 4405 1798 4450 autem
1852 4410 1948 4452 eos

2033 532 2127 585 καὶ
2163 534 2542 604 παραστάντες
2574 536 2666 587 ἐπὶ
2702 533 2764 586 τὸ
2785 533 2936 597 αὐτὸ,
2974 534 3066 587 καὶ
3094 534 3448 606 συναχθέντες
3469 538 3613 608 ἄμα,

2033 624 2410 696 ὲνηργήθησαν
2444 626 2541 696 μὲν
2567 625 2644 696 τῷ
2673 626 2849 678 δοκεῖν
2881 625 3020 679 κατά
3042 625 3136 679 τοῦ
3165 626 3401 699 Χριστοῦ
3427 631 3611 700 μόνου,

2033 715 2339 786 λελόγισται
2377 717 2434 771 δὲ
2469 718 2654 781 αὐτοῖς
2699 718 2729 771 ὂ
2771 718 3102 788 πεποιήκασι
3141 718 3437 790 πρότερον,
3472 721 3615 773 κατὰ

2032 807 2127 861 τοῦ
2164 809 2397 881 Πατρός.
2451 809 2543 862 Διὸ
2573 809 2790 878 λέγεται
2825 808 2997 862 ταῦτα
3029 810 3224 874 αὐτοὺς
3254 813 3614 882 πεποιηκέναι

2038 920 2057 952 ι
2086 901 2227 954 κατὰ
2271 900 2364 954 τοῦ
2411 901 2615 974 Κυρίου
2661 901 2754 955 καὶ
2797 899 2938 956 κατά
2969 901 3061 954 τοῦ
3105 902 3340 974 Χριστοῦ
3371 903 3557 956 αὐτοῦ.
3592 925 3610 956 ι

2033 995 2146 1048 Οὐκ
2174 993 2463 1064 ἀγνοητέον
2493 994 2547 1046 δὲ
2580 993 2707 1066 περὶ
2748 994 2840 1047 τοῦ
2878 994 3287 1064 ὲκφωνουμένου
3330 995 3481 1067 παρὰ
3517 999 3616 1066 μὲν

2037 1084 2260 1156 Ἕλλησι
2289 1088 2353 1156 τῇ
2387 1104 2403 1135 ι
2429 1084 2629 1154 Κύριος
2652 1104 2670 1135 ι
2701 1085 3061 1157 προσηγορίᾳ,
3091 1083 3243 1156 παρά
3263 1085 3318 1139 δὲ
3345 1085 3618 1158 ’Ἑϐραίοις

2034 1178 2099 1247 τῇ
2137 1195 2155 1226 ι
2193 1175 2435 1230 Ἀδωναϊ.
2471 1196 2488 1228 ι
2541 1176 2682 1245 Δέκα
2730 1175 2836 1248 γὰρ
2891 1175 3119 1246 ὀνόμασι
3163 1177 3294 1247 παρ’
3337 1175 3616 1249 Ἑϐραίοις

2033 1267 2355 1339 ὀνομάζεται
2385 1271 2412 1322 ὁ
2438 1268 2592 1333 Θεὸς,
2615 1262 2688 1322 ὧν
2716 1269 2864 1322 ἐστιν
2881 1266 2939 1320 ἓν
2969 1267 3029 1320 τὸ
3051 1286 3069 1319 ι
3093 1267 3371 1334 Ἀδωναῒ,›
3400 1269 3493 1322 καὶ
3519 1271 3616 1338 ἐρ-

2038 1361 2328 1432 μηνεύεται
2387 1361 2655 1432 «Κύριος.
2684 1385 2702 1412 ι
2748 1359 2860 1413 Καὶ
2908 1359 3055 1413 ἔστιν
3093 1360 3229 1412 ὅπου
3288 1359 3504 1428 λέγεται
3557 1361 3618 1414 τὸ

2041 1471 2059 1503 ι
2084 1451 2307 1506 Ἀδωναῖ
2347 1471 2364 1504 I
2395 1453 2523 1523 παρ’
2563 1452 2866 1523 Ἑϐραίοις,
2913 1452 3004 1504 καὶ
3053 1453 3181 1522 παρ’
3205 1450 3429 1524 Ἕλλησι
3470 1470 3488 1501 ι
3530 1450 3614 1504 Κύ

2036 1562 2170 1616 ριος,
2186 1565 2204 1596 ι
2225 1546 2322 1617 τῆς
2344 1545 2540 1610 λέξεως
2559 1546 2657 1616 τῆς
2677 1545 3069 1617 γεγραμμένης
3093 1546 3150 1596 ὲν
3167 1548 3230 1616 τῇ
3252 1546 3439 1617 Γραφῇ
3460 1545 3618 1598 τοῦτο

2035 1636 2503 1708 ἀπαγγελλούσης.
2545 1637 2699 1689 Ἔστι
2732 1637 2789 1690 δὲ
2822 1637 2909 1689 ὅτε
2936 1635 2997 1688 τὸ
3043 1635 3156 1707 Ἰαὴ
3187 1638 3396 1701 κεῖται,
3435 1638 3618 1704 ἐκφω-

2035 1727 2204 1778 νεῖται
2226 1725 2283 1779 δὲ
2315 1727 2380 1796 τῇ
2408 1744 2424 1774 ι
2446 1724 2648 1796 Κύριος
2670 1746 2687 1777 ι
2709 1726 3051 1798 προσηγορίᾳ
3077 1726 3206 1798 παρ’
3231 1726 3475 1798 Ἕλλησι,
3503 1727 3618 1780 ἀλλ’

2036 1817 2097 1868 ού
2138 1818 2268 1889 παρ’
2313 1817 2602 1888 Ἑϐραίοις,
2632 1818 2706 1880 ὡς
2739 1819 2796 1872 ἐν
2832 1818 2939 1890 τῷ·
2974 1837 2993 1870 ι
3022 1820 3228 1873 Αίνεῖτε
3268 1821 3358 1874 τὸν
3391 1821 3614 1892 Κύριον,

2039 1907 2121 1960 ὅτι
2172 1906 2373 1975 ἀγαθὸς
2403 1907 2636 1979 ψαλμός.
2674 1929 2692 1960 ι
2725 1909 2944 1976 Κύριον
2983 1909 3092 1981 γὰρ
3125 1910 3313 1964 ἐνθάδε
3358 1912 3478 1964 ἀντὶ
3525 1913 3616 1965 τοῦ

2053 1995 2168 2065 Ἰαὴ
2198 1997 2438 2069 εἴρηκεν.
2479 2001 2588 2053 Καὶ
2635 1999 2782 2053 ἔστιν
2824 2001 2856 2071 ἡ
2898 2001 3040 2073 ἀρχὴ
3083 2001 3178 2056 τοῦ
3237 2002 3454 2074 ψαλμοῦ
3491 2006 3616 2074 παρ’

2055 2090 2327 2164 Ἑϐραίοις
2362 2111 2378 2142 ι
2404 2091 2731 2147 Ἀλλελούῖα’
2761 2114 2779 2146 ι
2817 2095 2932 2148 ἔστι
2963 2095 3020 2149 δέ
3054 2113 3106 2148 τι
3133 2097 3619 2170 τετῳγράμματον

2043 2183 2422 2256 ἀνεκερώνητον
2453 2187 2581 2254 παρ’
2620 2186 2820 2254 αὐτοῖς,
2854 2188 2990 2259 ὅπερ
3019 2189 3113 2241 καὶ
3143 2189 3234 2241 ἐπὶ
3265 2188 3358 2241 τοῦ
3391 2190 3619 2244 πετάλου

2043 2275 2137 2330 τοῦ
2168 2275 2370 2348 χρυσοῦ
2405 2275 2499 2330 τοῦ
2540 2265 2841 2349 ἀρχιερέως
2875 2279 3309 2351 ἀναγέγραπται,
3346 2283 3439 2334 καὶ
3466 2281 3618 2352 λέγε-

2042 2384 2132 2420 ται
2166 2367 2271 2439 μὲν.
2293 2370 2360 2440 τῇ
2402 2387 2418 2418 ι
2439 2367 2667 2422 Ἀδωναῗ
2695 2387 2713 2420 ι
2750 2370 3113 2441 προσηγορίᾳ,
3149 2370 3270 2442 οὐχὶ
3303 2370 3490 2424 τούτου
3526 2390 3616 2441 γε·

2043 2457 2361 2530 γραμμένου
2404 2460 2461 2512 ὲν
2496 2458 2573 2528 τῷ
2600 2459 3074 2533 τετραγραμμάτῳ
3093 2475 3108 2490 ’
3138 2460 3286 2532 παρά
3310 2459 3366 2514 δὲ
3401 2460 3621 2532 Ἕλλησι

2042 2548 2113 2617 τῇ
2149 2565 2166 2596 ι
2192 2547 2396 2617 Κύριος
2428 2567 2445 2599 ι
2480 2550 2826 2618 ἐκφωνεῖται.
2862 2549 2970 2602 Καὶ
2991 2552 3048 2604 ὲν
3071 2553 3184 2615 τοῖς
3217 2551 3622 2625 ἀκριϐεστέροις

2045 2637 2101 2690 δὲ
2145 2636 2255 2690 τῶν
2298 2639 2647 2712 ἀντιγράφων
2683 2640 2957 2712 Ἑϐραίοις
2984 2643 3328 2715 χαρακτῆρσι
3359 2647 3532 2698 κεῖται
3561 2644 3622 2698 τὸ

2045 2729 2214 2800 ὄνομα
2235 2771 2250 2794 ,
2294 2730 2600 2803 Ἑϐραϊκοῖς
2621 2732 2677 2786 δὲ
2707 2735 2768 2787 ού
2799 2736 2910 2797 τοῖς
2942 2734 3059 2798 νῦν,
3100 2735 3236 2788 ἀλλά
3264 2738 3374 2800 τοῖς
3403 2738 3623 2809 ἀρχαιο·

2046 2822 2246 2886 τάτοις.
2281 2824 2418 2877 Φασὶ
2451 2823 2559 2896 γὰρ
2590 2825 2680 2878 τὸν
2706 2826 2940 2894 Ἔσδραν
2966 2827 3024 2880 ἐν
3050 2830 3118 2898 τῇ
3149 2828 3488 2900 αίχμαλωσίᾳ
3509 2830 3626 2883 ὲτέ-

2049 2929 2176 2983 ρους
2208 2914 2390 2980 αὐτοῖς
2412 2917 2765 2988 χαρακτῆρας
2797 2918 2946 2990 παρά
2972 2921 3100 2983 τοὺς
3122 2921 3413 2991 προτέρους
3441 2938 3624 2994 παρα-

2047 3003 2354 3060 δεδωκέναι.
2384 3007 2600 3060 Τούτων
2630 3008 2685 3062 δὲ
2720 3010 3040 3082 ὑπεμνήσθη
3050 3029 3162 3083 μεν,
3184 3014 3300 3066 ἐπεὶ
3328 3012 3388 3065 τὸ
3419 3029 3622 3086 τετραο

2048 3099 2374 3170 γράμματον
2395 3100 2471 3164 ὡς
2500 3120 2519 3151 ‹
2545 3101 2750 3173 Κύριος
2777 3122 2794 3154 ›
2821 3106 2995 3156 κεῖται
3026 3106 3084 3159 ὲν
3117 3105 3223 3177 τῷο
3259 3124 3277 3156 ι
3317 3105 3454 3159 Ἀλλ’
3484 3107 3519 3178 ἢ
3558 3110 3618 3163 ὲν

2042 3189 2192 3259 νόμῳ
2213 3190 2472 3262 Κυρίου·›
2494 3191 2587 3245 καὶ
2613 3192 2670 3245 ἐν
2694 3191 2960 3264 τῷί”οτι
2989 3195 3244 3264 γινώσκει
3278 3196 3477 3269 Κύριος
3503 3197 3625 3253 ὁδὸν

2042 3282 2319 3336 δικαίωψ»
2354 3284 2450 3336 καὶ⁵
2483 3283 2598 3338 νῦν*
2637 3303 2655 3336 ι
2679 3285 2835 3340 Κατὰ
2867 3286 2960 3340 τοῦ
2990 3289 3198 3361 Κυρίου
3229 3291 3321 3342 καὶ
3359 3290 3498 3344 κατὰ
3529 3290 3623 3344 τοῦ

2042 3371 2280 3443 Χριστοῦ
2308 3373 2492 3426 αὑτοῦ.
2529 3393 2546 3424 ι
2582 3373 2751 3427 Τοῦτο
2774 3372 2831 3427 δὲ
2861 3377 3298 3448 παρατηρητέον,
3333 3379 3414 3432 ὄτι
3443 3380 3491 3430 oi
3528 3378 3621 3450 μὲν

2056 3465 2458 3536 Ἐϐδομὴκοντα
2486 3466 2579 3519 καὶ
2603 3468 2632 3518 ὁ
2654 3465 2944 3520 Θεοδοτίων
2969 3467 3144 3521 πάντα
3168 3470 3248 3532 είς
3267 3469 3359 3522 τὸν
3389 3471 3627 3542 παρελη-

2045 3557 2242 3613 λυθότα
2273 3559 2484 3629 χρόνον,
2528 3559 2756 3622 Ἀκύλας
2787 3559 2842 3612 δὲ
2886 3559 2921 3613 ἃ
2959 3561 3058 3630 μὲν
3088 3562 3166 3624 είς
3198 3562 3289 3615 τὸν
3323 3563 3626 3634 παρεληλυ-

2047 3653 2197 3717 θότα,
2233 3653 2268 3708 ἀ
2295 3654 2351 3706 δὲ
2390 3655 2468 3718 είς
2493 3654 2582 3706 τὸν
2623 3653 2900 3724 μέλλοντα,
2928 3653 3222 3726 Σύμμαχος
3255 3657 3312 3709 δὲ
3352 3656 3528 3710 πάντα
3550 3660 3626 3720 εἱς

2046 3750 2137 3803 τὸν
2159 3750 2486 3822 ἐνεστηκότα
2506 3748 2721 3816 ἔταξαν.
2747 3749 2904 3813 ’Ἑθος
2934 3749 3043 3822 γὰρ
3074 3753 3185 3813 τοῖς
3231 3750 3627 3824 Ἑϐδομήκοντα

2049 3841 2310 3906 πολλάκις
2340 3841 2440 3906 τὰς
2481 3842 2608 3913 περί
2644 3841 2880 3914 Χριστοῦ
2917 3843 3254 3914 προφητείας
3282 3845 3357 3907 ὡς
3391 3845 3490 3917 ἤδη
3539 3863 3629 3914 γε-

2047 3927 2277 3997 νομένας
2302 3926 2661 3995 ἀπαγγέλλειν
2682 3943 2695 3957 ’
2724 3925 2974 3998 καθάπερ
3005 3929 3062 3979 ὲν
3082 3927 3158 3997 τῷ
3179 3945 3193 3958 ·
3231 3947 3250 3978 ι
3275 3929 3522 3982 Ἔδωκαν
3551 3932 3628 3990 εἰς

2048 4021 2110 4074 τὸ
2142 4020 2338 4092 βρῶμά
2365 4038 2464 4092 μου
2488 4019 2670 4090 χολὴν,
2695 4019 2789 4071 καὶ
2814 4021 2892 4082 είς
2922 4019 3018 4090 τὴν
3045 4019 3203 4089 δίψαν
3239 4037 3340 4090 μου
3372 4021 3626 4074 ὲπὸτισάν

2053 4131 2122 4184 με
2155 4113 2274 4178 ὅξος
2295 4130 2306 4144 ·
2350 4113 2726 4183 διεμερίσαντο
2773 4111 2841 4165 τὰ
2892 4111 3084 4182 ίμάτιά
3118 4131 3218 4184 μου
3257 4117 3503 4181 ἑαυτοῖς,
3536 4116 3630 4169 καὶ

2051 4207 2144 4260 ἐπὶ
2171 4206 2262 4260 τὸν
2283 4205 2573 4276 ἱματισμόν
2605 4222 2706 4276 μου
2739 4204 2929 4258 ἔϐαλον
2947 4204 3336 4280 κλῆρον.›Καίο
3363 4207 3538 4270 «Aab;
3570 4206 3630 4260 δν

2051 4298 2152 4351 οὐκ
2183 4296 2374 4367 ἔγνων,
2401 4295 2679 4350 ἐϐούλευσέ
2712 4313 2824 4367 μοι,
2867 4298 2946 4360 είς
2969 4298 3137 4369 ἀκοὴν
3167 4297 3326 4350 ὠτίου
3353 4297 3630 4369 ὑπήκουσέ

2057 4408 2166 4462 μοι.
2202 4411 2220 4442 ι
2258 4387 2497 4460 Οίόμεθα
2529 4388 2584 4441 δὲ
2622 4389 2838 4452 αὐτοὺς,
2878 4389 2957 4462 τῷ
3006 4390 3098 4443 τὸν
3153 4390 3285 4444 Θεὸν
3332 4391 3530 4444 εἰδέναι
3563 4392 3632 4445 τὰ

370 4488 494 4559 quia
529 4489 673 4544 Deus
720 4489 872 4544 novit
917 4488 1104 4543 omnia
1146 4497 1438 4559 antequam
1476 4487 1644 4554 (iant,
1681 4489 1801 4544 ideo
1829 4504 1938 4559 qua

2055 4483 2230 4536 πάντα
2265 4482 2393 4553 πρὶν
2423 4480 2690 4551 γενέσεως
2717 4481 2916 4558 αὐτῶν,
2943 4481 3037 4534 καὶ
3071 4480 3160 4534 τὸν
3188 4482 3419 4553 Χριστὸν
3441 4480 3629 4544 αὑτοῦ,

371 4581 440 4635 ad
467 4581 743 4636 Christum
779 4581 1057 4651 pertinent
1086 4591 1142 4636 et
1179 4596 1300 4652 quae
1329 4581 1380 4635 in
1414 4580 1789 4636 incarnatione
1828 4580 1945 4649 ejus

371 4673 553 4728 futura
585 4681 776 4740 erant,
809 4673 995 4729 dicere
1019 4712 1036 4740 ,
1067 4673 1210 4743 quod
1241 4681 1631 4742 reputarentur
1657 4672 1768 4743 jam
1802 4673 1947 4729 acci-

373 4767 519 4820 disse
547 4764 597 4819 ei
627 4764 719 4835 qui
745 4766 859 4821 haec
883 4765 966 4821 vel
995 4766 1084 4822 illa
1113 4781 1376 4836 passurus
1403 4775 1545 4821 erat.
1583 4765 1759 4822 Simili
1788 4766 1948 4821 modo

372 4867 423 4912 et
452 4854 688 4925 Spiritus
723 4865 968 4923 sanctus,
1001 4858 1044 4913 si
1079 4857 1208 4928 quid
1250 4857 1319 4913 de
1361 4856 1453 4912 illo
1500 4859 1821 4927 pronuntiat
1845 4897 1861 4922 ,
1895 4857 1946 4913 id

373 4956 629 5016 tanquam
656 4947 709 5002 in
733 4948 988 5017 praesenti
1021 4946 1202 5003 etfert.
1231 4947 1348 5002 Non
1380 4947 1483 5003 hoc
1508 4955 1686 5002 autem
1713 4947 1947 5004 dicimus

375 5037 529 5106 quasi
574 5053 841 5107 nusquam
871 5039 923 5092 in
953 5037 1136 5093 futuro
1159 5047 1398 5108 tempore
1425 5039 1807 5108 exprimantur
1829 5053 1950 5110 quas

375 5127 442 5182 de
467 5144 530 5183 eo
554 5132 938 5199 praedicuntur.
984 5149 1002 5180 α
1027 5130 1167 5187 Ecce
1190 5149 1210 5182 ι
1240 5131 1410 5197 enim,
1443 5130 1706 5202 inquit“,
1740 5151 1760 5182 ι
1792 5131 1952 5186 intel-

373 5217 505 5287 liget
533 5235 666 5290 puer
695 5235 880 5287 meus,
931 5230 986 5275 et
1034 5220 1470 5291 gloriﬁcabitur,
1516 5229 1572 5276 et
1618 5220 1950 5276 exaltabitur

372 5309 552 5372 valde,
582 5330 601 5363 ι
635 5321 738 5367 etc.

449 5402 612 5459 Vsus.
645 5405 699 5461 3.
720 5405 1094 5476 Dirumpamus
1129 5405 1339 5460 vincula
1368 5423 1572 5473 eorum,
1609 5419 1715 5462 etc.
1752 5405 1953 5462 Viden-

376 5503 465 5550 tur
498 5499 628 5552 mihi
673 5498 868 5568 angeli,
906 5497 998 5567 qui
1033 5512 1140 5553 una
1175 5512 1298 5553 cum
1335 5497 1620 5553 Salvatore
1655 5498 1952 5557 descende-

447 5635 493 5667 ³³
522 5632 667 5689 l'sal.
695 5647 874 5700 CXLVI,
907 5632 959 5687 1.

2054 4578 2148 4632 καὶ
2179 4576 2247 4631 τὰ
2283 4579 2340 4630 ὲν
2373 4579 2436 4647 τῇ
2468 4575 2878 4648 ὲνανθρωπήσει
2909 4576 3297 4647 συμϐησόμενα
3331 4575 3478 4646 αύτῷ
3498 4616 3514 4640 ,
3546 4577 3632 4630 λέ-

2054 4689 2192 4740 γειν,
2227 4669 2306 4742 τῷ
2333 4669 2639 4739 λελογίσθαι
2673 4667 2811 4722 αὐτὰ
2837 4668 2937 4740 ἤδη
2972 4669 3253 4737 γεγονέναι
3280 4667 3356 4739 τῷ
3381 4669 3506 4723 τάδε
3536 4670 3633 4723 καὶ

2053 4764 2179 4819 τάδε
2238 4762 2545 4817 πεπονθότι.
2596 4761 2826 4833 Ὁμοίως
2865 4760 2922 4814 δὲ
2968 4762 3064 4814 καὶ
3119 4763 3168 4813 εἰ
3213 4761 3272 4814 τὸ
3320 4760 3544 4832 Πνεῦμα
3573 4763 3634 4815 τὸ

2057 4859 2208 4929 ἅγιον
2227 4857 2296 4911 τὰ
2314 4874 2380 4910 πε
2390 4858 2440 4928 pl.
2464 4855 2628 4909 αὑτοῦ
2645 4857 2901 4927 διηγοῖτο,
2933 4854 3122 4926 ὥσπερ
3137 4856 3230 4907 ἐπὶ
3253 4853 3346 4908 τοῦ
3371 4855 3636 4926 παρόντος

2053 4950 2185 5022 ἔχει.
2221 4951 2296 5003 Οὐ
2329 4947 2487 5002 τοῦτο
2536 4948 2592 5001 δέ
2648 4966 2827 5020 φαμεν
2859 4949 2936 5011 ὡς
2966 4946 3222 5000 οὐδέποτε
3262 4948 3341 5010 εἰς
3374 4947 3636 5017 μέλλοντα

2053 5046 2244 5116 χρόνον
2291 5041 2680 5112 ὲκκλινομένων
2713 5041 2818 5096 τῶν
2853 5040 3340 5112 προφητεύομένων
3371 5039 3480 5093 τῶν
3507 5041 3637 5112 περὶ

2057 5134 2252 5188 αὐτοῦ·
2295 5154 2314 5187 ι
2351 5134 2519 5188 Ἰδοὺ»
2554 5134 2692 5206 γὰρ,
2743 5133 2896 5204 φησὶ,
2943 5151 2962 5184 ι
2990 5135 3209 5203 συνήσει
3243 5133 3272 5186 ὁ
3317 5135 3445 5194 παῖς
3490 5149 3593 5203 μου
3621 5171 3635 5194 ,

2059 5229 2153 5282 καλ⁵
2188 5227 2591 5300 δοξασθήσεται,
2627 5228 2718 5280 καὶ
2752 5224 3094 5296 ὑψωθήσεται
3128 5225 3352 5298 σφόδρα,
3386 5244 3405 5278 ›
3435 5225 3529 5279 καὶ
3567 5223 3635 5276 τὰ

2064 5319 2211 5390 ἑξῆς-

2130 5408 2543 5480 Διαῤῥήξωμεν
2569 5408 2712 5474 τοὺς
2739 5406 3000 5476 δεσμοὺς
3019 5405 3238 5472 αὐτῶν,
3265 5424 3318 5460 κ.
3337 5424 3385 5460 τ.
3405 5406 3450 5458 ἐ.
3476 5408 3637 5459 Δοκεῖ

2064 5519 2152 5571 μοι
2202 5501 2313 5573 (72)
2359 5501 2485 5565 τοὺς
2537 5500 2988 5571 συγικαταϐἀντας
3020 5497 3096 5570 τῷ
3129 5498 3341 5572 ἃυτῆρι
3369 5497 3637 5567 ἀγγέλους

1040 5633 1085 5665 ³⁸
1113 5630 1256 5689 Psal.
1285 5649 1323 5700 I,
1356 5631 1409 5687 6.
1488 5632 1530 5664 ³⁷
1560 5631 1699 5689 Psal.
1719 5651 1908 5706 LXVIII,
1936 5649 1938 5662 '

2103 5638 2150 5670 ³⁸
2182 5636 2326 5693 Psal.
2357 5653 2470 5705 xxI,
2496 5635 2584 5692 l9.
2663 5638 2707 5671 ³⁸³
2733 5635 2874 5692 Psal.
2901 5650 3034 5698 xm,
3056 5636 3143 5691 45.
3223 5636 3267 5667 ⁸⁰
3292 5633 3394 5689 lsa.
3421 5648 3516 5702 ιιι,
3547 5634 3634 5690 I3.

454 5775 567 5847 (79.)
595 5773 763 5829 Δοκεῖ
780 5791 900 5847 μοι,
926 5783 1033 5832 etc.
1082 5772 1125 5827 E
1156 5775 1370 5830 seltedis
1403 5772 1586 5830 Crabii
1635 5785 1687 5830 et
1735 5775 1920 5832 codice
1953 5775 2301 5834 Coisliuiauo.

3783 5227 3793 5305 ί
