3870 6520
133 385 279 441 “05

1125 382 1432 439 SELECTA
1472 383 1540 438 IN
1578 381 1922 439 PSALMOS.
1958 412 2030 423 --
2059 381 2253 439 PSAL.
2298 382 2360 437 ll.

3250 381 3386 437 “06

131 507 579 577 ἀγανακτοῦντας
629 508 723 560 ἐπὶ
769 510 835 579 τῇ
891 508 1010 562 κατ’
1054 510 1219 562 αὑτοῦ
1250 509 1507 581 ἐπιϐουλῇ
1559 509 1700 579 βασι-

1819 516 1970 573 rant,
2010 506 2400 575 indignabundi
2437 507 2506 561 ob
2534 505 2885 562 invisibilium
2921 520 3106 575 regum
3138 519 3201 559 ac
3242 507 3389 576 prin-

131 600 273 653 λέων
298 602 390 653 καὶ
414 601 689 671 ἀρχόντων
728 600 834 653 τῶν
872 600 1119 673 ἀοράτων
1147 601 1423 673 εἰρηκέναι
1449 603 1573 666 τοὺς
1594 602 1715 654 τέσ-

132 707 313 760 σαρας
356 689 599 762 πρώτους
646 690 894 761 στίχους,
939 694 1054 763 ἅμα
1092 693 1185 746 καὶ
1222 693 1627 766 ἐπαποροῦντας
1661 694 1713 747 τί

127 779 333 851 δήποτε
384 780 556 835 ταῦτα
598 780 826 849 γίνεται.
869 777 977 834 Εἶτ’
1014 782 1245 853 ἐπείπερ
1278 781 1432 835 αὐτοὶ
1472 778 1613 853 ἦσαν
1664 784 1711 836 oi

126 872 263 935 τοὺς
291 872 609 943 ἀνθρώπους
639 873 919 944 δήσαντες,
957 876 1052 928 καὶ
1078 874 1168 927 τὸν
1200 874 1407 928 ἑαυτῶν
1435 876 1712 942 ἐπιθέντες

128 960 320 1023 αὐτοῖς
344 958 524 1028 ζυγὸν,
556 960 909 1033 ἀποκρίνεται
940 962 1077 1031 πρὸς
1104 963 1229 1027 τοὺς
1260 963 1563 1032 ἀγγέλουςὸ
1586 965 1712 1030 Υἱὸς

127 1052 228 1104 τοῦ
256 1051 411 1116 Θεοῦ,
437 1053 760 1124 προτρέπων
794 1054 989 1118 αὐτοὺς
1028 1056 1121 1108 ἐπὶ
1146 1056 1207 1108 τὸ
1238 1055 1581 1127 μιμήσασθαι
1609 1059 1709 1111 αὐ-

124 1144 225 1197 τὸν
282 1144 552 1215 ρηγνύντα
598 1148 725 1210 τοὺς
767 1147 999 1218 δεσμοὺς
1044 1148 1153 1202 τῶν
1199 1149 1560 1221 ἁμαρτωλῶν,
1615 1151 1710 1204 καὶ

125 1236 575 1305 ἀπορριπτοῦντα
607 1237 698 1291 τὸν
732 1236 896 1307 ζυγὸν
934 1239 1132 1295 αὐτῶν.
1176 1240 1566 1312 Διαρρήξωμεν
1615 1243 1709 1296 καὶ

125 1325 293 1394 ἡμεῖς
318 1326 443 1390 τοὺς
471 1328 702 1398 δεσμοὺς
739 1324 819 1392 οἷς
857 1329 1115 1401 ἑδέθημεν
1153 1330 1555 1402 ἁμαρτάνοντες
1579 1373 1593 1398 ,
1626 1333 1708 1386 ὅτι

124 1418 339 1486 σειραῖς
366 1416 471 1469 τῶν
504 1418 695 1471 ἑαυτοῦ
722 1419 1002 1491 ἁμαρτιῶν
1018 1421 1246 1485 ἕκαστος
1270 1422 1577 1492 σφίγγεται.
1598 1425 1709 1478 Καὶ

119 1506 271 1577 τάχα
304 1510 548 1579 κρεῖττον
576 1510 636 1562 τὸ
669 1510 957 1585 διαρρῆξαι
986 1514 1111 1577 τοὺς
1144 1514 1375 1585 δεσμοὺς
1399 1556 1413 1580 ,
1449 1516 1525 1579 ὡς
1557 1516 1705 1588 Σαμ-

118 1595 267 1665 ψὼν,
299 1598 393 1651 τοῦ
423 1599 581 1655 λῦσαι
614 1602 831 1668 αὐτοὺς,
863 1603 938 1667 ὡς
971 1605 1187 1659 λέλυται
1216 1606 1317 1677 τῆς
1353 1608 1707 1681 Ἰερουσαλὴμ

117 1692 154 1759 ή
194 1691 467 1764 ἁμαρτία·
500 1693 580 1746 ὅτι
611 1692 824 1759 ἐδέξατο
867 1699 930 1750 ἐκ
964 1698 1144 1770 χειρὸς
1192 1699 1395 1770 Κυρίου
1442 1700 1606 1755 διπλᾶ
1641 1702 1705 1755 τά

117 1783 498 1855 ἁμαρτήματα
527 1786 717 1859 αὐτῆς.
756 1787 814 1840 Ὀ
843 1788 899 1841 δὲ
929 1789 1237 1860 ἀπορρίψας
1269 1791 1361 1861 ἀφ’
1390 1792 1583 1847 ἑαυτοῦ
1612 1793 1702 1847 τὸν

116 1872 520 1942 προειρημένον
554 1873 718 1943 ζυγὸν
762 1876 982 1931 δύναται
1038 1880 1271 1950 χρηστὸν
1323 1882 1495 1950 Ἰησοῦ
1544 1883 1703 1954 ζυγὸν

116 1956 274 2030 ἆραι,
305 1964 399 2016 καὶ
433 1965 618 2038 φέρειν
652 1967 712 2019 τὸ
744 1967 978 2041 ἐλαφρὸν
1008 1970 1171 2023 αὑτοῦ
1208 1974 1447 2044 φορτίον,
1484 1977 1575 2029 καὶ
1610 1994 1703 2046 γε·

114 2050 310 2104 νέσθαι
340 2053 629 2123 ὑποζύγιον
659 2055 825 2109 αὐτοῦ
844 2073 856 2086 ·
889 2059 981 2111 καὶ
1012 2058 1231 2111 λύσουσι
1260 2060 1353 2113 τὸν
1388 2060 1583 2133 δεσμὸν
1609 2063 1703 2115 αύ-

113 2141 219 2195 τοῦ
243 2144 290 2195 οἱ
318 2144 574 2216 μαθηταί.

204 2237 337 2290 Τότε
370 2238 631 2307 λαλήσει
665 2239 815 2309 πρὸς
844 2241 1066 2308 αὐτοὺς
1097 2244 1168 2297 ἐν
1192 2241 1340 2313 ὀργῇ
1372 2245 1577 2311 αὐτοῦ,
1602 2247 1703 2301 καὶ

112 2328 195 2380 ἑν
242 2326 320 2393 τῷ
360 2328 524 2397 θυμῷ
559 2329 745 2383 αὐτοῦ
792 2331 1033 2400 ταράξει
1085 2336 1331 2402 αὐτούς,
1373 2353 1427 2389 κ.
1458 2354 1509 2392 τ.
1544 2338 1591 2389 ὲ.
1639 2338 1700 2391 Οἱ

112 2417 270 2486 λόγοι
308 2418 415 2473 τῶν
446 2420 685 2476 ἀπειλῶν
721 2422 855 2492 (75),
881 2424 1028 2494 λόγοι
1072 2426 1209 2479 εἰσὶν
1239 2427 1297 2480 ὲν
1334 2429 1471 2500 ὀργῇ
1520 2430 1701 2498 ἀπαγ-

112 2509 455 2580 γελλόμενοι.
502 2513 868 2584 Ὑπισχνεῖται
898 2515 954 2569 δὲ
986 2518 1014 2569 6
1038 2517 1170 2582 Θεὸς
1204 2521 1555 2591 μετανοήσειν
1594 2522 1702 2575 ἀπὸ

110 2599 229 2654 τῶν
260 2601 444 2655 κακῶν
475 2597 548 2657 ὦν
577 2602 728 2657 λαλεῖ
752 2605 847 2658 τοῦ
878 2607 1132 2677 ποιῆσαι,
1167 2609 1262 2663 ἐὰν
1298 2612 1700 2683 μετανοήσωσιν

111 2695 168 2744 οἱ
204 2695 507 2759 ἀκούοντες.
549 2695 806 2768 Ἐλάλησε
835 2699 890 2751 δὲ
915 2702 973 2753 ὲν
1004 2701 1138 2771 ὀργῇ
1164 2701 1326 2755 αὑτοῦ
1357 2703 1444 2756 διὰ
1484 2703 1637 2757 Ἰωνᾶ
1672 2708 1701 2759 6

110 2784 254 2847 Θεὸς
290 2790 401 2851 τοῖς
441 2788 773 2854 Νινευῖταις·
798 2792 893 2844 καὶ
919 2793 1041 2845 ἐπεὶ
1071 2794 1129 2847 ὲν
1167 2794 1355 2865 σάκκῳ
1382 2796 1475 2849 καὶ
1515 2796 1701 2868 σποδῷ

114 2879 485 2949 μετενόησαν,
534 2882 686 2935 οὐδὲν
725 2882 1057 2936 πεπόνθασιν
1098 2878 1172 2940 ὧν
1219 2886 1508 2957 ἀκηκόασι.
1559 2889 1701 2960 Προ-

110 2968 384 3036 εγίνωσκέ
407 2987 466 3023 τε
494 2973 523 3024 6
552 2972 703 3036 Θεὸς,
734 2974 968 3045 πέμπων
1012 2977 1105 3031 τὸν
1148 2978 1350 3045 Ἰωνᾶν,
1374 2979 1471 3051 τὴν
1501 2981 1696 3053 ἐσομέ-

109 3074 216 3127 νην
262 3059 578 3127 μετάνοιαν·
611 3063 704 3115 ἐπὶ
738 3065 982 3137 σωτηρίᾳ
1019 3066 1260 3137 δηλονότι
1287 3070 1447 3125 αὑτὸν
1484 3070 1698 3142 ἔπεμπε

108 3146 210 3200 τὸν
252 3148 459 3205 Ἱωνᾶν.
497 3152 649 3224 Τάχα
674 3154 731 3207 δὲ
754 3157 847 3209 καὶ
875 3156 1059 3211 ἐνθάδε
1084 3159 1176 3211 ἐπὶ
1209 3162 1453 3233 σωτηρίᾳ
1477 3162 1698 3234 λαλήσει

110 3239 256 3311 πρὸς
289 3242 484 3308 αὐτοὺς
514 3248 639 3311 τοὺς
667 3248 1100 3320 ἁμαρτάνοντας,
1141 3253 1199 3305 ὲν
1238 3251 1373 3325 ὀργῇ
1407 3255 1593 3310 αὐτοῦ.
1621 3257 1696 3310 Οὐ

107 3332 226 3405 γὰρ
273 3330 392 3388 εἷπε
417 3355 429 3368 ·
473 3339 709 3393 Κολάσει
744 3342 941 3404 αὐτοὺς
980 3343 1037 3394 ἐν
1070 3342 1205 3415 ὀργῇ
1248 3344 1412 3399 αὐτοῦ
1462 3348 1555 3401 καὶ
1594 3351 1701 3422 μὴν

112 3430 579 3501 μετανοήσαντας.

194 3520 305 3575 Τοῦ
357 3523 564 3577 αὐτοῦ.
607 3525 862 3595 Διαφέρει
907 3524 965 3577 δὲ
1006 3524 1177 3597 θυμὸς
1224 3527 1396 3599 ὀργῆς
1430 3531 1538 3603 (74)
1571 3571 1586 3597 ,
1625 3534 1700 3599 ῶς

106 3627 247 3679 φασι
289 3611 383 3664 καὶ
415 3614 462 3665 οἱ
497 3614 624 3685 περὶ
658 3613 726 3667 τὰ
765 3614 1001 3684 ὀνόματα
1051 3616 1232 3682 δεινοὶ,
1281 3618 1358 3689 τῷ
1391 3620 1560 3691 θυμὸν
1602 3623 1700 3693 μὲν

102 3697 255 3756 εἶναι
302 3702 471 3774 ὀργὴν
520 3704 979 3779 ἀναθυμιωμένην
1029 3708 1125 3761 καὶ
1178 3707 1256 3762 ἔτι
1299 3710 1697 3785 ἐκκαιομένην,

103 3793 286 3865 ὀργὴν
321 3792 375 3846 δὲ
405 3794 582 3866 ὄρεξιν
613 3796 1108 3868 ἀντιτιμωρήσεως.
1167 3800 1340 3852 Οἰονεὶ
1388 3796 1480 3855 οὖν
1518 3803 1701 3856 ἀτελέ-

106 3899 309 3953 στερος
360 3884 457 3954 τῆς
502 3884 673 3957 ὀργῆς
704 3888 849 3941 ἐστιν
884 3888 912 3939 ὁ
957 3888 1147 3959 θυμὸς,
1190 3890 1282 3942 καὶ
1325 3891 1423 3963 ήδη
1468 3893 1604 3964 πρὸς
1638 3896 1700 3949 τὸ

103 3972 464 4046 ἀποτέλεσμά
490 3994 543 4029 τι
583 3978 732 4032 ἐστὶν
756 3981 789 4049 ή
813 3981 971 4052 ὀργή.
1018 3981 1333 4035 Ἀκουστέον
1361 3982 1419 4035 δὲ
1463 3984 1560 4055 τῆς
1602 3987 1697 4040 ἀν-

103 4071 529 4141 τιτιμωρήσεως
561 4071 655 4126 νῦν
675 4073 751 4136 ὡς
772 4075 907 4146 πρὸς
927 4074 1025 4146 τὴν
1052 4075 1328 4148 ἡμετέραν
1362 4078 1558 4149 χρῆσιν
1578 4080 1698 4133 ἀντὶ

103 4160 213 4231 τῆς
248 4162 521 4228 κολάσεως
562 4166 660 4235 τῆς
702 4167 793 4220 ἐπὶ
838 4170 951 4231 τοῖς
988 4170 1416 4241 ἡμαρτημένοις,
1454 4172 1547 4224 καὶ
1596 4173 1695 4244 τῆς

101 4256 347 4327 ὀρέξεως
377 4258 494 4310 ἀντὶ
526 4259 624 4329 τῆς
656 4258 943 4331 θελήσεως.
983 4262 1104 4315 Ὅτι
1136 4263 1381 4333 μέντοιγε
1424 4265 1518 4318 καὶ
1555 4265 1695 4318 κατὰ

102 4348 213 4419 τὴν
238 4348 387 4403 θείαν
416 4350 636 4421 Γραφὴν
663 4351 882 4406 ἔλαττόν
906 4356 957 4407 τί
974 4355 1120 4407 ἐστιν
1142 4356 1170 4407 6
1194 4355 1365 4426 θυμὸς
1384 4357 1483 4428 τῆς
1504 4358 1693 4430 ὀργῆς,

101 4441 275 4513 δῆλον
309 4445 372 4496 ὲκ
406 4442 499 4496 τοῦ
540 4443 793 4513 λέγεσθαι
830 4445 1049 4517 ἔλεγχον
1084 4448 1180 4518 μὲν
1217 4447 1374 4521 θυμῷ
1409 4450 1693 4519 γίνεσθαι,

1817 601 1996 669 cipum
2044 609 2230 653 contra
2263 596 2542 653 Christum
2589 598 2837 663 insidias,
2868 598 3073 667 primos
3100 596 3231 652 istos
3253 613 3387 666 qua-

1817 702 1937 747 tuor
1968 691 2266 746 versiculos
2293 690 2703 760 pronuntiasse,
2738 699 2793 745 et
2821 690 2980 746 simul
3008 688 3386 743 subdubitasse

1815 783 1880 837 ad
1909 784 2037 853 quid
2067 783 2165 838 ista
2199 780 2411 837 fierent.
2449 781 2650 836 Deinde
2680 781 2939 851 quoniam
2976 780 3074 849 ipsi
3106 789 3265 835 erant
3292 778 3382 849 qui

1814 874 2061 928 homines
2088 872 2346 944 ligabant,
2374 882 2429 927 et
2459 887 2615 927 suum
2643 871 2978 940 ipsisjugum
3011 872 3381 943 imponebant,

1813 967 1887 1020 ait
1909 966 1976 1020 ad
2009 965 2231 1035 angelos
2264 980 2391 1020 suos
2417 964 2590 1019 Filius
2618 964 2736 1031 Dei,
2773 965 3069 1019 adhortans
3099 978 3213 1028 eos,
3240 975 3300 1018 ut
3327 978 3386 1019 se

1812 1058 2156 1112 imitarentur
2187 1057 2404 1111 vincula
2438 1065 2785 1125 peccatorum
2830 1057 3255 1125 disrumpentem
3284 1095 3299 1119 ,
3329 1064 3385 1111 et

1806 1150 1991 1218 jugnm
2028 1149 2266 1219 ipsorqu
2313 1148 2715 1217 projicientem.
2752 1146 3135 1216 Dirumpamus
3182 1155 3236 1201 et
3287 1161 3385 1200 nos

1810 1240 2023 1294 vincula
2050 1279 2064 1303 ,
2109 1242 2305 1309 quibus
2344 1246 2634 1308 peccantes
2681 1237 2828 1308 ligati
2878 1254 3085 1305 sumus,
3122 1238 3381 1307 quoniam

1810 1330 2031 1387 funibus
2062 1341 2410 1400 peccatorum
2444 1345 2665 1383 suorum
2701 1332 2932 1399 quisque
2971 1331 3381 1397 constringitur.

1812 1425 1878 1478 Et
1919 1423 2057 1479 forte
2088 1433 2310 1495 praestat
2365 1423 2649 1478 confestim
2700 1423 2915 1478 vincula
2951 1423 3291 1492 disrumpere
3324 1432 3381 1477 ut

1811 1515 2058 1578 Samson,
2091 1530 2250 1584 quam
2284 1514 2600 1577 dissolvere,
2633 1512 2771 1567 sicut
2817 1521 3097 1583 peceatum
3129 1509 3385 1566 llieroso—

1808 1606 1964 1677 lyma:
1993 1606 2226 1662 solutum
2261 1605 2400 1672 fuit;
2434 1606 2689 1677 quoniam
2724 1604 2927 1673 recepit
2963 1604 3030 1659 de
3075 1618 3239 1657 manu
3280 1605 3382 1657 Do-

1810 1698 1939 1753 mini
1972 1698 2208 1769 duplicia
2242 1706 2469 1769 peccata
2503 1714 2621 1753 sua.
2652 1696 2756 1764 Qui
2792 1712 2921 1751 vero
2948 1681 3263 1765 praedictum
3292 1695 3384 1765 ju-

1808 1807 1932 1862 gum
1967 1807 1997 1845 a
2026 1806 2082 1847 se
2110 1790 2347 1862 proiicit,
2383 1800 2558 1861 potest
2590 1804 2760 1845 suave
2791 1788 2913 1845 Jesu
2946 1790 3133 1859 jugum
3172 1789 3379 1852 tollere,

1806 1892 1859 1937 et
1906 1884 2022 1937 leve
2064 1883 2231 1951 ipsius
2265 1898 2401 1938 onus
2439 1883 2613 1945 ferre,
2644 1893 2699 1937 et
2734 1883 2849 1936 fieri
2902 1880 3181 1952 subjugale
3221 1880 3377 1951 ejus:

1805 1986 1969 2045 atque
2000 1975 2249 2045 discipuli
2284 1976 2557 2030 vinculum
2590 1976 2757 2046 ipsius
2798 1974 3030 2029 solvent.

1876 2243 2038 2299 Vens.
2081 2244 2135 2297 5.
2174 2243 2320 2296 Tunc
2344 2243 2593 2312 loquetur
2626 2243 2695 2297 ad
2726 2259 2812 2297 eos
2862 2243 2915 2296 in
2947 2242 3031 2295 ira
3069 2256 3166 2294 sua
3189 2280 3204 2305 ,
3247 2249 3295 2294 et
3326 2256 3383 2294 ιη

1805 2332 1985 2403 furore
2015 2349 2111 2386 suo
2157 2333 2492 2387 conturbabit
2517 2349 2638 2397 eos,
2672 2343 2778 2387 etc.
2819 2331 3114 2386 Sermones
3154 2331 3381 2385 commi-

1804 2422 1997 2475 natorii
2024 2431 2449 2476 suntsermones
2467 2422 2561 2492 qui
2592 2422 2643 2475 in
2670 2422 2746 2475 ira
2775 2419 3212 2491 pronuntiantur.
3244 2418 3381 2473 Mala

1803 2521 1982 2566 autem
2018 2525 2138 2582 qua:
2169 2511 2381 2566 dixerat
2414 2511 2556 2567 Deus
2593 2526 2652 2567 se
2686 2512 3083 2580 irrogaturum,
3113 2509 3383 2579 promittit

1801 2618 1861 2657 se
1894 2611 2338 2667 retractaturum,
2363 2601 2408 2655 si
2431 2602 2810 2670 paenitentiam
2843 2601 3055 2671 egerint
3084 2602 3380 2656 auditores.

1801 2694 2040 2749 Locutus
2072 2704 2155 2749 est
2188 2696 2240 2748 in
2274 2695 2351 2749 ira
2386 2710 2483 2750 sua
2512 2695 2651 2750 Deus
2681 2711 2776 2765 per
2801 2694 2992 2749 Jonam
3024 2692 3284 2748 Ninivitis
3312 2693 3378 2759 ’δίς

1802 2787 2132 2855 etquoniam
2158 2787 2213 2839 in
2240 2801 2401 2841 sacco
2444 2797 2498 2841 et
2526 2786 2708 2841 cinere
2732 2787 3109 2855 paenitentiam
3132 2794 3378 2855 egerunt,

1803 2880 1932 2933 nihil
1978 2879 2121 2948 passi
2153 2887 2279 2933 sunt
2315 2894 2503 2933 eorum
2536 2893 2654 2948 quae
2685 2878 3032 2932 audiverant.
3079 2876 3376 2933 Praescive»
3460 2926 3477 2943 ι

1805 2982 1886 3027 rat
1913 2987 2105 3041 nempe
2129 2972 2289 3039 Deus,
2322 2989 2443 3027 cum
2471 2971 2664 3027 Jonam
2698 2972 2969 3036 mittebat,
2997 2970 3238 3026 facturos
3272 2986 3382 3040 pte-

1804 3063 2086 3118 nitentiam
2132 3062 2402 3132 siquidem
2467 3062 2661 3118 Jonam
2719 3062 2785 3120 iis
2858 3063 3003 3117 misit
3040 3064 3091 3117 in
3127 3064 3377 3119 salutem.

1805 3155 1965 3212 Forte
1996 3171 2129 3211 vero
2159 3155 2326 3209 etiam
2367 3157 2457 3209 hic
2490 3157 2556 3208 ad
2590 3156 2817 3211 salutem
2851 3156 3101 3226 loquetur
3130 3159 3197 3211 ad
3234 3158 3380 3228 ipsos

1805 3258 2122 3316 peccatores
2152 3248 2203 3301 in
2248 3248 2328 3300 ira
2367 3263 2485 3302 sua.
2513 3246 2627 3302 Non
2666 3249 2812 3302 enim
2847 3248 3021 3302 dixit:
3055 3248 3249 3305 Puniet
3285 3265 3381 3306 eos

1803 3342 1857 3394 in
1894 3340 1972 3394 ira
2009 3354 2128 3404 sua,
2167 3339 2384 3394 etiamsi
2417 3340 2793 3409 paenitentiam
2826 3342 3058 3410 egerint.

1873 3520 2029 3594 54],
2076 3521 2355 3592 Ejusdem.
2409 3520 2677 3576 leerum
2709 3520 2862 3575 furor
2891 3523 2972 3591 (ut
3017 3523 3168 3575 aiunt
3212 3522 3377 3591 periti

1803 3613 2104 3684 nominum)
2148 3613 2328 3670 differt
2370 3615 2438 3668 ab
2476 3613 2580 3681 ira,
2612 3616 2757 3683 quod
2789 3613 2940 3667 furor
2972 3615 3052 3668 ira
3096 3614 3167 3685 sit
3211 3613 3378 3668 furni-

1801 3721 1936 3775 gans
1957 3717 2013 3761 et
2043 3707 2222 3761 adhuc
2252 3722 2507 3771 accensa,
2539 3707 2619 3761 ira
2645 3722 2772 3761 vero
2801 3706 3063 3777 appetitio
3101 3706 3375 3761 vindictae.

1800 3796 1943 3865 Ergo
1983 3796 2152 3851 veluti
2197 3797 2569 3866 imperfectior
2601 3796 2680 3853 ira
2710 3804 2793 3852 est
2822 3794 2975 3850 furor
2996 3834 3012 3861 ,
3048 3794 3160 3863 jam
3195 3806 3377 3849 autem

1802 3888 1852 3941 in
1878 3888 2209 3958 perfectione
2240 3889 2473 3958 quadam
2502 3897 2588 3943 est
2624 3888 2733 3942 ira.
2782 3886 2938 3942 Nunc
2978 3887 3217 3942 vindicta
3256 3896 3377 3940 tan-

1800 3996 1963 4050 quam
2002 3983 2054 4035 in
2085 3982 2375 4036 utilitatem
2433 3990 2679 4036 nostram
2729 3997 2832 4051 pro
2865 3982 3131 4052 snpplicio
3166 3981 3379 4036 delictis

1801 4075 2003 4139 debito,
2059 4083 2113 4129 et
2158 4074 2418 4144 appetitio
2468 4090 2567 4143 pro
2605 4073 2887 4128 voluntate
2912 4074 3228 4144 accipienda
3272 4081 3376 4130 est.

1800 4166 1952 4234 Quod
1986 4176 2165 4221 autem
2190 4164 2343 4220 furor
2377 4166 2555 4220 minor
2585 4166 2655 4221 sit
2684 4165 2761 4218 ira
2802 4166 2972 4235 liquet
3001 4180 3065 4221 ex
3093 4165 3377 4234 Scriptura

1798 4258 2035 4326 dicente,
2071 4259 2549 4329 reprehensionem
2596 4260 2648 4312 in
2702 4259 2925 4324 furore,
2969 4258 3377 4327 castigationem

1802 4352 1856 4407 in
1891 4353 1970 4406 ira
2008 4352 2149 4408 fieri.
2194 4351 2413 4409 Dicitur
2461 4354 2606 4408 enim
2632 4352 2678 4383 ’⁸³
2711 4370 2726 4407 :
2764 4371 2781 4403 ι
2823 4351 3068 4416 Domine,
3103 4364 3168 4403 ne
3200 4350 3251 4401 in
3289 4348 3375 4399 fu-

1801 4460 1925 4501 rore
1947 4453 2037 4501 tuo
2063 4462 2261 4517 arguas
2287 4462 2394 4511 me,
2417 4462 2592 4517 neque
2620 4446 2672 4500 in
2705 4445 2782 4499 ira
2812 4455 2899 4498 tua
2931 4441 3196 4509 corripias
3226 4454 3365 4493 me.»

103 4533 398 4586 παίδευσιν
442 4534 497 4587 δὲ
539 4535 697 4607 ὀργῇ.
754 4536 965 4608 (Κύριε
991 4556 1008 4588 ι
1046 4537 1192 4609 γὰρ,
1239 4541 1404 4610 φησι,
1460 4561 1477 4593 ι
1514 4543 1587 4615 μὴ
1619 4545 1697 4617 τῷ

1809 4539 2065 4609 Arguitur
2105 4539 2153 4593 is
2193 4540 2281 4608 qui
2312 4541 2489 4595 adhuc
2524 4552 2675 4608 spem
2714 4537 2884 4590 habet
2914 4533 3028 4587 fore
3057 4542 3114 4587 ut
3151 4540 3377 4586 sanetur

103 4624 275 4697 θυμῷ
300 4642 392 4679 σου
432 4626 654 4698 ἐλέγξῃς
682 4645 771 4697 με,
812 4627 944 4698 μηδὲ
991 4631 1056 4698 τῇ
1090 4630 1227 4701 ὀργῇ
1272 4648 1365 4683 σου
1400 4634 1695 4707 παιδεύσῃς

104 4736 204 4792 με.
240 4738 259 4770 ι
290 4718 598 4789 Ἐλέγχεται
626 4719 733 4771 δὲὸ
756 4717 835 4770 ἔτι
866 4717 1056 4770 ἐλπίδα
1096 4717 1233 4788 ἔχων
1266 4719 1563 4791 θεραπείας
1597 4724 1697 4794 τῆς

100 4813 280 4884 χωρὶς
312 4810 559 4880 βασάνων
591 4809 678 4862 διὰ
711 4808 869 4877 λόγου
902 4808 1313 4879 καθαπτομένου
1337 4827 1349 4839 ·
1382 4813 1409 4863 6
1441 4812 1496 4864 δὲ
1533 4813 1697 4885 μηδὲν

96 4905 206 4959 ἀπ’
248 4902 472 4973 ἐλέγχου
518 4902 820 4973 ὠφεληθεὶς
862 4901 1054 4973 χρῄζει
1099 4902 1432 4967 παιδεύσεως
1474 4905 1573 4976 τῆς
1610 4905 1698 4959 διὰ

102 4996 393 5068 μαστίγων
447 4996 540 5048 καὶ
583 4994 815 5067 ῥάϐδων.
866 4996 1023 5048 Πᾶσα
1055 4993 1162 5066 γὰρ
1204 4994 1417 5048 παιδεία
1455 4996 1590 5068 πρὸς
1633 4996 1695 5049 τὸ

99 5090 288 5160 παρὸν
323 5088 384 5141 ού
412 5087 557 5141 δοκεί
584 5089 757 5157 χαρᾶς
791 5083 945 5152 εἶναι,
986 5085 1121 5139 ἀλλὰ
1153 5085 1349 5157 λύπηςο
1384 5086 1606 5158 ὕστερον
1633 5087 1689 5140 δὲ

99 5182 324 5254 καρπὸν
352 5180 624 5252 εἰρηνικὸν
649 5182 761 5243 τοῖς
792 5180 857 5233 δι’
880 5180 1047 5250 αὐτῆς
1066 5180 1535 5251 γεγυμνασμένοις
1557 5180 1691 5233 ἀπο-

96 5274 292 5327 δίδωσι
314 5272 677 5341 δικαιοσύνης.
713 5270 949 5340 Λαλήσει
970 5272 1149 5323 τοίνυν
1179 5272 1207 5324 6
1236 5270 1368 5335 Θεὸς
1410 5272 1546 5343 πρὸς
1568 5271 1694 5333 τοὺς

101 5365 505 5437 ἡμαρτηκότας
535 5364 629 5427 οὒς
659 5363 859 5433 ἐκγελᾷ
904 5365 997 5416 καὶ
1037 5364 1356 5437 μυκτηρίζει
1405 5363 1483 5417 ἔτι
1535 5364 1695 5429 ὄντας

102 5462 169 5513 ὲν
193 5459 310 5520 τοῖς
342 5454 771 5527 παραπτώμασι,
805 5456 899 5507 καὶ
930 5453 996 5506 δι’
1026 5455 1377 5526 ἀναισθησίαν
1403 5455 1542 5527 μέγα
1566 5473 1699 5528 φρο-

180 5593 226 5624 ⁸²
258 5592 385 5648 Jon.
414 5607 495 5646 tn.
571 5592 615 5623 ’δ’
642 5590 730 5647 Ps.
765 5605 837 5657 vt,
873 5590 923 5643 1.

180 5708 297 5778 (7'5)
344 5709 527 5778 Οὶλό)
544 5726 595 5761 οι
624 5708 740 5762 τῶν
767 5705 1051 5771 ἀπειλῶν,
1086 5718 1191 5778 etc.
1258 5706 1297 5761 E
1357 5708 1540 5763 codice
1593 5708 1689 5762 Ba-

102 5777 392 5840 rueciauo,
428 5793 481 5831 et
506 5777 536 5833 e
582 5780 785 5837 Catena
814 5779 1080 5835 Curderii.
1116 5777 1306 5834 Latine
1349 5788 1569 5835 exstant
1630 5780 1685 5835 in

101 5852 315 5905 Catena
344 5847 586 5905 Barbari.

1806 4630 1984 4684 verbis
2006 4630 2213 4699 absque
2240 4631 2525 4697 examine;
2558 4632 2647 4686 cui
2678 4638 2859 4683 autem
2891 4625 3241 4694 reprehensio
3269 4639 3372 4676 non

1803 4720 2025 4791 profuit,
2082 4722 2128 4777 is
2180 4723 2386 4792 indiget
2434 4724 2779 4792 correptione
2813 4734 2936 4788 qua:
2972 4720 3028 4771 tit
3061 4714 3284 4785 ﬂagellis
3321 4722 3378 4768 et

1802 4814 1989 4885 virgis.
2014 4814 2305 4883 Correptio
2337 4825 2520 4869 autem
2551 4814 2737 4868 statim
2764 4813 2983 4881 quidem
3020 4825 3125 4862 non
3163 4807 3376 4861 videtur

1795 4904 2037 4973 jucunda
2071 4915 2125 4961 et
2153 4907 2291 4961 citra
2327 4906 2658 4969 molestiam,
2701 4914 2893 4973 postea
2928 4916 3058 4956 vero
3086 4901 3373 4970 pacificum

1799 4998 2023 5068 justitiae
2053 5001 2287 5055 fructum
2321 5000 2483 5055 affert
2516 4999 2583 5052 iis
2616 4996 2779 5066 quiin
2807 5010 2868 5049 ea
2892 4994 3114 5051 exerciti
3149 4992 3371 5047 fuerint.

1797 5092 1876 5146 Ad
1914 5102 2230 5163 peccatores
2268 5093 2431 5163 igitur
2453 5106 2590 5162 quos
2630 5090 2821 5145 irridet
2844 5099 2897 5144 et
2919 5089 3219 5143 subsannat
3247 5087 3373 5140 dum

1797 5184 1974 5239 adhuc
1999 5184 2051 5239 in
2085 5186 2328 5254 peccatis
2362 5193 2508 5247 sunt,
2547 5191 2601 5238 et
2627 5198 2741 5252 prae
2770 5181 3097 5237 hebetudine
3120 5192 3370 5233 sensuum

1799 5276 1866 5330 de
1899 5276 2138 5347 propriis
2166 5277 2323 5332 malis
2377 5288 2629 5345 tanquam
2678 5275 2835 5329 bonis
2894 5288 3015 5329 sese
3049 5269 3276 5326 efferunt
3308 5284 3371 5320 ac

1800 5368 2123 5438 gloriantur,
2145 5370 2394 5438 loquetur
2420 5370 2565 5424 Deus
2591 5369 2644 5422 iu
2674 5369 2750 5422 ira
2779 5382 2898 5430 sua,
2929 5380 2983 5419 et
3009 5364 3126 5418 illos
3152 5369 3371 5416 OSlettSu

1806 5460 1991 5517 furore
2017 5463 2389 5517 conturbabit.
2432 5462 2567 5517 Cum
2591 5462 2737 5516 enim
2768 5474 2948 5516 sermo
2980 5459 3162 5511 furore
3180 5453 3372 5523 plenus

1873 5709 1982 5783 (74)
2007 5710 2271 5780 Διαφέρει
2298 5711 2365 5764 δὲ
2392 5711 2578 5783 θυμὸς
2604 5708 2805 5783 ὀργῇς,
2843 5707 3011 5783 etcLE
3039 5707 3233 5783 codice
3266 5705 3369 5761 Ba-

1798 5778 2070 5838 ruéciano.
2101 5778 2290 5839 Latine
2318 5778 2583 5837 habentur
2614 5782 2666 5835 in
2701 5780 2904 5834 Catena
2930 5778 3172 5834 Barbari.
