3834 6388
364 295 505 352 “07

1735 297 1824 352 EX
1860 295 2158 354 ORIGENE

3463 274 3607 355 tios

290 397 292 399 ό
365 412 446 467 eis
481 411 677 468 timore
704 420 866 481 queat
892 411 1273 483 poenitentiam
1314 415 1524 482 indere,
1567 431 1671 471 non
1703 425 1901 486 repenti

2030 414 2251 479 νοῦντας
2283 415 2359 480 ὡς
2391 417 2482 470 ἐπὶ
2505 417 2726 488 ἀγαθοῖς
2750 419 2861 482 τοῖς
2888 416 3036 480 ἰδίοις
3053 419 3260 480 κακοῖς,
3287 415 3344 469 ὲν
3367 416 3433 487 τῇ
3462 415 3601 486 ὀργῆ

360 504 523 558 infert
573 503 837 574 supplicia
889 515 945 559 et
975 506 1248 561 cruciatus
1292 508 1608 578 priusquam
1641 509 1928 579 rejecerint

359 611 476 651 eam
512 613 630 666 qua:
669 583 976 652 lenioribus‘
1014 598 1266 653 remediis
1301 600 1641 669 pr0ponitur,
1685 602 1926 655 curatio—

360 703 507 742 nem.
540 688 882 757 Quapropter
910 689 1102 744 beatus
1146 689 1343 746 Paulus
1379 693 1447 745 ad
1474 691 1926 748 Thessalonicen-

359 794 448 834 ses
478 781 727 834 scribens
760 781 826 834 de
857 780 1058 835 Iudaeis
1079 781 1172 850 qui
1203 783 1488 838 Dominum
1513 785 1923 850 cruciﬁxerunt,

360 871 434 924 ait
455 870 543 927 ”:
581 889 598 921 ι
635 869 902 926 Prmvenit
937 888 1100 942 super
1125 874 1249 928 illos
1277 875 1355 928 ira
1393 891 1568 945 usque
1604 877 1655 931 in
1680 877 1860 932 linem.
1901 899 1919 930 ι

354 963 439 1017 An
489 977 596 1018 non
648 963 1008 1032 przenuntiata
1049 979 1147 1034 per
1193 968 1488 1037 prophetas
1531 968 1609 1022 ira
1667 971 1927 1038 prarvenit

355 1069 520 1122 super
549 1053 670 1109 illos
703 1054 792 1123 qui
827 1055 1148 1124 gravissima
1195 1073 1423 1129 qumque
1472 1070 1527 1114 et
1570 1059 1920 1116 acerbissima

354 1159 384 1197 a
421 1143 678 1198 Romanis
701 1145 939 1215 perpessi
981 1149 1154 1200 sunt?

426 1417 587 1474 Vsus.
623 1419 678 1476 8.
702 1417 924 1475 Postula
948 1439 979 1475 a
1014 1439 1115 1485 me,
1142 1434 1188 1478 et
1212 1424 1347 1476 dabo
1379 1424 1474 1478 tibi
1497 1433 1671 1494 gentes
1695 1425 1918 1480 Itwtedi-

354 1518 512 1563 tatem
553 1520 720 1574 tuam,
765 1523 814 1566 et
846 1515 1225 1582 possessionem
1267 1524 1410 1568 tuam
1450 1517 1703 1571 terminos
1733 1527 1910 1580 teme,

349 1609 456 1656 etc.
496 1600 836 1660 Constitutus
883 1606 1026 1660 enim
1079 1616 1182 1672 est,
1219 1617 1488 1676 quatenus
1513 1609 1696 1672 homo,
1743 1611 1913 1666 haeres

346 1695 588 1752 omnium
619 1713 718 1768 per
745 1699 1228 1770 dispensationem,
1265 1708 1324 1754 ut
1351 1700 1626 1770 deinceps,
1656 1709 1912 1771 tanquam

349 1791 416 1846 ad
447 1806 506 1847 se
529 1801 865 1863 spectantem
898 1803 952 1850 et
995 1794 1269 1864 propriam
1309 1810 1464 1851 suam
1501 1795 1872 1850 haereditatem
1894 1837 1908 1859 ,

343 1893 696 1940 conservaret
727 1901 823 1942 eos
847 1887 941 1957 qui
966 1887 1019 1942 in
1045 1897 1190 1944 terra
1213 1886 1476 1956 sacrilege
1496 1886 1725 1956 dispersi
1756 1897 1913 1942 erant

344 1988 376 2028 a
405 1974 642 2042 diabolo,
676 1977 945 2047 sociisque
977 1978 1096 2047 ejus
1126 1978 1422 2034 virtutibus
1462 1977 1738 2047 malignis.
1771 1978 1910 2047 Quin

340 2069 398 2115 et
429 2073 644 2132 peracta
674 2063 786 2132 jam
815 2051 1240 2134 diSpensatione,
1281 2067 1351 2123 de
1382 2068 1540 2123 nobis
1587 2069 1653 2122 ad
1695 2066 1920 2122 Patrem.

344 2166 500 2206 suum
555 2154 686 2208 dicit
709 2155 800 2208 διε
837 2175 854 2208 ι
897 2155 1042 2224 Quos
1093 2158 1286 2213 dedisti
1328 2159 1458 2212 mihi
1488 2159 1553 2214 de
1580 2161 1802 2223 mundo,
1834 2161 1910 2214 tui

342 2252 524 2307 erant,
555 2254 610 2300 ct
655 2246 789 2300 mihi
830 2261 924 2302 eos
957 2247 1172 2303 dedisti.
1206 2268 1224 2301 ι
1261 2248 1557 2304 Considera
1601 2265 1732 2306 vero
1775 2265 1910 2320 quo-

342 2337 501 2392 modo
524 2339 590 2393 ad
616 2339 832 2394 divitias
855 2340 956 2395 sibi
979 2341 1274 2397 secundum
1304 2358 1522 2400 carnem
1542 2354 1910 2414 competentes

343 2430 781 2484 ascendatetiam
799 2446 919 2485 cum
949 2445 1138 2486 carne.
1161 2432 1218 2488 Si
1241 2434 1387 2488 enim
1419 2434 1476 2500 ii,
1513 2436 1602 2504 qui
1625 2436 1677 2490 in
1711 2437 1910 2491 mundo

341 2528 520 2582 erant,
546 2519 724 2574 Patris
749 2531 928 2588 erant,
961 2523 1150 2593 utique
1188 2523 1414 2595 intelligi
1464 2538 1691 2597 possunt
1739 2530 1904 2584 etiam

343 2624 464 2662 esse
494 2608 676 2678 aliquo
719 2612 876 2666 modo
907 2613 1084 2678 Verbi,
1119 2613 1274 2682 cujus
1297 2613 1530 2671 conSilio
1572 2627 1768 2674 cuncta
1812 2635 1908 2689 ge—

342 2699 448 2777 rit;
481 2701 750 2772 siquidem
776 2705 938 2758 etiam
966 2705 1196 2761 dixit“:
1226 2727 1243 2760 ι
1268 2708 1457 2764 Omnia
1487 2724 1605 2765 mea
1632 2719 1720 2765 tua
1758 2721 1903 2776 sunt,

339 2801 393 2846 et
428 2801 516 2847 tua
549 2809 690 2860 mea,
724 2805 780 2850 et
831 2795 1160 2855 clariﬁcatus
1198 2816 1317 2856 sum
1351 2801 1402 2856 in
1435 2801 1532 2856 eis.
1571 2821 1589 2854 ι
1625 2801 1907 2869 Quomodo

341 2884 510 2952 igitur
535 2886 810 2954 postulare
831 2889 1074 2960 jubetur,
1108 2901 1162 2946 et
1189 2893 1386 2962 accipit
1417 2892 1635 2962 quidem
1660 2893 1714 2948 in
1741 2894 1906 2948 hatre-

344 2969 566 3026 ditatem
607 2983 823 3043 gentes,
861 2979 1260 3047 possessionem
1299 2996 1428 3036 vero
1464 2980 1598 3037 facit
1643 2983 1904 3039 terminos

349 3063 544 3117 terrae?
579 3064 782 3138 Nempe
827 3083 946 3123 cum
974 3070 1247 3126 hominem
1272 3086 1300 3126 a
1332 3073 1513 3127 divino
1536 3074 1758 3130 servitio
1787 3075 1903 3131 ina-

337 3152 480 3206 niter
510 3155 839 3212 resilientcm
896 3159 1092 3215 salvari
1125 3160 1283 3234 552
1321 3162 1501 3230 vellet,
1553 3165 1781 3220 Genitor
1837 3182 1902 3222 ac

337 3241 508 3300 Pater
528 3247 763 3302 Verbum
795 3251 1130 3322 unigenitum
1161 3255 1214 3308 iu
1243 3255 1500 3310 mundum
1555 3261 1700 3313 hunc
1729 3257 1898 3323 misit,

335 3341 395 3387 ut
441 3351 570 3390 caro
623 3336 844 3404 factum,
876 3350 930 3394 et
963 3343 1441 3414 comprehensum,
1476 3355 1531 3402 et
1567 3359 1757 3404 natura
1792 3365 1897 3403 non

334 3435 618 3494 mutatum,
635 3431 955 3498 praedicaret
982 3436 1211 3506 captivis
1235 3437 1644 3511 indulgentiam,
1671 3454 1726 3499 et
1744 3445 1900 3500 caecis

335 3517 529 3572 visum.
563 3518 748 3590 itaque
780 3525 1029 3592 quamvis
1059 3528 1129 3582 ob
1159 3528 1551 3588 humanitatem
1574 3533 1785 3589 dicatur
1807 3551 1898 3592 ac-

333 3613 535 3682 cipere,
573 3623 629 3670 et
681 3616 856 3673 haeres
905 3619 1236 3678 constitutus
1268 3638 1414 3690 esse,
1455 3641 1560 3682 non
1590 3629 1898 3698 ignoremus

328 3703 811 3771 dispensationem.

401 3793 683 3865 Ejusdem.
707 3797 812 3854 Per
837 3802 1207 3860 [nereditatem
1236 3808 1483 3879 intelligit
1507 3811 1733 3868 rationis
1753 3827 1899 3869 com-

327 3894 508 3950 potem
534 3897 811 3957 naturam,
845 3908 963 3962 qua:
991 3896 1108 3964 ipsa
1152 3897 1482 3967 haereditat;
1505 3903 1644 3958 sicut
1682 3906 1896 3974 sapien-

331 3975 485 4040 tiam,
510 3975 586 4030 ita
631 3987 686 4032 et
721 3981 1032 4049 scientiam,
1079 3994 1134 4040 et
1166 3988 1491 4059 veritatem,‘_
1517 4000 1569 4046 et
1599 3991 1888 4059 justitiam.

325 4067 420 4122 Est
447 4079 628 4125 autem
660 4072 955 4131 hereditas
1000 4087 1208 4132 natum
1256 4081 1602 4138 rationabilis
1647 4096 1891 4141 contem-

323 4159 492 4226 platio
517 4176 903 4232 corporearum
935 4176 989 4222 et
1013 4168 1458 4240 incorporearum
1489 4189 1690 4241 rerum,
1720 4187 1774 4232 et
1797 4178 1892 4235 Dei

321 4255 412 4319 qui
442 4255 684 4310 omnium
723 4273 884 4314 causa
917 4271 1019 4316 est.

399 4343 558 4400 Vens.
594 4349 647 4404 9.
679 4346 872 4404 Pasce:
901 4369 988 4405 eos
1017 4354 1070 4405 in
1098 4353 1241 4424 virga
1264 4354 1460 4424 ferrea,
1493 4370 1738 4428 tanquam
1767 4383 1888 4421 vasa

1971 547 1976 558 .
2030 505 2224 571 αὑτοῦ,
2259 507 2352 560 καὶ
2382 508 2628 579 ἐμφήνας
2659 509 2718 562 τὸ
2755 505 3078 578 θυμοῦσθαι,
3116 505 3340 578 ταράξει
3378 503 3596 566 αὐτούς.

2028 597 2102 649 Οὐ
2130 595 2239 667 γὰρ
2273 595 2484 667 ἀθρόως
2515 599 2729 667 ἐπάγει,
2765 595 3293 668 προεπιστρετιτικοῦ
3319 595 3476 662 λόγου
3511 611 3601 647 τε-

2027 685 2351 757 θυμωμένου
2385 685 2534 758 φόδῳ
2570 688 2858 758 μετάνοιαν
2888 687 3068 752 αὐτοῖς
3105 686 3404 757 ἐμποιῆσαι
3433 686 3599 740 δυνα-

2030 777 2211 849 μένου,
2242 778 2504 848 βασάνους
2537 782 2630 834 καὶ
2657 781 2904 843 κολάσεις
2938 780 3066 852 πρὶν
3100 780 3352 832 ἀπειπεῖν
3396 779 3597 842 αὐτοὺς

2025 870 2121 940 τὴν
2159 869 2246 924 διὰ
2286 869 2393 923 τῶν
2431 869 2945 942 φιλανθρωποτέρων
2981 867 3296 940 θεραπείαν
3327 867 3594 921 Θεσσαλοο

2024 962 2172 1016 νικεῦ
2180 980 2230 1016 σι
2246 963 2375 1031 γοῦν
2393 963 2617 1034 γράφων
2633 964 2662 1015 ό
2679 963 2944 1034 μακάριος
2961 961 3168 1025 Παῦλος
3185 978 3250 1014 πε
3259 961 3311 1032 pl.
3326 959 3594 1012 Ἰουδαίων

2023 1055 2128 1109 τῶν
2164 1055 2589 1124 σταυρωσάντων
2620 1054 2710 1107 τὸν
2751 1053 2952 1124 Κύριον
2976 1092 2990 1115 ,
3027 1053 3221 1122 φησίν·
3258 1070 3276 1102 ι
3319 1050 3595 1119 Ἔφθασεν

2023 1148 2108 1202 ἐπ’
2137 1147 2331 1212 αὐτοὺς
2364 1150 2396 1218 ἡ
2435 1146 2574 1219 ὀργὴ
2610 1147 2691 1208 εἰς
2724 1143 2893 1209 τέλος.
2921 1163 2940 1196 ι
2983 1145 3054 1196 Ἦ
3089 1143 3190 1196 οὐκ
3230 1141 3460 1212 ἔφθασεν
3503 1142 3592 1192 ἐπ’

2021 1241 2214 1304 αὐτοὺς
2245 1239 2333 1292 διὰ
2370 1239 2651 1311 προφήτας
2690 1238 2722 1308 ἡ
2762 1235 3281 1308 προαναφωνηθεῖσα
3315 1232 3451 1305 ὀργὴ
3485 1249 3593 1285 πα-

2021 1332 2207 1394 θόντας
2237 1331 2343 1384 ὑπὸ
2378 1327 2660 1400 Ῥωμαίων
2688 1329 2862 1382 πάντα
2895 1324 3044 1403 δεινᾲ
3072 1326 3165 1379 καὶ
3192 1325 3500 1396 ἁνήκεστας

2089 1424 2340 1491 Αἵτησαι
2396 1423 2531 1490 παρ’
2560 1421 2728 1491 ἐμοῦ,
2787 1421 2884 1474 καὶ
2936 1418 3108 1474 δώσω
3150 1435 3248 1472 σοι
3280 1419 3423 1486 ἔθνη
3474 1417 3594 1488 τὴν

2018 1515 2424 1584 κληρονομίαν
2473 1528 2621 1577 σου,
2662 1513 2760 1569 καὶ
2794 1511 2910 1579 τὴν
2951 1509 3322 1579 κατάσχεσιν
3347 1523 3466 1562 σου
3515 1508 3593 1564 τὰ

2017 1608 2240 1677 πέρατα
2275 1604 2386 1674 τῆς
2415 1603 2549 1674 γῆς,
2581 1621 2634 1658 κ.
2673 1622 2724 1658 τ.
2757 1605 2805 1658 ὲ.
2841 1603 3088 1656 Τέθειται
3126 1600 3234 1672 γὰρ
3267 1601 3342 1664 ὡς
3372 1600 3579 1672 ἂνθρω-

2017 1716 2116 1762 πος
2147 1697 2482 1769 ’κληρονόμος
2513 1696 2730 1750 πάντων
2758 1692 3134 1765 οἰκονομικῶς,
3181 1693 3269 1747 ἵνα
3303 1691 3487 1746 λοιπὸν
3511 1692 3590 1757 ὡς

2016 1788 2164 1859 αὐτῷ
2191 1787 2536 1860 προσήκοντά
2564 1803 2623 1840 τε
2655 1787 2748 1840 καὶ
2787 1785 2915 1840 ἴδιον
2950 1783 3204 1856 ἀνασώσῃ
3231 1783 3430 1855 κλῆρον
3461 1785 3590 1846 τοὺς

2015 1879 2106 1932 ἐπὶ
2132 1879 2232 1949 τῆς
2261 1877 2366 1948 γῆς
2394 1878 2624 1940 ἀνοσίως
2653 1875 3078 1948 διεσπαρμένους
3115 1873 3220 1927 ὑπό
3247 1890 3306 1925 τε
3341 1871 3434 1926 τοῦ
3466 1872 3584 1925 δια-

2016 1970 2169 2024 δόλου
2191 1972 2284 2023 καὶ
2301 1968 2408 2022 τῶν
2435 1970 2530 2023 σὺν
2553 1967 2700 2039 αὐτῷ
2718 1967 2995 2037 δυνάμεων
3014 1963 3263 2034 πονηρῶν
3280 1979 3293 1993 ο
3318 1955 3378 2016 οὗ
3397 1961 3488 2026 καὶ
3504 1961 3584 2025 εἰς

2015 2067 2187 2138 πέρας
2224 2064 2602 2136 ὲνηνεγμένου,
2640 2062 2775 2135 πρὸς
2807 2061 2897 2114 τὸν
2944 2057 3134 2112 ἑαυτοῦ
3173 2056 3392 2130 Πατέρα
3450 2054 3584 2126 φησι

2013 2160 2138 2230 περί
2171 2157 2354 2228 ἡμῶν·
2397 2176 2413 2206 ι
2444 2153 2550 2219 Οὓς
2598 2153 2833 2216 δέδωκάς
2869 2169 2954 2224 μοι
2997 2153 3060 2203 ἐκ
3099 2149 3192 2202 τοῦ
3240 2149 3465 2218 κόσμου,

2010 2245 2184 2320 ἦσαν,
2214 2247 2307 2300 καὶ
2346 2245 2470 2316 ἐμοὶ
2530 2240 3026 2306 αὐτοὺςδέδωκας.
3059 2258 3076 2289 ι
3129 2236 3320 2307 Ἀθρει
3371 2235 3436 2306 δὴ
3489 2229 3581 2286 οὖν

2010 2343 2157 2405 ὅπως
2186 2341 2264 2404 εἰς
2301 2338 2391 2391 τὸν
2424 2337 2740 2408 ὑπάρχοντα
2770 2332 2919 2404 αὐτῷ
2966 2330 3192 2385 πλοῦτον
3240 2327 3384 2382 κατά
3423 2327 3584 2397 φύσιν

2011 2433 2182 2487 ἄνεισι
2227 2430 2321 2483 καὶ
2374 2427 2513 2500 μετὰ
2553 2427 2773 2499 σαρκός.
2804 2426 2866 2478 Εἰ
2897 2423 3003 2495 γὰρ
3030 2419 3170 2494 ἦσαν
3209 2423 3258 2474 οἰ
3295 2423 3352 2473 ὲν
3394 2420 3581 2489 κόσμῳ

2009 2523 2104 2577 τοῦ
2135 2522 2368 2594 Πατρὸς,
2397 2519 2541 2573 κατά
2571 2535 2695 2574 τινα
2723 2518 2923 2587 τρόπον
2949 2513 3189 2585 νοηθεῖεν
3219 2512 3284 2566 ἂν
3311 2510 3405 2564 τοῦ
3440 2527 3577 2580 συμ-

2010 2615 2350 2678 ϐουλεύοντος
2401 2611 2552 2684 αὐτῷ
2606 2611 2810 2680 Λόγου·
2860 2608 3134 2679 τοιγάρτοι
3191 2607 3285 2659 καὶ
3343 2603 3572 2672 ἔφασκε·

2015 2729 2032 2760 ι
2060 2707 2243 2760 Πάντα
2274 2705 2342 2759 τὰ
2381 2705 2491 2776 ὲμὰ
2529 2703 2599 2757 σά
2633 2705 2770 2766 ἐστι,
2813 2703 2908 2754 καὶ
2934 2702 3004 2753 τά
3034 2699 3103 2752 σὰ
3134 2697 3276 2768 ἐμά’
3313 2697 3407 2749 καὶ
3435 2693 3579 2747 δεδό-

2010 2799 2211 2868 ξασμαι
2242 2798 2298 2851 ὲν
2339 2797 2538 2859 αὐτοῖς.
2567 2815 2584 2846 ι
2632 2794 2757 2858 Πῶς
2801 2789 2892 2847 οὖν
2933 2793 3102 2846 αἰτεῖν
3146 2787 3570 2860 προστάττεται,

2008 2890 2099 2943 καὶ
2122 2889 2333 2958 δέχεται
2369 2887 2466 2958 μὲν
2496 2887 2574 2949 εἰς
2603 2885 2968 2956 κληρονομίαν
2998 2883 3142 2952 ἔθνη,
3160 2879 3485 2946 κατάσχεσιν
3509 2877 3573 2930 δὲ

2006 2985 2237 3035 ποιεῖται
2270 2979 2339 3033 τὰ
2373 2979 2584 3052 πέρατα
2611 2979 2714 3048 τῆς
2747 2978 2877 3046 γῆς;
2934 2973 3427 3045 Ἀποσκιρτήσαντα
3454 2968 3566 3040 γὰρ

2006 3073 2264 3145 ὲξιτήλως
2291 3073 2382 3126 τὸν
2406 3072 2690 3143 ἄνθρωπον
2716 3067 2956 3131 δουλείας
2992 3065 3094 3137 τῆς
3125 3064 3226 3118 ὑπὸ
3252 3059 3408 3124 Θεοῦ,
3451 3058 3568 3110 δια-

2009 3163 2177 3217 σῶσαι
2220 3161 2388 3215 θέλων
2430 3160 2617 3214 τοῦτον
2663 3155 3044 3230 Γενεσιουργὸς
3096 3155 3190 3208 xal.
3240 3153 3429 3223 Πατὴρ
3472 3151 3571 3203 πέρ

2004 3273 2217 3326 πομφεν
2254 3256 2333 3318 εἰς
2372 3254 2523 3307 τόνδε
2569 3254 2660 3306 τὸν
2693 3250 3023 3322 ἐνεστηκότα
3054 3249 3255 3320 κόσμον
3285 3246 3376 3300 τὸν
3419 3239 3572 3316 μονο-

2001 3347 2134 3418 γενῆ
2161 3347 2350 3416 Λόγον,
2387 3347 2474 3400 ἵνα
2501 3345 2788 3416 γενόμενος
2824 3341 2978 3413 σὰρξ,
3013 3343 3107 3394 καὶ
3157 3337 3450 3410 χωρηθείς,
3480 3336 3569 3389 καὶ

2001 3441 2160 3510 φύσει
2210 3439 2494 3513 άστραφὴς
2517 3479 2530 3504 ,
2568 3435 2778 3510 κηρύξῃ
2813 3433 3176 3506 αἰχμαλώτοις
3217 3432 3430 3500 ἄφεσιν,
3477 3429 3569 3482 καὶ

2000 3530 2218 3600 τυφλοῖς
2245 3528 2552 3598 ἀνάϐλεψιν.
2585 3525 2793 3581 Οὐκοῦν
2822 3523 2926 3578 κᾶν
2948 3525 2994 3576 εἰ
3016 3522 3225 3590 λέγοιτο
3252 3517 3570 3582 λασεῖν,“κα“ι

1997 3621 2266 3675 τεθεῖσθαι
2297 3619 2629 3692 κληρονόμος
2650 3616 2746 3670 διὰ
2772 3615 2833 3668 τὸ
2859 3613 3217 3686 ἀνθρώπινον,
3244 3611 3343 3664 οὐκ
3371 3610 3566 3680 ἀγνοή-

1999 3731 2180 3786 σωμεν
2207 3715 2305 3786 τὴν
2336 3711 2664 3782 οἰκονομίαν.

2075 3828 2184 3883 Τοῦ
2225 3827 2429 3882 αὐτοῦ.
2475 3823 2585 3896 Τὴν
2619 3820 2977 3894 κληρονομίαν
3015 3817 3125 3888 (75)
3163 3817 3309 3886 λέγει
3352 3813 3450 3886 τὴν
3479 3813 3567 3866 λο-

1995 3920 2156 3990 γικὴν
2184 3918 2361 3988 φύσιν,
2388 3918 2422 3988 ἢ
2443 3917 2537 3970 καὶ
2568 3913 2706 3984 αὐτὴ
2737 3911 3060 3984 κληρονομεῖ
3083 3910 3159 3972 ὡς
3183 3906 3392 3978 σοφίαν,
3427 3905 3569 3959 οὕτω

1997 4011 2090 4067 καὶ
2123 4010 2342 4080 γνῶσιν,
2374 4009 2467 4062 καὶ
2491 4007 2766 4078 ἀλήθειαν,
2797 4005 2891 4059 καὶ
2919 4001 3282 4072 δικαιοσύνην.
3315 4000 3471 4052 Ἔστι
3509 3995 3564 4049 δὲ

1994 4107 2026 4176 ή
2057 4101 2392 4175 κληρονομία
2441 4099 2541 4171 τῆς
2571 4099 2797 4169 λογικῆς
2836 4097 3049 4168 φύσεως
3077 4095 3274 4165 θεωρία
3310 4091 3419 4144 τῶν
3462 4107 3566 4143 σω·-

1997 4192 2238 4266 ματικῶν
2292 4191 2385 4244 καὶ
2433 4189 2541 4242 τῶν
2586 4188 2891 4260 ἀσωμάτων
2911 4227 2925 4252 ,
2956 4187 3048 4239 καὶ
3076 4184 3276 4238 τούτων
3308 4180 3564 4236 ἁπάντων

1991 4285 2166 4340 αἰτίου
2192 4283 2348 4338 Θεοῦ.

2059 4377 2375 4448 Ποιμανεῖς
2413 4376 2635 4441 αὐτοὺς
2666 4375 2736 4428 ἐν
2755 4371 2956 4442 ῥάϐδῳ
2980 4365 3227 4438 σιδηρᾷο
3259 4367 3338 4432 ὠς
3371 4364 3562 4429 σκεύη

317 4435 469 4505 ﬁguli
496 4439 791 4510 confringes
834 4457 942 4508 eos,
991 4453 1098 4499 etc.
1149 4444 1240 4499 Sic
1298 4457 1352 4504 et
1387 4453 1527 4520 apud
1573 4455 1886 4525 Apostolunt

2009 4435 2290 4541 ιεραιίέως
2332 4435 2684 4537 (rvmpi-30's.";
2724 4435 2976 4530 αὐτούς,
3009 4479 3062 4514 κ.
3181 4461 3224 4513 ὲ.
3261 4458 3368 4512 Καὶ
3411 4455 3563 4541 παρὰ

318 4528 563 4582 severior
593 4531 874 4600 disciplina
904 4550 1008 4605 qua
1035 4539 1276 4610 indigent
1314 4555 1632 4612 peccatores
1659 4558 1710 4604 et
1741 4550 1888 4604 infir-

317 4619 518 4672 ntiores
552 4621 604 4674 in
643 4621 766 4688 (ide,
794 4625 944 4696 virga
973 4630 1304 4700 nominatur,
1329 4649 1450 4689 cum
1477 4637 1552 4690 ait
1576 4637 1623 4668 “
1649 4657 1663 4692 :
1694 4657 1713 4690 ι
1747 4639 1884 4707 Quid

317 4708 526 4762 vultis?
561 4711 614 4765 in
650 4713 802 4785 virga
836 4719 1049 4772 veniam
1092 4722 1158 4775 ad
1195 4737 1312 4789 vos,
1343 4741 1408 4778 an
1437 4725 1487 4779 in
1523 4727 1795 4783 charitate
1831 4741 1885 4785 et

316 4803 512 4872 spiritu
543 4811 1014 4866 mansuetudinis?
1050 4833 1068 4864 ›
1097 4813 1160 4868 Ει
1191 4817 1370 4872 adhuc
1391 4821 1545 4888 prius
1581 4823 1719 4890 apud
1747 4821 1880 4876 Pro-

317 4896 533 4965 phetam
589 4903 969 4968 peccatoribus
1006 4905 1222 4963 divinus
1251 4924 1435 4966 sermo
1491 4913 1730 4967 minatur
1771 4917 1880 4968 vir-

314 5005 438 5058 gain
475 5001 528 5046 et
553 4991 786 5061 ﬂagella,
815 5011 880 5052 eo
911 5000 1054 5068 quod
1085 5001 1518 5058 misericordiam
1548 5021 1654 5060 non
1703 5017 1878 5062 remo-

314 5090 468 5135 turus
505 5083 579 5137 sit
607 5085 676 5139 ab
719 5100 906 5142 eorum
953 5089 1136 5157 Patre,
1184 5093 1288 5148 hoc
1320 5104 1434 5160 est,
1465 5095 1702 5152 Christo.
1742 5097 1875 5152 Nam

309 5171 575 5239 ejusmodi
607 5178 892 5235 curatione
919 5181 1183 5253 indigent.
1220 5202 1240 5236 ι
1270 5183 1514 5242 Visitabo
1543 5207 1562 5240 ι
1605 5189 1769 5255 enim,
1798 5191 1878 5243 in-

309 5263 429 5330 quit
450 5262 517 5328 ",
557 5283 577 5316 ι
614 5267 667 5320 ἱιι
699 5267 851 5340 virga
884 5273 1194 5341 iniquitates
1221 5290 1432 5345 eorum,
1469 5291 1521 5334 ct
1552 5281 1602 5334 in
1634 5283 1874 5336 verberi-

307 5353 408 5406 hus
433 5368 650 5424 peccata
674 5373 886 5428 eorum,
920 5364 1348 5422 misericordiam
1368 5382 1548 5426 autem
1569 5387 1740 5427 nteant
1770 5390 1874 5428 non

1995 4557 2070 4628 τῷ
2127 4539 2430 4628 ’Ἀποστόλῳ
2482 4555 2592 4626 (76)
2646 4557 2679 4626 ή
2734 4551 3222 4624 ὲκπληκτικωτέρα
3254 4547 3469 4617 ἀγωγὴ,
3496 4539 3562 4616 ἦς

1990 4649 2199 4703 δέονται
2245 4649 2294 4700 οἰ
2341 4647 2746 4719 ἁμαρτάνοντες
2804 4647 2896 4698 καὶ
2945 4646 2990 4696 οἱ
3045 4640 3423 4711 ἀσθενέστεροι
3454 4637 3561 4691 τῶν

1991 4738 2404 4793 πεπιστευκέναι
2439 4735 2824 4808 νομιζομένων,
2864 4735 3051 4806 ῥάϐδος
3102 4730 3441 4805 ὀνομάζεται,
3476 4731 3561 4784 λέ-

1989 4847 2157 4899 γοντι·
2201 4850 2218 4880 ι
2254 4829 2317 4882 Τί
2353 4827 2567 4893 θέλετε;
2613 4829 2670 4880 ὲν
2699 4825 2879 4898 ῥάϐδῳ
2909 4825 3044 4879 ἔλθω
3073 4827 3210 4896 πρὸς
3241 4825 3405 4895 ὑμᾶς,
3435 4823 3469 4891 ἢ
3501 4823 3560 4873 ἐν

1987 4923 2194 4993 ἀγάπῃ,
2233 4922 2500 4994 πνεύματί
2537 4941 2596 4976 τε
2638 4923 2971 4994 πραότητοςς
3010 4939 3029 4970 ι
3067 4921 3176 4973 Καὶ
3195 4919 3272 4970 ἔτι
3296 4917 3558 4988 πρότερον

1987 5017 2138 5088 παρὰ
2167 5016 2244 5087 τῷ
2278 5017 2537 5090 Προφήτῃ
2576 5019 2688 5080 τοῖς
2713 5014 3112 5086 ἁμαρτάνουσιν
3155 5011 3184 5062 ὁ
3222 5009 3363 5070 θεῖος
3402 5007 3558 5074 λόγος

1985 5109 2196 5162 ἀπειλεῖ
2229 5109 2420 5180 ῥάϐδον
2457 5110 2550 5162 καὶ
2593 5108 2879 5179 μάστιγας,
2925 5105 3016 5159 ἐπὶ
3046 5103 3124 5176 τῷ
3152 5103 3244 5156 τὸν
3294 5101 3439 5154 ἔλεον
3481 5097 3555 5168 μὴ

1982 5199 2286 5272 ἀποστῆσαι.
2346 5200 2455 5254 άπὸ
2514 5199 2610 5254 τοῦ
2664 5198 2878 5270 Πατρὸς
2923 5196 3129 5261 αὐτῶν,
3175 5192 3418 5248 τουτέστι
3459 5189 3552 5243 τοῦ

1981 5289 2243 5362 Χριστοῦ,
2277 5290 2532 5362 τοιαύτης
2578 5289 2869 5360 θεραπείας
2913 5286 3199 5357 δεομένων.
3239 5303 3257 5334 ι
3306 5278 3555 5334 Ἐπισκέ-

1982 5386 2154 5456 ψομαι
2181 5404 2201 5435 ι
2235 5383 2364 5455 γάρ,
2395 5384 2588 5454 φησὶν,
2627 5403 2642 5432 ι
2669 5384 2725 5434 ὲν
2755 5381 2934 5452 ῥάϐδῳ
2963 5380 3060 5442 τὰς
3094 5375 3321 5446 ἀνομίας
3350 5372 3550 5438 αὐτῶν,

377 5492 464 5549 ⁸³1
500 5496 690 5562 Thess.
723 5518 782 5568 ιι,
817 5504 903 5560 16.
980 5504 1026 5537 ⁸⁸
1057 5503 1216 5560 Joan.
1243 5524 1374 5577 xvu,
1408 5513 1461 5566 6.
1537 5512 1584 5544 “
1622 5513 1750 5570 ibid.
1801 5515 1886 5574 to.

2036 5517 2054 5572 Ι
2086 5518 2211 5574 Cor.
2247 5533 2323 5583 tv,
2358 5518 2446 5572 21.
2524 5518 2568 5550 ⁵⁷
2601 5518 2687 5574 Ps.
2715 5533 2978 5580 Lnxvttt,
3011 5518 3098 5581 5'3,
3123 5517 3209 5572 54.

517 5642 633 5724 [ipf
666 5650 1088 5724 κληρονομίαν,
1113 5663 1219 5707 etc.
1256 5655 1297 5711 E
1324 5656 1536 5712 schcdis
1569 5659 1772 5714 Grahii.

377 5713 487 5781 (τις)
521 5714 631 5768 Καὶ
663 5713 816 5785 παρὰ
850 5713 938 5786 τῷ
971 5713 1325 5790 Ἀπὸστόλῳ,
1353 5737 1456 5783 etc.
1489 5731 1526 5782 ις
1555 5713 1866 5787 codicem.

1977 5661 2330 5787 ὗοεΕἱιιηοβι
2363 5663 2577 5719 schcdis
2602 5662 2930 5722 Comhclisii.
2956 5663 3138 5720 Latine
3165 5671 3379 5722 exstant
3408 5663 3549 5732 apud

2023 5749 2082 5786 δι’
2124 5747 2296 5787 arum.

2023 5747 2296 5787 ιιιύιιῐυιῐι.
