3834 6388
323 346 462 404 i309

1342 345 1654 404 SELECTA
1694 345 1760 401 IN
1790 336 2124 399 PSALMOS.
2160 375 2225 388 —
2256 341 2450 398 PSAL.
2484 341 2550 399 ll.

3446 344 3584 403 ιιιο

323 471 418 525 καὶ
451 471 508 522 έν
540 470 758 541 μάστιξι
787 470 885 535 τὰς
914 471 1186 542 ἁμαρτίας
1216 471 1419 526 αὐτῶν·
1448 472 1509 526 τὸ
1538 473 1595 526 δὲ
1625 472 1770 535 ἔλεός
1804 489 1893 543 μοι.

2012 469 2328 540 dispergam
2376 467 2444 520 ab
2482 481 2568 522 eo.
2606 485 2624 517 ι
2658 465 2839 533 Quare
2889 472 2944 520 et
2985 464 3098 534 ipse
3127 462 3381 520 Christus
3432 464 3586 533 virga

321 562 383 616 οὑ
413 561 486 633 μὴ
513 561 849 615 διασκεδάσω
892 563 985 615 ἀπ’
1019 561 1204 615 αὐτοῦ.
1242 582 1259 614 ι
1296 563 1394 616 Διά
1431 561 1590 616 τοῦτο
1622 563 1716 618 καὶ
1747 561 1905 626 αὐτὸς

319 656 351 709 6
405 654 639 717 Χριστὸς
692 653 886 725 ῥάϐδος
944 649 1083 707 εἶναι
1135 655 1287 727 παρὰ
1322 654 1400 725 τῷ
1436 654 1635 724 Ἥσαῖα
1666 654 1904 721 λέγεται.

333 744 473 797 Ἀλλ’
507 744 629 797 ἑπεί
673 762 818 807 τινες
849 746 910 798 ού
946 745 1152 798 δέονται
1179 747 1277 816 τῆς
1306 747 1363 798 ἑν
1392 746 1717 817 σκληρότητι
1764 746 1908 813 ἀγω-

318 834 426 904 γῆς
451 836 679 899 ἑαυτοὺς
710 836 1044 907 παρέχοντες
1068 836 1253 901 ἀξίους
1276 837 1377 907 τῆς
1398 838 1765 909 χρηστότητος
1795 836 1905 889 τῶν

320 924 695 997 θεωρημάτων
751 926 844 980 τοῦ
896 927 1087 995 λόγου,
1125 928 1218 981 καὶ
1259 927 1419 991 ἄνθος
1465 928 1615 1001 παρά
1643 928 1722 999 τῷ
1758 929 1910 998 αύτῳ

321 1020 578 1091 προφήτῃ
610 1019 964 1089 ὀνομάζεται·
1013 1037 1032 1071 ι
1083 1016 1452 1085 Ἐξελεύσεται
1526 1019 1673 1091 γὰρ,
1730 1019 1902 1089 φησὶ,

323 1108 517 1182 ῥάϐδος
547 1113 611 1166 ἑκ
643 1112 744 1184 τῆς
810 1112 966 1183 ῥίζης
1002 1112 1219 1179 Ἰεσσαί,
1245 1113 1338 1165 καὶ⁵
1359 1112 1517 1175 ἄνθος
1543 1113 1606 1165 ἑκ
1625 1111 1726 1182 τῆς
1750 1111 1905 1183 ῥίζης

320 1201 673 1272 ἀναϐήσεται,
710 1202 805 1255 καὶ
834 1203 1206 1256 ἀναπαύσεται
1238 1205 1323 1256 ἐπ’
1346 1204 1505 1257 αὑτὸν
1545 1203 1771 1274 Πνεῦμα
1810 1204 1903 1258 τοῦ

318 1293 474 1358 Θεοῦ,
512 1294 726 1366 πνεῦμα
759 1296 948 1366 σοφίας
986 1297 1081 1350 xui.
1124 1295 1424 1360 συνέσεως,
1462 1296 1679 1368 πνεῦμα
1711 1297 1904 1370 βουλῆς

317 1386 413 1440 καὶ
465 1386 681 1456 ἰσχύος,
724 1387 941 1459 πνεῦμα
992 1387 1247 1457 γνώσεως
1304 1390 1398 1443 καὶ
1447 1389 1749 1454 εὐσεϐείας,
1809 1391 1904 1444 καὶ

316 1478 586 1550 ἐμπλήσει
608 1479 769 1532 αὑτὸν
794 1478 1011 1551 πνεῦμα
1042 1479 1211 1549 φόϐου
1247 1479 1402 1534 Θεοῦ.
1428 1499 1447 1531 ι
1468 1481 1692 1535 Ῥάϐδου
1720 1483 1903 1536 τοίνυν

314 1570 525 1623 δέονται
555 1588 646 1623 ποι
654 1572 947 1644 μαινούσης
961 1574 1008 1626 οἱ
1025 1574 1450 1644 κτηνωδέστεροι
1475 1574 1582 1627 τῶν
1596 1574 1673 1646 τῷ
1685 1574 1803 1645 Θεῷ
1817 1575 1902 1629 διὰ

318 1662 557 1734 Χριστοῦ
603 1664 1079 1735 προσερχομένων.
1127 1665 1438 1735 Ἀναγκαῖον
1488 1666 1543 1720 δὲ
1594 1666 1902 1731 ἀκολούθως

319 1753 491 1807 σῶσαι
522 1753 639 1818 πῶς
668 1757 696 1807 6
724 1756 914 1828 Πατὴρ
942 1756 1020 1827 τῷ
1054 1756 1168 1828 Υἱῷ
1200 1775 1364 1829 φησιν
1386 1761 1414 1812 6
1436 1758 1557 1822 δοὺς
1584 1759 1734 1830 αὐτῷ
1766 1758 1900 1831 κλη-

317 1846 572 1919 ρονομίαν
628 1847 697 1901 τὰ
731 1847 889 1919 ἑθνη,
940 1850 1033 1902 καὶ
1070 1851 1395 1921 κατάσχεσιν
1435 1851 1504 1905 τά
1549 1851 1765 1921 πέρατα
1800 1852 1897 1923 τῆς

312 1935 437 2005 γῆς’
469 1955 488 1987 ι
511 1935 600 2000 Ὦς
636 1936 831 2001 σκεῦος
864 1940 1147 2010 κεραμέως
1178 1941 1485 2013 συντρίψεις
1509 1942 1725 2005 αὐτούς.
1746 1962 1765 1995 ι
1803 1944 1898 2007 Τίς

312 2030 423 2100 γὰρ
456 2029 638 2082 δίδωσι
682 2030 1045 2103 κληρονομίαν
1089 2034 1181 2085 ὲπι
1223 2033 1301 2104 τῷ
1345 2034 1695 2105 συντριϐῆναι
1731 2035 1898 2106 αὐτὴν

312 2122 420 2174 ὑπὸ
443 2122 536 2176 τοῦ
560 2122 1055 2194 κληρονομοῦντος;
1089 2126 1339 2179 Δεικτέον
1368 2121 1460 2181 οὖν
1479 2127 1588 2181 ἀπὸ
1616 2127 1725 2181 τῶν
1755 2130 1896 2200 Γρα-

214 2256 219 2259 ς
311 2216 430 2285 φῶν
463 2214 560 2287 τήν
592 2216 882 2288 συντριϐήν
911 2234 1069 2271 τινων
1116 2218 1326 2273 κεῖσθαι
1377 2220 1463 2272 ἐπ’
1508 2222 1763 2294 ὠφελείᾳ.
1796 2223 1899 2277 Εὖ-

316 2327 479 2381 ρομεν
530 2309 594 2380 δὴ
657 2310 717 2362 ὲν
748 2310 825 2381 τῷ
884 2311 1237 2382 πεντηκοστῷ
1286 2312 1488 2386 ψαλμῷ
1524 2316 1613 2379 τὸ,
1673 2334 1692 2367 ι
1727 2316 1898 2371 Θυσία

313 2401 391 2471 τῷ
442 2401 562 2472 Θεῷ
611 2401 831 2473 πνεῦμα
878 2404 1375 2475 συντετριμμένον⁸
1436 2406 1667 2479 καρδίαν
1708 2426 1895 2463 συντε-

313 2494 620 2565 τριμμένην
661 2495 753 2547 καὶ
804 2497 1282 2569 τεταπεινωμένην
1325 2500 1354 2551 6
1398 2498 1530 2563 Θεὸς
1589 2500 1689 2554 οῦκ
1746 2502 1897 2567 ἐξου-

309 2585 560 2639 δενώσει·
603 2606 621 2636 ι
687 2587 781 2639 καὶ
841 2589 899 2639 ἑν
950 2588 1121 2659 ἑτέρῳ
1170 2592 1426 2664 προφήτῃ
1480 2595 1897 2664 προστακτικῶς

310 2678 601 2749 λεγόμενον
632 2680 725 2745 τὸ,
784 2700 802 2731 ι
849 2681 978 2734 Ἀπὸ
1032 2682 1324 2755 συντριϐῆς
1379 2686 1687 2756 πνεύματος
1744 2688 1896 2759 ὑμῶν

311 2770 608 2836 ὁλολύξετε.
642 2790 659 2823 ι
721 2772 929 2826 Οὐκοῦν
978 2773 1198 2845 πνεῦμά
1247 2777 1394 2830 ἑστιν
1432 2777 1490 2830 ἑν
1523 2780 1654 2849 ἡμῖν
1692 2779 1722 2833 6
1775 2797 1897 2834 συν-

310 2859 496 2930 τρίψαι
549 2862 647 2926 δεῖ,
694 2863 778 2915 ἵνα
832 2864 1112 2935 συντριϐὲν
1159 2866 1379 2937 γένηται
1426 2867 1588 2923 θυσία
1630 2869 1707 2942 τῷ
1754 2872 1890 2943 Θεῷ.

311 2951 422 3005 Καὶ
471 2953 522 3004 τί
562 2953 626 3006 ἂν
667 2953 792 3008 ἄλλο
854 2955 1008 3009 τοῦτο
1053 2957 1136 3026 εἴη
1168 2957 1200 3028 ἢ
1251 2958 1312 3011 τὸ
1341 2963 1542 3032 χεῖρον,
1578 2962 1711 3034 ὅπερ
1746 2964 1896 3032 ὑγιὲς

315 3044 416 3114 μὲν
466 3042 604 3100 εἶναι
662 3047 813 3101 δοκεῖ
881 3050 970 3101 ὅτε
1034 3052 1282 3122 ἑνεργείο
1353 3054 1729 3126 συντέτριπται
1792 3057 1849 3111 δὲ
1876 3098 1890 3124 ,

2008 561 2209 616 dicitur
2238 561 2307 616 ab
2331 559 2500 625 Isaia;
2531 561 2625 614 sed
2652 560 2907 630 quoniam
2938 567 3065 613 sunt
3089 557 3334 613 nonnulli
3361 556 3452 628 qui
3479 572 3583 613 nou

2009 653 2256 722 indigent
2282 650 2548 721 asperiori
2572 649 2879 720 disciplina,
2904 633 3029 706 ct'tm
3057 651 3267 719 seipsos
3294 650 3585 705 exhibeant

2012 746 2203 816 dignos
2238 744 2573 814 benignitate
2618 751 3011 813 praeceptorum
3050 744 3225 806 verbi,
3273 741 3374 798 llos
3416 745 3582 798 etiam

2010 839 2079 891 ab
2103 838 2293 892 eodem
2320 837 2591 905 propheta
2627 835 2965 890 nominatur.
2996 854 3014 888 t
3055 836 3372 905 Egredietur
3402 838 3577 900 enim,

2007 929 2187 999 inquit
2218 928 2289 995 ⁸⁸,
2322 929 2475 998 virga
2523 928 2589 983 de
2643 927 2825 982 radice
2863 926 3034 992 Jesse,
3066 939 3121 983 et
3159 927 3258 984 llos
3287 930 3354 984 de
3391 928 3580 984 radice

2007 1021 2293 1084 ascendet,
2340 1029 2394 1075 et
2430 1021 2735 1089 requiescet
2774 1034 2940 1087 super
2984 1035 3106 1074 eum
3154 1019 3393 1089 Spiritus
3442 1019 3575 1086 Dei,

2007 1111 2231 1180 spiritus
2256 1111 2537 1181 sapientiae
2567 1123 2622 1166 et
2655 1111 2989 1177 intellectus,
3023 1113 3249 1180 spiritus
3277 1114 3494 1170 consilii
3525 1124 3581 1168 et

2006 1204 2367 1268 fortitudinis,
2397 1202 2624 1273 spiritus
2659 1204 2902 1259 scientiae
2942 1214 2998 1258 et
3030 1205 3296 1274 pietatis,,
3319 1215 3374 1260 et
3403 1205 3580 1277 reple-

2004 1296 2084 1353 bit
2112 1311 2234 1352 eum
2273 1297 2499 1366 spiritus
2526 1296 2740 1353 timoris
2764 1296 2881 1351 Dei.
2926 1315 2945 1348 ι
2982 1294 3235 1367 lndigent
3264 1311 3402 1368 ergo
3431 1300 3580 1367 virga

2004 1397 2264 1458 pascente
2299 1397 2575 1458 quotquot
2626 1403 2693 1443 ex
2727 1388 2794 1443 iis
2824 1387 2917 1458 qui
2988 1389 3055 1441 ad
3091 1390 3259 1443 Deum
3299 1404 3397 1459 per
3424 1388 3582 1445 Chri-

2003 1492 2147 1537 stum
2181 1482 2471 1547 accedunt,
2516 1481 2781 1552 pecudum
2837 1495 2990 1536 more
3050 1481 3258 1535 vivunt.
3315 1480 3582 1536 Caeterum

2005 1574 2357 1629 considerare
2378 1588 2513 1643 opus
2536 1582 2619 1628 est
2651 1572 2925 1643 quomodo
2949 1572 3109 1628 Pater
3136 1573 3229 1642 qui
3263 1572 3410 1627 dedit
3444 1571 3584 1627 Filio

2003 1676 2191 1738 gentes
2220 1668 2272 1721 in
2319 1666 2720 1730 btereditatem,
2762 1674 2816 1719 et
2860 1668 2913 1720 in
2951 1667 3357 1736 possessionem
3392 1666 3582 1719 termi-

2006 1773 2103 1813 nos
2133 1767 2318 1818 terrae.
2347 1759 2396 1813 ei
2427 1758 2574 1813 dicat
2601 1778 2612 1813 :
2643 1776 2661 1809 ι
2699 1755 2980 1827 Tanquam
3014 1771 3109 1811 vas
3152 1755 3299 1827 figuli
3338 1756 3582 1811 confrin-

1933 1823 1975 1877 B
2004 1864 2100 1920 ges
2134 1847 2425 1916 eos.iQuis
2455 1849 2599 1903 enim
2626 1846 2719 1903 dat
2740 1823 3141 1911 haereditatem,
3186 1823 3245 1901 ut
3266 1858 3583 1902 conteratur

2003 1942 2069 1996 ab
2093 1942 2329 1998 luerede?
2350 1940 2755 1998 Ostendcudum
2783 1941 2949 2012 igitur
2961 1949 3044 1996 est
3070 1955 3099 1995 e
3121 1941 3419 2011 Scripturis
3445 1955 3583 2010 quo-

2000 2035 2247 2089 rumtlam
2278 2035 2665 2090 contritiouem
2694 2034 2818 2103 poni
2841 2045 3097 2103 tauquam
3125 2033 3334 2088 utilem.
3361 2033 3581 2089 Inveni-

2000 2144 2121 2185 mus
2144 2131 2340 2200 quippe
2374 2130 2426 2184 in
2454 2129 2904 2200 quinquagesimo
2931 2128 3139 2197 psalmo
3169 2127 3295 2181 illud
3317 2127 3396 2182 “z
3424 2145 3443 2179 ι
3477 2125 3580 2181 Sa-

2000 2222 2266 2278 crificium
2287 2221 2395 2277 Deo
2414 2223 2641 2292 spiritus
2660 2220 3075 2283 contribulatus,
3092 2235 3189 2275 cor
3208 2218 3505 2274 contritum
3524 2225 3582 2271 et

2001 2314 2342 2369 humiliatum
2365 2314 2507 2369 Deus
2531 2328 2636 2369 non
2656 2312 2940 2382 deSpiciet.
2966 2331 2983 2364 ι
3009 2312 3071 2365 Et
3096 2311 3163 2366 ab
3189 2310 3296 2365 alio
3317 2308 3575 2379 propheta

1999 2406 2363 2477 praecipiendo
2396 2405 2593 2461 dicitur
2616 2405 2748 2460 illttd
2770 2404 2849 2456 ⁵ος
2878 2422 2896 2455 ι
2924 2402 3040 2457 Prae
3068 2400 3396 2456 contritione
3414 2399 3582 2469 spiri-

2001 2509 2089 2554 tus
2115 2499 2281 2554 vestri
2309 2497 2612 2554 ululabilis.
2628 2495 2896 2567 iSpiritus
2914 2510 3043 2565 ergo
3062 2494 3114 2548 in
3133 2494 3288 2549 nobis
3309 2501 3394 2549 est
3416 2506 3577 2562 quem

2000 2591 2159 2663 553
2188 2601 2470 2646 conterere
2504 2598 2744 2659 oportet,
2795 2598 2855 2642 ut
2901 2587 3171 2642 contritus
3221 2584 3316 2639 fiat
3360 2583 3578 2639 sacriﬁ-

1998 2683 2143 2738 cium
2188 2682 2323 2736 Deo.
2375 2681 2445 2737 Et
2480 2664 2605 2750 quis
2638 2680 2777 2734 alius
2819 2684 2922 2734 iste
2955 2676 3120 2733 fuerit
3148 2691 3312 2746 quam
3340 2675 3579 2730 deterior

1999 2776 2090 2845 qui
2155 2789 2318 2830 sanus
2356 2775 2572 2844 quidem
2622 2788 2742 2828 esse
2795 2772 3049 2837 videtur,
3111 2783 3237 2825 eum
3278 2777 3573 2838 operatur;

2000 2867 2306 2924 conteritur
2353 2877 2557 2933 autem,
2592 2880 2715 2921 cum
2750 2864 2919 2919 verbo
2969 2861 3064 2918 Dei
3103 2862 3250 2916 vires
3281 2860 3400 2931 ejus
3442 2874 3575 2915 con-

2000 2961 2282 3031 fregimus.
2318 2956 2521 3013 Verum
2576 2966 2630 3011 et
2683 2959 2735 3011 in
2785 2956 2943 3011 nobis
2991 2967 3086 3009 cur
3134 2952 3406 3023 quoddam
3462 2958 3576 3016 est,

1999 3054 2145 3124 quod
2173 3051 2490 3121 aliquando,
2521 3064 2644 3105 cum
2666 3050 2735 3103 ob
2765 3061 3022 3119 perversa
3051 3046 3307 3116 dogmata
3337 3044 3574 3097 iuunum

310 3138 400 3191 ὅτε
433 3137 577 3210 λόγῳ
609 3139 743 3194 Θεοῦ
787 3141 888 3205 τὰς
930 3141 1188 3213 δυνάμεις
1219 3145 1384 3198 αὑτοῦ
1422 3146 1889 3221 συνεθραύσαμεν.

2000 3144 2169 3201 veluti
2232 3142 2459 3198 noxium
2508 3153 2709 3208 corpus
2760 3147 3145 3207 coagmentata
3196 3133 3477 3191 eﬂ‘erimur
3521 3142 3577 3188 et

324 3230 487 3285 Ἀλλά
520 3232 614 3286 κα)⁸
644 3232 842 3303 καρδία
889 3251 974 3297 τις
1013 3237 1069 3288 ὲν
1111 3238 1245 3306 ἡμῖν
1292 3237 1526 3310 ὑπάρχει
1571 3240 1699 3294 ποτὲ
1750 3243 1892 3312 μέγα

311 3323 603 3395 φρονοῦσιν
636 3326 728 3377 ἐπὶ
762 3326 1057 3398 μοχθηροῖς
1094 3329 1325 3400 δόγμασι
1373 3335 1892 3406 σεσωματοποιημέ-

308 3433 422 3479 νοις
455 3421 538 3479 εἰς
568 3417 793 3487 ἑνότητα
834 3418 1026 3490 είρμοῦ
1063 3421 1328 3494 ἑπιϐλάϐη
1359 3423 1650 3495 ὁλόκληρος
1680 3427 1893 3499 νομιζο-

312 3508 446 3581 μένη
473 3509 567 3563 καὶ
600 3510 891 3583 μετέωρος,
926 3512 992 3582 ἣν
1018 3513 1316 3582 ἀναγκαῖον
1357 3519 1641 3589 συντρίψαι
1674 3520 1767 3573 καὶ
1796 3539 1892 3575 τα-

309 3601 594 3666 πεινῶσαι,
629 3603 715 3665 ἵν’,
747 3603 917 3667 οὕτως
941 3604 1254 3677 ἀποθεμένη
1282 3608 1345 3681 τὸ
1372 3610 1465 3663 τοῦ
1498 3610 1890 3676 ὲξουθενείσθαι

309 3694 417 3746 ὑπὸ
441 3693 576 3747 Θεοῦ
605 3691 745 3748 εἶναι
769 3695 915 3760 ἀξία,
942 3697 1165 3768 γένηται
1191 3701 1248 3752 ἑν
1277 3707 1610 3776 προσαγωγῇ
1640 3705 1790 3777 παρά
1812 3705 1890 3778 τῷ

306 3783 655 3855 ἀμειϐομένῳ
684 3786 810 3849 τοὺς
858 3787 1216 3859 αἰσθομένους
1242 3792 1469 3858 ἑαυτῶν,
1513 3796 1605 3848 καὶ
1639 3798 1892 3861 κακίζον-

308 3892 405 3937 τας
444 3875 541 3945 μὲν
578 3876 676 3947 τὴν
720 3878 963 3949 πονηράν
998 3880 1177 3936 αὐτῶν
1217 3882 1475 3949 διάθεσιν,
1521 3888 1891 3959 προσφεύγονο

307 3983 407 4030 τας
428 3967 485 4020 δὲ
515 3971 579 4039 τῇ
613 3971 938 4043 χρηστότητι
971 3973 1065 4026 τοῦ
1104 3975 1266 4045 μόνου
1302 3979 1660 4049 εὐεργετῆσαι
1692 3982 1890 4047 αὐτοὺς

306 4056 602 4129 δυναμένου
639 4061 797 4115 Θεοῦ.
826 4064 1001 4135 Σαφὲς
1032 4066 1088 4119 δὲ
1123 4068 1217 4121 καὶ
1246 4070 1310 4121 ἑκ
1339 4070 1446 4123 τῷν
1477 4073 1889 4143 προειρημένων

307 4152 400 4204 καὶ
413 4151 493 4217 τὸ,
518 4172 535 4204 t
581 4154 712 4208 Ἀπὸ
729 4158 1016 4229 συντριϐῆς
1038 4160 1344 4231 πνεύματος
1362 4162 1515 4234 ὑμῶν
1531 4164 1827 4233 ὀλολύξετε.
1865 4186 1883 4218 ι

307 4242 515 4317 Ὄνπερ
530 4242 622 4299 οῦν
637 4248 837 4318 τρόπον
854 4249 1071 4320 πνεῦμα
1086 4255 1539 4325 συντετριμμένον
1555 4256 1713 4311 θυσία
1730 4276 1891 4330 προσ-

305 4335 497 4388 ακτέον
556 4337 632 4408 τῷ
677 4338 815 4409 Θεῷ,
865 4340 958 4393 καὶ
1007 4342 1232 4413 καρδίαν
1277 4348 1742 4419 συντετριμμένην
1795 4351 1889 4404 καὶ

301 4429 781 4501 τεταπεινωμένην
809 4432 888 4502 τῷ
921 4433 1101 4497 καλῶς
1149 4436 1320 4506 αὐτὴν
1366 4439 1423 4490 ἑν
1468 4438 1680 4505 τούτοις
1724 4458 1884 4511 γεγο-

2000 3235 2294 3309 magnifice
2321 3234 2613 3297 sentimus,
2646 3232 2918 3302 integrum
2950 3238 3005 3285 et
3036 3228 3267 3284 sublime
3292 3226 3576 3282 existima-

2001 3337 2111 3383 tur.
2173 3326 2305 3381 Illud
2335 3323 2729 3381 conterendum
2780 3328 2862 3375 est
2894 3328 2953 3375 ut
2981 3319 3230 3389 deposito
3258 3333 3323 3373 eo
3349 3324 3577 3387 propter

1995 3421 2138 3491 quod
2170 3436 2201 3475 a
2261 3419 2368 3474 Deo
2407 3414 2836 3486 deSpiciebatur,
2889 3414 3119 3469 accedat
3165 3411 3233 3465 ad
3285 3408 3435 3463 illum
3480 3406 3573 3476 qui

1996 3521 2309 3587 reniuucrat
2336 3524 2430 3567 eos
2462 3511 2556 3581 qui
2584 3510 2668 3565 sui
2702 3523 2923 3564 sensum
2958 3508 3189 3568 habent,
3224 3504 3428 3575 quique
3446 3514 3574 3573 pra-

1993 3624 2090 3663 vos
2122 3620 2250 3663 suos
2282 3590 2597 3676 improbant
2628 3603 2874 3667 habitus,
2907 3609 2964 3656 et
2990 3598 3311 3668 confugiunt
3355 3597 3422 3652 ad
3470 3596 3568 3651 Dei

1995 3703 2296 3758 bonitatem
2345 3699 2441 3770 qui
2493 3697 2640 3753 solus
2680 3705 2863 3767 potest
2895 3697 2975 3749 eis
3010 3692 3354 3749 benefacere.
3396 3689 3573 3745 Mani-

1993 3793 2191 3849 feStum
2246 3800 2329 3848 est
2380 3790 2545 3847 etiam
2572 3800 2638 3840 ex
2672 3786 2951 3857 praedictis
2985 3784 3119 3840 illud
3156 3802 3168 3839 :
3212 3802 3231 3834 ι
3289 3783 3406 3838 Prae
3440 3795 3572 3836 con-

1995 3884 2216 3939 tritione
2260 3876 2987 3952 spiritusvestriululabitis.
3030 3894 3049 3927 ι
3100 3874 3570 3942 Quemadmodum

1996 3974 2162 4045 igitur
2191 3974 2417 4042 spiritus
2444 3970 2713 4026 contritus
2745 3967 3058 4023 otl'erendus
3102 3975 3189 4021 est
3233 3964 3344 4021 Deo
3394 3964 3450 4019 in
3481 3978 3571 4019 sa-

1989 4066 2281 4132 crificium,
2334 4075 2390 4119 et
2430 4079 2526 4119 cor
2580 4061 2879 4118 contritum
2915 4070 2970 4115 et
3020 4059 3368 4114 humiliatum
3422 4057 3571 4127 quod

1993 4159 2220 4230 pulchre
2256 4175 2315 4215 se
2358 4158 2411 4212 in
2448 4157 2532 4212 his
2570 4152 2823 4224 gesserit,
2870 4166 2979 4206 non
3031 4151 3266 4221 despicit
3320 4151 3481 4215 Deus,
3517 4158 3570 4206 et

1993 4251 2254 4305 ululatum
2295 4263 2404 4320 prae
2446 4248 2779 4305 contritione
2819 4246 3046 4314 spiritus
3094 4246 3356 4301 emissum
3402 4258 3572 4298 exauc

1990 4344 2099 4410 dit;
2150 4344 2231 4400 sic
2261 4343 2515 4399 contritio
2547 4342 2795 4411 quatdam
2835 4336 3186 4409 intelligenda
3234 4338 3362 4401 erit,
3402 4350 3568 4405 quam

1991 4449 2249 4511 operatur
2281 4436 2536 4491 Christus
2564 4434 2656 4502 qui
2689 4443 2747 4486 ut
2792 4431 3015 4486 obediat
3042 4427 3190 4482 Patri
3220 4443 3249 4481 a
3281 4441 3387 4497 quo
3411 4441 3571 4481 acce-

302 4517 453 4570 νέναι
486 4519 587 4570 οὐκ
616 4518 884 4581 ἑξουθενεῖ
913 4525 942 4575 6
975 4523 1127 4587 Θεὸς,
1165 4524 1260 4577 καὶ
1290 4524 1585 4598 ὀλολυγμὸν
1622 4531 1730 4584 ἀπὸ
1763 4549 1886 4585 συν-

1998 4532 2064 4601 pit
2098 4537 2287 4600 gentes
2320 4526 2374 4579 iu
2409 4523 2807 4583 hmreditatem,
2838 4528 2896 4573 et
2933 4520 2985 4572 iu
3027 4518 3424 4588 possessionem
3459 4526 3568 4571 ter-.

303 4609 496 4681 τριϐῆς
529 4610 841 4681 πνεύματος
876 4615 1334 4687 ἀναπεμπόμενον
1368 4621 1680 4689 προσίεται⁶
1714 4624 1885 4689 οὕτως

1998 4623 2168 4675 ιιιὶιιοε
2220 4632 2417 4680 terrae,
2456 4624 2730 4669 terrenum
2780 4618 2837 4665 et
2884 4607 3166 4663 materiale
3213 4623 3373 4662 omne
3423 4608 3568 4676 quod

302 4702 595 4774 συντριϐήν
641 4722 765 4761 τινα
815 4710 1079 4779 νοήσομεν
1126 4710 1192 4778 ἦν
1240 4710 1533 4781 ἐργάζεται
1583 4716 1613 4767 6
1653 4716 1886 4786 Χριστὸς

1998 4711 2167 4764 mima
2195 4711 2549 4763 contraxerat
2571 4717 2639 4757 ex
2670 4699 2958 4755 affectibus
2983 4710 3035 4755 et
3068 4698 3293 4754 malitiae
3325 4701 3573 4770 pr0prie-

301 4795 622 4866 πειθόμενος
653 4799 733 4870 τῷ
762 4799 904 4853 δόντι
933 4801 1082 4872 αύτῷ
1106 4802 1175 4855 τά
1202 4802 1329 4875 ἔθνη
1363 4804 1751 4879 κληρονομίαν,
1791 4812 1886 4864 καὶ

1998 4804 2208 4866 aribus,
2226 4800 2479 4871 quodque
2508 4810 2602 4850 eos
2632 4793 2945 4847 idololatras
2971 4802 3026 4847 et
3045 4791 3408 4847 fornicatores
3432 4790 3566 4847 ell'e-

222 4904 225 4905 ν
298 4886 398 4957 τὴν
441 4889 769 4960 κατάσχεσιν
802 4891 871 4945 τά
910 4892 1122 4965 πέρατα
1169 4896 1267 4966 τῆς
1308 4896 1432 4967 γῆς,
1465 4898 1525 4951 τὸ
1560 4900 1760 4968 γεῶδες
1789 4905 1884 4956 καὶ

1998 4906 2134 4953 :erat
2167 4891 2484 4960 confringit.
2527 4887 2733 4941 Dicitur
2760 4886 2911 4941 enim
2948 4887 3002 4940 in
3034 4886 3437 4957 septuagesimo
3477 4901 3568 4941 se-

299 4978 484 5033 ὑλικὸν
500 4981 608 5034 ἀπὸ
628 4982 735 5036 τῶν
762 4983 951 5040 παθῶν
971 4986 1066 5039 καὶ
1090 4986 1200 5040 τῶν
1220 4989 1318 5059 τῆς
1345 4990 1543 5054 κακίας
1574 4992 1878 5065 ἰδιωμάτων

298 5072 733 5143 προσγενόμενον
772 5080 838 5147 τῇ
870 5077 1015 5149 ψυχῇ
1053 5079 1388 5151 συνθραύων,
1425 5083 1547 5137 καθ’
1596 5085 1625 5137 ὃ
1666 5086 1882 5141 εἰδωλο-

297 5162 492 5233 λάτραι
521 5161 662 5235 ἦσαν
685 5168 779 5221 καὶ
803 5170 1011 5241 πόρνοι.
1041 5172 1151 5226 Καὶ
1180 5172 1288 5245 γὰρ
1314 5174 1530 5242 λέγεται
1563 5179 1619 5230 ἑν
1648 5178 1879 5251 ἑϐδομη-

297 5255 476 5325 κοστῷ
521 5256 734 5329 ἑϐδόμῳ
786 5259 1019 5331 ψαλμῷ’
1059 5283 1078 5313 ι
1121 5264 1249 5317 Ὅτε
1292 5267 1614 5324 ἀπέκτεινεν
1659 5271 1875 5335 αὐτοὺς,

294 5345 416 5398 τότε
462 5347 688 5418 ἐζήτουν
741 5351 924 5414 αὑτὸν,
973 5354 1067 5407 καὶ
1100 5356 1432 5428 ἐπέστρεφον
1480 5361 1573 5413 καὶ
1612 5362 1879 5434 ὢρθριζον

296 5436 435 5507 πρὸς
472 5437 560 5491 τὸν
591 5440 745 5507 Θεὸν,
780 5443 876 5495 καὶ
922 5445 1290 5516 ἐμνήσθησαν,
1330 5450 1410 5503 ὅτι
1443 5451 1471 5505 6
1504 5452 1637 5517 Θεὸς
1687 5454 1878 5526 βοηθὸς

294 5527 478 5581 αὐτῶν
517 5531 654 5595 ἑστι,
687 5535 781 5586 καὶ¹
823 5537 852 5588 6
899 5537 1031 5601 Θεὸς
1062 5540 1091 5591 6
1125 5538 1346 5609 ὕψιστος
1380 5543 1659 5617 λυτρωτὴς
1700 5549 1878 5603 αὐτῶν

294 5620 460 5674 ἐστιν.
508 5640 526 5672 ι
565 5624 678 5677 υύκ
701 5626 900 5681 ἄτοπον
925 5629 1104 5685 τοίνυν
1135 5632 1197 5685 τὸ
1225 5632 1398 5699 οὕτως
1428 5635 1866 5705 άποκτῐννυσθαι,

1988 4988 2159 5058 ptimo
2189 4985 2398 5057 psalmo
2420 4982 2464 5014 “
2500 4996 2512 5033 :
2552 4996 2571 5030 ι
2606 4978 2743 5033 Cum
2776 4974 3057 5032 occideret
3084 4990 3201 5041 eos,
3245 4975 3565 5045 quaerebant

1986 5094 2135 5145 eum,
2185 5089 2239 5134 et
2294 5080 2730 5148 revertebantur,
2778 5090 2834 5135 et
2872 5076 3111 5133 diluculo
3159 5077 3455 5131 veniebant
3495 5076 3561 5129 ad

1989 5176 2182 5242 Deum,
2208 5186 2263 5231 et
2294 5178 2637 5232 rememorati
2667 5185 2795 5232 sunt
2848 5180 2992 5247 quod
3030 5178 3170 5235 Deus
3201 5175 3419 5245 adjutor
3468 5188 3564 5228 eo-

1991 5283 2108 5321 rum
2159 5276 2264 5334 est,
2290 5279 2348 5323 et
2379 5268 2517 5323 Deus
2556 5270 2806 5325 excelsus
2837 5272 3149 5341 redemptor
3170 5284 3360 5324 eorum
3384 5275 3488 5322 est.
3537 5284 3559 5318 ι

1986 5359 2104 5415 Νοη
2148 5360 2315 5431 igitur
2346 5362 2642 5416 absurdum
2678 5373 2764 5419 est
2808 5365 2878 5418 ita
2922 5364 3119 5427 occidi,
3176 5371 3344 5431 atque
3383 5369 3442 5415 ut
3468 5374 3564 5414 vas

1988 5453 2134 5523 liguli
2171 5455 2398 5509 conteri.
2436 5456 2573 5509 Nam
2604 5471 2925 5526 peccatores
2950 5496 2965 5521 ,
2999 5464 3268 5525 quatenus
3308 5461 3562 5524 peccato-

1986 5560 2095 5610 res,
2123 5555 2181 5599 ut
2223 5546 2298 5599 ait
2330 5548 2598 5618 prepheta
2629 5547 2897 5604 Jeremias
2938 5547 3009 5613 ",
3040 5562 3138 5602 ceu
3170 5559 3298 5601 vasa
3324 5554 3562 5603 testacea

1983 5655 2150 5710 opera
2192 5657 2449 5696 manuum
2494 5642 2643 5711 ﬁguli
2680 5641 2913 5712 reputati
2937 5650 3083 5697 sunt.

365 5799 411 5835 "
441 5798 564 5857 Isai.
600 5819 673 5871 ιι,
706 5805 722 5858 l
752 5815 804 5862 ct
838 5824 990 5878 seqq.
1068 5810 1111 5842 δ’
1141 5809 1228 5867 Ps.
1264 5829 1312 5878 ι,
1348 5813 1430 5868 19.
1509 5816 1551 5849 ⁸⁰
1576 5815 1704 5872 lsai.
1743 5834 1867 5887 ων,

2063 5820 2106 5853 ⁸¹
2145 5820 2232 5877 1‘s.
2278 5835 2486 5888 Lxxvtt,
2515 5819 2602 5873 δι.
2681 5822 2725 5851 ⁸³
2749 5831 2952 5875 Jerctn.
2987 5832 3057 5888 μ’,
3088 5819 3141 5876 2.
