3834 6388
1695 317 1788 371 EX
1825 319 2126 378 ORIGENE

3422 323 3560 376 illi

313 419 348 489 ἢ
385 419 460 482 ὡς
503 419 693 484 πεῦος
741 423 1026 493 κεραμέως
1073 426 1487 497 συντρίϐεσθαι·
1535 432 1774 502 καϊγάρ
1820 436 1870 487 oi
1906 437 2246 510 ἁμαρτωλοὶ,
2300 439 2424 491 ὅσον
2484 438 2620 490 εἰσιν
2661 437 3001 510 ἁμαρτωλοὶ,
3054 436 3442 507 ἐλογίσθησαν,
3483 440 3560 499 ὣς

312 529 474 582 ιρησιν
503 513 533 566 ό
565 515 848 584 προφήτης
893 514 1179 596 Ἱερεμίας,
1225 520 1304 581 εἰς
1331 520 1529 588 ἀγγεῖα
1556 523 1870 594 ὀστράκινα,
1912 528 2049 598 ἔργα
2077 529 2274 599 χειρῶν
2297 528 2600 599 κεραμέως.
3165 621 3180 636 φ
3233 623 3247 636 .
3438 621 3454 634 ι
3477 621 3490 636 ⁸

391 603 639 636 ι’ἕιιοιῦραω
712 606 768 636 αι
801 609 936 636 una-:-
972 611 1269 636 ριιι......,1....
1301 616 1622 636 __-_.a.-!__
1644 633 1713 636 __
1761 619 1852 636 n,.
1926 630 1940 636 -
2060 626 2104 636 ..-
2141 622 2166 633 ο
2265 626 2278 636 .
2368 623 2393 634 ε
2471 623 2530 636 κ.
2760 622 2774 636 ι
2904 621 3006 636 ,οι-ι

385 603 662 674 Ejusdem.
712 583 769 660 Si
801 583 952 679 τρςίί
968 583 1271 666 secundum
1301 583 1720 683 promissionem
1761 583 1867 685 Dei,

2059 622 2169 675 Τοῦ
2211 623 2416 677 αὐτοῦ.
2469 623 2532 676 Εἰ
2579 622 2856 692 ποιμαίνει
2899 621 3012 692 (77)
3059 621 3180 673 κατ’
3231 621 3558 688 ἐπαγγελίαν

313 709 442 766 ergo
496 712 590 751 rex
640 707 724 752 est
775 698 1044 756 Christus.
1085 702 1198 758 Rex
1251 715 1433 761 autem
1479 717 1565 764 est
1598 724 1792 782 regens
1825 713 1880 766 in

317 789 464 857 virga
497 788 697 855 ferrea,
727 800 782 844 et
807 803 995 860 pastor
1025 796 1221 850 bonus.

381 878 662 946 Ejusdem.
691 880 853 952 Virga
901 883 1018 952 Dei,
1050 895 1132 940 est
1163 897 1408 956 potestas
1451 891 1569 959 ejus
1594 902 1650 946 et
1677 895 1884 964 suppli-

311 968 452 1022 cium
488 971 808 1038 inﬁdelium,
843 975 946 1029 hoc
980 986 1087 1040 est,
1131 977 1183 1032 in
1227 994 1425 1048 cruce;
1475 985 1631 1056 cujus
1661 989 1880 1056 quidem

312 1063 540 1117 materia
575 1063 750 1133 lignea
785 1076 890 1132 est,
927 1070 1008 1123 vis
1032 1079 1212 1126 autem
1252 1074 1454 1132 ferrea.

381 1151 545 1210 Vens.
585 1157 669 1211 ιο.
713 1158 782 1211 Et
827 1176 989 1226 nunc,
1031 1178 1198 1232 reges,
1235 1166 1537 1237 intelligile,
1576 1174 1878 1240 erndimini,

315 1260 496 1300 omnes
541 1248 633 1318 qui
673 1248 936 1318 judicatis
968 1262 1182 1319 terram,
1234 1267 1344 1313 etc.
1396 1259 1510 1315 Non
1561 1263 1793 1320 alienum
1850 1283 1880 1322 a

312 1336 618 1394 Salvatoris
646 1341 892 1400 bonitate
920 1356 1000 1401 est
1025 1348 1360 1418 principibus
1382 1365 1440 1409 et
1464 1357 1684 1428 regibus
1720 1374 1882 1417 terra:

309 1434 403 1500 qui
440 1435 697 1492 adversus
727 1440 874 1495 illum
909 1445 1255 1515 adstiterunt,
1289 1451 1471 1508 dicere
1505 1473 1519 1509 :
1560 1473 1580 1506 ι
1620 1456 1686 1510 Et
1710 1474 1876 1525 nunc,

312 1539 491 1593 reges,
531 1525 837 1602 iatelligite.
896 1552 915 1583 ι
974 1535 1086 1592 Etsi
1136 1549 1296 1595 antea
1339 1542 1708 1613 imprudentes
1747 1552 1877 1606 mihi

313 1614 536 1670 insidias
563 1621 817 1686 parastis,
844 1631 899 1676 at
925 1640 1066 1681 nunc
1097 1629 1387 1696 prudentes
1410 1634 1733 1705 resipiscite.
1764 1639 1880 1696 Cae-

310 1713 483 1760 terum
511 1709 636 1777 quia
669 1727 769 1766 vox
797 1713 897 1768 ista
929 1732 949 1766 ι
983 1726 1139 1773 ιρι-ται
1177 1738 1197 1772 ι
1237 1721 1413 1790 alteri,
1453 1744 1474 1778 ι
1507 1741 1680 1797 reges,
1729 1751 1748 1784 ι
1791 1733 1880 1786 ad-

309 1790 417 1844 dita
452 1809 559 1849 non
596 1806 699 1860 est,
729 1799 868 1855 forte
895 1818 1081 1874 regum
1109 1809 1328 1866 nomine
1353 1790 1874 1892 sanctos'int'elligit.

307 1880 440 1938 Nam
471 1889 685 1956 proprie
711 1904 804 1945 rex
829 1902 913 1947 est
935 1895 1028 1963 qui
1058 1896 1378 1958 innocenter
1401 1905 1668 1975 imperare
1690 1880 1862 1966 novit.

1982 714 2139 778 Θεοῦ,
2167 715 2367 786 ποιμὴν
2397 711 2489 768 οὖν
2522 719 2552 769 δ
2581 715 2833 785 Χριστός.
2871 714 3082 783 Ποιμὴν
3103 713 3162 765 δέ
3193 715 3310 766 ἐστι
3339 713 3557 783 ποιμαί-

1981 823 2086 859 νων
2113 809 2172 859 ὲν
2201 807 2379 877 ῥάϐδῳ
2410 807 2625 877 σιδηρᾷ,
2657 809 2750 858 καὶ
2783 807 2985 877 ποιμὴν
3015 805 3198 868 καλός.

2057 896 2172 949 Τοῦ
2197 896 2403 950 αὐτοῦ.
2445 897 2666 960 Ῥάϐδος
2693 894 2830 949 Θεοῦ
2871 898 2904 964 ή
2939 895 3175 959 ἐξουσία,
3212 897 3246 966 ή
3287 895 3426 948 κατὰ
3445 894 3555 948 τῶν

1981 985 2347 1039 ἀπειθούντων
2384 986 2643 1058 τιμωρία,
2687 985 2966 1038 τουτέστιν
3005 987 3065 1037 ὲν
3113 986 3192 1056 τῷ
3235 986 3470 1057 σταυρῷ·
3515 988 3550 1057 ή

1986 1077 2083 1146 μὲν
2111 1077 2220 1148 γάρ
2252 1078 2352 1147 ὕλη
2385 1077 2560 1142 ξύλου,
2590 1081 2623 1149 ή
2653 1078 2711 1131 δὲ
2750 1079 2902 1147 ἰσχὺς
2937 1078 3152 1147 σιδηρᾶ.

2050 1170 2158 1222 Καὶ
2192 1169 2325 1234 νῦν,
2353 1169 2652 1236 βασιλεῖς,
2686 1172 2922 1234 σύνετε,
2953 1169 3552 1237 παιδεύθητε,πάν·τες

1980 1265 2034 1314 οι
2051 1263 2358 1330 κρίνοντες
2379 1262 2494 1330 τὴν
2515 1262 2650 1333 γῆν,
2672 1280 2727 1315 κ.
2750 1280 2800 1316 τ.
2825 1264 2872 1315 ὲ.
2891 1262 3006 1316 Οὐκ
3027 1261 3304 1332 ἀλλότριον
3322 1261 3419 1331 μὲν
3437 1261 3551 1330 (78)

1979 1354 2077 1424 τῆς
2123 1355 2487 1425 χρηστότητος
2545 1353 2636 1407 τού
2681 1354 2933 1424 Σωτῆρος
2979 1354 3041 1406 τὸ
3080 1357 3194 1416 τοῖς
3239 1354 3551 1423 παραστᾶσι

1982 1445 2258 1516 βασιλεῦσι
2278 1448 2378 1518 τῆς
2401 1447 2502 1517 γῆς
2533 1445 2672 1516 μετὰ
2691 1446 2800 1499 τῶν
2825 1446 3102 1517 ἀρχόντων
3121 1445 3230 1497 τῶν
3263 1444 3553 1515 συναχθέν-

1979 1555 2086 1592 των
2113 1540 2233 1593 κατ’
2263 1539 2424 1593 αὑτοῦ
2452 1538 2629 1607 λέγειν
2659 1539 2746 1603 τὸ,
2787 1559 2804 1590 ι
2837 1540 2948 1592 Καὶ
2973 1538 3088 1602 νῦν,
3127 1537 3383 1608 βασιλεῖς,
3419 1537 3550 1590 σύν-

1981 1647 2069 1684 ετε
2088 1648 2102 1661 ·
2147 1649 2166 1682 ι
2197 1633 2245 1684 εἰ
2283 1629 2392 1700 γάρ
2413 1631 2505 1683 καί
2535 1630 2800 1702 πρότερον
2833 1631 3197 1700 ἀγνοήσαντες
3231 1629 3550 1682 ἐπιϐουλεύ-

1982 1739 2133 1789 σατε,
2179 1721 2314 1776 ἀλλὰ
2361 1720 2457 1774 νῦν
2500 1721 2754 1784 συνέντες
2797 1721 3185 1792 μετανοήσατε.
3240 1719 3330 1788 Τῷ
3368 1719 3426 1772 δὲ
3475 1716 3550 1789 μὴ

1981 1813 2336 1887 προσκεῖσθαι
2363 1814 2425 1866 τὸ
2462 1832 2480 1864 ι
2533 1812 2634 1883 τῆς
2674 1812 2815 1882 γῆς,
2868 1831 2887 1863 ι
2944 1812 3154 1881 μήποτε
3191 1828 3210 1862 ι
3250 1808 3485 1880 βασιλεῖς
3519 1826 3542 1861 ι

1979 1908 2104 1970 τοὺς
2148 1907 2337 1975 ἁγίους
2378 1904 2578 1976 φησίν·
2619 1905 2824 1976 κυρίως
2853 1903 2962 1973 γάρ
3005 1902 3256 1973 βασιλεὺς
3291 1904 3320 1954 ό
3365 1901 3547 1972 ἄρχειν

308 1973 591 2041 Quomodo
617 1991 797 2035 autem
824 2000 918 2039 rex
948 2001 1053 2042 non
1078 1991 1208 2056 erit,
1237 1994 1328 2063 qui
1357 2011 1584 2068 regnum
1607 2003 1867 2058 caelorum

1977 1973 2336 2072 ἐπιστάμενος
2384 1973 2790 2062 άνυπευθύνως.
2837 1997 2962 2060 Πῶς
3007 1998 3066 2051 δὲ
3121 1998 3182 2049 οὐ
3227 1994 3476 2065 βασιλεὺς
3519 1996 3548 2046 ό

311 2064 672 2134 haereditabit,
693 2070 855 2145 544
875 2076 1078 2146 quique
1111 2079 1326 2141 futurus
1346 2064 1510 2144 est‘iu
1548 2107 1717 2162 regno
1739 2095 1874 2150 Dei?

305 2155 532 2226 Oportet
565 2172 745 2219 autem
782 2176 840 2220 ut
868 2172 953 2225 vir
991 2185 1237 2242 sanctus,
1269 2181 1360 2250 qui
1399 2155 1668 2252 imperare
1697 2203 1866 2242 cona-

308 2257 414 2314 tur,
450 2267 479 2305 a
531 2255 711 2326 seipso
757 2264 1103 2336 propriisque
1144 2267 1426 2328 aﬂ'ectibus
1475 2275 1719 2346 incipiat.
1776 2280 1872 2337 llis

304 2342 446 2396 enim
501 2347 772 2417 imperare
794 2368 917 2409 eum
945 2370 1086 2427 opus
1118 2371 1221 2424 est,
1252 2377 1353 2418 nec
1384 2342 1618 2435 amplius
1649 2381 1874 2438 peccato

305 2433 450 2490 vinci
481 2440 626 2506 quod
654 2441 708 2496 in
746 2458 940 2502 nostro
973 2452 1186 2505 mortali
1232 2467 1463 2524 corpore
1478 2433 1720 2528 regnare
1748 2463 1874 2515 niti-

305 2536 412 2580 tur.
461 2529 684 2589 Videtur
726 2551 854 2592 vero
899 2542 1155 2609 verbum,
1191 2547 1612 2621 ὲπιστημώθητε
1656 2571 1676 2604 ι
1725 2554 1871 2610 edis-

306 2619 435 2684 cite,
479 2641 498 2674 ι
534 2635 591 2677 ut
617 2627 811 2696 Aquila
842 2633 1028 2699 vertit,
1060 2635 1318 2703 majorem
1354 2619 1658 2709 emphasim
1715 2644 1876 2702 babe-

305 2725 384 2777 re,
414 2729 574 2783 quam
602 2718 748 2785 illud,
776 2723 962 2778 σύνετε
995 2745 1015 2778 ι
1053 2728 1356 2800 intelligite.
1391 2753 1410 2786 ι
1445 2734 1694 2806 Praecipit
1725 2740 1871 2794 enim

306 2811 364 2855 ut
387 2806 618 2862 scientia
652 2813 866 2884 regibus
897 2817 1030 2874 solis
1073 2824 1288 2890 propria
1318 2826 1648 2895 accipiatur.
1684 2848 1702 2882 ι
1740 2831 1873 2885 Eru-

303 2893 716 2958 dimini.omnes
745 2904 835 2972 qui
874 2905 1136 2974 iudicatis
1165 2919 1362 2967 terram
1392 2956 1404 2967 .
1442 2893 1462 2966 ὲ
1502 2915 1870 2982 Quemadmo-

303 2986 433 3037 dum
465 2986 665 3057 duplici
701 2993 860 3050 modo
893 3011 1048 3067 reges
1075 3004 1405 3072 accepimus,
1451 3008 1532 3062 sic
1552 3017 1606 3062 et
1631 3023 1726 3065 eos
1775 3011 1867 3080 qui

297 3071 545 3140 indicant
589 3090 793 3138 terram
838 3085 1141 3160 intelligere
1201 3071 1512 3163 possumus.
1573 3097 1671 3155 Vel
1724 3071 1868 3158 enim

309 3166 581 3239 principes
609 3180 926 3248 congregati
974 3166 1048 3235 in.
1083 3198 1248 3239 unum
1279 3187 1546 3247 adversus
1581 3191 1868 3250 Dominum

299 3273 356 3317 et
386 3265 652 3326 adversus
685 3272 964 3330 Christum
994 3277 1132 3348 ejus,
1161 3282 1410 3338 dicentur
1438 3286 1474 3340 ii
1495 3289 1589 3358 qui
1618 3288 1870 3357 iudicant

303 3363 530 3427 terram,
567 3376 692 3418 cum
749 3367 1052 3439 principum
1095 3376 1376 3444 proprium
1422 3393 1560 3448 opus
1607 3383 1677 3436 sit
1722 3382 1868 3452 judi-

299 3456 426 3503 care
464 3467 479 3514 ;
515 3453 598 3509 vel
652 3457 744 3526 qui
783 3457 1033 3526 judicant
1078 3473 1314 3532 terram,
1362 3471 1540 3525 sancti
1583 3484 1766 3540 erunt,
1813 3486 1870 3530 ut

295 3543 666 3603 ostendemus.
699 3549 830 3605 Illud
860 3565 1062 3620 autem,
1109 3573 1130 3608 ι
1180 3561 1496 3627 erndimini,
1533 3582 1552 3616 ι
1592 3565 1674 3620 vel
1703 3567 1871 3637 signi-

296 3633 425 3690 ﬁcat
463 3635 656 3693 istud:
701 3644 898 3701 tradite
963 3662 1058 3704 vos
1106 3655 1434 3722 correptioni
1482 3667 1538 3712 et
1584 3633 1868 3728 doctrinm,

295 3726 384 3781 vel
432 3730 608 3796 ptenis
640 3747 762 3801 quae
787 3737 1046 3793 erudiunt
1069 3755 1165 3797 eos
1190 3745 1286 3814 qui
1309 3747 1578 3816 ejusmodi
1613 3726 1870 3810 remediis

295 3818 567 3889 indigent.
596 3822 816 3889 Quaeret
862 3828 1094 3887 fortasse
1123 3837 1398 3908 quispiam
1430 3856 1498 3896 an
1537 3845 1693 3914 juxta
1746 3862 1866 3902 eam

297 3923 418 3974 qua
468 3911 522 3963 in
558 3915 740 3980 pcenis
765 3927 866 3972 est.
903 3922 1246 3992 disciplinam
1285 3911 1551 3999 jubeatur'
1583 3936 1705 4006 quis
1736 3952 1865 3992 eru-

297 3999 423 4065 diri,
449 4013 505 4055 et
538 4002 772 4062 libenter
797 4011 1034 4081 seipsum
1053 4016 1104 4071 ei
1136 4020 1378 4076 tradere.
1409 3999 1864 4096 ReSpondendum

292 4098 378 4144 est
406 4091 536 4148 huic
569 4098 854 4164 quastioni
903 4104 968 4157 de
999 4119 1107 4174 qua
1141 4109 1328 4166 multis
1363 4091 1533 4171 θαι-οι
1553 4133 1716 4188 aqua,
1742 4135 1866 4175 esse

293 4180 437 4236 forte
471 4187 762 4256 quosdam,
812 4193 926 4260 qui,
959 4197 1102 4263 quod
1140 4198 1377 4258 infantes
1424 4205 1556 4274 sint,
1593 4180 1749 4265 invi—ti
1793 4214 1862 4268 ad

288 4272 434 4330 hanc
461 4277 811 4348 disciplinam
852 4287 1160 4344 trahuntur.
1193 4291 1261 4346 Et
1305 4293 1359 4348 hi
1401 4272 1627 4356 suut'de
1666 4304 1864 4372 quibus

287 4365 560 4439 Propheta
591 4371 726 4429 dicit
755 4376 801 4408 η
834 4392 850 4431 :
885 4396 904 4430 ‹
941 4376 998 4433 Si
1033 4381 1429 4454 dereliquerint
1473 4390 1569 4446 lilii
1618 4365 1736 4464 ejus
1785 4395 1862 4452 le-

289 4473 412 4527 gem
457 4477 656 4531 meam,
689 4478 745 4522 et
773 4468 826 4524 in
873 4469 1097 4539 iudiciis
1133 4477 1272 4533 meis
1303 4494 1408 4535 non
1436 4483 1860 4557 ambulaverint,

285 4551 332 4604 st
374 4549 610 4617 justitias
651 4573 802 4615 meas
859 4564 1284 4635 profanaverint,
1335 4582 1391 4628 et
1429 4578 1682 4634 mandata
1740 4598 1856 4637 mea

1977 2092 2330 2165 κληρονομιῖιν
2383 2090 2662 2160 βασιλείαν
2714 2087 2979 2160 ούρανῶν,
3047 2089 3142 2194 καὶ
3191 2088 3446 2194 ἐσόμενος
3469 2087 3547 2194 ἐν

1978 2185 2223 2258 βασιλείᾳ
2257 2184 2350 2238 τοῦ
2385 2183 2560 2246 Θεοῦ;
2594 2183 2705 2236 Καὶ
2750 2181 2832 2234 δεῖ
2861 2199 2926 2249 γε
2956 2181 3046 2233 τὸν
3082 2180 3257 2286 αγιον,
3293 2177 3548 2286 άγωνιέό-

1979 2297 2138 2352 μενον
2165 2277 2493 2350 βασιλεύειν,
2527 2275 2792 2344 ἄρξασθαι
2826 2276 2918 2342 ἀφ’
2948 2273 3114 2327 αὐτοῦ
3143 2273 3238 2326 καὶ
3263 2271 3371 2326 τῶν
3407 2271 3546 2324 ἰδίων

1976 2370 2313 2441 κινημάτων.
2348 2369 2566 2421 Τούτων
2616 2367 2725 2438 γάρ
2774 2367 3037 2438 πρότερον
3077 2363 3398 2468 ⁸βασιλεῦσαι
3450 2363 3545 2468 δεῖ,

1979 2462 2176 2534 μηκέτι
2208 2460 2622 2532 βασιλευόμενον
2638 2459 2744 2512 ὑπὸ
2766 2458 2867 2528 τῆς
2887 2456 3158 2561 ἁμαρτίας
3179 2456 3294 2564 ’τῆς
3323 2455 3550 2564 μεμελεί

1973 2555 2203 2624 τηκυίας
2234 2553 2536 2624 βασιλεύειν
2560 2553 2618 2604 ὲν
2638 2551 2717 2622 τῷ
2743 2550 2921 2621 θνητῷ
2946 2549 3103 2620 ήμῶν
3129 2549 3362 2620 σώματι.
3393 2549 3547 2600 Δοκεῖ

1974 2647 2031 2700 δὲ
2047 2646 2130 2709 τὸ,
2172 2665 2190 2697 ι
2220 2643 2662 2716 ὲπιστημὼθητε,
2688 2663 2706 2695 ι
2731 2644 2804 2708 ὡς
2835 2643 3067 2705 ’Δκύλας
3099 2641 3416 2702 ἐκδέδωκεν,
3446 2640 3545 2708 ὲμ-

1976 2737 2346 2809 φατικώτερον
2376 2733 2516 2791 εἶναι
2553 2736 2647 2790 τοῦ
2680 2754 2698 2787 ι
2747 2735 2956 2798 σύνετε,
2994 2753 3013 2785 i
3059 2733 3398 2837 προστασσον
3430 2729 3548 2837 ἔπιε

1977 2813 2074 2901 στή
2085 2848 2190 2902 μην
2229 2829 2516 2884 ἀναλαϐεῖν
2542 2828 2745 2882 οἰκέαν
2771 2822 2938 2880 οὖσαν
2958 2826 3060 2879 οὑκ
3261 2840 3336 2893 τῳ
3368 2821 3399 2891 ἦ
3433 2823 3547 2928 τοῖς

1976 2921 2275 2992 βασιλεῦσιο
2330 2942 2348 2973 ι
2409 2919 2987 2990 Παιδεύθητε,πάντες
3031 2918 3082 2970 οἱ
3127 2917 3546 3018 χρίωντεςὶτῂν

1974 3015 2097 3084 γῆν.
2137 3033 2155 3064 i
2192 3016 2288 3066 ⁸ον
2316 3014 2517 3084 τρόπον
2546 3011 2708 3084 διχῶς
2737 3009 3102 3081 ὲξεδεξάμεθα
3130 3008 3248 3071 τοὺς
3276 3003 3536 3075 βασιλεῖς,

1973 3107 2145 3171 οὕτως
2172 3108 2406 3172 καὶτοὺς
2433 3107 2717 3177 κρίνοντας
2744 3105 2840 3176 τήν
2865 3104 2969 3174 γῆν
2998 3103 3186 3172 νοῆσαι
3209 3100 3352 3169 ἡμᾶς
3377 3096 3538 3149 δυνα-

1975 3199 2084 3252 τόν.
2123 3200 2195 3252 Ἦ
2229 3199 2335 3269 γὰρ
2362 3201 2411 3251 οἰ
2445 3199 2703 3268 ἄρχοντες
2740 3198 2790 3250 οί
2820 3195 3175 3266 συναχθέντες
3199 3194 3291 3246 ἐπὶ
3328 3191 3390 3243 τὸ
3415 3186 3544 3242 αὐτὸ

1978 3288 2117 3342 κατὰ
2141 3290 2234 3342 τοῦ
2260 3290 2464 3361 Κυρίου
2486 3289 2579 3342 καὶ
2608 3288 2748 3341 κατὰ
2773 3287 2866 3340 τοῦ
2891 3285 3124 3357 Χριστοῦ
3153 3283 3316 3336 αὑτοῦ
3337 3282 3546 3353 κρίνον-

1972 3400 2061 3446 τες
2089 3383 2329 3451 λέγοιντο
2348 3382 2414 3434 ἂν
2445 3382 2543 3453 τήν
2568 3381 2690 3452 γῆν,
2721 3380 2924 3434 οἰκείου
2949 3381 3062 3442 τοῖς
3096 3377 3352 3448 ἄρχουσιν
3381 3374 3543 3445 ἔργου

1970 3476 2323 3546 τυγχάνοντος
2343 3475 2436 3528 τοῦ
2452 3475 2658 3546 κρίνειν
2677 3491 2688 3503 ·
2716 3475 2748 3544 ἢ
2772 3474 3048 3544 κρίνοντες
3069 3473 3166 3543 τὴν
3189 3472 3293 3542 γῆν
3307 3472 3356 3522 οἱ
3377 3470 3541 3536 ἅγιοι,

1969 3569 2044 3633 ὡς
2085 3567 2350 3639 δείξομεν.
2381 3569 2454 3620 Τὸ
2496 3567 2573 3631 δὲ,
2625 3587 2643 3619 ι
2679 3566 3023 3638 παιδεύθητε,
3067 3566 3242 3635 »ἤτοι
3275 3563 3426 3668 δηλοῖ
3459 3561 3540 3668 τδ,

1968 3664 2033 3731 τῇ
2063 3660 2280 3732 παιδείᾳ
2309 3661 2403 3714 καλ⁸
2433 3659 2752 3730 διδασκαλίᾳ
2783 3659 3010 3720 ἑαυτοὺς
3041 3655 3330 3725 παράδοτε,
3365 3654 3398 3723 ῆ
3431 3654 3543 3758 τοῖς

1968 3753 2347 3823 κολαστηρίοις
2381 3756 2493 3817 τοῖς
2528 3752 2841 3806 παιδεύουσι
2879 3752 3006 3812 τοὺς
3032 3749 3286 3802 τοιούτων
3317 3749 3543 3852 φαρμά-

1968 3861 2078 3897 κων
2116 3843 2487 3914 δεδεημένους.
2519 3844 2680 3908 Εἰκὸς
2704 3843 2780 3909 δὲ,
2820 3840 3047 3938 ζητήσει
3072 3856 3154 3902 τις
3198 3840 3245 3890 εἰ
3445 3838 3542 3906 τὴν

1967 3937 2024 3989 ὲν
2054 3937 2304 3990 κολάσεσι
2346 3936 2593 3990 παιδείαν
2627 3933 3026 4008 προστάσσεταί
3053 3949 3137 3994 τις
3161 3929 3540 3996 παιδευθῆναι,

1965 4029 2058 4082 καὶ
2083 4028 2342 4092 ἑκουσίως
2376 4028 2565 4082 ἑαυτὸν
2596 4027 2769 4097 ταύτῃ
2795 4021 3148 4096 παραδοῦναι.
3191 4017 3540 4088 ’Δποκριτέον

1963 4121 2019 4174 δὲ
2046 4122 2180 4192 πρὸς
2220 4121 2318 4192 τὴν
2350 4121 2577 4192 ζήτησιν
2616 4118 2877 4172 πλειόνων
2907 4117 3049 4171 κατὰ
3085 4115 3178 4168 τὸν
3205 4113 3367 4166 τόπον
3401 4111 3540 4163 ἁπο-

1966 4214 2263 4284 ρουμένων,
2298 4214 2381 4266 ὅτι
2423 4213 2563 4283 τάχα
2597 4212 2694 4283 μέν
2723 4228 2890 4276 τινες,
2933 4209 3010 4280 τῷ
3040 4203 3180 4262 εἶναι
3207 4207 3411 4276 νήπιοι,
3445 4203 3540 4255 καὶ

1962 4304 2188 4367 άκοντες
2230 4304 2324 4357 ἐπὶ
2367 4303 2466 4376 τὴν
2512 4302 2765 4372 τοιαύτην
2816 4300 3094 4355 παίδευσιν
3144 4297 3409 4351 ἕλκονται·
3443 4294 3540 4348 καὶ

1960 4387 2104 4448 οὗτοί
2123 4410 2187 4462 γε
2214 4393 2341 4464 περί
2367 4385 2441 4446 ὧν
2463 4395 2492 4446 ό
2529 4394 2820 4464 Προφήτης
2846 4391 3010 4492 ιρησίν
3027 4407 3042 4422 ο
3079 4408 3097 4442 ι
3148 4387 3280 4492 Ἐὰν
3303 4389 3541 4492 ἐγκατα-

1959 4484 2219 4538 λείπωσιν
2249 4485 2301 4537 οἰ
2346 4485 2454 4538 υἱοὶ
2495 4483 2658 4537 αὐτοῦ
2686 4483 2778 4537 τὸν
2819 4483 2985 4553 νόμον
3029 4498 3152 4553 μου,
3196 4480 3290 4532 καὶ
3336 4479 3395 4529 ὲν
3425 4479 3537 4538 τοῖς

1961 4576 2191 4649 κρίμασί
2253 4593 2354 4648 μου
2399 4575 2473 4646 μὴ
2523 4573 2886 4646 πορευθῶσινσ
2939 4571 3034 4626 ἐὰν
3079 4571 3150 4626 τά
3195 4566 3539 4638 δικαιώματά

287 4655 390 4694 non
426 4648 804 4719 custodierint,
827 4655 1057 4714 visitabo
1080 4660 1130 4714 in
1153 4661 1298 4734 virga
1317 4664 1627 4736 iniquitates
1642 4686 1856 4739 eorum,

287 4741 337 4770 ιιι
369 4733 420 4770 in
449 4741 764 4770 νοηιιηνιιι..-
801 4758 1015 4770 ..--_-.-
1056 4766 1175 4770 --.η
1220 4769 1226 4770 ,
1357 4757 1368 4769 .
1469 4759 1480 4770 .
1601 4762 1632 4770 .-

1975 4648 2068 4740 μου
2102 4668 2502 4740 βεϐηλὼσωσιν,
2535 4667 2626 4720 καὶ
2664 4666 2759 4729 τάς
2789 4664 3008 4770 ἐντολάς
3051 4681 3152 4770 μου
3186 4661 3258 4770 μή
3288 4659 3537 4770 (auidius:-

285 4741 342 4785 et
369 4733 420 4786 in
449 4741 766 4798 verberibus
801 4758 1021 4814 peccata
1049 4733 1258 4822 eorum,
1299 4757 1723 4817 misericordiam
1757 4780 1858 4820 au-

1975 4733 2064 4826 iw,
2100 4733 2467 4832 ἐπισκέψομαι
2490 4733 2553 4812 γὲν
2588 4758 2768 4828 ῥάϐδῳ
2794 4755 2896 4821 τὰς
2933 4733 3161 4826 ἀνομίας
3196 4752 3396 4816 αὐτῶν,
3438 4750 3537 4805 καὶ

285 4829 395 4874 teni
426 4841 600 4884 meam
645 4847 750 4886 non
787 4835 1089 4910 dispergam
1124 4845 1298 4901 abeo.
1346 4865 1366 4898 ι
1407 4846 1568 4906 Forte
1601 4854 1770 4908 etiam
1799 4856 1852 4912 in

283 4921 671 4978 conscientiam
726 4930 1069 4996 propriorum
1124 4935 1370 5006 lapsuum
1403 4942 1682 5002 venientes
1724 4946 1848 5018 qui-

284 5015 432 5080 dam,
459 5015 689 5084 seipsos,
729 5021 926 5090 quippe
963 5026 1078 5092 qni,
1113 5038 1166 5080 nt
1195 5038 1481 5096 curentur,
1518 5015 1848 5106 indigenteo

280 5104 377 5173 qui
427 5110 656 5165 curandi
713 5115 917 5180 peritus
968 5129 1072 5184 est,
1115 5121 1332 5177 tradunt
1363 5104 1700 5195 asperrimis,
1733 5146 1853 5199 qua:

279 5212 376 5253 eos
418 5201 672 5260 meliores
715 5206 944 5262 reddere
983 5221 1210 5277 queunt,
1255 5215 1688 5274 medicamentis.
1723 5221 1852 5292 Opi-

279 5306 380 5346 nor
408 5303 588 5350 antem
625 5312 694 5352 ex
727 5297 829 5354 hoc
859 5315 1086 5356 numero
1118 5319 1238 5360 esse
1266 5321 1360 5363 eos
1397 5310 1462 5365 de
1491 5311 1692 5380 quibus
1708 5315 1846 5386 apud

348 5453 394 5486 ³³
417 5453 511 5512 Ps.
536 5471 800 5526 Lxxxvm,
827 5462 916 5528 3i,
947 5464 1036 5528 52,
1064 5464 1152 5530 '53,
1177 5466 1268 5520 54.

352 5589 461 5709 $77)
497 5595 566 5646 Et
591 5596 908 5664 ποιμαίνει,
946 5608 1052 5654 etc.
1103 5600 1145 5654 E
1179 5603 1394 5658 sclieilis
1429 5602 1634 5668 Crabii,
1683 5613 1845 5672 atque

278 5657 352 5710 iltt
377 5661 514 5710 idem
534 5664 900 5710 dem-nmmum
925 5680 1004 5710 ρςι
1034 5686 1263 5710 non-mne
1288 5671 1645 5710 frnarnnnhnn
1687 5673 1845 5710 mas-

377 5661 904 5743 ideindepro'mptuui
925 5680 1010 5725 est
1033 5686 1264 5742 sequens
1285 5661 1669 5743 fragmentum,
1687 5661 1845 5729 Ῥάϐ-

275 5727 364 5793 δος
393 5727 546 5799 Θεοῦ,
584 5727 688 5790 etc.

1957 4855 2014 4907 ὲν
2051 4852 2268 4923 μάστιξι
2293 4852 2392 4915 τὰς
2423 4851 2696 4922 ἁμαρτίας
2728 4848 2928 4911 αὐτῶν,
2961 4848 3021 4901 τὸ
3047 4847 3105 4900 δὲ
3139 4847 3284 4910 ἔλεός
3325 4862 3428 4915 μου
3457 4844 3534 4915 μὴ

1953 4943 2288 4997 διασκεδάσω
2316 4943 2410 4996 ἀπ’
2433 4942 2619 4996 αὑτοῦ.
2651 4962 2669 4992 ι
2699 4941 2851 5011 Τάχα
2875 4941 2936 4993 δὲ
2963 4940 3056 4994 καὶ
3076 4941 3155 5002 εἰς
3181 4935 3534 5007 συναίσθησιν

1959 5036 2202 5100 ἐλθόντες
2237 5035 2347 5088 τῶν
2394 5033 2538 5087 ἰδίων
2572 5032 2927 5103 πταισμάτων
2967 5030 3111 5092 τινὲς
3145 5027 3532 5100 παραδιδόασιν

1955 5128 2206 5190 ἑαυτοὺς,
2235 5126 2310 5189 t'o;
2337 5127 2428 5179 ἐπὶ
2462 5124 2727 5197 θεραπεία
2763 5123 3002 5194 δεόμενοι
3044 5120 3136 5174 τοῦ
3162 5120 3262 5220 τήν
3298 5116 3530 5220 {atto-tt)-

1958 5239 2066 5292 μην
2091 5220 2292 5292 ταύτην
2325 5219 2558 5290 ἔχοντος,
2591 5221 2703 5280 τοῖς
2731 5215 3153 5312 ὲπιπονωτάτοις
3180 5213 3274 5312 καὶ
3308 5211 3532 5312 palatii-

1954 5329 2044 5365 σαι
2071 5312 2407 5382 δυναμένοις.
2445 5307 2609 5382 Οἶμαι
2641 5309 2698 5362 δὲ
2727 5307 2930 5362 τούτων
2961 5302 3100 5360 εἷναι
3125 5306 3254 5368 τοὺς
3277 5300 3426 5374 παρὰ
3445 5300 3530 5371 τῷ

2024 5603 2152 5698 (7⁸).
2169 5603 2652 5698 (2ῠὲ-ξέλέέῖξέῩῖ
2664 5600 2817 5698 ἒένι
2840 5597 3270 5698 εεξηεξξιὶιέἐίξ.
3286 5596 3514 5698 022E:

1953 5669 2080 5734 ﬁsii,
2104 5669 2157 5726 et
2186 5675 2372 5729 codice
2404 5669 2758 5729 Barocciauo.
2798 5671 2988 5726 Latine
3021 5669 3186 5725 habes
3221 5670 3272 5722 in
3313 5669 3518 5725 Catena

1951 5742 2193 5799 Barbari.
