3870 6516
218 396 359 451 “15

216 616 445 654 καυστοι
468 616 482 629 ο
525 617 543 650 ι
583 599 826 661 καὶτοὺς
849 598 1173 669 εὐχομένους
1197 601 1334 654 κατὰ
1367 601 1457 653 τὸν
1504 600 1792 673 Ἱερεμίαν,

216 692 317 746 καὶ
362 690 649 758 λέγοντας·
711 708 729 738 ι
777 688 1071 741 Παίδευσον
1108 691 1277 760 ἡμᾶς,
1328 690 1519 758 Κύριε,
1554 689 1691 759 πλὴν
1738 691 1795 741 ὲν

214 784 419 855 κρίσει,
454 782 546 835 καὶ
585 781 658 853 μὴ
689 784 745 835 ἐν
778 780 955 851 θυμῷ,
988 782 1073 834 ἵνα
1103 782 1177 852 μὴ
1217 783 1428 849 ὀλίγους
1455 784 1605 852 ἡμᾶς
1646 782 1796 851 ποιή-

217 894 341 949 σῃς.
377 896 395 927 ι
424 876 502 929 Τὰ
528 876 635 946 γὰρ
661 876 891 929 ἐπίπονα
921 875 1105 928 καὶτὰ
1136 875 1465 947 σφοδρότερα
1496 875 1794 947 παραιτού-

218 983 395 1035 μενοι,
430 965 529 1028 τάς
561 965 812 1028 κολάσεις
853 966 914 1017 ού
963 964 1141 1036 πάντη
1184 964 1577 1035 παραιτοῦνται
1622 966 1688 1018 δι’
1721 958 1794 1018 ὧν

218 1056 487 1126 λέγουσιν.
533 1058 944 1127 Ἐπιστήσωμεν
971 1057 1027 1109 δὲ
1057 1059 1105 1109 εί
1152 1058 1225 1128 μὴ
1260 1056 1367 1111 τῶν
1398 1057 1659 1119 ἑκουσίως
1702 1074 1795 1109 κο-

214 1149 532 1219 λαζομένων
573 1150 721 1201 ἐστὶν
760 1152 791 1219 ή
823 1148 1055 1227 λέγουσα
1081 1150 1268 1219 φωνή·
1307 1167 1325 1199 ι
1369 1148 1566 1219 Ὀργὴν
1590 1147 1795 1218 Κυρίου

214 1241 448 1305 ὑποίσω,
479 1242 559 1294 ὅτι
592 1242 838 1314 ἥμαρτον
872 1241 1038 1313 αὐτῷ,
1074 1240 1180 1304 ἕως
1202 1240 1294 1294 τοῦ
1322 1240 1610 1295 δικαιῶσαι
1636 1240 1797 1293 αὐτὸν

212 1330 318 1401 τὴν
345 1331 499 1402 δίκην
529 1349 651 1402 μου.
691 1352 709 1384 υ
754 1333 904 1402 Τάχα
936 1329 1028 1385 οὖν
1055 1334 1147 1385 καί¹
1181 1335 1229 1385 οἱ
1260 1333 1536 1403 κρίνοντες
1568 1332 1664 1403 τὴν
1694 1331 1797 1401 γῆν

211 1424 284 1475 ού
318 1423 788 1493 παιδευθήσονται,
830 1423 937 1477 ἐὰν
966 1424 1040 1495 μὴ
1073 1426 1297 1488 ἑαυτοὺς
1324 1424 1400 1494 τῷ
1452 1423 1796 1478 παιδεύεσθαι

213 1515 552 1586 παραδῶσιν.
624 1516 840 1586 Ἐπειδὴ
892 1517 947 1569 δὲ
1001 1517 1197 1588 μᾶλλον
1250 1514 1676 1587 προσετιθέμεθα
1720 1512 1799 1584 τῷ

214 1606 463 1676 βασιλεῖς
512 1603 651 1660 εἶναι
704 1610 830 1671 τοὺς
877 1610 969 1662 ἐπὶ
1022 1610 1122 1680 τὴν
1166 1609 1381 1662 σύνεσιν
1433 1608 1799 1683 καλουμένους

210 1699 426 1767 ἁγίους,
464 1699 594 1769 φέρε
619 1699 1013 1770 παραπλησίως
1034 1699 1231 1770 ἴδωμεν
1252 1701 1343 1752 καὶ
1365 1701 1491 1761 τοὺς
1517 1700 1799 1770 κρίνοντας

208 1792 320 1862 τὴν
348 1791 470 1860 γῆν.
504 1791 660 1843 ’Ὶδιον
684 1790 739 1842 δὲ
768 1789 926 1843 τοῦτο
946 1790 1053 1843 τῶν
1092 1791 1261 1859 ἁγίων
1293 1791 1640 1863 εὑρίσκομεν,
1674 1792 1796 1862 κρί-

209 1899 332 1935 νειν
354 1882 417 1933 δι’
450 1874 524 1936 ὧν
563 1877 621 1935 εὖ
659 1883 1012 1954 πεποιήκασι,
1063 1885 1189 1947 τοὺς
1230 1884 1305 1955 μὴ
1351 1883 1418 1937 τὰ
1463 1885 1623 1954 ὅμοια
1670 1883 1793 1955 ἐζη-

208 1970 479 2037 λωκότας.
514 1993 533 2024 ι
575 1974 797 2044 ’Ἄνδρες
837 1994 855 2025 t
897 1974 1004 2046 γὰρ
1035 1994 1053 2025 ι
1079 1974 1359 2028 Νινευίται
1398 1974 1792 2046 ἀναστήσονται

208 2065 279 2115 ὲν
318 2067 383 2134 τῇ
421 2065 599 2135 κρίσει
635 2067 727 2119 καὶ
769 2065 1157 2136 κατακρινοῦσι
1185 2069 1311 2130 τοὺς
1353 2066 1670 2138 ἀνθρώπους
1697 2066 1794 2136 τῆς

209 2159 412 2223 γενεᾶς
428 2156 651 2227 ταύτης,
673 2158 754 2210 ὅτι
781 2157 1110 2229 μετενόησαν
1127 2160 1206 2222 είς
1230 2159 1290 2210 τὸ
1319 2159 1579 2230 κήρυγμα
1618 2160 1791 2224 Ἰωνᾶ,

211 2246 317 2298 καὶ
355 2246 463 2300 ἰδοὺ
501 2246 682 2300 πλεῖον
722 2249 876 2301 Ἰωνᾶ
898 2242 1021 2317 ὦδε,
1060 2269 1078 2299 ι
1124 2250 1288 2321 φησὶν
1317 2252 1344 2303 6
1374 2251 1583 2321 Σωτήρ.
1638 2249 1796 2302 Ἀλλὰ

210 2336 313 2388 καὶ
352 2355 370 2386 ι
399 2336 684 2406 βασίλισσα
720 2340 873 2392 νότου
915 2341 1272 2412 ἐγερθήσεται
1307 2343 1363 2393 ἐν
1388 2345 1452 2412 τῇ
1481 2342 1679 2412 κρίσει,
1702 2342 1796 2393 καὶ

210 2435 543 2501 κατακρινεῖ
569 2433 695 2496 τοὺς
727 2432 1047 2504 ἀνθρώπους
1084 2436 1181 2505 τῆς
1210 2436 1404 2502 γενεᾶς
1443 2434 1665 2504 ταύτης,
1712 2435 1794 2487 ὅτι

206 2520 383 2595 ἦλθεν
419 2526 525 2578 ἀπὸ
568 2525 677 2579 τῶν
717 2527 968 2598 περάτων
1011 2527 1108 2596 τῆς
1150 2526 1253 2596 γῆς
1297 2526 1526 2579 ἀκοῦσαι
1568 2527 1665 2594 τῆς
1705 2544 1795 2579 σο-

211 2617 352 2684 φίας
379 2617 739 2688 Σολομῶντος,
773 2619 867 2671 καὶ
899 2617 1008 2670 ἰδοὺ
1046 2618 1228 2670 πλεῖον
1253 2616 1594 2687 Σολομῶντος
1617 2610 1739 2670 ὧδε.
1771 2636 1789 2669 ι

212 2707 434 2760 Οὐκοῦν
472 2709 748 2762 Νινευῖται
785 2711 875 2762 καὶ
916 2712 949 2779 η
992 2708 1279 2778 βασίλισσα
1322 2708 1469 2761 νότου
1514 2708 1622 2760 τῶν
1674 2726 1796 2779 κρι-

209 2796 421 2849 νόντων
463 2799 568 2850 eiul
603 2798 729 2861 τοὺς
762 2798 856 2850 τοῦ
900 2797 1152 2869 Σωτῆρος
1200 2797 1558 2861 ἀκούσαντας,
1591 2797 1684 2850 καὶ
1721 2797 1795 2868 μὴ

214 2888 646 2958 μεταϐαλόντας,
678 2891 771 2943 καὶ
808 2890 932 2952 τοὺς
964 2891 1479 2961 καταφρονήσαντας
1514 2890 1611 2961 τῆς
1651 2889 1795 2941 διδα-

212 2979 454 3042 σκαλίας
498 2981 691 3050 Ἰησοῦ.
729 2981 881 3051 Τάχα
924 2982 978 3034 δὲ
1007 2981 1177 3045 οὕτως
1219 2982 1311 3034 καὶ
1340 2982 1388 3033 οί
1424 2981 1519 3033 τοῦ
1561 2979 1796 3050 Χριστοῦ

209 3072 511 3125 ἀπόστολοι
558 3074 798 3145 κρινοῦσι
840 3075 937 3137 τὰς
974 3073 1180 3126 δώδεκα
1219 3073 1389 3142 φυλὰς
1435 3073 1529 3126 τοῦ
1585 3071 1798 3143 Ἰσραὴλ

1238 390 1548 449 SELECTA
1585 392 1648 447 IN
1683 389 2023 447 PSALMOS.
2060 424 2130 433 —
2152 394 2348 451 ΡΞΑΙ..
2384 395 2447 450 ll.

227 509 428 579 Ἠσαίᾳ
463 504 815 577 λεγομένους·
852 523 870 556 ε
907 505 1254 578 Θελήσουσιν,
1281 510 1329 561 εί
1357 509 1602 577 ἐγένοντο
1632 507 1794 578 πυρί-

1904 506 2094 563 lsaiam
2148 510 2351 564 dicitur
2378 512 2425 543 ⁵⁸
2465 527 2480 565 :

3331 394 3464 449 HM

2532 528 2550 562 ι
2584 509 2802 574 Volent.
2832 510 2875 565 si
2912 509 3032 580 igne
3062 510 3324 566 combusti
3351 510 3469 564 rue-

1897 600 2031 665 rint,
2094 620 2114 652 ι
2162 611 2219 656 et
2269 603 2390 658 illos
2436 604 2527 673 qui
2594 604 2884 660 secundum
2941 603 3223 659 Jeremiam
3266 612 3463 663 orant,

1896 702 1950 748 et
1988 693 2175 748 dicunt
2209 695 2255 725 ⁸⁵
2285 711 2300 747 :
2345 714 2363 746 ι
2396 695 2623 764 Corripe
2648 712 2767 764 nos,
2801 696 3044 760 Domine,
3078 705 3463 750 verumtamen

1898 786 1949 840 in
1981 785 2213 855 judicio,
2241 796 2296 841 et
2327 770 2431 840 non
2489 789 2541 841 in
2600 787 2807 853 furore,
2838 798 2897 843 ut
2928 804 3036 843 non
3070 802 3269 857 paucos
3298 787 3468 841 facias

1897 892 2017 933 nos.
2058 896 2076 926 δ
2115 878 2268 933 Licet
2295 878 2439 933 enim
2464 878 2867 933 vehementiam
2910 889 2966 935 et
2995 880 3346 935 acerbitatem
3379 881 3465 933 ni-

1899 969 2400 1041 miam_pmuarum
2455 978 2731 1035 recusent,
2778 985 2966 1041 ptenas
3021 982 3198 1027 tamen
3245 973 3467 1026 omnino

1902 1076 2013 1115 non
2050 1070 2327 1117 recusant.
2370 1063 2785 1118 Consideremtts
2837 1072 3012 1119 autem
3058 1080 3234 1119 annon
3281 1079 3467 1119 eorum

1898 1154 1993 1222 qui
2037 1164 2228 1223 sponte
2257 1156 2573 1223 puniuntur,
2609 1155 2681 1209 sit
2714 1157 2829 1209 haec
2852 1171 2953 1210 vox
2991 1157 3037 1189 ⁸⁸
3070 1174 3084 1212 :
3121 1176 3140 1209 ι
3184 1158 3322 1211 lratu
3361 1158 3467 1211 Do-

1899 1245 2029 1298 mini
2067 1246 2314 1313 portabo,
2352 1247 2607 1315 quoniam
2661 1247 2875 1316 peccavi
2923 1247 2992 1310 ei,
3032 1249 3203 1303 donec
3248 1264 3466 1302 causam

1899 1350 2071 1391 meam
2121 1335 2343 1405 judicet.
2391 1356 2409 1388 ι
2447 1336 2720 1393 Fortassis
2778 1338 2943 1407 igitur
2983 1347 3037 1394 et
3082 1340 3174 1407 qui
3228 1340 3469 1406 judicant

1898 1434 2119 1489 terram,
2154 1440 2260 1478 non
2286 1427 2625 1490 erudienlur,
2659 1428 2758 1481 nisi
2791 1427 2998 1497 seipsos
3022 1428 3319 1497 disciplinae
3361 1440 3469 1483 tra-

1900 1516 2155 1571 diderint.
2188 1517 2455 1584 Quoniam
2487 1533 2617 1571 vero
2645 1518 2798 1573 nobis
2831 1519 3000 1587 magis
3029 1518 3278 1587 placebat
3318 1535 3470 1589 reges

1898 1621 2016 1662 esse
2037 1616 2256 1662 sanctos
2280 1608 2372 1677 qui
2415 1608 2481 1662 ad
2518 1608 2864 1677 prudentiam
2904 1609 3229 1674 invitantur,
3259 1624 3378 1677 age,
3405 1612 3472 1663 si-

1899 1699 2011 1753 mili
2031 1698 2189 1754 modo
2215 1700 2625 1755 consideremus
2650 1703 2811 1755 etiam
2841 1715 2937 1756 eos
2966 1702 3056 1770 qui
3096 1701 3341 1769 judicant
3362 1710 3471 1755 tero

1900 1791 2155 1847 ram.lloc
2172 1801 2349 1847 autem
2374 1793 2679 1846 invenimus
2695 1793 2971 1862 proprium
2987 1808 3108 1849 esse
3130 1802 3470 1857 sanctorum.

1900 1891 1956 1935 ut
1995 1895 2090 1949 per
2132 1898 2227 1936 sua
2263 1892 2410 1936 recte
2456 1882 2596 1937 facta
2627 1883 2872 1951 judicent
2896 1899 2989 1939 eos
3020 1885 3111 1954 qui
3139 1886 3325 1939 eadem
3362 1900 3467 1939 non

1893 1981 2019 2027 sunt
2038 1973 2293 2030 aemulati.
2321 1972 2453 2026 Nam
2479 1991 2497 2023 ι
2518 1973 2617 2026 viri
2642 1973 2894 2029 Ninivita:
2917 1986 3146 2046 surgent
3167 1977 3217 2030 in
3242 1975 3466 2043 judicio,

1893 2077 1947 2121 et
1973 2066 2408 2122 condemnabunt
2426 2065 2584 2138 545
2616 2068 2860 2123 homines
2904 2070 3266 2138 generationis
3287 2070 3467 2139 hujus,

1894 2158 2019 2227 quia
2058 2159 2430 2226 paenitentiam
2475 2169 2703 2229 egerunt
2750 2160 2802 2214 in
2865 2161 3241 2229 praedicatione
3289 2161 3468 2228 Juttze,

1895 2258 1947 2304 et
1976 2264 2101 2303 ecce
2121 2248 2242 2319 plus
2271 2264 2429 2319 quam
2458 2249 2623 2305 Jonas
2654 2251 2763 2316 hic,
2798 2272 2816 2305 ι
2855 2252 3031 2321 inquit
3057 2252 3327 2307 Salvator.
3360 2252 3466 2309 Sed

1895 2346 1949 2390 et
1987 2354 2005 2387 ι
2042 2337 2226 2406 regina
2265 2338 2435 2392 austri
2479 2350 2665 2408 surget
2692 2341 2743 2394 in
2768 2341 3061 2408 judicio,et
3081 2343 3468 2397 condemnabit

1897 2427 2145 2484 homines
2159 2432 2521 2499 generationis
2537 2434 2715 2503 hujus,
2731 2435 2857 2502 quia
2876 2435 3024 2489 venit
3044 2449 3074 2488 a
3094 2435 3288 2489 ﬁnibus
3310 2444 3471 2491 terra:

1896 2521 2084 2576 audire
2130 2524 2455 2592 sapientiam
2505 2523 2848 2591 Salomonis,
2877 2536 2933 2580 et
2975 2542 3104 2581 ecce
3148 2528 3263 2595 plus
3304 2544 3468 2597 quam

1898 2611 2150 2667 Salomon
2182 2616 2347 2669 htc‘".
2388 2633 2406 2666 ι
2436 2614 2685 2669 Ninivitze
2709 2616 2874 2685 igitur
2910 2626 2963 2670 et
2986 2618 3168 2686 regina
3202 2618 3375 2672 austri
3403 2634 3468 2673 ex

1897 2719 2084 2759 eorum
2109 2721 2339 2761 numero
2370 2714 2496 2759 sunt
2537 2706 2629 2775 qui
2660 2705 2985 2774 judicabunt
3015 2722 3111 2761 eos
3152 2708 3241 2777 qui
3287 2710 3470 2764 audito

1900 2793 2182 2850 Salvatore
2217 2796 2283 2850 ad
2314 2797 2591 2851 meliorem
2634 2797 2840 2868 frugem
2876 2814 2984 2853 non
3014 2814 3073 2852 se
3125 2810 3466 2869 receperunt,

1898 2888 1988 2941 sed
2029 2888 2333 2941 doctrinam
2364 2887 2488 2943 Jesu
2516 2900 2980 2960 contempserunt.
3006 2891 3097 2946 Sic
3118 2894 3280 2947 etiam
3333 2892 3470 2947 forte

1899 2979 2095 3033 Christi
2132 2979 2360 3049 apostoli
2397 2981 2713 3051 judicabunt
2747 2981 3029 3036 duodecim
3074 2985 3248 3037 tribus
3284 2984 3468 3049 Israel,

1900 3085 2017 3138 qua:
2048 3085 2150 3122 nou
2183 3069 2235 3122 in
2266 3085 2387 3124 eum
2432 3070 2801 3125 crediderunt.
2838 3071 2900 3124 Et
2946 3072 2998 3124 in
3035 3073 3289 3126 universa
3323 3082 3464 3126 terra

213 3163 303 3234 μὴ
336 3163 692 3228 πιστευούσας
732 3165 811 3228 είς
851 3165 942 3218 τὸν
976 3165 1232 3235 Χριστόν.
1271 3165 1380 3218 Kal
1414 3166 1592 3219 πᾶσαν
1616 3164 1673 3215 δὲ
1696 3165 1796 3235 τὴν

1903 3161 2135 3230 dispersi
2186 3176 2283 3230 per
2332 3162 2522 3216 orbem
2573 3162 2887 3217 universum
2934 3161 3120 3217 ﬁdeles
3168 3162 3362 3233 singuli
3414 3165 3470 3218 in

209 3254 327 3323 γῆν
353 3256 401 3305 οἱ
435 3256 490 3306 ἐν
524 3254 672 3326 πάσῃ
707 3257 769 3326 τῇ
802 3258 871 3325 γῇ
908 3254 1328 3316 πεπιστευκότες
1360 3253 1636 3324 κρινοῦσιν
1668 3253 1796 3305 ἕκα-

211 3363 341 3399 στοι
382 3346 483 3399 τῶν
528 3348 583 3398 ὲν
633 3347 784 3417 μέρει
824 3347 950 3411 τοὺς
1009 3347 1125 3399 ἐκεῖ
1170 3346 1451 3410 ἀπίστους.
1485 3345 1800 3418 Παρακαλεῖ

209 3437 406 3490 τοίνυν
438 3440 465 3489 6
496 3438 652 3507 λόγος
682 3440 808 3502 τοὺς
842 3439 1130 3509 κρίνοντας
1174 3439 1270 3510 τὴν
1301 3439 1403 3508 γῆν
1440 3440 1532 3491 ἐπὶ
1556 3439 1652 3510 τὴν
1684 3438 1803 3492 παί-

208 3530 405 3583 δευσιν
456 3530 550 3600 τὴν
598 3531 737 3584 κατὰ
782 3531 1076 3602 παράδοσιν
1124 3533 1454 3602 ἐπιστήμης,
1513 3530 1588 3592 ὡς
1632 3530 1724 3582 καὶ
1774 3530 1802 3582 6

211 3621 477 3691 Σολομῶν
530 3624 587 3675 ἐν
630 3626 751 3686 ταῖς
790 3625 1135 3693 Παροιμίαις
1162 3624 1252 3676 ἐπὶ
1300 3624 1361 3675 τὸ
1410 3622 1541 3675 αύτὸ
1589 3621 1799 3690 λέγων’

219 3733 244 3763 σ
275 3713 485 3767 Λάϐετε
508 3715 772 3781 παιδείαν,
798 3717 891 3769 καὶ
915 3716 989 3787 μὴ
1009 3715 1289 3789 ἀργύριον,
1314 3716 1406 3769 καὶ
1434 3715 1631 3784 γνῶσιν
1661 3714 1800 3785 ὑπὲρ

212 3807 449 3877 χρυσίον
472 3807 947 3879 δεδοκιμασμένον.
987 3829 1004 3859 ι
1705 3801 1716 3811 ’

300 3923 417 3976 Τοῦ
460 3923 665 3977 αὑτοῦ.
704 3924 773 3975 Ἢ
815 3924 969 3976 καλεῖ
1006 3923 1202 3986 αὐτοὺς
1230 3925 1309 3986 εἰς
1359 3922 1662 3993 μετάνοιαν,
1711 3919 1805 3972 καὶ

212 4014 468 4081 βασιλεῖς
510 4014 684 4077 καλεῖ,
735 4016 814 4078 εἰς
859 4015 995 4085 ὅπερ
1026 4010 1172 4084 εἶχον
1223 4013 1441 4082 ἀξίωμα
1489 4012 1804 4081 ἀνατρέχειν

209 4106 453 4159 πείθων.
497 4105 691 4157 Σύνετε
724 4101 836 4169 οὖν,
870 4100 914 4158 ὦ
952 4104 1208 4174 βασιλεῖς,
1250 4103 1336 4157 διὰ
1371 4104 1424 4155 τί
1470 4120 1559 4173 μοι
1599 4102 1803 4156 δέδοται

209 4201 291 4253 τὰ
318 4198 449 4269 ἕθνη
482 4198 829 4269 κληρονομία.

294 4394 677 4447 Δουλεύσατε
703 4392 783 4458 τῷ
804 4394 1001 4462 Κυρίῳ
1020 4393 1089 4446 ἐν
1109 4394 1287 4463 φόϐῳ,
1314 4392 1411 4447 καὶ
1428 4393 1800 4462 ἀγαλλιᾶσθε

208 4483 390 4548 αὐτῷ
418 4486 485 4537 ἐν
514 4488 725 4553 τρόμῳ,
764 4503 816 4538 κ.
841 4502 891 4539 τ.
929 4487 973 4539 ὲ.
1005 4484 1155 4550 Δόξει
1193 4486 1291 4557 μέν
1322 4503 1461 4540 τισιν
1489 4487 1597 4555 (79)
1627 4488 1654 4539 6
1681 4487 1801 4539 δου-

207 4578 399 4631 λεύων
430 4578 646 4640 πάντως
670 4577 855 4641 δοῦλος
882 4574 1039 4643 εἶναι,
1075 4580 1168 4631 καὶ
1203 4578 1435 4648 μάλιστα
1466 4578 1650 4631 ἐνθάδε
1678 4578 1799 4630 ἐπεὶ

206 4668 544 4740 πρόσκειται
569 4669 659 4731 τὸ,
706 4688 723 4719 ‹
767 4670 824 4720 ἐν
870 4668 1038 4739 φόϐῳ,
1086 4690 1103 4722 ι
1143 4670 1235 4722 τοῦ
1270 4670 1549 4741 εἰληφότος
1587 4670 1802 4740 πνεῦμα

205 4759 469 4822 δουλείας
495 4759 644 4823 ὄντος
698 4779 715 4810 ι
755 4761 811 4811 ὲν
858 4760 1025 4829 φόϐῳ.
1057 4778 1073 4810 ι
1101 4761 1210 4813 Καὶ
1236 4762 1294 4813 ού
1322 4760 1530 4829 ψευδῶς
1549 4778 1611 4828 γε
1640 4761 1799 4825 δόξει.

204 4850 459 4905 Δύναται
497 4851 552 4903 δὲ
601 4853 694 4904 καὶ
735 4853 763 4903 6
813 4852 922 4913 υίὸς
963 4850 1253 4905 δουλεύειν.
1305 4852 1413 4905 Kal
1460 4853 1520 4905 ού
1570 4853 1728 4923 μόνος
1774 4854 1803 4904 6

204 4941 391 5011 φόϐος
413 4940 581 5005 αἴτιος
602 4941 695 4995 τοῦ
723 4942 992 4996 δουλεύειν
1012 4942 1288 5012 τυγχάνει,
1314 4943 1446 4995 ἀλλά
1472 4944 1567 4996 καὶ
1589 4944 1796 5014 ἀγάπη.

202 5033 322 5085 Διά
350 5032 445 5103 τῆς
474 5032 691 5103 ἀγάπης
710 5033 841 5101 γοῦν
867 5036 894 5086 6
929 5033 1246 5096 Ἀπόστολος
1268 5033 1506 5086 διδάσκει
1532 5034 1799 5087 δουλεύειν

198 5120 373 5191 ἡμᾶς
403 5120 669 5189 ἀλλήλοις.
710 5121 869 5174 Ἀλλὰ
897 5123 991 5174 καὶ
1015 5123 1173 5186 αὐτὸς
1199 5125 1226 5175 6
1262 5124 1450 5194 Σωτὴρ
1473 5125 1565 5175 καὶ
1592 5124 1796 5194 Κύριος

201 5210 382 5283 ήμῶν
423 5212 645 5280 γέγονεν
688 5216 745 5265 ἐν
786 5216 934 5285 μέσῳ
964 5216 1069 5267 τῶν
1103 5216 1358 5286 μαθητῶν
1392 5217 1556 5270 αὑτοῦ
1598 5218 1696 5287 οὐχ
1722 5218 1799 5281 ὡς

200 5302 596 5373 ἀνακείμενος,
634 5305 747 5358 ἀλλ’
779 5310 854 5368 ὡς
899 5309 926 5359 6
960 5306 1239 5370 διακονῶν,
1281 5308 1543 5361 δουλεύων
1588 5309 1681 5361 καὶ
1715 5310 1794 5362 νί-

202 5408 375 5444 πτων
408 5394 533 5456 τοὺς
575 5394 743 5457 πόδας
782 5394 980 5448 αὐτῶν.
1016 5397 1127 5449 Καὶ
1172 5397 1397 5449 ούδέπου
1442 5397 1611 5451 ταῦτα
1648 5399 1798 5469 φόϐῳ

202 5481 443 5552 θεμιτὸν
482 5485 645 5538 αὑτὸν
675 5487 1062 5558 πεποιηκέναι·
1107 5488 1274 5556 σαφὲς
1318 5488 1447 5560 γὰρ,
1488 5491 1569 5542 ὅτι
1604 5492 1793 5563 ἀγάπῃ

1907 3252 2126 3321 regione
2157 3268 2256 3307 sua
2289 3253 2615 3321 judicabunt
2663 3268 2757 3307 eos
2786 3254 2879 3323 qui
2924 3253 3034 3311 illic
3078 3270 3183 3308 non
3223 3255 3470 3309 credunt.

1907 3342 2015 3397 Eos
2043 3343 2209 3412 igitur
2240 3344 2333 3412 qui
2372 3352 2567 3397 terram
2590 3343 2863 3419 judicant,
2893 3347 3147 3399 hortatur
3178 3361 3359 3401 sermo
3401 3349 3471 3401 ad

1903 3436 2241 3504 disciplinam
2265 3451 2384 3504 qua:
2418 3436 2657 3491 scientiae
2692 3437 2978 3491 traditione
3006 3448 3238 3501 constat,
3274 3453 3469 3506 quem-

1902 3528 2189 3582 admodum
2229 3527 2481 3582 Salomon
2534 3528 2585 3581 in
2652 3524 2945 3581 Proverbiis
2997 3527 3050 3581 in
3108 3526 3252 3583 hunc
3297 3529 3471 3597 ipsum

1905 3633 2120 3673 sensum
2162 3621 2238 3674 ait
2272 3620 2317 3651 ⁸⁸
2354 3641 2365 3675 :
2409 3637 2426 3670 ι
2473 3619 2721 3689 Accipite
2754 3618 3116 3688 disciplinam,
3149 3629 3203 3673 et
3246 3634 3351 3673 non
3382 3636 3468 3672 ar-

1906 3720 2125 3780 gentum
2152 3749 2168 3777 ,
2205 3720 2261 3767 et
2295 3710 2577 3766 scientiam
2615 3710 2785 3781 magis
2834 3725 2997 3779 quam
3036 3726 3230 3764 aurum
3274 3711 3472 3782 proba-

1913 3811 2049 3855 tum.
2074 3820 2093 3855 ι

1984 3915 2261 3983 Ejusdem.
2292 3915 2390 3971 Vel
2433 3916 2625 3970 invitat
2669 3916 2816 3983 ipsos
2860 3916 2926 3969 ad
2972 3914 3371 3983 pmnitentiam,
3420 3917 3476 3970 et

1907 4021 2064 4076 rcges
2113 4016 2296 4072 vocat,
2344 4008 2580 4061 suadens
2627 4017 2685 4061 ut
2738 4015 3082 4061 revertantur
3135 4007 3202 4059 ad
3244 4007 3476 4077 dignita-

1908 4109 2013 4153 tem
2065 4114 2228 4168 quam
2308 4100 2634 4155 habuerunt.
2692 4097 2978 4167 lntelligite
3044 4098 3243 4166 igitur,
3301 4114 3334 4149 ο
3388 4111 3477 4152 re-

1905 4204 2033 4258 ges,
2080 4190 2145 4245 ad
2186 4191 2316 4259 quid
2365 4190 2494 4245 mihi
2542 4190 2679 4246 data:
2712 4191 2823 4245 sint
2862 4198 3051 4259 gentes
3076 4189 3129 4243 in
3186 4188 3475 4244 bwredita-

1906 4292 2034 4337 teut.
3022 4294 3039 4301 ’

1983 4396 2149 4451 Vsus.
2179 4394 2265 4449 11.
2312 4392 2517 4450 Servite
2549 4393 2773 4448 Domino
2808 4396 2862 4448 in
2905 4394 3112 4457 timore,
3136 4403 3184 4447 et
3218 4394 3475 4447 easultate

1905 4487 1953 4541 ei
2006 4503 2121 4540 cum
2169 4497 2414 4551 tremore,
2456 4495 2562 4541 etc.
2599 4484 2878 4539 Videbitur
2917 4486 3242 4553 quibusdam
3290 4485 3335 4539 is
3371 4485 3463 4552 qui

1903 4580 2069 4633 servit
2093 4579 2316 4633 omnino
2343 4592 2534 4632 servus
2563 4592 2705 4640 esse,
2732 4585 2787 4631 et
2813 4578 3044 4629 maxime
3089 4575 3141 4628 in
3192 4576 3290 4629 hoc
3318 4574 3466 4641 loco,

1905 4668 1993 4723 ubi
2029 4668 2193 4721 etiam
2227 4667 2448 4720 additur
2497 4684 2516 4716 ε
2575 4667 2627 4719 in
2660 4668 2874 4727 timore,
2918 4684 2948 4717 .›
2986 4680 3108 4717 nam
3145 4666 3233 4733 qui
3269 4667 3476 4733 accepit

1904 4759 2157 4826 spiritum
2187 4758 2489 4820 servitutis,
2521 4767 2605 4821 est
2634 4774 2653 4807 ι
2687 4757 2738 4809 in
2774 4756 2988 4811 timore.
3036 4774 3054 4805 ι
3092 4755 3202 4810 Nec
3234 4756 3369 4810 falso
3398 4758 3473 4810 ita

1904 4851 2201 4904 videbitur.
2234 4848 2425 4903 Potest
2456 4849 2618 4901 etiam
2654 4847 2799 4901 ﬁlius
2825 4848 3053 4902 servire.
3102 4844 3210 4900 Nec
3235 4846 3381 4901 solus
3407 4849 3475 4901 ti-

1908 4957 2048 5007 mor,
2068 4942 2161 4995 sed
2188 4950 2240 4993 et
2276 4941 2524 4995 charitas
2550 4938 2831 4994 servitutis
2860 4948 2938 4994 est
2964 4955 3146 4996 causa.
3176 4938 3475 4993 Dilectione

1904 5033 2063 5100 igitur
2090 5033 2320 5087 invicem
2353 5032 2563 5085 servire
2595 5031 2751 5085 docet
2784 5031 3097 5100 Apostolus.
3119 5030 3256 5096 Quin
3283 5039 3335 5082 et
3358 5030 3475 5097 ipse

1902 5122 2154 5175 Salvator
2190 5132 2245 5176 et
2271 5122 2539 5175 Dominus
2576 5131 2772 5175 noster
2806 5120 2910 5175 fuit
2939 5121 2991 5174 in
3039 5122 3214 5175 medio
3240 5121 3473 5188 discipu-

1903 5215 2071 5266 lorum
2113 5230 2354 5277 suorum,
2408 5229 2513 5268 nou
2566 5223 2624 5267 ut
2680 5213 2770 5284 qui
2825 5214 3112 5276 recumbit,
3163 5213 3259 5267 sed
3290 5223 3343 5265 ut
3377 5213 3471 5280 qui

1902 5308 2192 5368 ministrat,
2251 5307 2495 5362 serviens
2544 5317 2598 5361 et
2647 5308 2811 5377 pedes
2856 5321 3045 5360 eorum
3099 5307 3304 5359 lavans.
3362 5303 3477 5360 Nec

1902 5414 2033 5453 sane
2058 5398 2140 5452 fas
2171 5408 2251 5453 est
2286 5415 2407 5455 eum
2443 5401 2637 5454 timore
2672 5400 2786 5454 haec
2813 5400 3009 5453 fecisse
3038 5394 3241 5452 dicere.
3272 5397 3473 5466 Liquet

1900 5494 2043 5547 enim
2084 5493 2199 5546 haec
2232 5493 2299 5548 ab
2347 5493 2460 5562 ipso
2497 5492 2741 5562 perfecta
2796 5493 3066 5549 eharitate
3095 5491 3237 5548 facta
3267 5493 3459 5551 fuisse.

284 5664 341 5699 ”
378 5664 501 5720 lsai.
536 5682 613 5734 ιχ,
643 5668 694 5722 5.
773 5669 817 5699 ⁸⁸
846 5666 1044 5725 Jercm.
1076 5687 1127 5736 κ,
1158 5671 1249 5725 ει.
1327 5671 1371 5703 ⁵³
1395 5671 1555 5730 Mieb.
1577 5690 1671 5736 vn.
1696 5676 1749 5730 9.

1903 5676 2081 5731 Matth,
2111 5692 2208 5745 xu,
2235 5676 2321 5744 li,
2345 5686 2397 5732 et
2428 5693 2578 5748 seqq.
2654 5677 2698 5709 ⁸⁸
2728 5676 2886 5731 Prov.
2916 5689 3036 5739 rut,
3069 5674 3153 5734 ‘lO.

288 5822 409 5896 (79)
434 5824 600 5893 Δόξει
621 5827 738 5898 μέν
764 5844 941 5895 τισιν,
972 5838 1076 5884 etc.
1115 5828 1315 5884 Ibidem
1356 5831 1469 5885 hinc
1514 5834 1877 5904 reperiuntur.
