3834 6388
305 309 441 366 lil5

1689 308 1780 363 EX
1822 307 2124 364 ORIGENE

3425 303 3590 360 “16

299 430 357 486 Si
382 446 514 500 ergo
559 431 653 502 qui
689 440 849 486 antea
883 447 1038 503 reges
1069 442 1230 488 terra:
1258 431 1518 503 appellati
1553 441 1700 495 sunt,
1729 445 1874 484 nunc

1979 427 2159 498 τελείᾳ
2183 427 2359 482 ταῦτα
2395 425 2545 498 αύτῷ
2584 427 2916 500 πέπρακται.
2958 427 3022 481 Εἰ
3063 425 3163 497 μὲν
3194 421 3288 481 οὗν
3326 427 3588 498 βασιλεῖς

298 525 466 578 etiam
508 539 664 594 reges
700 524 980 592 dicuntur,
1033 526 1256 596 praecipi
1304 528 1386 582 eis
1440 535 1619 595 potest
1659 535 1719 579 ut
1763 539 1880 578 ser-

301 618 452 670 viant
499 615 726 670 Domino
755 616 808 670 in
834 616 1056 682 timore,
1091 628 1348 688 tanquam
1391 619 1538 674 servi
1582 619 1652 672 ab
1700 617 1880 681 initio,

300 709 391 775 qui
443 709 690 777 spiritum
719 710 1032 778 adoptionis
1067 709 1308 766 ﬁliorum
1342 712 1596 780 accipere
1638 725 1742 763 non
1781 724 1883 778 νο·
1917 737 1920 740 -

311 810 552 854 luerunt.
595 801 770 870 Atque
807 802 858 855 iu
905 802 989 856 his
1027 804 1429 858 observandum
1460 813 1544 857 est
1577 802 1729 866 illud,
1763 819 1784 852 ι
1828 801 1881 853 in

303 892 526 956 timore,
567 911 584 944 ι
614 906 774 962 quem
809 893 900 962 qui
930 907 1124 963 pinnas
1152 897 1365 960 metuit,
1401 911 1510 948 non
1557 893 1744 955 habet,
1786 906 1884 945 ne-

302 999 411 1051 qite
459 983 734 1052 perlectus
780 994 888 1040 est.
938 986 1006 1039 Et
1049 1001 1170 1055 qua:
1215 996 1546 1055 sequuntur,
1599 984 1879 1048 nimirum,

308 1095 327 1126 ι
381 1075 665 1130 Exsultate
710 1077 760 1131 ei
788 1093 910 1132 cum
968 1089 1230 1144 tremore,
1275 1099 1292 1130 ι
1326 1078 1680 1147 intelligenda
1730 1084 1878 1130 sunt.

301 1165 455 1232 Quod
485 1166 532 1221 si
565 1181 742 1234 reges.
770 1168 948 1222 sancti
978 1179 1125 1229 sunt,
1171 1180 1225 1222 et
1250 1169 1344 1237 qui
1378 1166 1627 1235 iudicant
1655 1174 1878 1228 terram,

304 1253 340 1306 ii
371 1264 497 1308 sunt
531 1269 669 1322 quos
703 1271 866 1326 supra
894 1272 1016 1312 esse
1057 1257 1363 1322 docuimus,
1395 1273 1518 1312 cum
1544 1256 1638 1311 ﬁlii
1666 1269 1882 1326 quoque

301 1347 510 1409 servire
540 1347 770 1404 Domino
813 1349 1044 1420 possint,
1085 1351 1250 1405 timor
1293 1351 1640 1420 accipiendos
1668 1361 1753 1407 est
1783 1366 1882 1420 pro

301 1450 363 1487 ea
405 1451 526 1504 qua:
568 1438 710 1506 apud
741 1439 1006 1508 quosdam
1042 1439 1344 1509 appellatur
1387 1441 1714 1504 reverentia,
1761 1456 1881 1510 quae

302 1542 578 1596 nunquam
624 1545 837 1598 pinnam
875 1531 1056 1586 habet.
1092 1531 1246 1599 Quod
1279 1540 1462 1586 autem
1513 1533 1676 1587 timor
1718 1532 1882 1606 55.6

303 1625 396 1694 qui
428 1640 644 1695 pinnam
676 1642 782 1680 non
819 1627 1002 1692 habet,
1040 1625 1342 1696 appellatur
1365 1627 1419 1681 in
1454 1626 1736 1697 Scriptura
1757 1643 1881 1698 per-

304 1719 430 1773 fecti
461 1717 561 1771 viri
609 1717 845 1779 facinus,
896 1718 1067 1787 liquet
1114 1734 1178 1775 ex
1211 1731 1320 1773 eo:
1360 1736 1378 1769 ι
1426 1717 1542 1773 Non
1571 1728 1656 1774 est
1698 1719 1878 1790 inopia

303 1812 618 1866 timentibus
642 1825 786 1866 eum.
819 1831 838 1862 ι
860 1808 1176 1865 Videbimur
1205 1811 1312 1865 vim
1353 1810 1649 1882 Scriptura:
1671 1812 1878 1879 facere,

301 1903 520 1956 additur
564 1902 753 1957 enim:
791 1921 810 1953 ι
861 1916 981 1956 eum
1028 1911 1286 1959 tremore.
1333 1921 1352 1954 ι
1390 1902 1498 1957 Sed
1543 1905 1666 1959 vide
1698 1919 1879 1958 annon

301 1993 522 2063 perleCti
561 2009 717 2064 reges
750 1993 880 2061 sint,
929 2002 984 2049 et
1037 1995 1128 2064 qui
1163 1996 1362 2050 timore
1399 1996 1742 2062 erudiuntur,
1787 1996 1879 2065 ju-

299 2085 447 2140 diees
479 2095 658 2152 terrae,
701 2086 902 2154 quibus
936 2086 1179 2156 praecipit
1224 2085 1478 2140 Salvator
1524 2096 1582 2141 ut
1626 2103 1732 2142 non
1765 2089 1881 2144 dis-

299 2178 475 2233 solute
506 2193 682 2247 neque
709 2178 936 2233 remisse
965 2178 1260 2243 exsultent,
1292 2194 1360 2234 ne
1396 2178 1563 2233 inﬂati
1598 2182 1797 2235 cadant
1823 2182 1879 2235 in

299 2273 645 2340 superbiam,
696 2271 791 2326 sed
833 2289 851 2321 ι
899 2285 1020 2326 cum
1065 2280 1325 2337 tremore,
1377 2293 1396 2326 ι
1434 2285 1491 2328 et
1529 2274 1693 2330 veluti
1742 2291 1876 2330 con-

299 2374 492 2431 tracte,
522 2367 684 2420 simul
709 2366 1109 2421 considerando
1140 2366 1453 2435 possibilem
1482 2383 1602 2423 esse
1639 2367 1869 2439 lapsum,

297 2455 345 2509 si
378 2456 557 2510 divina
595 2471 724 2510 cura
767 2457 1120 2525 dereliquerit
1143 2472 1265 2512 eum
1307 2459 1398 2528 qui
1436 2460 1654 2514 deditus
1684 2471 1764 2515 est
1799 2461 1874 2517 rei

297 2547 533 2615 cuipiam
564 2547 739 2618 digna:
775 2563 894 2616 quae
929 2549 1127 2603 merito
1155 2549 1402 2604 laudibus
1436 2548 1720 2606 eﬁ'eratur.
1761 2552 1878 2607 Ca:-

305 2646 488 2692 terum
523 2639 766 2700 verbum,
795 2656 813 2689 ι
843 2639 1142 2704 exsultare,
1179 2658 1197 2692 ι
1233 2641 1286 2694 in
1319 2657 1420 2696 usu
1444 2651 1528 2697 est
1555 2641 1872 2712 Scriptum,

307 2744 416 2797 quo
463 2730 758 2798 signiﬁcari
813 2740 1067 2799 putamus
1120 2733 1377 2802 gaudium
1415 2734 1468 2789 in
1518 2744 1698 2791 mente
1731 2737 1875 2806 quod

300 2821 352 2874 in
414 2823 598 2876 anima
667 2822 832 2878 habet
892 2823 1365 2892 participationem
1419 2825 1654 2896 Spiritus
1701 2829 1874 2884 sancti

297 2913 693 2983 eongaudentis
719 2913 768 2968 ei
794 2913 888 2984 qui
922 2924 1139 2968 sanctus
1166 2924 1270 2969 est.

370 3003 531 3058 Vens.
555 3005 638 3059 l2.
659 3005 1040 3074 Apprehendite
1063 3007 1426 3076 disciplinam,
1443 3025 1506 3064 ne
1527 3010 1738 3076 quando
1763 3011 1874 3064 ira-

295 3108 475 3151 scatur
517 3098 794 3166 Dominus,
836 3111 883 3155 et
910 3102 1136 3170 pereatis
1167 3102 1232 3154 de
1260 3103 1340 3158 via
1379 3104 1555 3172 justa,
1580 3112 1686 3160 etc.
1733 3105 1869 3160 Pro-
1899 3124 1946 3186 ς

297 3188 500 3244 fectum
550 3191 769 3261 quidem
820 3206 938 3262 per,
983 3211 1002 3244 ι
1064 3193 1377 3260 erudimini,
1411 3215 1430 3248 ι
1479 3197 1869 3266 perfectionem

298 3294 427 3334 vero
469 3283 721 3351 pr0ponit
770 3299 886 3352 per,
942 3303 963 3337 ε
1013 3287 1404 3355 apprehendite
1447 3287 1807 3358 disciplinam.
1847 3311 1866 3343 ι

297 3370 594 3441 Diligenter
635 3382 812 3428 autem
851 3376 1221 3431 consideranti
1274 3376 1450 3446 liquet
1493 3378 1870 3448 imperfectum

302 3463 355 3516 in
380 3464 690 3534 disciplina,
718 3477 772 3521 et
796 3481 902 3521 non
933 3468 1392 3539 progredientem,
1432 3471 1608 3526 adhuc
1640 3472 1735 3526 ira:
1759 3471 1868 3526 Do-

299 3555 429 3610 mini
465 3573 589 3612 esse
630 3558 946 3624 obnoxium,
994 3561 1294 3630 perfectum
1327 3579 1456 3618 vero
1484 3579 1604 3618 eam
1635 3565 1872 3636 experiri

297 3661 402 3700 non
439 3663 615 3716 posse.
647 3651 704 3704 Si
741 3652 887 3706 enim
914 3651 1138 3721 jubetur
1182 3654 1308 3723 quis
1343 3657 1756 3726 apprehendere
1789 3658 1872 3711 di—

295 3741 602 3810 sciplinam,
637 3752 693 3797 ut
741 3758 846 3798 non
894 3745 1162 3801 irascatur
1211 3748 1262 3802 ei
1301 3749 1580 3813 Dominus,
1625 3749 1720 3802 ira:
1767 3749 1874 3804 erit

299 3833 588 3903 particeps,
619 3835 857 3890 nondum
891 3838 1228 3906 apprehensa
1269 3838 1636 3910 disciplinain
1663 3855 1766 3910 qua
1800 3851 1874 3895 ta-

299 3939 422 3978 men
468 3940 786 3996 pregressus
831 3929 1040 3997 aliquot
1091 3928 1222 3986 fecit
1264 3949 1279 3986 :
1330 3931 1399 3986 ab
1451 3931 1517 3986 iis
1548 3932 1640 4002 qui
1686 3947 1753 3987 ex
1789 3934 1868 3988 ira

294 4017 550 4068 oriuntur
575 4013 860 4071 aﬁ'ectibus
878 4015 1117 4086 perfecte
1145 4019 1413 4075 liberante
1436 4021 1872 4090 apprehensione

296 4104 626 4172 disciplinae,
679 4122 784 4161 non
815 4123 948 4163 vero
975 4110 1277 4181 disciplinae
1313 4113 1469 4167 initio
1499 4123 1555 4166 et
1606 4114 1671 4168 ad
1724 4115 1868 4170 illam

295 4192 700 4250 lutroductione
737 4215 752 4252 :
784 4198 1006 4254 omnino
1055 4200 1203 4254 enim
1241 4202 1333 4271 qui
1381 4203 1563 4256 adhuc
1594 4206 1870 4274 eruditur,

298 4285 650 4356 imperfectus
675 4298 780 4354 est,
825 4289 1175 4358 imperfectus
1204 4302 1384 4346 autem
1419 4292 1554 4346 iram
1582 4293 1676 4349 Dei
1707 4311 1873 4368 expe-

300 4377 394 4432 riri
426 4387 624 4447 potest.
655 4378 762 4434 Sed
795 4379 1051 4450 quoniam
1084 4395 1260 4452 neque
1292 4382 1344 4436 in
1374 4380 1665 4449 llebraico,
1696 4401 1872 4457 neque

1984 521 2034 572 οἱ
2059 522 2119 572 ἐν
2153 523 2263 584 τοῖς
2293 519 2400 591 πρὸ
2425 519 2632 572 τούτων
2669 519 2907 590 βασιλεῖς
2933 519 3039 589 γῆς
3067 520 3450 590 ὠνομασμένοι
3477 523 3586 574 καὶ

1985 611 2080 664 νῦν
2109 612 2382 679 λέγονται,
2420 613 2606 676 αὐτοῖς
2636 612 3069 683 προστάττεσθαι
3091 611 3316 666 δύναται
3349 612 3411 665 τὸ
3441 612 3584 665 δου-

1983 704 2173 758 λεῦσαι
2207 704 2286 776 τῷ
2333 705 2525 777 Κυρίῳ
2565 707 2624 757 έν
2659 705 2832 775 φόϐῳ,
2869 703 2946 768 ὡς
2981 705 3189 768 δούλοις
3227 704 3469 775 ἀρχῆθεν
3503 706 3578 756 οὐ

1981 797 2302 868 δυναμένοις
2341 798 2588 870 χωρῆσαι
2625 798 2688 851 τὸ
2717 797 2934 868 πνεῦμα
2969 796 3084 867 τῆς
3109 797 3400 861 υἱοθεσίας.
3455 798 3581 850 Καὶ

1981 890 2245 962 τηρητέον
2272 890 2359 942 ἐπ’
2389 889 2566 943 αὐτῶν
2588 888 2669 953 τὸ,
2701 909 2720 940 ι
2750 892 2808 944 ὲν
2838 889 3009 959 φόϐῳ,
3041 910 3060 940 ι
3092 890 3152 943 ὃν
3180 891 3208 942 ό
3232 889 3578 960 φοϐούμενος

1982 983 2203 1035 κόλασιν
2237 983 2337 1035 οὐκ
2367 981 2503 1052 ἔχει,
2549 984 2645 1036 καὶ
2687 983 2749 1034 ού
2788 981 3150 1058 τετελείωται.
3177 982 3288 1035 Καὶ
3324 981 3393 1034 τὰ
3433 981 3576 1034 ἀκό-

1981 1075 2147 1129 λουθα
2173 1075 2232 1128 δὲ
2271 1076 2399 1146 περὶ
2427 1073 2544 1136 τοῦ,
2577 1093 2596 1126 ι
2630 1072 2982 1142 ’Δγαλλιᾶσθε
3007 1073 3158 1144 αὐτῷ
3196 1074 3255 1126 ὲν
3289 1074 3501 1144 τρόμῳ,
3541 1092 3567 1125 s

1980 1169 2221 1241 νοητέον.
2264 1169 2327 1220 Ei
2360 1166 2418 1219 δὲ
2461 1165 2702 1236 βασιλεῖς
2739 1167 2788 1218 οἱ
2826 1166 2970 1234 ἆγιοι
3008 1168 3104 1220 καὶ
3144 1166 3418 1240 κρίνοντες
3463 1166 3573 1236 τὴν

1980 1260 2085 1330 γῆν
2109 1261 2161 1312 οἱ
2192 1260 2334 1312 κατά
2359 1257 2458 1329 τὴν
2483 1257 2736 1328 διήγησιν
2763 1253 3206 1326 ὲρμηνευθέντες,
3245 1255 3571 1326 δυναμένων

1980 1352 2253 1407 δουλεύειν
2291 1351 2386 1405 καὶ
2417 1349 2524 1404 τῶν
2555 1349 2687 1402 υίῶν
2718 1347 2797 1419 τῷ
2825 1349 3034 1420 Κυρίῳ,
3065 1347 3156 1401 τὸν
3185 1348 3349 1417 φόϐον
3391 1365 3568 1418 μετα-

1981 1446 2211 1516 ληπτέον
2238 1447 2320 1508 είς
2351 1443 2450 1516 τὴν
2476 1443 2628 1514 παρά
2649 1459 2792 1495 τισιν
2830 1441 3113 1496 εὐλάϐειαν
3137 1440 3566 1513 ὠνομασμένην,

1979 1535 2101 1605 ἦτις
2149 1531 2400 1602 οὐδαμῶς
2429 1532 2650 1584 κόλασιν
2683 1531 2818 1601 ἔχει.
2855 1531 2978 1583 Ὅτι
3011 1530 3069 1583 δὲ
3099 1529 3261 1598 φόϐος
3298 1531 3328 1582 ό
3362 1530 3439 1602 μὴ
3474 1531 3572 1584 κό-

1979 1628 2133 1684 λασιν
2165 1626 2303 1698 ἔχων
2336 1624 2650 1695 ὠνόμασται
2682 1626 2740 1676 ἐν
2778 1625 2849 1694 τῇ
2895 1623 3084 1694 Γραφῇ
3111 1622 3317 1675 τελείου
3362 1623 3569 1694 κατόρ-

1985 1718 2146 1790 θωμα
2179 1717 2481 1788 τυγχάνων,
2531 1716 2700 1786 σαφὲς
2739 1717 2806 1769 ὲκ
2845 1714 2972 1768 τοῦδ
3012 1733 3030 1766 ι
3069 1716 3184 1768 Οὐκ
3223 1715 3370 1768 ἐστιν
3399 1717 3566 1769 ὑστέ-

1911 1790 1956 1849 B
1987 1829 2138 1884 ρημα
2165 1812 2277 1875 τοῖς
2307 1809 2660 1881 φοϐουμένοις
2690 1809 2870 1862 αὐτόν.
2923 1828 2942 1860 ι
2992 1808 3225 1878 Δόξομεν
3271 1808 3328 1861 δὲ
3373 1808 3564 1878 βιάζε-

1983 1904 2128 1968 σθαι,
2163 1903 2252 1957 διὰ
2296 1905 2357 1956 τὸ
2403 1902 2758 1975 ἐπιφέρεσθαι
2803 1903 2865 1955 τὸ
2912 1921 2931 1952 ι
2986 1903 3044 1954 ὲν
3084 1901 3291 1973 τρόμῳ.
3335 1920 3356 1951 ι
3401 1901 3564 1954 una

1985 1997 2192 2068 μήποτε
2239 1997 2288 2049 οἱ
2340 1995 2439 2065 μὲν
2485 1995 2683 2048 τέλειοι
2730 1993 2966 2064 βασιλεῖς
3003 1994 3381 2062 τυγχάνουσιν,
3421 1994 3473 2045 οἱ
3501 1994 3560 2046 δὲ

1981 2087 2083 2142 κᾶν
2125 2087 2204 2158 τῷ
2242 2087 2392 2159 φόϐῳ
2432 2085 2932 2156 παιδαγωγούμενοι
2973 2085 3158 2156 κριταὶ
3203 2084 3329 2154 γῆς,
3371 2087 3429 2138 ἐν
3478 2080 3562 2149 οἷς

1981 2178 2310 2251 προστάσσει
2356 2179 2385 2230 ὁ
2418 2176 2607 2248 Σωτὴρ
2649 2175 2914 2246 ἀγαλλιᾷν
2956 2175 3031 2246 μὴ
3063 2175 3384 2245 ἀνειμένως,
3423 2173 3560 2245 μηδὲ

1978 2267 2416 2338 ἀπολελυμένως,
2452 2266 2539 2320 ἵνα
2584 2267 2658 2338 μὴ
2693 2266 2998 2320 ἐκπέσωσιν
3035 2267 3114 2328 είς
3149 2265 3426 2338 χαύνωσιν
3463 2266 3555 2317 καὶ

1977 2361 2176 2431 οῗησιν,
2205 2358 2319 2413 ἀλλ’
2353 2378 2371 2410 ι
2403 2360 2459 2410 ὲν
2487 2359 2695 2430 τρόμῳ,
2733 2377 2753 2410 ι
2784 2359 2876 2412 καὶ
2898 2358 3062 2411 οἱονεὶ
3087 2357 3553 2430 συνεσταλμένως,

1983 2451 2122 2522 μετὰ
2149 2450 2242 2504 τοῦ
2278 2453 2502 2505 σκοπεῖν
2534 2452 2593 2504 τὸ
2623 2450 2883 2505 δύνασθαι
2919 2453 3122 2514 πεσεῖν,
3157 2452 3206 2504 εί
3236 2449 3552 2504 καταλείποι

1979 2547 2012 2617 ἡ
2060 2547 2335 2617 ὲπισκοπὴ
2389 2546 2484 2600 τὸν
2528 2548 2818 2617 γενόμενον
2864 2546 2920 2599 ἐν
2977 2564 3082 2600 τινι
3111 2544 3248 2618 ἀξίῳ
3277 2546 3372 2600 τοῦ
3401 2547 3552 2602 εὐλό-

1978 2655 2091 2708 γως
2125 2638 2465 2709 ἐπαίρεσθαι.
2491 2640 2564 2692 Τὸ
2585 2639 2639 2692 δὲ
2670 2657 2690 2690 α
2725 2639 3082 2708 ἀγαλλιᾶσθαι
3121 2660 3138 2692 ι
3174 2640 3282 2696 ἀπὸ
3305 2640 3402 2710 τῆς
3431 2657 3553 2693 συν-

1978 2731 2168 2802 ηθείας
2200 2733 2316 2784 ἐστὶ
2352 2731 2450 2803 τὴς
2478 2731 2730 2802 Γραφῆς·
2773 2733 2909 2802 ὅπερ
2946 2731 3168 2802 οἰόμεθα
3206 2725 3342 2785 εἶναι
3377 2731 3550 2802 χαρὰν

1977 2823 2033 2874 ὲν
2074 2823 2139 2892 τῇ
2188 2821 2424 2891 ἐπινοίᾳ,
2475 2821 2704 2890 ἔχουσαν
2751 2821 2848 2892 τὴν
2893 2821 2988 2875 τοῦ
3033 2821 3190 2890 ἁγίου
3238 2821 3548 2891 Πνεύματος

1977 2915 2057 2977 εἰς
2087 2913 2187 2985 τὴν
2214 2913 2389 2984 ψυχὴν
2425 2913 2704 2966 κοινωνίαν
2737 2915 3122 2984 συγχαίροντος
3148 2913 3222 2984 τῷ
3251 2915 3409 2983 ἁγίῳ.

2046 3005 2352 3074 Δράξασθε
2391 3006 2690 3072 παιδείας,
2734 3007 2970 3076 μήποτε
3026 3004 3264 3076 ὀργισθῇ
3304 3006 3539 3073 Κύριος,

1978 3098 2077 3152 καὶ
2099 3097 2424 3152 ἀπολεῖσθε
2459 3098 2529 3162 ἐξ
2572 3096 2717 3152 ὀδοῦ
2758 3097 3013 3163 δικαίας,
3047 3115 3101 3150 κ.
3127 3114 3176 3150 τ.
3213 3095 3394 3166 ὲ.Τὴν
3443 3095 3539 3166 μιν

1979 3193 2261 3264 προκοπὴν
2297 3192 2407 3262 (80)
2453 3191 2541 3244 διὰ
2585 3191 2701 3253 τοῦ,
2742 3209 2760 3241 ι
2811 3188 3158 3260 παιδεύοητε,
3215 3207 3234 3239 ι
3284 3189 3542 3259 παριστᾷ,

1974 3285 2074 3354 τὴν
2118 3283 2173 3336 δὲ
2216 3281 2494 3337 τελείωσιν
2529 3281 2618 3336 διὰ
2661 3281 2779 3344 τοῦ,
2820 3300 2838 3332 ι
2894 3279 3168 3351 δράξασθε
3215 3278 3481 3341 παιδείας.
3519 3297 3536 3328 ι

1975 3373 2066 3444 Τῷ
2107 3373 2164 3426 δὲ
2198 3373 2471 3445 ἐπιμελῶς
2501 3372 2902 3445 παρατηροῦντι
2939 3372 3108 3440 σαφές
3139 3374 3309 3432 ἐστιν,
3342 3371 3426 3423 ὅτι
3461 3371 3543 3421 ὲν-

1974 3465 2186 3536 δέχεται
2214 3466 2306 3519 τὸν
2328 3465 2490 3536 ἀτελῆ
2517 3468 2574 3518 ἐν
2605 3464 2820 3536 παιδείᾳ
2840 3464 2935 3517 καὶ
2957 3464 3032 3535 μὴ
3066 3464 3445 3534 προκόπτοντα
3471 3461 3545 3514 ἔτι

1974 3557 2141 3628 όργῆς
2172 3558 2375 3628 Κυρίου
2413 3555 2870 3627 μεταλαμϐάνειν,
2905 3555 2994 3608 τὸν
3027 3555 3086 3608 δὲ
3118 3553 3322 3608 τέλειον
3354 3553 3544 3608 ἀδύναο

1974 3667 2066 3703 τον
2095 3650 2297 3722 ταύτης
2331 3650 2600 3721 μετέχειν.
2636 3651 2699 3702 Ei
2727 3650 2836 3722 γὰρ
2873 3647 3169 3720 δράξασθαί
3197 3664 3279 3711 τις
3307 3645 3547 3707 παιδείας

1976 3741 2254 3796 κελεύεται
2281 3742 2421 3813 ὑπὲρ
2445 3742 2535 3795 τοῦ
2572 3742 2646 3813 μὴ
2673 3740 2988 3812 ὀργισθῆναι
3021 3739 3168 3810 αὐτῷ
3193 3740 3282 3792 τὸν
3325 3738 3544 3810 Κύριον,

1975 3835 2076 3888 κᾶν
2114 3835 2373 3906 μετάσχοι
2401 3835 2500 3905 τῆς
2525 3833 2694 3906 όργῆς
2717 3833 2791 3905 μὴ
2811 3831 3142 3904 δραξάμενος
3167 3832 3264 3902 τῆς
3287 3831 3542 3896 παιδείας·

1975 3931 2032 3982 ἐν
2066 3930 2314 3999 προκοπῇ
2353 3927 2602 3998 μέντοιγε
2635 3926 2733 3996 τῆς
2766 3924 3013 3988 παιδείας
3051 3922 3146 3987 ὢν,
3178 3923 3359 3977 τέλεον
3399 3923 3545 3977 ἐλευ-

1965 4009 2239 4092 ’θερούσης
2263 4018 2372 4072 ἀπὸ
2400 4017 2510 4070 τῶν
2541 4020 2603 4069 ἐκ
2631 4017 2727 4088 τῆς
2755 4015 2925 4087 ὀργῆς
2954 4015 3337 4086 ἐπερχομένων
3369 4014 3544 4085 παθη-

1979 4114 2161 4186 μάτων
2204 4113 2302 4182 τῆς
2348 4107 2716 4181 περιδρὰξεως
2757 4109 2854 4178 τῆς
2896 4107 3160 4171 παιδείας,
3203 4108 3323 4179 οὐχὶ
3358 4107 3416 4160 δὲ
3448 4107 3545 4177 τῆς

1975 4204 2266 4275 ἐπαγωγῆς
2297 4201 2390 4255 καὶ
2404 4201 2500 4271 τῆς
2523 4201 2695 4272 ἀρχῆς
2711 4200 2807 4271 τῆς
2823 4199 2964 4253 κατὰ
2982 4201 3080 4272 τὴν
3102 4199 3346 4252 παιδείαν
3367 4215 3380 4231 ·
3409 4200 3544 4252 πάν-

1974 4315 2082 4362 τως
2107 4297 2216 4366 γάρ
2235 4297 2263 4348 ὁ
2292 4295 2372 4348 ἔτι
2408 4294 2790 4374 παιδευόμενος
2817 4292 3010 4364 ἀτελής
3053 4295 3220 4355 ἐστιν,
3255 4290 3449 4362 ἀτελὴς
3490 4291 3543 4344 δὲ

1975 4391 2052 4444 ὣν
2089 4388 2260 4460 όργῆς
2308 4387 2529 4440 δύναται
2581 4387 2772 4456 πεῖραν
2818 4384 3001 4436 λαϐεῖν
3045 4382 3202 4435 Θεοῦ.
3250 4382 3384 4434 Ἀλλ’
3426 4381 3544 4434 ἐπεὶ

306 4469 359 4523 in
408 4471 535 4526 aliis
592 4472 1143 4542 interpretationibus
1177 4474 1408 4530 habetur
1437 4491 1543 4532 vox
1580 4495 1600 4530 ί
1637 4477 1808 4547 justa,
1850 4503 1868 4536 ι

1981 4482 2102 4538 οὔτε
2138 4483 2194 4534 ὲν
2227 4479 2304 4551 τῷ
2342 4475 2612 4550 Ἐϐραῖκῷ
2642 4476 2981 4547 πρόσκειται,
3027 4471 3149 4525 οὔτε
3179 4474 3238 4526 ὲν
3278 4475 3398 4535 ταῖς
3439 4471 3546 4526 λοι-

298 4563 639 4629 suspicamur
683 4580 750 4620 ne
790 4565 931 4621 forte
987 4567 1070 4622 vel
1116 4583 1212 4638 per
1261 4569 1722 4639 dispensationem
1773 4575 1876 4629 hoc

299 4657 690 4725 apposuerint,
746 4659 830 4713 vel
880 4674 1037 4716 error
1085 4661 1155 4714 sit
1196 4661 1248 4715 in
1299 4663 1728 4732 exemplaribus.
1769 4665 1875 4721 Per

296 4747 748 4817 dispensationem
769 4751 985 4820 quidem
1010 4762 1065 4806 ut
1091 4753 1162 4807 sit
1189 4768 1382 4808 sensus
1402 4773 1415 4808 :
1436 4751 1548 4809 Nisi
1575 4757 1874 4826 apprehen-

297 4839 488 4893 deritis
519 4841 890 4910 disciplinam,
923 4845 1170 4912 peribitis
1209 4845 1275 4900 de
1302 4845 1384 4900 via
1433 4845 1605 4916 justa,
1637 4857 1693 4903 et
1719 4852 1866 4904 exci-

295 4930 437 4986 detis
457 4938 527 4986 ab
565 4948 656 4998 ea,
689 4934 919 4991 Domino
949 4938 1101 4992 vobis
1141 4938 1440 4994 irascente.
1478 4937 1678 4995 Verum
1712 4957 1872 4998 accu-

297 5032 416 5077 rate
443 5039 554 5080 rem
594 5028 1011 5097 perpendamus,
1037 5045 1159 5085 eum
1191 5033 1268 5086 ira
1299 5030 1393 5088 Dei
1425 5032 1731 5103 corrigendi
1758 5033 1866 5088 vim

294 5114 513 5178 habeat,
575 5120 847 5188 quomodo
904 5136 1000 5190 per
1035 5123 1139 5177 hoc
1186 5123 1331 5193 quod
1384 5123 1530 5180 Deus
1575 5123 1864 5193 irascatur,

293 5219 480 5275 pereat
512 5211 634 5280 quis
657 5211 722 5266 de
746 5212 830 5266 via
858 5211 1005 5281 justa
1034 5214 1059 5268 ?
1097 5213 1294 5284 Utique
1319 5215 1735 5287 haudquaquam
1759 5233 1869 5272 om-

295 5298 425 5353 nino
459 5311 682 5372 propter
717 5303 850 5357 iram
885 5305 1136 5374 peribitis
1183 5307 1250 5362 de
1287 5307 1372 5361 via
1412 5307 1582 5376 justa,
1619 5310 1714 5365 sed
1765 5311 1868 5364 hoc

297 5389 450 5446 vobis
500 5405 724 5464 pmpter
752 5405 973 5465 peccata
1021 5407 1202 5452 vestra
1233 5401 1467 5454 eveniet.
1498 5400 1651 5467 Quod
1679 5402 1723 5456 si
1759 5417 1865 5456 non

294 5480 456 5536 fuerit
487 5487 732 5554 apposita
780 5503 880 5542 vox
926 5507 944 5540 ι
993 5487 1162 5558 justa,
1212 5507 1231 5542 ι
1268 5505 1388 5544 cum
1441 5491 1478 5545 ii
1508 5493 1597 5561 qui
1638 5507 1742 5547 non
1774 5507 1869 5562 ap-

293 5574 632 5641 prehenduut
682 5581 1051 5655 disciplinam,
1097 5582 1322 5638 omnino
1361 5583 1472 5638 sint
1520 5585 1575 5638 in
1619 5586 1702 5640 via
1757 5602 1863 5642 non

1981 4579 2107 4638 παῖς
2140 4573 2454 4645 ἑρμηνείαις
2482 4571 2565 4634 τὸ,
2603 4588 2621 4619 ι
2657 4567 2891 4630 δικαίας,
2944 4586 2962 4617 ι
3018 4564 3395 4634 ὑποπτεύομεν
3443 4567 3544 4635 μή-

1977 4684 2106 4720 ποτε
2162 4666 2196 4736 ἢ
2248 4665 2365 4718 κατ’
2408 4661 2718 4730 οἰκονομίαν
2778 4657 3120 4730 προσέθηκαν
3163 4656 3342 4719 τοῦτο,
3396 4655 3428 4726 ἢ
3475 4653 3540 4709 τὰ

1977 4761 2283 4831 ἀντίγραφα
2343 4755 2676 4828 ἡμάρτηται.
2732 4752 2867 4805 Κατ’
2929 4748 3238 4820 οἰκονομίαν
3303 4749 3422 4819 μὲν,
3475 4748 3540 4800 ἵν’

1973 4852 2145 4914 οὕτως
2169 4851 2467 4921 νοήσωμεν·
2529 4845 2654 4898 Ἐὰν
2699 4844 2772 4915 μὴ
2812 4841 3078 4916 δράξησθε
3106 4841 3368 4904 παιδείας,
3413 4840 3542 4893 ἀπο-

1969 4943 2147 5000 λεῖσθε
2213 4942 2272 5007 ἐξ
2327 4939 2448 4994 ὁδοῦ
2509 4938 2745 5000 δικαίας,
2822 4937 2917 4990 καὶ
2998 4933 3314 4987 ὲκπεσεῖσθε
3349 4933 3537 5002 αὐτῆς,

1967 5033 2314 5109 ὀργισθέντος
2364 5033 2494 5102 ὑμῖν
2546 5029 2640 5083 τού
2693 5027 2921 5099 Κυρίου·
2991 5025 3102 5081 ἀλλ’
3156 5026 3232 5090 ὡς
3293 5026 3428 5096 πρὸς
3483 5025 3539 5078 τὸ

1967 5126 2212 5200 ἀκριϐὲς,
2281 5125 2329 5176 εἰ
2398 5122 2718 5192 παιδευτική
2778 5123 2924 5174 ἐστιν
2967 5122 2998 5190 ἡ
3051 5118 3188 5190 ὀργὴ
3240 5116 3333 5170 τοῦ
3383 5115 3535 5183 Θεοῦ,

1970 5219 2108 5283 πῶς,
2145 5218 2233 5272 διὰ
2259 5217 2320 5270 τὸ
2346 5213 2614 5288 ὠργίσθαι
2637 5213 2867 5284 Κύριον,
2903 5210 3188 5266 ἀπολεῖταί
3213 5226 3296 5272 τις
3329 5207 3388 5274 ἐξ
3420 5206 3535 5262 ὀδοῦ

1967 5311 2216 5376 δικαίας;
2253 5310 2326 5363 Ού
2361 5309 2576 5371 πάντως
2606 5307 2665 5361 δὲ
2705 5305 2793 5360 διὰ
2823 5305 2920 5376 τὴν
2966 5303 3132 5375 ὀργὴν
3161 5299 3448 5358 ἀπολεῖσθε
3479 5300 3534 5366 ἐξ

1969 5404 2088 5458 6506
2116 5404 2348 5467 δικαίας,
2378 5402 2514 5456 ἀλλὰ
2552 5401 2709 5456 τοῦτο
2747 5400 2934 5469 ἕψεται
2969 5400 3096 5469 ὑμῖν
3135 5399 3224 5452 διὰ
3255 5395 3324 5450 τὰ
3359 5397 3531 5467 ἁμαρ-

1969 5497 2207 5567 τήματα.
2249 5496 2376 5549 Ἐὰν
2409 5494 2483 5566 μὴ
2587 5492 2837 5563 κείμενον
2856 5490 2975 5557 τδ,ι
3023 5489 3256 5552 δικαίας,
3282 5508 3301 5540 ι
3341 5487 3460 5540 ἐπεὶ
3487 5487 3533 5539 οἱ

1975 5585 2048 5658 μὴ
2092 5583 2415 5656 δραξάμενοι
2453 5582 2700 5647 παιδείας
2742 5581 2958 5646 πάντως
3002 5581 3137 5634 εἰσὶν
3180 5580 3238 5632 ὲν
3287 5578 3392 5650 όδῷ
3437 5578 3530 5633 οὐκ

365 5734 480 5805 (80)
514 5736 760 5808 Τὴνμέν
799 5736 1137 5809 προκοπήν,
1174 5746 1278 5794 etc.
1310 5736 1352 5794 Ε
1383 5738 1503 5796 cod.
1531 5737 1874 5809 Barocciano,

1999 5742 2198 5800 Catena
2223 5742 2490 5798 Corderii.
2525 5739 2719 5799 Latine
2749 5749 2922 5796 exstat
2953 5737 3090 5810 apud
3117 5737 3429 5794 Barbarum.
