3834 6388
345 344 483 402 111⁷

1347 339 1657 396 SELECTA
1697 339 1764 395 ΙΝ
1803 337 2142 395 PSALMOS.
2184 366 2254 377 --
2286 337 2483 392 PSAL.
2517 337 2606 393 lli.

3468 335 3602 391 lll8

341 459 546 532 ἀγαθῇ,
577 458 799 513 δύναται
827 457 1127 530 λεληθότως
1165 457 1438 527 λέγεσθαι,
1473 461 1553 514 ὃτι
1594 461 1668 531 μὴ
1696 461 1904 531 δρασσο

2041 457 2216 522 bona;
2271 467 2450 527 potest
2494 458 2730 512 latenter
2778 453 2884 510 dici
2915 498 2930 523 ,
2969 453 3224 525 quoniam
3250 451 3405 507 vohis
3435 451 3598 506 disci-

347 552 526 622 μένων
557 551 710 622 ὑμῶν
763 550 1010 614 παιδείας
1053 551 1434 623 ὀργισθήσεται
1474 551 1697 624 Κύριος,
1732 554 1795 604 ἐκ
1826 550 1921 604 τοῦ

339 643 639 698 ἀπολέσθαι
685 643 831 714 ὑμᾶς
876 645 940 696 ἐκ
975 645 1073 714 τῆς
1117 643 1236 698 ὀδοῦ
1285 648 1343 699 ἐν
1462 646 1788 717 διατρίϐετε,
1836 647 1922 699 ἵνα

345 736 544 809 μηκέτι
574 735 858 807 ὑπάρχητε
887 737 944 788 ἐν
970 737 1125 807 αὐτῇ.

417 923 603 977 Ὅταν
641 920 906 990 ἐκκαυθῆ
947 921 1018 974 ἐν
1059 919 1223 991 τάχει
1267 925 1301 976 d
1345 921 1530 992 θυμὸς
1562 923 1773 986 αὐτοῦ,
1804 939 1919 990 μα-

341 1012 533 1081 κάριοι
580 1011 804 1079 πάντες
831 1016 884 1067 οἱ
929 1016 1275 1080 πεποιθότες
1325 1014 1418 1067 ἐπ’
1453 1013 1633 1079 αὐτῷ,
1685 1031 1736 1067 κ.
1771 1032 1820 1070 τ.
1870 1017 1916 1068 ἐ.

338 1105 404 1160 Ei
439 1107 533 1159 καὶ
571 1105 821 1176 δεύτερον
860 1106 970 1177 (81)
1000 1106 1213 1175 λέγεται
1262 1109 1291 1160 6
1337 1106 1508 1177 θυμὸς
1569 1107 1672 1178 τῆς
1728 1109 1916 1179 ὀργῆς,

340 1196 480 1250 ἀλλὰ
511 1197 588 1267 τῷ
607 1197 867 1268 τηροῦντι
896 1197 993 1268 τὴν
1023 1197 1335 1270 σύμφρασιν
1382 1199 1484 1269 τῆς
1531 1199 1775 1270 Γραφῆς.
1819 1219 1920 1270 φα-

339 1289 495 1360 νερὸν
527 1291 607 1343 ὅτι
632 1289 910 1344 ὲκκαίεται
962 1291 1175 1360 πρῶτον
1205 1293 1233 1344 6
1261 1291 1461 1363 θυμὸς,
1498 1293 1593 1346 καὶ
1640 1293 1918 1364 ὀργισθέν-

335 1398 429 1445 τος
457 1381 550 1435 τοῦ
584 1382 720 1436 Θεοῦ
754 1383 1051 1436 ἀπόλλυταί
1075 1401 1159 1448 τις
1204 1385 1313 1438 ἀπὸ
1355 1386 1452 1456 τῆς
1483 1385 1725 1453 ὀδοῦηΤδ
1757 1386 1814 1440 δὲ
1860 1389 1917 1441 ἐν

335 1471 493 1542 τάχει
534 1472 788 1526 καίεσθαι
831 1475 924 1526 τὸν
968 1472 1228 1545 θυμὸν,ἣ
1277 1477 1393 1546 μετ’
1443 1475 1640 1544 ὀλίγον,
1687 1477 1720 1547 ἢ
1779 1476 1916 1548 μετὰ

337 1560 512 1632 βραχὺ
559 1562 934 1616 ἀναπαύεσθαι
969 1564 1150 1628 αὐτὸν,
1197 1563 1434 1619 διδάσκει
1482 1565 1580 1638 τὴν
1631 1567 1770 1637 μετὰ
1820 1566 1916 1638 τὴν

334 1649 513 1718 ἔξοδον
538 1652 633 1706 τοῦ
666 1653 780 1724 βίου
815 1655 1058 1711 κόλασιν.
1909 1638 1911 1640 η

402 1745 692 1816 Μακάριοι
717 1747 938 1814 πάντες
954 1751 1005 1802 οὶ
1022 1750 1369 1815 πεποιθότες
1395 1749 1488 1803 ἐπ’
1517 1749 1698 1817 αὐτῷ,
1715 1769 1768 1806 κ.
1790 1769 1838 1805 τ.
1865 1753 1910 1804 ἐ.

2030 556 2231 626 plinam
2277 571 2381 610 non
2427 553 2966 625 apprehendentibus
3013 553 3282 607 irascetur
3321 546 3598 606 Dominus,

2029 662 2095 702 eo
2125 647 2269 716 quod
2313 647 2551 712 pereatis
2594 645 2660 701 de
2693 645 2799 709 via,
2831 644 2885 699 in
2909 659 3015 714 qua
3047 640 3361 704 versamini,
3399 647 3458 691 ut
3492 649 3598 690 non

2029 738 2259 806 amplius
2288 738 2408 792 sitis
2451 737 2504 791 in
2536 752 2623 793 ea.

2098 913 2262 969 Vens.
2299 915 2386 970 15.
2431 913 2561 968 Cum
2593 914 2852 968 exarserit
2885 914 2940 967 in
2988 913 3128 968 breui
3170 912 3250 966 ira
3289 912 3425 980 ejus,
3463 911 3578 964 beat

2028 1021 2207 1060 omne:
2247 1004 2406 1078 547
2433 1007 2522 1075 qui
2554 1005 2826 1075 conﬁdunt
2856 1006 2911 1058 in
2942 1021 3026 1069 eo,
3073 1016 3182 1059 etc.
3229 1003 3485 1070 Quamvis
3518 1004 3566 1055 ir

2029 1099 2177 1168 prior
2231 1099 2442 1153 dicatur
2487 1113 2651 1168 quant
2707 1097 2881 1162 furor,
2939 1106 3118 1151 tamen
3159 1097 3247 1164 qui
3302 1093 3598 1163 Scriptura

2027 1190 2440 1246 consensionem
2477 1189 2948 1255 animadverterit,
2973 1189 3208 1242 furorem
3239 1187 3474 1257 priorem
3511 1201 3592 1240 ac-

2025 1282 2203 1348 cendi,
2237 1294 2292 1337 et
2330 1283 2469 1336 irato
2498 1281 2608 1336 Deo
2641 1281 2876 1350 aliquem
2924 1295 2954 1335 e
2997 1281 3081 1334 via
3131 1281 3310 1352 perire
3337 1279 3596 1349 reperiet.

2025 1372 2179 1440 Quod
2227 1389 2359 1428 vero
2395 1373 2550 1430 furor
2585 1375 2639 1429 in
2678 1373 2830 1428 brevi
2871 1374 3121 1438 exardet,
3153 1373 3235 1426 vel
3269 1381 3391 1441 post
3421 1371 3595 1425 modi-

2025 1481 2147 1518 cum
2185 1464 2267 1519 vel
2320 1474 2446 1535 post
2492 1465 2657 1519 breve
2706 1474 2918 1534 tempus
2957 1464 3201 1528 sedatur,
3242 1461 3422 1518 futura
3473 1470 3594 1531 post

2024 1557 2228 1612 exitum
2251 1557 2374 1612 vitae
2401 1557 2664 1628 supplicia
2695 1557 2968 1628 exprimit.

2095 1762 2246 1816 Beati
2275 1781 2452 1817 omnes
2478 1765 2566 1832 qui
2588 1764 2856 1833 conﬁdunt
2883 1763 2936 1816 in
2956 1777 3036 1824 eo,
3056 1771 3158 1815 etc.
3196 1759 3598 1815 Attendendunt

332 1839 749 1892 Κατακουστέον
774 1839 890 1903 τοῦ,
932 1860 950 1892 ι
988 1839 1326 1905 πεποιθότες,
1364 1862 1381 1892 ι
1415 1842 1598 1896 πίστιν
1631 1845 1904 1914 ἐμφαίνον-

2021 1865 2103 1910 est
2137 1857 2203 1911 ad
2240 1857 2408 1912 illud:
2443 1877 2460 1910 ι
2491 1857 2593 1924 Qui
2619 1858 2932 1923 conﬁdunt,
2961 1877 2979 1910 ›
3009 1859 3149 1926 quod
3175 1857 3412 1911 declarat
3442 1857 3597 1910 [idem

330 1946 424 1994 τος
457 1930 572 1999 μετ’
599 1930 812 1995 ἐλπίδος
839 1933 1148 1988 ἀνυπόπτου
1173 1934 1548 2006 βεϐαιοτάτην,
1567 1937 1658 1989 καὶ
1673 1937 1912 2008 ἑδραίαν,

330 2020 425 2074 καὶ
462 2021 728 2085 ἄσειστον,
762 2022 882 2075 οὐδὲ
917 2025 974 2077 ἐν
993 2027 1104 2089 τοῖς
1125 2025 1341 2080 δοκοῦσι
1368 2025 1770 2096 χαλεπωτάτοις
1794 2047 1916 2083 και-

329 2115 446 2182 ροῖς
474 2112 567 2166 τοῦ
605 2113 926 2179 πεποιθότος
958 2117 1428 2186 ἁπογινώσκοντος
1456 2119 1554 2190 τὴν
1574 2119 1669 2173 τοῦ
1704 2121 1910 2192 Κυρίου

326 2206 409 2269 είς
440 2205 604 2260 αὐτὸν
627 2209 947 2276 παρουσίαν,
968 2208 1179 2272 οὐδενὸς
1209 2208 1572 2280 παρέλκοντος
1605 2211 1784 2265 αὐτόν.

919 2507 1209 2562 ΨΑΛΜΟΣ
1238 2509 1316 2565 Γ’.

399 2599 648 2668 Ψαλμὸς
695 2599 777 2666 τῷ
831 2601 1031 2665 Δαυῒὸ,
1091 2603 1269 2655 ὁπότε
1306 2602 1751 2671 ἀπεδίδρασκεν
1791 2606 1911 2660 ἀπὸ

321 2693 650 2762 προσώπου
696 2692 1074 2762 Ἁϐεσσαλὼμ
1117 2692 1225 2746 τοῦ
1267 2693 1404 2747 υἱοῦ
1431 2696 1638 2759 αὐτοῦ,
1671 2715 1724 2749 κ.
1758 2714 1806 2748 τ.
1857 2699 1904 2751 ὲ.

320 2791 481 2841 Δοκεῖ
510 2789 538 2840 6
560 2785 770 2858 ψαλμὸς
803 2785 910 2856 (89.)
938 2785 1190 2858 εἰρῆσθαι
1215 2785 1292 2857 τῷ
1314 2787 1495 2855 Δαυῖδ,
1527 2789 1690 2843 ὁπότε
1727 2790 1909 2844 ἀπεδί-

318 2881 556 2953 δρασκεν
583 2880 689 2932 ἀπὸ
724 2877 1016 2950 προσώπου
1057 2878 1412 2951 Ἀϐεσσαλὼμ
1442 2880 1536 2934 τοῦ
1567 2882 1686 2935 υἱοῦ
1719 2883 1904 2938 αὐτοῦ.

323 2972 459 3025 Ὀλα
491 2971 547 3024 δὲ
580 2971 648 3025 τὰ
679 2973 736 3024 ἐν
767 2970 844 3041 τῷ
862 2969 1062 3040 ψαλμῷ
1086 2969 1255 3024 σῶσαι
1285 2972 1421 3041 πρὸς
1449 2971 1548 3044 τὴν
1576 2973 1812 3044 ἱστορίαν
1851 2976 1911 3028 οὐ

317 3063 566 3117 δυνατόν’
611 3063 662 3116 τί
688 3063 796 3133 γὰρ
837 3061 1204 3133 συμϐάλλεται
1252 3063 1389 3135 πρὸς
1434 3063 1495 3116 τὸ
1528 3065 1908 3136 προκείμενον

2023 1959 2144 2000 cum
2215 1963 2333 2017 spe,
2361 1963 2481 2018 quae
2535 1950 2842 2018 suspicione
2891 1958 3079 2004 careat
3126 1947 3518 2011 ﬁrmissimam,
3546 1956 3600 2000 et

2020 2038 2309 2108 stabilem,
2345 2052 2399 2097 et
2431 2042 2848 2108 inconcussam;
2899 2057 3023 2097 cum
3061 2055 3232 2110 neque
3271 2038 3600 2094 difﬁcillimis

2020 2130 2186 2184 etiam
2244 2133 2576 2202 temporibus
2633 2134 2678 2187 is
2725 2133 2816 2202 qui
2865 2132 3128 2198 conlidit,
3173 2131 3385 2186 Domini
3439 2131 3490 2184 in
3538 2145 3599 2184 se

2021 2223 2366 2289 praesentiam
2420 2225 2702 2294 desperet,
2750 2239 2925 2294 neque
2973 2225 3266 2294 quiSquam
3314 2223 3466 2277 illum
3511 2222 3596 2277 di-

2019 2322 2222 2368 vertat.

2592 2517 2911 2572 PSALMUS
2952 2516 3039 2572 Ill.

2096 2610 2256 2666 Vens.
2296 2612 2349 2666 1.
2391 2608 2636 2665 Psalmus
2666 2610 2855 2676 David,
2893 2612 3102 2680 quando
3131 2610 3360 2680 fugiebat
3400 2626 3431 2664 α
3459 2609 3598 2679 [acie

2016 2702 2261 2757 Absalom
2287 2702 2387 2770 ﬁlii
2419 2704 2525 2767 sui,
2552 2713 2660 2757 etc.
2694 2703 2922 2757 Videtur
2955 2702 3043 2756 hic
3071 2699 3310 2771 psalmus
3343 2720 3371 2756 a
3397 2702 3598 2758 Davide

2014 2795 2190 2849 dictus
2235 2810 2354 2848 esse
2383 2794 2600 2865 quando
2651 2794 2892 2865 fugiebat
2947 2809 2978 2847 a
3017 2793 3159 2848 facie
3188 2794 3448 2849 Absalom
3498 2795 3592 2849 lilii

2019 2885 2126 2939 sui.
2163 2883 2358 2940 Omnia
2391 2892 2570 2938 autem
2596 2899 2718 2954 qua:
2753 2883 2990 2953 psalmus
3030 2884 3298 2948 continet,
3330 2886 3396 2938 ad
3425 2884 3598 2939 histo-

2022 2978 2159 3030 riam
2202 2975 2396 3030 rel'crri
2446 2991 2551 3028 non
2595 2983 2842 3044 possunt.
2881 2974 3018 3040 Quid
3058 2976 3202 3029 enim
3243 2975 3309 3028 ad
3347 2977 3596 3045 proposi-

2023 3079 2133 3122 tum
2170 3068 2446 3138 pertinet:
2479 3084 2497 3117 ι
2532 3066 2644 3136 Ego
2693 3066 2949 3130 dormivi,
3001 3074 3056 3120 et
3103 3075 3387 3134 soporatus
3435 3082 3591 3129 sum,

324 3174 344 3208 ι
400 3153 543 3224 Ἐγὼ
571 3153 891 3225 ἐκοιμήθην,
925 3155 1019 3207 καὶ
1054 3152 1302 3216 ὓπνωσα,
1331 3153 1656 3227 ἐξηγέρθην,
1691 3159 1772 3210 ὃτι
1805 3159 1904 3211 Κύ·

2020 3158 2330 3220 exsurrexi,
2395 3157 2520 3226 quia
2552 3155 2814 3210 Dominus
2861 3157 3124 3224 suscipiet
3152 3171 3239 3210 me
3259 3155 3386 3210 ⁸⁸2»
3439 3155 3592 3224 Quod

321 3263 436 3317 ριος
463 3245 812 3316 άντιλήψεταί
847 3261 982 3314 μου;
1027 3263 1044 3295 ι
1083 3245 1196 3297 Kal
1226 3246 1272 3297 si
1313 3245 1552 3316 βούλοιτο
1583 3246 1639 3300 δέ
1669 3265 1748 3312 τις
1782 3249 1904 3302 δου-

314 3337 493 3390 λεύειν
519 3339 585 3408 τῇ
615 3336 780 3405 λέξει,
819 3335 980 3389 πλέον
1007 3336 1178 3406 αὐτῆς
1213 3337 1377 3408 μηδὲν
1403 3338 1697 3410 ἐπιζητῶν,
1733 3359 1907 3413 παρα-

318 3429 572 3501 στησάτω
595 3428 709 3492 πῶς
725 3427 975 3498 ἀληθεύει
995 3427 1168 3497 λέγων
1191 3429 1219 3480 6
1248 3429 1560 3500 Προφήτηςο
1596 3451 1614 3481 ι
1659 3431 1908 3496 Ὀδόντας

315 3521 656 3593 ἁμαρτωλῶν
719 3519 1063 3592 συνέτριψας.
1105 3539 1124 3572 ι
1175 3522 1266 3574 Δεῖ
1319 3522 1378 3576 δὲ
1441 3522 1674 3594 ζητῆσαι
1738 3525 1822 3589 τίς
1877 3527 1905 3578 6

316 3614 498 3678 Δαυῖδ,
535 3616 628 3668 καὶ
653 3615 735 3678 τίς
767 3617 794 3668 6
837 3611 1210 3683 Ἀὄεσσαλὼμ,
1234 3615 1328 3667 καὶ
1353 3616 1385 3684 ὴ
1407 3614 1649 3679 ἐπίθεσις
1679 3616 1842 3669 αὐτοῦ
1870 3620 1902 3689 ἡ

317 3709 456 3762 κατὰ
488 3708 581 3760 τοῦ
616 3709 842 3778 πατρὸς,
867 3709 902 3779 ἦ
932 3725 991 3760 τε
1015 3710 1158 3780 φυγὴ
1175 3707 1269 3762 τοῦ
1301 3707 1563 3778 βασιλέως
1590 3709 1780 3780 πράως
1811 3711 1905 3779 φέ-

317 3819 500 3874 ροντος
522 3801 618 3873 τὴν
651 3802 1013 3856 ἐπανάστασιν
1034 3800 1128 3854 τοῦ
1157 3801 1256 3872 τῆς
1287 3798 1564 3870 βασιλείας
1588 3801 1753 3854 αὐτοῦ
1782 3803 1904 3855 ἐπι-

313 3893 658 3964 θυμήσαντος
693 3893 830 3958 υἱοῦ,
878 3895 972 3947 καὶ
1005 3893 1385 3964 ἐντελλομένου
1431 3896 1544 3956 τοῖδς
1595 3895 1688 3947 ὑπ’
1737 3896 1902 3949 αὑτὸν

313 3981 603 4053 φείσασθαι
634 3981 726 4035 τοῦ
757 3983 1042 4055 παιδαρίου
1087 3983 1459 4052 Ἀϐεσσαλώμ.
1493 3982 1768 4054 Πολλαχοῦ
1802 3986 1902 4056 τῆς

312 4074 540 4145 Γραφῆς
573 4073 806 4145 εὕρομεν
847 4073 1008 4127 Δαυῖδ
1038 4069 1180 4129 εἶναι
1223 4076 1314 4128 τὸν
1342 4074 1596 4146 Χριστὸν,
1629 4073 1818 4148 ῶσπερ
1842 4079 1900 4130 ἐν

311 4166 391 4237 τῷ
419 4166 762 4238 ὀγδοηκοστῷ
779 4167 949 4237 ὀγδόῳ
977 4167 1194 4238 ψαλμῷ·
1228 4187 1246 4220 ι
1283 4161 1453 4240 Εὗρον
1477 4166 1640 4222 Δαυῒδ
1671 4168 1762 4224 τὸν
1789 4168 1903 4222 δοῦ-

312 4257 404 4311 λόν
445 4275 566 4330 μου·
595 4261 654 4311 ἐν
687 4258 850 4328 ἐλαίῳ
877 4260 1018 4330 ἁγίῳ
1046 4258 1238 4331 ἐχρισα
1257 4261 1439 4313 αὐτόν·
1469 4262 1501 4330 ή
1523 4260 1632 4332 γὰρ
1657 4261 1778 4333 χείρ
1798 4279 1898 4332 μου

312 4341 663 4421 ἀντιλήψεται
693 4349 862 4422 αὐτῷ,
894 4352 988 4404 καὶ
1013 4354 1039 4404 6
1063 4351 1302 4422 βραχίων
1335 4369 1438 4424 μου
1470 4353 1782 4422 ἀντισχόσει
1812 4355 1902 4408 αὐ-

311 4441 424 4496 τόν.
450 4443 563 4496 Οὐκ
593 4442 862 4513 ὠφελήσει
893 4443 1084 4515 ἐχθρὸς
1103 4446 1162 4498 ἐν
1193 4444 1362 4515 αὐτῷ,
1398 4447 1491 4499 καὶ
1519 4445 1634 4510 υἱὸς
1666 4447 1898 4518 ἀνομίας

2012 3250 2058 3304 si
2095 3249 2218 3318 quis
2263 3247 2496 3302 voluerit
2557 3247 2753 3299 littera:
2800 3247 3046 3311 servire,
3102 3244 3343 3313 nihilque
3395 3255 3594 3312 pra3ter

2011 3357 2128 3395 eam
2151 3354 2419 3410 quazrere,
2448 3339 2698 3392 ostendat
2737 3334 3010 3404 quomodo
3045 3348 3233 3388 verum
3276 3335 3421 3388 dicat
3455 3333 3592 3388 Pro-

2012 3434 2192 3503 pheta,
2217 3447 2338 3486 cum
2369 3432 2446 3484 ait
2467 3431 2544 3483 5°:
2569 3447 2588 3480 ι
2618 3429 2816 3482 Dentes
2845 3434 3190 3494 peccatorum
3222 3425 3584 3479 contrivisti.»

2012 3524 2376 3592 Quaerendum
2411 3531 2493 3577 est
2523 3521 2646 3592 quis
2676 3519 2864 3585 David,
2909 3519 3033 3589 quis
3059 3517 3334 3583 Absalout,
3375 3528 3428 3572 et
3464 3518 3588 3586 qni-

2013 3636 2134 3673 nam
2179 3618 2342 3672 fuerit
2375 3617 2492 3686 ejus
2542 3615 2807 3670 adversus
2841 3623 3051 3682 patrem
3097 3612 3350 3680 impetus,
3384 3622 3436 3665 et
3469 3627 3588 3680 qua:

2013 3712 2135 3780 fuga
2171 3711 2334 3782 regis,
2366 3711 2456 3780 qui
2491 3709 2723 3778 benigne
2751 3706 2859 3761 fert
2894 3705 2986 3759 lilii
3032 3719 3258 3774 regnum
3301 3701 3419 3771 ejus
3465 3701 3592 3776 aiio-

2011 3805 2228 3867 ('lanlis,
2270 3802 2656 3863 rebellionem,
2714 3809 2769 3855 et
2817 3799 3051 3854 subditis
3103 3797 3216 3851 suis
3261 3797 3490 3865 imperat
3531 3805 3592 3850 ut

2011 3907 2239 3963 parcant
2297 3895 2406 3950 ﬁlio
2460 3892 2738 3948 Absalom.
2799 3889 3054 3945 Pluribus
3102 3903 3235 3943 sane
3286 3887 3586 3958 Scriptura:

2010 3987 2146 4042 locis
2189 3987 2499 4042 invenimus
2522 3985 2782 4039 Davidem
2819 3999 2941 4039 esse
2967 3982 3270 4046 Christum,
3323 3979 3588 4050 quemad-

2011 4082 2231 4136 modum
2284 4081 2335 4134 in
2386 4079 2718 4151 octogesimo
2755 4088 2948 4134 octavo
2983 4076 3188 4146 psalmo
3209 4075 3251 4106 “
3281 4092 3295 4129 :
3344 4091 3362 4126 ι
3394 4072 3580 4128 Inveni

2012 4172 2182 4227 David
2219 4187 2438 4228 servum
2479 4185 2680 4234 meum,
2719 4170 2838 4224 oleo
2882 4179 3073 4224 sancto
3113 4167 3242 4222 unxi
3280 4181 3426 4230 eum,
3469 4179 3585 4216 ma-

2010 4283 2110 4323 nus
2152 4267 2296 4322 enim
2345 4280 2460 4320 mea
2503 4264 2858 4320 auxiliabitur
2885 4264 2956 4326 ei,
2991 4270 3045 4317 et
3076 4261 3356 4316 brachium
3408 4271 3585 4310 meum

2009 4358 2335 4415 confortahit
2362 4373 2508 4415 eum.
2555 4357 2699 4411 Nihil
2737 4355 2984 4427 proﬁciet
3017 4352 3270 4408 inimicus
3311 4351 3362 4404 in
3401 4363 3487 4414 eo,
3530 4356 3587 4400 et

2011 4449 2152 4504 ﬁlius
2199 4449 2503 4518 iniquitatis
2549 4463 2654 4502 non
2692 4457 2929 4516 apponet
2964 4432 3164 4498 uoc'cre
3197 4442 3270 4506 ei,
3305 4451 3360 4496 et
3397 4439 3585 4494 conci.

311 4532 374 4585 οὐ
412 4531 709 4603 προσθήσει
745 4531 840 4586 τοῦ
878 4534 1128 4587 κακῶσαι
1159 4535 1339 4587 αὐτόν.
1371 4534 1480 4588 Καὶ
1515 4534 1771 4604 συγκόψω
1793 4536 1900 4589 ἀπὸ

2020 4541 2130 4593 iam
2172 4553 2202 4591 a
2237 4538 2375 4592 facie
2419 4539 2590 4607 ipsius
2632 4538 2882 4590 inimicos
2922 4535 3059 4604 ejus,
3095 4541 3150 4586 et
3184 4531 3430 4586 odienles
3457 4544 3583 4584 eum

313 4623 606 4696 προσώπου
627 4623 789 4678 αὐτοῦ
812 4625 937 4688 τοὺς
956 4625 1183 4696 ἐχθροὺς
1215 4624 1402 4692 αὑτοῦ,
1421 4626 1659 4690 καὶτοὺς
1680 4626 1899 4698 μισοῦν-

311 4732 412 4778 τας
438 4713 606 4768 αὑτὸν
649 4715 1022 4788 τροπώσομαι.
1072 4717 1182 4770 Καὶ
1216 4718 1248 4787 ἡ
1277 4703 1503 4788 ἀλήθειά
1549 4734 1650 4787 μου
1709 4720 1802 4770 καὶ
1835 4717 1897 4770 τὸ

313 4807 461 4872 ἔλεός
489 4825 590 4879 μου
627 4811 742 4879 μετ’
767 4809 950 4862 αὐτοῦ·
988 4811 1082 4863 καὶ
1109 4811 1165 4862 ἐν
1198 4809 1276 4880 τῷ
1295 4808 1517 4880 ὀνόματί
1549 4825 1649 4880 μου
1681 4809 1900 4880 ὑψωθή-

316 4915 466 4953 σεται
506 4899 568 4951 τὸ
598 4900 766 4972 κέρας
793 4898 979 4962 αὐτοῦ,
1013 4901 1106 4953 καὶ
1133 4899 1370 4971 θήσομαι
1404 4902 1461 4953 ἐν
1478 4899 1719 4970 θαλάσσῃ
1737 4903 1896 4970 χεῖρα

313 4989 500 5053 αὑτοῦ,
528 4992 622 5045 καὶ
647 4993 704 5043 ἐν
737 4993 1001 5063 ποταμοῖς
1023 4991 1202 5058 δεξιὰν
1232 4989 1413 5044 αὐτοῦ.
1448 4990 1617 5053 Αὐτὸς
1642 4989 1896 5044 ἐπικαλὲ-

311 5082 465 5136 σεταί
497 5099 584 5154 με·
615 5084 806 5156 Πατήρ
839 5101 937 5154 μου
969 5079 1017 5136 εἶ
1050 5085 1136 5148 σὺτ
1175 5083 1332 5152 κάγὼ
1359 5083 1701 5155 πρωτότοκον
1733 5083 1895 5155 θήσο-

313 5193 413 5246 μαι
436 5175 619 5241 αὑτὸν,
645 5175 849 5248 ὑψηλὸν
884 5176 1033 5248 παρὰ
1065 5180 1177 5242 τοῖς
1205 5175 1480 5248 βασιλεῦσι
1507 5178 1606 5248 τῆς
1644 5177 1772 5248 γῆς.
1801 5177 1899 5240 Είς

306 5269 400 5322 τὸν
432 5267 603 5323 αἰῶνα
635 5267 854 5339 φυλάξω
878 5269 1027 5340 αὑτῷ
1054 5269 1115 5322 τὸ
1144 5269 1288 5334 ἐλεός
1324 5287 1446 5341 μου,
1482 5272 1575 5324 καὶ
1605 5272 1638 5341 ἡ
1669 5269 1897 5341 διαθήκη

313 5376 416 5428 μου
476 5361 644 5432 πιστὴ
685 5361 855 5432 αὐτῷ.
902 5360 1015 5415 Kal
1058 5361 1294 5432 θήσομαι
1354 5363 1435 5424 εἰς
1476 5361 1567 5414 τὸν
1600 5361 1774 5414 αἰῶνα
1804 5359 1899 5413 τοῦ

307 5450 506 5515 αἰῶνος
531 5453 592 5505 τὸ
614 5452 836 5524 σπέρμα
862 5451 1050 5518 αὐτοῦ,
1073 5454 1165 5506 καὶ
1189 5454 1281 5506 τὸν
1312 5453 1498 5525 θρόνον
1523 5453 1690 5508 αὐτοῦ
1713 5455 1788 5518 ὼς
1803 5454 1901 5518 τὰς

310 5542 522 5614 ἡμέρας
560 5543 655 5598 τοῦ
707 5543 958 5616 οὐρανοῦ.
1007 5565 1025 5596 ι
1065 5545 1176 5599 Kal
1215 5547 1272 5599 ἐν
1302 5545 1379 5616 τῷ
1426 5546 1622 5618 Ἡσαΐᾳ
1671 5545 1898 5615 λέγοντι·

383 5663 427 5692 ⁸³
461 5661 546 5716 Ps.
581 5679 663 5726 ιιι,
689 5663 741 5717 6.

822 5664 866 5694 ⁶⁰
906 5663 1032 5716 ibid.
1064 5664 1118 5719 8.
1195 5665 1237 5694 ⁸⁸
1269 5663 1358 5718 Ps.
1387 5680 1651 5728 Lxxxvnt,
1677 5664 1737 5717 2|
1767 5675 1821 5719 et
1849 5677 2003 5734 seqq.

2007 4629 2059 4684 in
2101 4630 2278 4699 fugam
2329 4637 2670 4684 convertam.
2717 4626 2786 4680 Et
2837 4625 3042 4680 veritas
3086 4640 3226 4692 mea,
3269 4633 3327 4678 et
3366 4623 3582 4677 miseri-

2003 4723 2184 4776 cordia
2221 4737 2338 4776 mea
2373 4736 2494 4775 cum
2538 4720 2655 4788 ipso
2694 4738 2712 4774 -.
2764 4727 2818 4771 et
2858 4717 2909 4770 in
2950 4717 3170 4770 nomine
3215 4731 3335 4771 meo
3371 4715 3583 4770 exalta-
3629 4743 3631 4745 ι

2001 4813 2148 4868 bitur
2185 4828 2357 4868 cornu
2405 4811 2541 4882 ejus,
2574 4820 2629 4864 et
2672 4824 2866 4879 ponam
2909 4808 2964 4862 in
3005 4809 3141 4862 mari
3185 4823 3402 4861 manum
3440 4808 3578 4874 ejus,

1999 4913 2051 4958 et
2080 4905 2130 4958 in
2163 4903 2474 4958 ﬂuminibus
2501 4903 2778 4956 dextermn
2811 4898 2946 4968 ejus.
2984 4901 3105 4971 Ipse
3141 4899 3412 4956 invocabit
3442 4913 3530 4952 me
3559 4915 3574 4952 :

1999 4995 2160 5050 Pater
2185 5010 2336 5050 meus
2362 5011 2422 5050 es
2449 5005 2524 5059 tu,
2555 5004 2609 5048 et
2637 5011 2736 5065 ego
2764 4995 3178 5063 primogenitum
3209 5008 3401 5062 ponam
3429 4991 3576 5046 illum

1998 5087 2274 5143 excelsum
2317 5103 2428 5157 pra:
2469 5088 2689 5157 regibus
2740 5097 2920 5141 terrm.
2957 5087 3013 5141 ln
3045 5095 3305 5142 aeternum
3348 5083 3578 5138 servabo

2001 5180 2077 5234 illi
2130 5180 2560 5234 misericordiam
2599 5194 2808 5244 meam,
2859 5187 2915 5234 et
2962 5187 3344 5235 testamentum
3394 5189 3574 5228 meum

2002 5272 2159 5327 lidele
2193 5271 2318 5341 ipsi.
2369 5271 2436 5326 Et
2459 5270 2624 5344 548
2651 5287 2845 5341 ponam
2883 5271 2936 5325 in
2975 5271 3228 5326 saeculum
3269 5266 3447 5323 saeculi
3488 5279 3574 5320 se-
3611 5329 3616 5344 ί

2004 5379 2126 5420 men
2155 5363 2296 5433 ejus,
2324 5373 2379 5419 et
2408 5365 2662 5420 thronum
2695 5365 2811 5432 ejus
2840 5363 2981 5419 sicut
3013 5364 3130 5418 dies
3160 5359 3304 5417 caeli.
3332 5376 3352 5410 ι
3408 5356 3474 5412 Et
3518 5359 3573 5413 in

2005 5451 2143 5508 Isaia
2191 5453 2407 5510 dicente
2427 5454 2471 5486 “
2498 5471 2512 5508 :
2543 5474 2561 5507 ι
2595 5455 2657 5510 Ει
2710 5455 2972 5524 dirigetur
3017 5467 3137 5506 cum
3202 5448 3572 5504 misericordia

2007 5547 2256 5609 thronus,
2295 5556 2347 5600 et
2375 5545 2587 5602 sedebit
2628 5547 2680 5601 in
2712 5561 2776 5601 eo
2807 5557 2929 5599 cum
2964 5540 3192 5596 veritate
3229 5540 3284 5595 in
3316 5537 3572 5595 taberna-

2092 5663 2135 5695 “
2170 5662 2292 5718 lsai.
2336 5679 2443 5731 xvi,
2471 5665 2524 5719 5.

385 5758 494 5823 (8|)
529 5761 599 5811 El
633 5759 729 5812 καὶ
765 5758 1059 5825 δεύτερον,
1092 5767 1198 5814 etc.
1223 5757 1398 5814 Codex
1456 5758 1568 5812 Rne
1593 5759 1646 5823 4,
1691 5759 1873 5813 Daniel

2022 5760 2206 5815 barus.

386 5826 750 5906 (δὲμοκεζό
807 5831 1072 5901 ψαλμός,
1115 5838 1222 5886 etc.
1276 5831 1452 5886 Codex
1504 5829 1885 5896 Batoeeianus,

2020 5832 2238 5900 'tlcrius,
2279 5831 2570 5886 Barbarus.
