3834 6388
325 316 463 373 “19

1729 324 1821 379 EX
1861 324 2161 382 ORICENE

3438 328 3580 387 “20

318 432 442 485 culo
479 434 642 488 David
681 435 936 502 judicans
973 445 1027 491 et
1067 451 1319 507 quaerens
1354 438 1644 508 judicium,
1688 453 1742 498 et
1781 445 1892 499 cito

2002 464 2019 496 ι
2061 446 2171 499 Καὶ
2195 445 2613 517 διορθωθήσεται
2645 447 2761 518 μετ’
2791 448 2972 514 ἐλέους
3000 449 3206 522 θρόνος,
3237 451 3331 506 καὶ
3365 451 3577 506 καθιεῖ-

319 523 553 578 reddens
593 523 874 591 justitiam.
912 545 930 578 ι
978 525 1112 580 Cum
1150 535 1328 582 autem
1368 538 1528 584 aetate
1562 529 1696 584 Isaia
1738 531 1895 601 longe

317 617 594 686 antiquior
628 618 699 672 sit
725 618 891 671 David
922 620 1106 686 homo,
1144 636 1249 677 non
1283 622 1372 677 hic
1406 623 1719 691 praedicitur
1749 625 1895 692 judi-

317 717 565 772 caturus,
613 711 706 763 sed
756 709 1022 777 Christus,
1053 713 1136 766 cui
1166 713 1314 769 dedit
1364 712 1525 768 Pater
1582 734 1602 767 ι
1630 716 1892 786 judicium

319 798 502 855 facere
531 817 654 869 quia
682 801 850 857 Filius
876 805 1110 859 hominis
1148 816 1232 862 est
1253 807 1316 860 ⁸³.
1349 825 1368 860 ›
1417 807 1483 862 Et
1527 808 1578 862 in
1609 809 1895 865 Ezechiele

323 901 509 961 aperte
542 893 794 949 Christus
835 897 1002 950 David
1051 913 1173 954 esse
1214 900 1412 955 dicitur
1457 901 1513 954 in
1541 901 1751 956 visione
1795 917 1892 972 pa-

317 994 523 1038 storum
576 986 669 1054 qui
726 987 1022 1056 culpantur
1080 992 1224 1060 quod
1284 1008 1392 1047 non
1449 1003 1596 1048 recte
1647 995 1894 1047 curarint

315 1090 446 1130 oves
470 1075 532 1131 “.
572 1078 832 1149 Deinceps
881 1081 1160 1138 videamus
1192 1086 1316 1154 quis
1361 1087 1432 1139 sit
1460 1085 1713 1140 Absalom
1749 1084 1894 1140 filius

321 1168 514 1222 David.
545 1171 722 1239 Atque
752 1173 843 1227 alii
873 1175 1095 1245 quidem
1129 1177 1305 1244 ipsum
1344 1178 1739 1233 existimabunt
1773 1191 1893 1230 esse

322 1259 548 1327 figuram
587 1261 738 1317 Juda:
789 1266 1102 1335 proditoris,
1141 1269 1232 1322 alii
1278 1284 1409 1324 vero
1441 1268 1664 1323 diaboli.
1712 1266 1894 1322 Melito

317 1351 593 1407 Asiaticus
636 1357 711 1411 ait
757 1359 931 1426 ipsum
976 1374 1100 1413 esse
1137 1360 1363 1428 figuram
1399 1359 1621 1423 diaboli,
1657 1359 1747 1428 qui
1796 1358 1890 1410 ad-

321 1455 512 1498 versus
537 1443 741 1501 Christi
782 1463 1003 1519 regnum
1037 1448 1340 1516 rebellavit,
1376 1449 1468 1503 sed
1510 1449 1562 1502 id
1592 1447 1764 1503 solum
1805 1448 1882 1501 in-

322 1534 483 1599 dicat,
513 1551 612 1592 nec
647 1537 762 1593 fuse
795 1542 1164 1609 persequitur.

2000 552 2091 588 ται
2111 537 2196 589 ἐπ’
2224 536 2388 590 αὐτοῦ
2424 539 2562 608 μετὰ
2589 539 2848 610 ἀληθείας
2873 542 2931 595 ἐν
2972 545 3142 614 σκηνῇ
3176 543 3337 596 Δαυῖδ
3373 545 3576 615 κρίνων

2001 629 2098 683 καὶ
2130 630 2374 700 ἐκζητῶν
2390 635 2564 704 κρῖμα
2582 635 2676 687 καὶ
2700 635 2942 688 σπεύδων
2955 635 3320 708 δικαιοσύνην.
3351 657 3368 686 ι
3395 639 3576 708 Πρεσ-

2001 721 2224 793 ϐύτερος
2267 723 2324 776 δὲ
2361 723 2541 795 πολλῷ
2596 727 2884 798 γενόμενος
2930 726 3010 797 τῷ
3059 727 3238 798 χρόνῳ
3303 729 3500 798 Ἡσαΐᾳ
3546 730 3575 782 6

2001 807 2161 860 Δαυῒδ
2191 811 2219 862 6
2263 808 2565 881 ἄνθρωπος,
2596 813 2717 882 οὐχὶ
2761 811 3161 884 προφητεύεται
3193 815 3398 885 κρίνειν
3445 814 3575 884 μέλ-

2001 896 2129 961 λων,
2176 897 2290 952 ἀλλ’
2323 901 2352 952 ό
2411 899 2644 972 Χριστὸς
2691 895 2736 969 ᾧ
2791 902 2987 955 ἔδωκεν
3025 908 3054 957 ό
3099 905 3289 976 Πατὴρ
3331 923 3349 956 ι
3394 905 3574 976 κρίσιν

2000 983 2193 1056 ποιεῖν,
2225 991 2307 1044 ὅτι
2340 991 2468 1056 Υἱὸς
2496 991 2782 1065 ἀνθρώπου
2816 995 2951 1048 ἐστί.
2998 1015 3015 1046 ι
3051 997 3162 1050 Καὶ
3192 999 3250 1050 ἐν
3277 997 3356 1068 τῷ
3413 999 3574 1062 Ἰεζε-

1998 1081 2122 1152 κιὴλ
2143 1081 2328 1150 σαφῶς
2355 1084 2383 1135 6
2405 1084 2637 1154 Χριστὸς
2659 1083 2821 1138 Δαυῒδ
2851 1080 2989 1139 εἶναι
3022 1085 3236 1155 λέγεται
3262 1091 3320 1141 ἐν
3345 1091 3410 1160 τῇ
3445 1091 3576 1160 ὁρά-

1999 1188 2081 1223 σει
2110 1174 2176 1242 τῇ
2207 1172 2344 1242 πρὸς
2369 1175 2495 1237 τοὺς
2532 1175 2795 1244 ποιμένας
2833 1176 2924 1242 οὓς
2945 1177 3100 1247 ψέγει
3127 1179 3155 1230 ὁ
3184 1177 3337 1246 λόγος
3369 1179 3460 1231 ἐπὶ
3496 1177 3576 1250 τῷ

2000 1262 2076 1334 μὴ
2105 1263 2281 1328 καλῶς
2297 1264 2707 1338 ᾠκονομηκέναι
2723 1269 2793 1322 τὰ
2818 1269 3082 1341 πρόϐατα.
3121 1269 3275 1340 Ἑξῆς
3298 1271 3354 1324 δὲ
3376 1270 3574 1342 ἴδωμεν

1995 1356 2079 1418 τίς
2107 1357 2134 1408 6
2176 1356 2527 1430 Ἀϐεσσαλὼμ
2553 1363 2581 1413 6
2621 1363 2735 1424 υἱὸς
2759 1363 2852 1416 τοῦ
2883 1365 3063 1418 Δαυῖδ.
3103 1365 3212 1418 Καὶ
3239 1366 3286 1416 οί
3333 1365 3430 1436 μὲν
3457 1367 3575 1438 οἰή-

1997 1463 2180 1502 σονται
2207 1450 2370 1504 αὑτὸν
2401 1447 2538 1506 εἶναι
2572 1455 2755 1509 εἰκόνα
2786 1457 2878 1510 τοῦ
2914 1457 3171 1530 προδότου
3209 1458 3399 1522 Ἰούδα,
3431 1461 3480 1512 οἱ
3517 1458 3575 1512 δὲ

1996 1540 2088 1593 τοῦ
2120 1542 2650 1601 διαϐόλου.Μελίτων
2678 1548 2808 1616 γοῦν
2841 1551 2870 1602 6
2894 1551 2950 1602 ἐν
2985 1553 3051 1620 τῇ
3099 1551 3250 1623 Ἀσία
3283 1552 3446 1623 φησὶν
3473 1552 3574 1604 αὐ-

319 1629 410 1684 τὸν
439 1628 574 1688 εἶναι
615 1635 783 1690 τύπον
817 1637 910 1691 τοῦ
950 1638 1196 1691 διαϐόλου
1228 1639 1631 1701 ἐπαναστάντος
1654 1640 1719 1709 τῇ
1755 1637 1990 1708 Χριστοῦ
2019 1638 2283 1715 βασιλείᾳ,
2326 1644 2418 1698 καὶ
2444 1644 2632 1698 τούτου
2665 1645 2826 1716 μόνου
2863 1646 3119 1718 μνησθεὶς
3143 1647 3243 1699 οὐκ
3270 1646 3574 1718 ἐπεξηργά-

321 1738 450 1776 σατο
478 1725 569 1778 τὸν
597 1727 779 1784 τόπον.

397 1815 560 1874 Vsus.
588 1818 644 1885 2,
674 1819 728 1874 5.
773 1819 1030 1886 Domine,
1075 1821 1203 1893 quid
1257 1820 1592 1891 multiplicati
1631 1830 1751 1876 sunt
1802 1823 1892 1891 qui

2060 1819 2259 1886 Κύριε,
2273 1818 2332 1872 τί
2345 1818 2816 1887 ἑπληθύνθησαν
2829 1822 2882 1874 ol
2897 1821 3204 1889 θλίϐοντές
3213 1839 3289 1892 με
3304 1839 3324 1887 ;
3346 1826 3573 1880 Πολλοὶ

322 1909 574 1962 tribulam
615 1927 712 1976 me,
748 1914 902 1966 multi
945 1915 1222 1984 insurgunt
1264 1914 1554 1968 adversum’
1585 1921 1708 1974 me?
1738 1913 1894 1967 Multi

1993 1911 2422 1965 ἐπανίστανται
2453 1912 2546 1964 ἐπ’
2577 1911 2701 1982 ἐμὲ,
2738 1913 2955 1967 πολλοὶ
2995 1914 3245 1985 λέγουσι
3280 1915 3356 1984 τῇ
3401 1917 3573 1988 ψυχῇ

319 1999 503 2054 dicunt
561 2005 750 2057 anima:
808 2021 936 2060 mea:
980 2025 998 2063 :
1046 2006 1172 2061 Non
1224 2018 1298 2060 est
1340 2005 1484 2060 salus
1540 2006 1640 2072 ipsi
1701 2007 1754 2058 in
1791 2004 1894 2056 Dea

2001 2019 2127 2071 μουο
2185 2005 2306 2058 Οὐκ
2347 2003 2482 2058 ἔστι
2539 2005 2800 2073 σωτηρία
2845 2005 3007 2072 αὐτῷ
3057 2007 3128 2059 ἐν
3175 2005 3255 2072 τῷ
3305 2007 3427 2074 Θεῷ
3468 2012 3572 2062 αὑ-

321 2093 460 2158 ciur,
488 2102 593 2150 etc.
635 2094 911 2161 Quantum
953 2099 1017 2152 ad
1065 2099 1301 2153 litteram
1349 2099 1558 2164 attinet,
1586 2098 1702 2152 haec
1734 2112 1762 2148 a
1786 2095 1892 2149 Da-

323 2188 445 2242 vide
489 2189 748 2244 dicuntur
791 2190 1030 2262 fugiente
1055 2193 1310 2247 Absalom
1342 2195 1431 2270 qui
1467 2194 1728 2248 adversus
1769 2206 1894 2246 eum

323 2279 614 2336 rebellarat
643 2285 726 2338 6"z
771 2285 988 2352 quando
1033 2285 1264 2354 profecti
1315 2295 1438 2340 sunt
1483 2301 1608 2340 cum
1639 2285 1894 2340 Absalom

322 2371 539 2426 ducenti
577 2390 640 2428 ex
666 2372 966 2430 Jerusalem
993 2377 1197 2442 vocati,
1232 2385 1425 2433 euntes
1467 2375 1520 2431 in
1551 2375 1897 2444 simplicitate

320 2476 444 2526 sua,
473 2463 564 2532 qui
607 2464 741 2518 nihil
774 2479 960 2519 eorum
997 2481 1118 2535 qua:
1144 2466 1380 2531 ﬁebant,
1423 2467 1810 2536 agnoscebant,
1843 2474 1898 2519 et

325 2562 501 2607 tamen
529 2569 718 2611 omnes
757 2556 1066 2628 afﬂigebat".
1105 2559 1383 2616 Davidem.
1423 2560 1592 2630 Magis
1621 2568 1802 2613 autem
1829 2575 1897 2612 ex

323 2661 562 2730 persona
596 2650 816 2704 Davidis
854 2653 968 2706 hmc
1008 2653 1280 2706 enuntiari
1323 2654 1658 2722 accepimus,
1703 2661 1761 2706 ut
1799 2652 1895 2705 ad-

325 2740 634 2796 notavimus
683 2743 735 2795 in
780 2743 943 2812 hujus
986 2743 1179 2811 psalmi
1223 2745 1457 2800 titulum.
1498 2744 1566 2798 Et
1599 2745 1896 2798 secundum

326 2832 609 2887 historiam
660 2837 878 2904 quidem
934 2835 1248 2908 afﬂigebant
1279 2838 1564 2902 Davidem,
1609 2835 1699 2905 qui
1751 2833 1898 2888 aucti

326 2937 550 2980 numero
581 2925 893 2997 frequentes
931 2930 1286 2986 adhaerebant
1315 2927 1629 2985 Absalomo.
1664 2930 1764 2998 Qui
1800 2945 1898 2982 au-

327 3026 435 3071 tem
472 3019 826 3088 insurgebant
865 3023 1156 3077 adversum
1196 3039 1344 3087 eum,
1389 3031 1546 3076 erant
1571 3021 1896 3090 Achitophel

331 3119 386 3164 et
409 3110 586 3167 Semei
615 3122 670 3168 et
697 3113 933 3180 Thecon,
973 3115 1099 3170 etsi
1135 3117 1259 3185 quis
1296 3116 1436 3170 alius
1475 3131 1541 3171 ex
1574 3116 1896 3185 potentiori-

329 3204 448 3258 hns.
483 3204 678 3274 Atqui
728 3222 835 3262 non
861 3223 979 3264 esse
1030 3209 1104 3263 illi
1156 3209 1390 3264 salutem
1444 3209 1498 3262 iu
1543 3200 1654 3262 Deo
1689 3207 1895 3270 dicunt,

329 3296 418 3350 alii
451 3309 647 3367 praeter
695 3299 1016 3355 tribulantes
1055 3310 1111 3356 et
1147 3302 1518 3370 insurgentes,
1560 3308 1614 3353 et
1638 3298 1896 3354 Absalom

332 3390 551 3444 minime
589 3401 826 3457 secutos,
873 3407 993 3448 esse
1043 3403 1268 3463 possunt
1303 3394 1418 3463 qui,
1460 3408 1582 3448 cum
1616 3391 1785 3446 David
1818 3391 1898 3444 vi-

329 3490 474 3535 ctum
500 3483 820 3547 sensissent.
848 3486 962 3541 haec
990 3486 1267 3542 dicebant.
1298 3486 1499 3542 Verum
1527 3485 1618 3556 qui
1645 3485 1897 3540 Salvato-

331 3591 444 3630 rem
495 3576 822 3632 tribularunt
879 3579 1176 3634 secundum
1228 3593 1484 3644 carnem,
1529 3577 1702 3633 Judaei
1753 3581 1902 3632 l'uere

327 3669 418 3736 qui
468 3667 818 3724 clamarnnt:
866 3671 1096 3739 «Tolle,
1157 3670 1284 3725 tolle
1335 3670 1480 3725 lntnc
1529 3684 1559 3724 e
1595 3679 1742 3724 terra
1767 3670 1832 3725 “.
1876 3690 1894 3725 ι

329 3759 745 3814 Insurrexerunt
789 3777 918 3816 vero
978 3763 1032 3816 in
1083 3764 1258 3831 ipsum
1313 3761 1484 3817 Judas
1539 3762 1786 3832 proditor
1845 3773 1901 3818 et

328 3850 587 3920 Caiphas.
627 3851 731 3917 Qui
776 3862 954 3907 autem
999 3852 1188 3908 dicunt
1232 3854 1427 3910 animae
1467 3853 1584 3922 ejus
1627 3868 1732 3908 non
1777 3869 1900 3910 esse

327 3942 582 4008 salutem,
615 3943 692 3997 illi
721 3955 844 4000 sunt
871 3945 961 4013 qui
992 3955 1237 4015 tempore
1260 3947 1532 4016 passionis
1567 3960 1900 4016 praetereun-

331 4045 414 4090 tes
449 4035 738 4090 dicebant:
771 4056 788 4088 ι
817 4037 1122 4092 Descendat
1164 4038 1231 4092 dc
1272 4053 1457 4106 cruce,
1506 4049 1561 4092 et
1615 4038 1902 4094 credamus

330 4128 402 4182 ei.
437 4145 456 4178 ι
527 4127 792 4182 Praeterea
850 4128 1248 4196 insurgentium
1302 4140 1358 4185 et
1415 4130 1813 4196 tribulantium,
1847 4140 1903 4183 et

331 4219 562 4276 salutem
595 4219 668 4274 illi
709 4221 762 4275 in
795 4221 904 4276 Deo
939 4237 1060 4276 esse
1097 4221 1415 4290 negantium
1457 4221 1770 4277 discrimina
1823 4220 1902 4275 al-

331 4312 438 4368 tius
477 4313 787 4384 perspicere
836 4313 966 4368 licet
993 4313 1095 4368 hoc
1128 4313 1285 4368 modo
1325 4333 1338 4368 :
1378 4328 1566 4368 omnes
1617 4315 1896 4384 przesides,

328 4413 384 4459 et
427 4419 739 4460 sermonum
786 4405 877 4476 qui
929 4421 958 4460 a
996 4407 1232 4462 decretis
1287 4405 1492 4460 Christi
1540 4406 1700 4459 alieni
1749 4415 1895 4471 sunt,

1993 2097 2121 2162 τοῦ,
2144 2114 2197 2154 κ.
2236 2116 2288 2154 τ.
2327 2099 2373 2152 ἐ.
2424 2099 2586 2152 Ὅσον
2616 2099 2708 2152 ἐπὶ
2738 2101 2804 2170 τῇ
2838 2097 2979 2166 λέξει
3018 2099 3127 2170 (85)
3151 2100 3322 2154 ταῦτα
3355 2101 3568 2171 λέγεται

1997 2189 2100 2242 ὑπὸ
2116 2188 2208 2243 τοῦ
2225 2189 2387 2244 Δαυῒδ
2401 2189 2884 2262 ἀποδιδράσκοντος
2901 2192 2990 2246 τὸν
3007 2193 3316 2247 Ἀϐεσσαλὼ
3323 2213 3361 2266 μ
3380 2198 3570 2250 ἐπανα-

1999 2280 2199 2334 στάντα
2226 2279 2393 2350 αὑτῷ’
2420 2282 2508 2333 ὅτε
2534 2281 2906 2354 ἐπορεύθησαν
2937 2282 3076 2354 μετὰ
3102 2283 3194 2336 τοῦ
3223 2284 3570 2357 Ἀϐεσσαλὼμ

1995 2370 2254 2424 διακόσιοι
2281 2372 2470 2442 ἄνδρες
2493 2372 2551 2440 ἐξ
2596 2373 2949 2445 Ἰερουσαλὴμ
2975 2373 3185 2445 κλητοὶ,
3218 2377 3570 2447 πορευόμενοι

1998 2467 2062 2535 τῇ
2103 2464 2363 2535 ἁπλότητι
2419 2466 2614 2530 αὐτῶν,
2669 2466 2717 2518 οἳ
2765 2467 2864 2520 οὐκ
2908 2466 3152 2534 ἔγνωσαν
3187 2469 3294 2521 πᾶν
3327 2469 3496 2539 ρῆμα,
3523 2469 3570 2522 οἳ

1999 2553 2196 2616 πάντες
2229 2553 2437 2608 ἔθλιϐον
2483 2556 2572 2608 τὸν
2618 2556 2798 2610 Δαυῖδ.
2855 2557 3070 2612 Μᾶλλον
3099 2558 3155 2611 δὲ
3185 2561 3249 2612 ἐκ
3277 2560 3568 2631 προσώπου

1997 2645 2090 2698 τοῦ
2125 2645 2286 2699 Δαυῖδ
2328 2647 2762 2716 ἀπαγγέλλεσθαι
2793 2648 2932 2702 αὐτὰ
2981 2649 3337 2720 ἐκδεξάμεθα,
3367 2651 3442 2714 ὡς
3483 2652 3573 2706 καὶ

2000 2739 2056 2790 ἐν
2089 2740 2200 2800 τοῖς
2231 2739 2312 2802 είς
2338 2738 2436 2810 τὴν
2469 2740 2776 2811 ἐπιγραφὴν
2811 2743 3258 2814 παρεστήσαμεν.
3307 2744 3416 2796 Καὶ
3452 2745 3574 2798 ὅσον

2004 2831 2102 2900 μὲν
2131 2832 2221 2884 ἐπὶ
2256 2835 2320 2904 τῇ
2368 2833 2577 2906 ἱστορία
2623 2834 2831 2888 ἕθλιϐον
2864 2835 2963 2906 μὲν
2996 2836 3086 2889 τὸν
3115 2836 3279 2890 Δαυῒδ
3309 2837 3573 2909 πληθυνό-

2004 2927 2223 2994 μενοιοὶ
2259 2926 2671 2998 προστιθέμενοι
2699 2926 2882 2980 πολλοὶ
2911 2927 2988 2998 τῷ
3027 2927 3394 2998 Ἀϐεσσαλώμ-
3424 2930 3473 2981 oi
3513 2930 3570 2981 δὲ

2001 3015 2348 3087 ἐπιστάμενοι
2371 3016 2519 3088 αὐτῷ
2547 3018 2846 3089 Ἀχιτόφελ,
2871 3021 2965 3073 καὶ
2997 3020 3062 3074 Σε
3073 3022 3207 3092 μεεὶ,
3241 3022 3330 3073 καὶ
3357 3019 3564 3083 Θεκὼν,

2003 3109 2096 3161 καὶ
2146 3109 2198 3162 εί
2232 3126 2316 3172 τις
2347 3109 2533 3181 ἔτερος
2560 3109 2666 3164 τῶν
2701 3111 2910 3182 μεγάλα
2943 3111 3275 3183 δυναμένων.
3304 3114 3364 3166 Οἱ
3391 3111 3449 3164 δέ
3485 3110 3574 3164 λέ-

2002 3216 2188 3268 γοντες
2213 3201 2285 3273 μὴ
2313 3197 2451 3256 εἶναι
2485 3202 2752 3276 σωτηρίαν
2785 3204 2932 3274 αὐτῷ
2957 3205 3012 3257 ἐν
3042 3205 3120 3276 τῷ
3158 3203 3296 3276 Θεῷ,
3325 3204 3575 3258 δύνανται

2001 3295 2175 3366 ἕτεροι
2208 3295 2316 3347 τῶν
2347 3293 2634 3349 θλιϐόντων
2679 3297 2773 3349 καὶ
2822 3295 3267 3367 ἐπανισταμένων
3298 3291 3460 3358 εἶναι,
3487 3297 3578 3348 καὶ¹

2004 3385 2266 3457 μηδαμῶς
2297 3385 2772 3458 ἀκολουθησάντων
2802 3386 2877 3458 τῷ
2917 3385 3290 3458 Ἀϐεσσαλὼμ,
3331 3387 3577 3454 ἀπεγνω-

2001 3477 2155 3540 κότες
2185 3478 2275 3531 τὸν
2314 3477 2476 3531 Δαυῒδ
2519 3477 2595 3542 ὡς
2643 3478 3028 3551 νενικημένον,
3060 3478 3232 3532 ταῦτα
3276 3478 3574 3550 εἰρηκέναι.

2002 3572 2062 3622 Οἱ
2092 3570 2149 3623 δὲ
2183 3569 2274 3623 τὸν
2307 3571 2536 3643 Σωτῆρα
2565 3571 2842 3636 θλίϐοντες
2873 3574 3140 3644 σαρκίνως
3169 3574 3216 3624 οἱ
3254 3573 3503 3625 ιἸουδαῑοι
3531 3573 3579 3624 οἱ

2000 3663 2350 3734 κεκραγότεςο
2395 3683 2413 3715 ι
2446 3659 2601 3734 Αἶρε,
2625 3660 2746 3736 αἶρε
2763 3665 2852 3718 τὸν
2877 3664 3116 3718 τοιοῦτον
3136 3664 3244 3718 ἀπὸ
3269 3665 3368 3736 τῆς
3395 3666 3522 3735 γῆς.
3557 3684 3574 3715 ι

2014 3753 2417 3824 Ἐπανέστησαν
2450 3754 2504 3808 δὲ
2536 3754 2685 3826 αὐτῷ
2719 3755 2918 3818 Ἰούδας
2941 3757 2969 3807 6
2998 3754 3262 3826 προδότης
3286 3756 3381 3808 καὶ
3409 3756 3580 3808 Καῖάο

2003 3858 2125 3910 φας.
2147 3844 2208 3895 υί
2221 3841 2276 3894 δὲ
2287 3842 2535 3911 λέγοντες
2551 3845 2616 3914 τῇ
2633 3843 2779 3916 ψυχῇ
2793 3843 2957 3899 αὐτοῦ
2981 3844 3053 3915 μὴ
3067 3839 3203 3898 εἶναι
3223 3845 3514 3917 σωτηρίαν,
3530 3847 3578 3898 oi

2003 3934 2504 4005 παραπορευόμενοι
2531 3931 2671 4006 ἦσαν
2702 3938 2758 3990 ἐν
2780 3936 2859 4006 τῷ
2893 3936 3068 4009 καιρῷ
3102 3936 3194 3990 τοῦ
3228 3937 3456 4000 πάθους,
3495 3937 3580 3990 λέ-

2000 4041 2185 4093 γοντες
2198 4027 2279 4089 τὸ,
2316 4046 2335 4077 ι
2371 4028 2679 4081 Καταϐάτω
2696 4029 2806 4081 ἀπὸ
2831 4028 2924 4082 τοῦ
2945 4029 3200 4099 σταυροῦ,
3231 4031 3329 4083 καὶ
3359 4029 3580 4083 πιστεύ-

2002 4136 2182 4190 σωμεν
2211 4119 2377 4191 αὐτῷ.
2419 4140 2438 4172 ι
2485 4120 2840 4193 ’Υψηλότερον
2874 4121 2931 4174 δὲ
2977 4123 3166 4192 νοῆσαι
3196 4121 3340 4175 ἔστιν
3373 4121 3583 4192 ἀνθρώ-

2000 4229 2118 4265 πων
2156 4212 2437 4284 διαφοράς,
2490 4212 2781 4266 θλιϐόντων
2827 4214 2922 4266 καὶ
2971 4215 3438 4284 ἐπανισταμένων,
3484 4213 3581 4266 καὶ

1999 4310 2481 4378 ἀπογινωσκόντων
2539 4311 2596 4363 ἐν
2648 4308 2795 4380 αὑτῷ
2825 4305 2968 4363 εἷναι
3034 4309 3330 4381 σωτηρίαν,
3382 4308 3576 4372 οὓτως·

2001 4403 2198 4466 πάντες
2232 4404 2334 4475 μὲν
2371 4406 2420 4458 οἱ
2455 4406 2757 4478 προστάται
2790 4407 2884 4461 καὶ
2922 4405 3231 4459 διδάσκαλοι
3260 4404 3436 4472 λόγων
3464 4403 3582 4456 ἐτέ-

333 4498 619 4563 doctores,
661 4506 850 4551 contra
902 4499 1076 4567 ipsum
1130 4498 1438 4568 insurgunt.
1487 4497 1590 4565 Qui
1623 4513 1753 4552 vero
1796 4499 1896 4551 illis

2009 4508 2116 4564 ρων
2160 4491 2310 4566 παρὰ
2343 4493 2409 4547 τὰ
2433 4494 2526 4548 τοῦ
2560 4495 2795 4567 Χριστοῦ
2826 4495 3071 4566 δόγματα
3099 4489 3206 4546 εἷεν
3237 4494 3302 4548 ἂν
3321 4494 3583 4546 cii-1r:th-

330 4589 606 4645 ειάιιαιτθηι
637 4599 692 4644 et
731 4605 919 4644 eorum
960 4591 1262 4646 doctrinam
1306 4599 1635 4660 sequuntur,
1681 4591 1732 4644 hi
1776 4601 1902 4643 sunt

329 4679 421 4748 qui
460 4695 584 4734 eum
634 4680 915 4735 tribulam.
963 4681 1192 4736 Demum
1243 4682 1335 4751 qui
1397 4695 1574 4751 neque
1628 4682 1902 4736 contraria

334 4769 498 4843 549
527 4771 809 4836 docentes,
859 4787 1032 4842 neque
1074 4770 1227 4828 falsis
1275 4771 1490 4839 imbuti,
1525 4773 1758 4826 credunt
1807 4772 1905 4824 do»

332 4863 520 4917 ctrina:
571 4861 772 4918 Christi
823 4865 1020 4916 nullam
1068 4866 1249 4921 inesse
1289 4863 1656 4930 divinitatem,
1712 4864 1902 4919 dicunt

331 4954 524 5008 animze
551 4955 668 5024 ejus
699 4954 900 5008 nullam
947 4971 1068 5011 esse
1118 4957 1220 5027 ipsi
1267 4956 1321 5011 in
1351 4957 1464 5012 Deo
1503 4955 1772 5022 salutem;
1815 4957 1902 5010 vel

331 5045 436 5117 ipsi
471 5047 766 5101 secundum
811 5047 1097 5102 historiam
1149 5062 1272 5116 quae
1319 5047 1566 5118 prodigia
1605 5056 1792 5100 narrat
1837 5050 1902 5100 de

333 5141 567 5196 adventu
603 5140 761 5208 ejus;
797 5141 884 5198 vel
923 5143 978 5196 in
1023 5157 1280 5198 sermone
1321 5143 1586 5198 doctrina:
1624 5139 1741 5209 ejus
1792 5156 1898 5194 non

329 5249 451 5290 esse
482 5248 604 5288 eam
639 5250 803 5304 quam
833 5234 1117 5305 pollicetur
1151 5235 1403 5290 salutem.
1441 5234 1640 5289 Verum
1688 5243 1745 5289 et
1794 5232 1902 5286 alio

331 5327 494 5382 modo
525 5326 845 5381 trihulantes
889 5340 1012 5380 esse
1049 5333 1278 5392 possunt
1321 5338 1513 5379 omnes
1559 5333 1896 5392 peccatores.

330 5420 466 5474 Nam
497 5419 954 5491 quemadmodum
1004 5417 1288 5486 improbus
1336 5415 1500 5482 ﬁlius,
1545 5416 1646 5470 etsi
1697 5430 1898 5484 propo-

334 5514 494 5568 situm
522 5527 628 5567 non
656 5511 856 5567 habeat
879 5509 1125 5566 molestia
1154 5518 1370 5578 patrem
1406 5507 1693 5571 alliciendi,
1723 5507 1895 5576 ipsum

2009 4583 2263 4654 στάμενοι
2307 4586 2473 4658 αὐτῷ·
2508 4589 2557 4639 οἱ
2591 4587 2647 4640 δὲ
2681 4586 3126 4650 συνευδοκοῦντες
3153 4589 3246 4640 καὶ
3283 4585 3584 4656 μαθητευό-

2007 4693 2154 4747 μενοι
2179 4679 2245 4748 τῇ
2270 4678 2472 4730 τούτων
2502 4679 2818 4750 διδασκαλίᾳ
2841 4681 2890 4730 οί
2922 4677 3190 4741 θλίϐοντες
3226 4677 3406 4730 αὐτόν.
3444 4678 3505 4728 υἱ
3527 4675 3586 4729 δὲ

2003 4768 2381 4834 ἀπιστοῦντες,
2409 4772 2528 4842 οὐχὶ
2559 4769 2697 4842 μετὰ
2719 4771 2813 4825 τοῦ
2847 4771 3116 4825 διδάσκειν
3145 4769 3214 4823 τὰ
3238 4769 3476 4830 ἐναντία,
3498 4769 3586 4820 οὐ·

2004 4861 2060 4914 δὲ
2118 4861 2256 4932 μετὰ
2303 4861 2398 4916 τοῦ
2426 4867 2536 4926 τοῖς
2573 4863 2822 4933 ψεύδεσιν
2852 4863 3271 4934 μαθητεύεσθαι,
3310 4863 3439 4935 περὶ
3485 4861 3583 4914 τοῦ

2004 4951 2141 5009 εἶναι
2172 4955 2271 5026 τὴν
2296 4955 2524 5028 θεότητα
2556 4959 2613 5011 ἐν
2646 4959 2712 5028 τῇ
2738 4956 3058 5028 διδασκαλία
3083 4955 3174 5009 τοῦ
3202 4953 3461 5027 Χριστοῦ,
3496 4954 3586 5006 λέ-

2002 5051 2167 5118 γοιντ’
2202 5049 2268 5104 ἂν
2296 5044 2439 5104 οὗτοι
2474 5049 2701 5120 φάσκειν
2728 5053 2792 5121 τῇ
2827 5050 2970 5121 ψυχῇ
3003 5048 3164 5102 αὑτοῦ
3209 5048 3284 5120 μὴ
3312 5043 3448 5100 εἶναι
3481 5064 3586 5099 σω-

2002 5139 2196 5209 τηρίαν
2238 5139 2386 5210 αὐτῷ
2417 5140 2476 5194 ἐν
2514 5139 2591 5210 τῷ
2625 5139 2764 5210 Θεῷ,
2813 5140 2931 5210 ἤτοι
2965 5138 3114 5210 αὐτῷ
3147 5139 3284 5193 κατὰ
3313 5139 3411 5208 τὴν
3441 5140 3586 5190 ἱστο-

2009 5229 2124 5301 ρίαν
2156 5229 2252 5301 τὴν
2283 5229 2353 5284 τὰ
2388 5233 2646 5304 τεράστια
2677 5231 3125 5300 ἀπαγγέλλουσαν
3165 5231 3293 5301 περὶ
3325 5229 3424 5300 τῆς
3457 5230 3582 5282 ἐπι-

2007 5321 2204 5392 δημίας
2231 5321 2418 5386 αὑτοῦ,
2449 5323 2482 5393 ἢ
2531 5325 2588 5375 ἐν
2619 5322 2696 5393 τῷ
2730 5323 2872 5392 λόγῳ
2898 5322 3000 5393 τῆς
3031 5320 3374 5383 διδασκαλίας
3413 5318 3582 5373 αὐτοῦ

2014 5411 2088 5484 μὴ
2111 5407 2250 5466 εἶναι
2280 5414 2413 5468 καθὸ
2443 5415 2833 5484 ἐπαγγέλλεται
2863 5415 3154 5486 σωτηρίαν.
3176 5413 3434 5467 Δύνανται
3461 5412 3583 5482 μένω

2007 5522 2156 5574 τοιγε
2189 5508 2301 5571 καὶ,
2327 5509 2529 5579 ἐτέρως
2563 5508 2831 5572 θλίϐοντες
2861 5503 2995 5563 εἶναι
3024 5508 3222 5572 πάντες
3247 5509 3294 5561 oi
3331 5505 3582 5578 ἁμαρτά-

401 5627 446 5659 “
473 5627 630 5683 Joan.
663 5644 714 5694 ν,
740 5626 832 5683 27.
909 5627 1172 5685 “Jercm.
1199 5644 1357 5694 χχιιι,
1379 5628 1434 5682 4.
1513 5628 1556 5660 ⁸⁵
1584 5628 1624 5682 ll
1654 5628 1788 5700 Reg.
1816 5641 1886 5683 xv

2001 5665 2028 5680 η.
2105 5628 2327 5684 “Joan.
2360 5646 2470 5697 χιχ,
2508 5629 2593 5685 15.

403 5790 513 5860 (83)
548 5790 728 5846 Ὅσον
767 5791 866 5845 ἐπὶ
899 5791 970 5862 τῇ
997 5793 1182 5860 λέξει,
1213 5805 1315 5852 etc.
1347 5795 1479 5851 Cod.
1511 5793 1744 5865 Anglic.,
1770 5791 1881 5850 Ποῦ

2001 5791 2369 5860 Coislinianus,
2399 5790 2691 5848 Barbarus.
