3870 6540
243 307 377 364 “2|

1273 305 1584 362 SELECTA
1616 307 1682 361 IN
1715 309 2052 369 PSALMOS.
2081 345 2148 354 —
2185 311 2381 369 PSAL.
2426 311 2513 367 111.

3371 327 3508 382 “'22

231 441 440 486 νοντες.
483 422 593 476 Καὶ
640 419 830 494 ὥσπερ
862 437 925 489 γε
958 422 1020 476 οὐ
1064 421 1208 475 κατὰ
1250 423 1504 496 πρόθεσιν
1539 425 1632 478 τοῦ
1661 443 1819 480 κακο-

1931 439 2107 484 tamen
2140 430 2351 501 amigit,
2383 431 2484 486 hoc
2524 432 2668 488 enim
2707 447 2774 488 ex
2821 437 2992 504 patris
3028 438 3080 493 in
3114 439 3285 496 lilium
3318 459 3508 504 amore

234 519 412 569 ποιεῖν
433 514 522 568 τὸν
557 513 769 584 πατέρα
803 511 976 567 θλίϐει
1004 514 1277 587 μοχθηρὸς
1315 515 1429 580 υἱὸς
1456 516 1547 569 τὸν
1569 534 1830 589 γεγεννη-

231 611 390 673 κότα,
439 607 576 661 ἀλλὰ
625 607 713 661 διὰ
766 607 862 680 τὴν
907 609 1119 662 ἐκείνου
1175 609 1410 681 στοργὴν
1447 610 1733 664 ἀκολουθεῖ
1768 612 1830 665 τὸ

231 701 451 764 πάντως
498 699 775 754 θλίϐεσθαι
824 700 987 755 αὑτὸν
1031 701 1124 754 ἐπὶ
1166 705 1279 766 τοῖς
1318 703 1679 776 ἁμαρτήμασι
1732 704 1828 758 τοῦ

233 794 376 847 υἱοῦ·
424 795 512 847 τὸν
559 793 721 847 αὑτὸν
759 793 823 866 δὴ
857 793 1056 864 τρόπον
1090 797 1184 848 καὶ
1233 796 1266 866 ή
1302 795 1425 859 ἑνὸς
1459 798 1692 852 ἑκάστου
1721 797 1827 852 τῶν

232 887 657 960 ἁμαρτανόντων
692 888 858 941 κακία
885 887 1055 942 θλίϐει
1086 889 1176 942 τὸν
1204 890 1334 943 Υίὸν
1360 889 1453 942 τοῦ
1489 890 1644 945 Θεοῦ.
1679 894 1828 962 Ὅσῳ

226 980 290 1032 δέ
321 997 404 1042 τις
430 981 488 1031 ὲν
514 979 756 1033 πλείοσιν
793 978 1015 1048 ἀγαθοῖς
1062 979 1246 1052 ἔργοις
1274 981 1488 1050 γίνεται
1519 985 1616 1037 καὶ
1645 985 1825 1053 ὑγιέσι

228 1074 522 1145 δόγμασιν,
555 1075 630 1137 ὡς
660 1073 858 1146 μείζων
894 1075 996 1128 ὑπὸ
1027 1077 1288 1129 πλειόνων
1323 1075 1586 1143 θλίϐεται,
1620 1079 1826 1132 πολλῶν

228 1168 685 1239 ἐπανισταμένων
719 1169 890 1240 αὐτῷ,
926 1169 1053 1222 ὥστ’
1077 1169 1142 1223 ἂν
1178 1170 1404 1236 πολλοὺς
1439 1172 1603 1225 πάλιν
1631 1173 1822 1234 εἰπεῖν,

233 1277 255 1309 ι
296 1261 407 1311 Οὐκ
440 1257 552 1311 ἐστι
583 1260 828 1328 σωτηρία
863 1260 1010 1330 αὐτῷ
1041 1260 1098 1313 ὲν
1132 1259 1210 1330 τῷ
1241 1259 1381 1330 Θεῷ,
1427 1280 1445 1312 ι
1488 1260 1823 1329 ἀπογνόντας

222 1351 304 1404 τὰ
333 1351 452 1404 κατ’
468 1351 649 1416 αὑτὸν,
668 1351 716 1403 εί
747 1351 853 1404 ὑπὸ
884 1351 1107 1422 μηδενὸς
1132 1352 1240 1406 τῶν
1265 1353 1522 1406 τοιούτων
1543 1356 1621 1417 εἰς
1651 1371 1826 1422 σωτη-

225 1441 360 1510 ρίαν
393 1441 740 1513 βλαϐήσεται.
792 1443 1009 1515 Ἀκρίησι
1045 1444 1100 1497 δὲ
1140 1446 1168 1497 6
1199 1443 1331 1508 Θεὸς
1365 1445 1592 1508 πολλοὺς
1625 1444 1823 1497 θλίϐειν

221 1532 324 1586 τὸν
349 1534 573 1597 δίκαιον,
600 1536 775 1600 διδοὺς
806 1536 956 1607 αὐτῷ
996 1535 1250 1608 ἀφορμὴν
1282 1536 1481 1609 βάρους
1503 1537 1667 1608 δόξης
1717 1537 1826 1589 ἀπὸ

223 1625 342 1678 τῶν
362 1627 811 1699 ὑπερϐαλλουσῶν
831 1628 1063 1698 θλίψεων
1090 1631 1483 1702 ὑφισταμένης.
1503 1631 1610 1683 Καὶ
1641 1627 1824 1681 εἴποτε

220 1718 256 1768 ὁ
289 1718 491 1784 δίκαιος
507 1721 800 1792 ἐπαπορῶν
820 1721 968 1788 λέγοι
991 1721 1069 1793 τῷ
1097 1722 1234 1792 Θεῷ·
1262 1742 1280 1773 ι
1322 1723 1384 1775 Τί
1411 1721 1823 1792 ἐπληθύνθησαν

1932 521 2201 590 sequitur,
2237 532 2294 576 ιιι
2320 523 2435 591 ipse
2464 525 2704 590 peccatis
2735 527 2828 582 lilii
2863 529 3190 600 oifendatttr,
3225 535 3296 590 ita
3333 549 3388 592 et
3412 557 3506 595 ne-

1930 616 2102 683 quitia
2161 615 2588 686 uniuscujusque
2642 633 2984 690 peccatorum
3040 628 3263 684 tribnlat
3306 632 3503 687 Filium

1929 707 2044 763 Dei.
2071 709 2144 763 At
2167 722 2377 779 quanto
2410 714 2533 782 quis
2557 714 2643 783 plu
2657 716 2806 771 ribus
2832 717 3088 785 operibus
3111 721 3270 777 bonis
3293 724 3506 779 deditus

1929 808 2032 868 est,
2069 809 2123 854 et
2146 802 2299 856 sanis
2325 803 2688 872 dogmatibus,
2724 816 2782 861 ut
2814 812 3162 875 praestantior
3189 829 3219 868 a
3261 815 3504 884 pluribus

1931 893 2240 959 tribulatnr,
2290 895 2477 950 multis
2529 896 2941 968 insurgentibus
2991 903 3045 956 in
3101 919 3262 971 eum,
3318 909 3392 962 ita
3448 919 3506 964 ut

1929 984 2080 1037 multi
2119 999 2311 1040 rursus
2333 985 2518 1040 dicant
2544 979 2562 1040 :‘
2596 1005 2614 1039 ι
2655 971 2774 1043 Non
2815 999 2902 1045 est
2925 992 3071 1048 salus
3103 995 3201 1065 ipsi
3231 997 3283 1051 in
3317 998 3446 1066 Deo,
3475 1021 3494 1052 ι

1928 1074 2282 1143 desperantes
2313 1077 2379 1132 de
2419 1077 2580 1134 rebus
2608 1080 2797 1148 ipsius,
2836 1083 2879 1136 si
2913 1099 2942 1138 a
2971 1085 3119 1140 nullo
3151 1087 3414 1156 ejusmodi
3449 1094 3502 1147 in

1926 1165 2102 1220 salute
2127 1170 2506 1236 consequenda
2546 1171 2799 1226 ltetlatttr.
2833 1172 3108 1229 Permittit
3139 1193 3320 1233 autem
3365 1184 3503 1238 Deus

1921 1255 2128 1324 justum
2162 1271 2190 1310 a
2219 1258 2463 1326 pluribus
2494 1259 2680 1332 allligi,
2713 1273 2773 1317 ut
2801 1264 2849 1317 ei
2875 1267 3130 1333 ponderis
3156 1269 3344 1340 gloria:
3384 1272 3503 1342 quae

1927 1351 2338 1409 tribulationum
2375 1356 2744 1424 magnitudine
2764 1370 3131 1430 comparatur,
3156 1367 3502 1422 occasionem

1927 1444 2186 1512 praebeat.
2221 1445 2374 1512 Quod
2407 1448 2451 1501 si
2479 1447 2660 1516 justus
2698 1451 2971 1506 interdum
3006 1469 3205 1523 anceps
3247 1470 3309 1510 ac
3343 1459 3504 1512 haesi-

1928 1546 2052 1592 tans
2095 1539 2241 1594 dicat
2273 1541 2406 1607 Deo,
2448 1558 2468 1593 ι
2498 1543 2639 1608 Quid
2669 1544 3012 1615 multiplicati
3055 1559 3183 1602 sunt
3213 1551 3302 1618 qui
3333 1551 3504 1606 tribu-

1925 1631 2037 1686 lant
2082 1633 2215 1687 me?
2261 1635 2439 1688 adhuc
2483 1650 2551 1690 eo
2602 1636 2858 1706 loquente
2903 1640 3073 1695 dicit:
3105 1642 3242 1696 Ecce
3288 1645 3499 1712 adsum,

1929 1730 1987 1776 ut
2019 1735 2400 1780 momentanea
2435 1725 2718 1782 tribulatio
2743 1730 3064 1786 immensum
3090 1733 3274 1800 gloriae
3297 1737 3502 1802 pondus

220 1809 281 1860 οἱ
329 1809 599 1875 θλίϐοντές
652 1829 749 1883 με;
811 1813 890 1866 ἔτι
945 1812 1109 1866 αὐτοῦ
1153 1813 1442 1878 λαλοῦντος
1496 1815 1632 1886 ὲρεῖο
1683 1812 1812 1866 Ἰδοὺ

1924 1814 2013 1868 tibi
2047 1827 2344 1886 comparet.
2387 1839 2406 1873 ι
2433 1821 2775 1890 Quapropter
2831 1839 2850 1874 ι
2898 1823 3080 1878 multa:
3114 1837 3242 1881 sunt
3277 1827 3498 1882 tribula-

221 1903 484 1974 πάρειμι,
504 1905 590 1957 ἵνα
624 1905 788 1977 βάρος
803 1907 959 1977 δόξης
989 1907 1290 1978 ἐργάσηταί
1313 1924 1394 1959 σοι
1413 1891 1474 1959 τὸ
1501 1906 1816 1977 παραυτίκα

219 1991 466 2063 ἐλαφρὸν
487 1994 584 2064 τῆς
615 1994 845 2064 θλίψεως
867 1996 985 2049 καθ’
1017 1997 1376 2068 ὑπερϐολήνοι
1414 1997 1495 2050 διὸ
1526 1998 1619 2050 καὶ
1646 2015 1662 2046 ι
1695 1995 1817 2049 πολ-

1926 1907 2104 1962 tiones
2138 1909 2498 1979 justorum".
2537 1932 2555 1964 ι
2609 1913 2667 1968 Si
2711 1913 2859 1970 salus
2905 1926 3011 1980 est,
3061 1933 3168 1972 non
3220 1929 3403 1974 autem
3447 1922 3500 1975 in

1924 1997 2054 2062 Deo,
2084 2003 2282 2057 merito
2309 2005 2529 2059 additur
2551 2005 2707 2073 illud,
2739 2025 2758 2058 ι
2794 2008 2846 2060 in
2876 2007 3008 2063 Deo.
3052 2028 3071 2060 ι

220 2083 318 2136 λαὶ
353 2086 410 2139 αἱ
444 2085 651 2156 θλίψεις
680 2087 789 2140 τῶν
821 2087 1062 2143 δικαίων.
1098 2108 1118 2141 ι
1158 2090 1222 2141 Εἰ
1258 2088 1374 2142 ἔστι
1423 2089 1668 2160 σωτηρία
1703 2089 1821 2160 μὲν,
1877 2090 1976 2145 οὐκ
2014 2093 2073 2147 ἐν
2125 2095 2204 2166 τῷ
2241 2095 2359 2168 Θεῷ
2393 2098 2473 2163 δὲ,
2509 2099 2733 2163 δικαίως
2770 2101 3087 2172 πρόσκειται
3134 2104 3213 2168 τὸ,
3255 2124 3272 2156 ι
3318 2107 3376 2159 ἐν
3423 2106 3503 2178 τῷ

219 2173 370 2244 Θεῷ.
419 2193 436 2225 ι

299 2269 387 2323 Σὺ
420 2270 508 2334 δὲ,
543 2271 737 2338 Κύριε,
765 2271 1142 2341 ἀντιληήπτωρ
1158 2291 1278 2343 μου
1307 2269 1378 2340 εἷ,
1411 2272 1561 2338 δόξα
1580 2265 1814 2344 μουκαὶ

216 2360 406 2429 ὑψῶν
433 2361 548 2431 τὴν
579 2362 852 2432 κεφαλήν
879 2381 1020 2433 μου,
1055 2381 1111 2417 κ.
1142 2381 1192 2416 τ.
1231 2365 1276 2417 ὲ.
1319 2364 1443 2419 Ἐὰν
1472 2365 1570 2436 μὲν
1597 2365 1624 2416 6
1652 2363 1816 2416 Δαυῖδ

217 2451 510 2528 λέγῃ(84),
532 2456 815 2528 πρέπουσα
839 2460 904 2528 τῇ
932 2457 1112 2511 πίστει
1141 2457 1234 2511 τοῦ
1259 2459 1544 2531 Προφήτου
1573 2461 1605 2530 ἡ
1639 2457 1811 2529 φωνὴ,

219 2548 497 2612 ἀσείστως
529 2548 782 2621 φέροντος
815 2550 912 2614 τὰς
941 2551 1274 2622 τηλικαύτας
1300 2552 1670 2624 περιστάσεις,
1720 2553 1814 2605 καὶ

219 2639 574 2704 πεποιθότος,
615 2642 696 2694 ὅτι
741 2642 839 2694 οὐκ
887 2643 1466 2715 ὲγκαταλειφθήσεται,
1505 2645 1642 2698 ἀλλὰ
1677 2643 1813 2715 πρὸς

217 2729 310 2800 τῷ
338 2729 648 2802 βοηθεῖσθαι
681 2732 774 2784 καὶ
805 2733 862 2786 ὲν
890 2731 1009 2803 Θεῷ
1036 2731 1430 2805 δοξασθήσεται
1461 2733 1555 2785 καὶ
1593 2731 1816 2801 ὑψωθή-

222 2839 390 2876 σεται
433 2823 936 2895 ἀποκαθιστάμενος
973 2827 1052 2889 εἰς
1087 2826 1185 2896 τὴν
1232 2825 1530 2896 βασιλείανο
1571 2825 1664 2878 ἐὰν
1692 2824 1749 2878 δὲ
1790 2826 1817 2878 6

218 2916 470 2987 Χριστὸς
517 2918 546 2969 6
585 2917 756 2987 λέγων
787 2919 1144 2992 τυγχάνῃ.....
1186 2921 1476 2975 πεπεῖσθαι
1505 2920 1680 2984 οῦτως
1725 2920 1818 2974 καὶ

220 3008 364 3078 περὶ
399 3008 492 3061 τοῦ
537 3010 938 3080 ἀναστήσεσθαι
982 3012 1074 3063 καὶ
1117 3012 1276 3066 πάλιν
1309 3014 1383 3076 ὡς
1419 3013 1546 3085 περὶ
1575 3012 1669 3067 τοῦ
1700 3014 1819 3065 ὲπι-

2001 2280 2160 2329 γειιε.
2205 2273 2260 2328 4.
2306 2273 2348 2328 Τ
2351 2291 2382 2326 ιι
2422 2288 2620 2346 autem,
2659 2276 2902 2342 Domine,
2929 2289 3202 2348 susceptor
3239 2297 3384 2336 meus
3419 2300 3498 2348 es,

1921 2364 2092 2436 gloria
2117 2381 2231 2419 mea
2268 2375 2317 2419 et
2362 2367 2606 2420 exultans
2633 2379 2789 2435 caput
2831 2385 3024 2435 meum,
3072 2381 3177 2424 etc.
3229 2372 3284 2426 Si
3327 2373 3499 2428 David

1925 2456 2014 2511 hic
2041 2455 2306 2525 loquitur,
2357 2465 2724 2512 consentanea
2763 2468 2849 2512 est
2894 2473 2997 2514 vox
3034 2460 3317 2533 Pmphcta:
3349 2463 3501 2529 ﬁdei,

1921 2550 2151 2604 viriliter
2183 2559 2261 2603 tot
2290 2549 2668 2605 tribulationes
2696 2549 3042 2620 perferentis,
3075 2563 3130 2607 et
3173 2570 3233 2609 se
3269 2572 3375 2609 non
3407 2556 3501 2612 de-

1921 2643 2172 2698 relictum
2197 2643 2288 2710 iri,
2308 2645 2402 2700 sed
2427 2652 2628 2713 praeter
2653 2645 2914 2699 auxilium
2942 2646 3084 2716 quod
3103 2657 3310 2715 sperat,
3329 2649 3495 2703 etiam

1917 2733 2128 2805 ingenti
2160 2734 2212 2788 in
2246 2733 2361 2789 Deo
2399 2733 2576 2805 gloria
2605 2748 2928 2804 summoque
2955 2737 3161 2791 honore
3185 2737 3238 2791 in
3271 2753 3495 2808 regnum

1916 2828 2230 2882 restitutum
2277 2825 2342 2880 iri
2383 2825 2741 2880 conﬁdentis.
2795 2827 2851 2880 Si
2905 2837 3086 2882 autem
3122 2829 3374 2884 Christus
3417 2830 3494 2885 lo-

1915 2918 2123 2987 quitur,
2175 2918 2291 2973 haec
2337 2918 2473 2972 dicit
2505 2925 2697 2986 utpote
2730 2918 2820 2986 qui
2851 2919 3092 2974 conﬁdat
3135 2934 3195 2976 se
3237 2921 3494 2976 omnibus

1917 3011 2300 3066 insidiatorum
2325 3011 2572 3066 consiliis
2587 3011 2864 3082 dissipatis
2894 3013 2948 3066 in
2981 3014 3150 3068 vitam
3179 3024 3493 3068 revocatum

217 3073 688 3172 δουλευθήσεσθαι
716 3073 818 3157 ἀπὸ
838 3104 1160 3176 ἀνθρώπων,
1193 3105 1288 3157 καὶ
1323 3073 1452 3178 περὶ
1481 3073 1574 3158 τοῦ
1614 3105 1688 3177 μὴ
1719 3107 1815 3174 ἐγ-

1924 3105 2028 3171 iri,
2064 3105 2394 3174 suscipiente
2421 3105 2572 3160 illum
2602 3104 2784 3171 Patre,
2817 3114 2872 3161 et
2906 3106 2956 3159 in
2991 3106 3285 3175 pristintnn
3315 3106 3502 3177 gloria:

219 3193 783 3266 καταλειφθήσεσθαι,
820 3197 1244 3268 ἀντιληψομένου
1283 3198 1444 3250 αὐτὸν
1475 3198 1569 3252 τοῦ
1607 3200 1818 3270 Πατρὸς

217 3287 325 3340 καὶ
360 3287 901 3360 ἀποκαταστήσοντος
918 3290 1077 3344 αὐτὸν
1108 3289 1200 3342 ἐπὶ
1232 3291 1330 3360 τὴν
1360 3289 1420 3355 ἐξ
1440 3291 1614 3362 ἀρχῆς
1638 3291 1813 3356 δόξαν,

217 3377 548 3448 ὐψὼσαντός
567 3397 627 3433 τε
643 3381 825 3445 αὐτὸν,
857 3383 890 3452 ἢ
925 3383 1017 3435 καὶ
1044 3381 1498 3454 ὑπερυψώσαντος
1514 3383 1634 3436 καθ’
1664 3383 1698 3438 ἃ
1725 3384 1818 3438 καὶ

214 3453 256 3524 ὅ
305 3471 624 3535 Ἀπόστολός
651 3489 830 3543 φησιν·
859 3491 876 3523 ι
904 3473 1000 3526 Δια
1032 3453 1192 3527 τοῦτο
1222 3477 1250 3528 6
1276 3475 1409 3537 Θεὸς
1451 3474 1610 3528 αὑτὸν
1658 3476 1820 3546 ὑπερ-

217 3562 417 3633 ύψωσε
452 3565 546 3618 καὶ
577 3566 867 3636 ἐχαρίσατο
901 3567 1048 3638 αὐτῷ
1093 3567 1262 3638 ὄνομα
1303 3567 1362 3620 τὸ
1396 3568 1534 3638 ὑπὲρ
1564 3569 1671 3620 πᾶν
1704 3567 1819 3622 δνο-

219 3673 330 3728 μα,
362 3657 448 3712 ἴνα
476 3660 532 3712 ἐν
557 3658 634 3728 τῷ
656 3659 882 3730 ὀνόματι
922 3660 1097 3730 Ἰησοῦ
1131 3661 1238 3714 πᾶν
1268 3661 1398 3729 γόνυ
1429 3659 1622 3732 κάμψῃ
1654 3661 1818 3712 ἐπου-

219 3750 456 3822 ρανίων,
493 3751 584 3804 καὶ
619 3751 896 3819 ἐπιγείων,
939 3753 1031 3804 καὶ
1081 3752 1472 3823 καταχθονίων.
1508 3753 1618 3805 Kal.
1667 3753 1817 3806 πᾶσα

214 3843 454 3913 γλῶσσα
481 3844 952 3916 ἐξομολογήσεται,
988 3847 1070 3899 ὅτι
1103 3845 1304 3917 Κύριος
1351 3843 1558 3915 Ἰησοῦς
1583 3845 1817 3918 Χριστὸς

217 3937 312 3999 είς
348 3933 502 3999 δόξαν
537 3935 670 3989 Θεοῦ
724 3937 956 4008 Πατρός.
996 3956 1014 3989 ι
1054 3938 1209 3990 Ἔστι
1240 3936 1296 3988 δὲ
1325 3936 1586 4008 διάφορος
1620 3939 1653 4008 ὴ
1690 3936 1815 4000 δόξα

218 4027 343 4081 τῶν
372 4027 628 4099 οἰομένων
657 4023 795 4082 εἶναι
827 4031 884 4082 ὲν
916 4029 1073 4100 αὐτῇ·
1112 4029 1206 4082 καὶ
1231 4029 1260 4081 6
1286 4027 1385 4099 μέν
1409 4046 1492 4091 τις
1523 4027 1682 4093 δόξαν
1711 4029 1815 4100 φή-

220 4138 324 4175 σαι
372 4122 438 4176 ἂν
471 4120 606 4177 εἶναι
651 4122 815 4177 αὐτοῦ
851 4122 947 4194 τὴν
991 4121 1246 4195 πατρίδα’
1278 4123 1306 4174 ὁ
1338 4121 1394 4175 δέ
1428 4139 1512 4185 τις
1549 4122 1608 4174 τὸ
1637 4121 1814 4190 γένος,

219 4214 395 4278 ἄλλος
419 4213 476 4266 δέ
506 4234 587 4279 τις
612 4216 673 4268 τὸ
695 4215 906 4278 κάλλος·
940 4215 1046 4267 εἰσὶ
1069 4214 1126 4267 δὲ
1147 4213 1195 4267 οἳ
1229 4212 1329 4284 τὴν
1361 4210 1552 4284 ῥώμην
1582 4211 1677 4265 τοῦ
1715 4211 1818 4265 σώ-

140 4316 155 4329 ⁹
225 4326 430 4380 ματος,
452 4310 544 4362 καὶ
565 4310 663 4381 τὴν
695 4311 751 4362 ὲν
782 4308 859 4380 τῷ
882 4307 1240 4376 ἀγωνίζεσθαι
1268 4305 1596 4376 σωματικῶς
1620 4306 1817 4379 τέχνην

1919 3198 2264 3266 splendorem
2314 3198 2664 3264 restituente,
2701 3207 2863 3267 atque
2894 3197 3171 3252 exaltante
3201 3198 3286 3252 vel
3328 3198 3496 3254 etiam

1919 3288 2361 3359 superexaltante
2427 3289 2616 3355 illum,
2696 3288 3151 3359 quemadmodum
3211 3289 3288 3344 ait
3350 3291 3502 3360 Apo-

1919 3385 2089 3437 stolus
2116 3386 2198 3437 “8:
2239 3401 2259 3434 ι
2294 3383 2588 3450 Propterea
2629 3383 2770 3436 Deus
2791 3382 3054 3436 exaltavit
3097 3381 3272 3445 illum,
3318 3389 3373 3435 et
3405 3381 3504 3435 do-

1905 3475 2079 3530 Inavit
2103 3474 2176 3528 illi
2201 3486 2400 3526 nomen
2425 3469 2567 3538 quod
2601 3477 2686 3522 est
2710 3481 2874 3536 super
2899 3482 3060 3521 omne
3086 3483 3310 3535 nomen,
3346 3478 3408 3524 ut
3445 3471 3500 3524 in

1933 3566 2155 3621 nomine
2180 3563 2312 3620 Jesu
2336 3576 2496 3616 omne
2520 3574 2661 3630 genu
2685 3558 2949 3622 ﬂectatur,
2977 3557 3300 3624 ccelestium,
3331 3567 3507 3614 terre-

1918 3659 2136 3721 strium,
2181 3667 2235 3708 et
2267 3657 2630 3724 infernarum,
2657 3666 2712 3710 et
2753 3657 2934 3710 onmis
2963 3655 3144 3725 lingua
3175 3654 3504 3709 conﬁteatur

1917 3753 2045 3822 quia
2105 3749 2363 3806 Dominus
2421 3747 2585 3805 Jesus
2639 3749 2896 3804 Christus
2947 3748 3000 3803 in
3047 3748 3218 3820 gloria
3269 3755 3354 3803 est
3401 3747 3496 3803 Dei

1917 3846 2119 3902 Patris.
2151 3863 2170 3898 ι
2198 3842 2472 3904 Craterum
2499 3844 2553 3898 in
2585 3842 2752 3898 variis
2781 3841 3028 3897 homines
3069 3841 3298 3910 gloriam
3343 3855 3495 3905 suam

1920 3948 2151 4008 ponunt,
2183 3938 2319 3993 alius
2340 3938 2393 3992 in
2423 3938 2621 4008 patria,
2656 3938 2793 3993 alius
2822 3937 2874 3991 in
2909 3951 3134 4008 genere,
3163 3935 3302 3990 alius
3333 3933 3498 4006 550

1919 4029 1971 4083 in
1999 4030 2421 4100 pulchritudine,
2450 4030 2542 4083 alii
2562 4029 2614 4084 in
2639 4029 2883 4098 corporis
2912 4029 3128 4093 robore,
3150 4026 3277 4082 etin
3304 4026 3495 4095 peritia

1918 4123 2232 4178 decertandi
2287 4127 2337 4176 in
2381 4138 2573 4194 agone,
2615 4123 2842 4177 multum
2896 4122 3026 4177 elati
3078 4121 3224 4191 quod
3267 4121 3368 4175 hos
3412 4119 3499 4174 vel

1918 4214 2040 4270 illos
2077 4215 2336 4271 luctando
2366 4215 2622 4270 vicerint.
2661 4214 2728 4269 Et
2756 4214 2887 4284 quid
2918 4229 3137 4270 necesse
3179 4222 3262 4268 est
3309 4226 3502 4268 recen-

1917 4323 2038 4363 sere
2061 4323 2125 4364 ea
2161 4309 2230 4364 de
2259 4309 2458 4378 quibus
2494 4308 2803 4378 gloriantur
2831 4308 2903 4361 dii
2941 4307 3282 4377 ignorantes,
3326 4320 3499 4374 «qun-

221 4402 394 4469 δόξαν
421 4403 553 4456 ἰδίαν
583 4399 721 4457 εἶναι
752 4402 1087 4473 νενομίκασι,
1113 4401 1252 4472 μέγα
1273 4398 1596 4472 φρονοῦντες
1624 4400 1716 4453 ἐπὶ
1740 4399 1817 4471 τῷ

1924 4415 2041 4454 rum
2073 4415 2216 4470 saepe
2243 4400 2417 4472 gloria
2464 4402 2518 4454 in
2571 4399 2894 4455 confusione
2933 4407 3034 4463 cst,
3074 4417 3092 4449 ι
3135 4405 3194 4452 ιιι
3236 4397 3316 4450 ait
3355 4397 3503 4463 Apo-

222 4494 487 4550 τοσούσδε
539 4495 1094 4550 καταπεπαλαικέναι.
1141 4495 1250 4548 Καὶ
1291 4494 1344 4548 τί
1385 4497 1466 4549 δεῖ
1495 4493 1812 4562 καταλέγειν

219 4590 299 4644 τὰ
352 4589 434 4660 ἐφ’
461 4586 540 4653 οἷς
572 4587 923 4660 σεμνύνονται
947 4589 994 4640 οἱ
1029 4587 1138 4640 θεοὶ
1172 4586 1494 4654 ἀγνοοῦντες
1526 4605 1544 4637 ι
1581 4579 1655 4640 ὧν
1682 4583 1812 4637 πολ-

220 4683 394 4745 λὰκις
417 4681 591 4753 ἡδόξα
616 4683 672 4733 ὲν
689 4683 752 4751 τῇ
777 4678 1005 4750 αἰσχύνῃ
1028 4697 1044 4729 ι
1076 4678 1329 4747 τυγχάνει
1359 4677 1502 4731 κατὰ
1532 4677 1622 4730 τὸν
1656 4675 1814 4728 Ἀπό-

227 4774 455 4839 στολον;
489 4772 594 4826 Τοῦ
627 4772 683 4825 δὲ
710 4771 861 4840 ἁγίου
879 4770 1005 4835 δόξα
1033 4770 1184 4834 Θεὸς,
1204 4763 1247 4838 ᾧ
1264 4769 1509 4834 πέποιθε,
1533 4768 1809 4838 τυγχάνειο

221 4869 333 4924 καὶ
360 4868 457 4937 οὐχ
487 4866 562 4930 ὡς
590 4865 744 4935 ἔτυχε
779 4861 1206 4933 πεπιστευμένη,
1237 4861 1372 4914 ἀλλὰ
1390 4860 1569 4914 πίστει
1602 4859 1815 4929 λογιζο-

222 4961 378 5034 μένῃ
405 4960 484 5022 είς
514 4955 878 5028 δικαιοσύνην,
900 4955 964 5009 δι’
995 4955 1062 5026 ἢν
1095 4953 1186 5006 καὶ
1217 4955 1414 5025 σημεῖα
1441 4951 1575 5006 Θεοῦ
1610 4970 1816 5024 παρου-

221 5055 362 5116 σίας
421 5051 514 5106 καί
553 5051 654 5121 τῆς
702 5049 981 5120 δυνάμεως
1019 5045 1181 5100 αὐτοῦ
1224 5044 1508 5108 κοινωνίας
1545 5044 1822 5116 θεωρῆσαι

219 5144 463 5201 δυνατόν
495 5144 662 5197 ἐστιν’
705 5137 813 5195 οἷον
845 5140 972 5205 δόξα
1003 5139 1283 5202 Μωῦσέως
1314 5137 1343 5190 6
1368 5136 1499 5200 Θεὸς
1532 5136 1626 5190 καὶ
1659 5136 1822 5208 μέχρι

220 5236 530 5312 προσώπου
563 5233 726 5289 αὐτοῦ
779 5231 1071 5306 μαρτυρῶν
1114 5235 1180 5303 τῇ
1226 5230 1377 5303 φιλία
1418 5229 1514 5283 τοῦ
1539 5231 1821 5303 προφήτου

221 5331 336 5386 καὶ
381 5329 475 5382 ἐπὶ
532 5328 730 5391 παντὸς
780 5325 873 5380 τοῦ
919 5323 1183 5396 Ἐϐραίων
1215 5323 1343 5376 λαοῦ
1370 5324 1463 5377 καὶ
1507 5321 1821 5391 Αἰγυπτίων

223 5421 520 5495 ἐμφανῶς.
559 5419 696 5486 Δόξα
727 5419 784 5472 δὲ
834 5416 1012 5471 Ἠλίου
1042 5415 1134 5469 τοῦ
1178 5417 1459 5488 προφήτου
1503 5417 1532 5468 6
1560 5414 1693 5479 Θεὸς
1729 5411 1818 5486 ἦν,

222 5514 564 5578 ἀνιστῶντος
593 5512 685 5568 τὸν
721 5510 824 5582 τῆς
849 5511 1025 5583 χήρας
1059 5511 1192 5575 υἱὸν,
1228 5513 1322 5565 καὶ
1359 5509 1652 5582 εὐχομένου
1693 5512 1823 5583 περὶ

1920 4492 2093 4548 stolns
2121 4489 2200 4544 ‘9?
2224 4493 2412 4549 Sancti
2438 4502 2620 4548 autem
2646 4492 2816 4563 gloria
2850 4490 2996 4546 Deus
3024 4499 3109 4545 est
3137 4489 3223 4545 cui
3249 4488 3501 4553 conlidit,

1922 4585 2114 4656 gloria,
2149 4587 2391 4658 inquam,
2439 4601 2547 4641 non
2593 4594 2796 4640 temere
2848 4584 3079 4648 credita,
3113 4583 3209 4637 sed
3248 4582 3351 4636 [ide
3382 4595 3503 4650 quae

1925 4689 2210 4748 reputatur
2257 4680 2322 4734 ad
2370 4678 2672 4749 justitiam,
2717 4692 2812 4746 per
2851 4692 3013 4745 quam
3054 4684 3109 4730 et
3160 4677 3312 4746 signa
3359 4689 3500 4745 prte-

1923 4772 2109 4826 sentite
2137 4770 2233 4826 Dei
2260 4779 2315 4825 et
2345 4769 2746 4826 communionis
2771 4768 2990 4823 virtutis
3012 4767 3129 4837 ejus
3159 4769 3349 4824 videre
3390 4776 3502 4822 est.

1925 4862 2018 4918 Sic
2064 4861 2267 4933 Moysis
2317 4861 2488 4930 gloria
2524 4869 2646 4916 erat
2682 4861 2826 4915 Deus
2854 4861 2943 4930 qui
2985 4870 3246 4930 quantum
3291 4870 3503 4914 amaret

1923 4953 2268 5024 pr0phetam,
2303 4953 2468 5008 etiam
2497 4968 2669 5022 usque
2701 4954 2766 5006 ad
2802 4951 2959 5007 faciei
2995 4968 3106 5008 suae
3133 4954 3498 5008 ostensionem

1927 5047 2225 5103 declaravit
2261 5056 2318 5100 et
2363 5060 2546 5101 coram
2597 5045 2745 5100 omni
2800 5045 3152 5101 Hebraeorum
3195 5044 3392 5115 populo
3443 5054 3501 5100 et

1925 5154 2111 5194 coram
2166 5137 2459 5209 Egyptiis.
2525 5137 2658 5192 Erat
2704 5137 2869 5192 etiam
2925 5137 3068 5193 Deus
3135 5137 3310 5208 gloria
3370 5134 3500 5189 Elia:

1929 5231 2210 5301 propheta:
2245 5231 2336 5300 qui
2365 5230 2539 5284 vidua:
2571 5228 2739 5283 [ilium
2783 5229 3088 5296 suscitavit,
3123 5239 3178 5284 et
3215 5228 3394 5284 oravit
3426 5227 3493 5280 ad

1928 5324 2280 5380 obtinendam
2310 5322 2568 5391 pluviam,
2608 5330 2664 5378 et
2705 5321 2966 5376 continuo
2999 5320 3287 5376 exauditus
3314 5326 3398 5372 est
3431 5316 3497 5369 ⁷⁸.

1931 5415 2107 5471 Verax
2142 5429 2272 5486 ergo
2299 5413 2467 5478 Deus,
2500 5430 2625 5468 cum
2659 5413 2734 5468 ait
2763 5434 2776 5470 :
2818 5431 2838 5465 ι
2877 5412 3258 5468 Glorilicantes
3280 5424 3364 5462 mc
3384 5405 3502 5478 glo-

1931 5508 2172 5564 rilicabo.
2212 5526 2231 5560 ›
2267 5506 2384 5560 Non
2423 5505 2603 5562 minus
2627 5515 2808 5562 autem
2838 5519 3002 5576 quam
3029 5502 3244 5558 illorum
3277 5500 3368 5572 qui
3401 5498 3503 5554 ιιιὶ-

310 5661 357 5692 ⁶⁷
389 5657 528 5714 Psnl.
560 5656 872 5723 xxxm,20.
948 5656 992 5688 ⁸⁸
1022 5653 1259 5728 Philipp.
1293 5672 1352 5721 ιι,
1391 5655 1446 5713 9.
1525 5656 1569 5690 ⁶⁹
1603 5655 1801 5728 Philip.

1962 5654 2047 5710 19.
2125 5654 2171 5684 ⁷⁸
2200 5651 2220 5706 Ι
2257 5653 2391 5723 Reg.
2421 5666 2480 5717 ιι,
2514 5650 2602 5705 50.

315 5795 431 5869 (84)
469 5796 602 5850 Ἐὰν·
615 5795 785 5865 pera
821 5790 1009 5848 Δαυῒὸ
1033 5792 1202 5864 λέγῃ,
1245 5799 1350 5848 ctc.
1387 5790 1568 5849 Codex
1615 5791 1819 5851 Barocc

1924 5807 1985 5848 us
2040 5799 2095 5847 et
2126 5786 2318 5844 Daniel
2345 5785 2638 5841 Barbarus.
