3834 6388
361 242 507 300 ιιςιτ

1750 243 1837 296 EX
1880 242 2184 298 ORIGENE

3483 259 3625 312 ιιει

361 360 546 416 raeula
593 359 783 424 edunt,
836 358 1124 414 manifeste
1166 357 1338 429 gloria
1395 369 1477 413 est
1527 359 1706 420 Deus,
1756 361 1917 412 etiam

2027 357 2119 410 τοῦ
2160 360 2340 424 ὐετοῧ,
2385 363 2478 416 καὶ
2535 365 2651 434 ἅμα
2701 365 2778 436 τῷ
2817 367 2988 419 αἰτεῖν
3033 369 3289 438 τυχόντος
3319 369 3622 436 ἀξιώσεως.

363 454 531 524 gloria
561 468 747 510 eorum
774 452 1000 521 intelligi
1024 461 1200 522 potest
1223 452 1315 521 qui
1338 453 1535 505 virtute
1560 453 1926 514 illttStrantur,

360 562 522 614 quam
556 560 660 600 non
698 545 837 599 alius
860 559 1021 612 quam
1057 544 1218 598 Pater
1267 543 1372 598 illis
1417 544 1631 609 inserit,
1678 543 1769 613 qui
1811 556 1930 596 sese

362 639 428 690 ad
464 638 634 707 ipsum
667 637 866 690 animis
899 636 1308 704 suscipiendum
1343 636 1708 690 tradiderunt.

2049 453 2326 524 ’Λληθεύει
2359 454 2452 510 οὖν
2479 459 2509 510 ό
2539 461 2763 528 φάσκων
2790 461 2940 525 Θεός·
2990 481 3007 508 ι
3041 465 3177 527 Τοὺς
3208 464 3532 531 δοξάζοντάς
3557 485 3626 536 με

2035 539 2263 605 δοξάσω.
2314 563 2332 595 ι
2365 546 2478 598 Οὐκ
2525 547 2745 600 ἔλαττον
2773 549 2831 601 δὲ
2873 549 2968 602 τοῦ
3001 551 3158 617 δόξαν
3191 548 3329 605 εἶναι
3363 555 3626 622 ἐμφανῶς

2038 631 2127 684 τὸν
2153 633 2284 688 Θεὸν
2312 637 2419 690 τῶν
2456 639 2557 702 τὰς
2582 642 2898 712 τεραστίους
2929 642 3186 713 δυνάμεις
3212 645 3621 711 διακονούντων,

357 730 474 784 εστι
507 731 694 800 νοῆσαι
723 731 817 784 καὶ
850 731 941 784 ἐπὶ
971 731 1078 783 τῶν
1110 731 1175 784 δι’
1213 731 1409 803 ἀρετὴν
1436 729 1805 800 δοξαζομένων
1825 745 1837 757 ·
1869 726 1935 796 ἢν
1958 725 2058 778 οὐκ
2084 727 2296 803 ἄλλοςῆ
2327 734 2356 786 6
2379 734 2566 806 Πατὴρ
2596 738 2652 788 ὲν
2683 739 2801 800 ταῖς
2837 738 3033 807 ψυχαῖς
3065 739 3170 793 τῶν
3197 743 3624 813 παρεστηκότων

356 827 556 890 αὐτοὺς
581 831 645 898 τῇ
677 827 909 898 ὑποδοχῇ
944 826 1107 880 αὐτοῦ
1133 828 1480 896 γεγέννηκεν.

435 918 599 973 νειιε.
641 919 696 974 5.
759 917 894 972 Voce
943 935 1059 972 mea
1107 909 1190 972 adt
1229 917 1510 972 Dominum
1569 916 1831 978 clamavi,
1879 923 1930 965 et

358 1013 630 1066 exaudivit
665 1029 745 1067 me
775 1014 838 1066 de
866 1022 1040 1066 mante
1070 1021 1255 1065 sancto
1290 1011 1427 1081 ejus,
1460 1020 1571 1066 etc.
1596 1007 1786 1080 Operae
1809 1023 1931 1078 pre.

359 1103 490 1156 tium
541 1112 624 1157 est
667 1117 932 1173 quarere,
966 1118 1066 1158 cur
1091 1112 1246 1156 antea
1290 1101 1450 1156 dictis
1493 1117 1600 1156 non
1653 1099 1928 1170 praepositi

357 1196 468 1249 sint
498 1195 551 1249 hi
583 1198 689 1250 duo
716 1195 1129 1251 semivcrsiculi.
1167 1193 1340 1250 Valde
1393 1195 1538 1249 enim
1585 1208 1926 1262 consequens

357 1295 476 1340 erat
549 1299 607 1340 ut
665 1297 792 1342 ante
837 1287 1135 1357 gratiarum
1198 1303 1296 1356 pro
1356 1287 1598 1354 acceptis
1649 1286 1926 1340 beneficiis

365 1377 661 1444 actionem,
691 1378 868 1433 oratio
900 1387 1214 1448 poneretur.
1251 1377 1341 1432 Sic
1382 1387 1564 1431 autem
1601 1375 1803 1432 solutio
1833 1376 1928 1430 ad—

357 1469 590 1524 hibenda
618 1479 700 1524 est
731 1491 742 1525 :
779 1471 894 1524 Non
923 1470 1097 1525 oratio
1129 1479 1212 1524 est
1243 1469 1384 1538 quod
1420 1469 1507 1523 hic
1556 1468 1774 1534 dicitur,
1823 1467 1917 1522 sed

356 1561 668 1617 declaratur
698 1562 1001 1618 orationem
1033 1561 1233 1615 factam
1282 1575 1428 1616 esse.
1465 1559 1734 1626 Quoniam
1781 1559 1926 1614 enim

351 1651 533 1706 oratio
560 1661 769 1708 secreto
794 1652 938 1707 facta
964 1661 1106 1718 erat,
1159 1661 1208 1708 et
1258 1653 1607 1727 simulatque
1653 1652 1796 1706 facta
1820 1662 1924 1718 est,

2110 912 2283 982 Φωνῇ
2301 932 2418 984 μου
2434 915 2585 984 πρὸς
2608 917 2826 984 Κύριον
2842 916 3006 986 am;
3017 919 3152 983 αξα·
3182 921 3277 972 καὶ
3311 921 3622 988 ἐπήκουσέ

2030 1023 2150 1074 μου
2182 1006 2252 1070 ἐξ
2298 1007 2474 1074 ὄρους
2504 1007 2676 1078 ἁγίου
2729 1010 2937 1073 αὑτοῦ,
2979 1028 3032 1064 κ.
3067 1029 3115 1063 τ.
3157 1013 3205 1064 ἐ.
3241 1012 3426 1078 ’Ἄξιον
3457 1013 3622 1085 ζητῆο

2038 1116 2126 1151 σαι
2157 1098 2269 1169 (85)
2303 1099 2355 1152 τί
2387 1100 2586 1170 δήποτε
2621 1101 2693 1172 μὴ
2715 1103 3077 1172 προτέτακται
3111 1105 3177 1157 τὰ
3209 1104 3300 1158 δύο
3333 1107 3620 1177 ήμιστίχια

2034 1191 2140 1246 τῶν
2174 1195 2604 1265 προειρημένων·
2637 1195 2839 1265 σφόδρα
2860 1197 2968 1268 γάρ
2989 1198 3279 1252 ἀκόλουθον
3311 1201 3372 1253 τὸ
3401 1200 3500 1271 τὴν
3523 1202 3618 1253 εὐ-

2032 1283 2131 1354 χὴν
2183 1285 2548 1356 προτετάχθαι
2581 1287 2682 1356 τῆς
2721 1289 2813 1341 ἐπὶ
2851 1290 2972 1352 ταῖς
3014 1289 3352 1360 εὐεργεσίαις
3395 1289 3620 1361 εὐχαρι-

2033 1375 2205 1439 στίας.
2240 1377 2442 1430 Δυτέον
2472 1378 2530 1432 δὲ
2561 1373 2735 1442 οὔτως
2773 1380 3114 1451 ἀπορρηθὲν·
3158 1381 3291 1452 Οὐχὶ
3324 1381 3454 1452 εὐχή
3499 1384 3618 1434 ἐστι

2031 1471 2092 1522 τὸ
2125 1469 2414 1542 λεγόμενον
2453 1471 2662 1536 ἐνθάδε,
2710 1473 2824 1526 ἀλλ’
2866 1473 3176 1542 ἀπαγγελία
3216 1475 3342 1546 περὶ
3389 1475 3482 1528 τοῦ
3518 1474 3618 1548 τὴν

2035 1562 2197 1634 εὐχὴν
2226 1563 2526 1631 γεγονέναι.
2571 1565 2721 1616 Ἐπεὶ
2749 1565 2855 1634 γὰρ
2893 1565 3024 1635 εὐχὴ
3055 1565 3195 1618 κατὰ
3231 1565 3291 1618 τὸ
3324 1565 3619 1637 σιωπώμε-

2034 1670 2122 1706 νον
2154 1654 2366 1722 γέγονε,
2413 1655 2505 1707 καὶ
2534 1654 2651 1725 ἅμα
2677 1653 2754 1725 τῷ
2795 1655 3052 1719 εὔξασθαι
3084 1657 3332 1727 ἐπέτυχε,
3362 1657 3543 1711 λαϐὼν
3585 1658 3618 1712 ὃ

353 1744 613 1798 exaudita
653 1754 756 1805 est,
809 1745 920 1799 voti
974 1761 1195 1816 compos
1235 1743 1412 1799 factus
1447 1747 1539 1815 qui
1583 1760 1771 1813 preces
1817 1745 1917 1799 Dee

2033 1744 2281 1799 ἐϐούλετο
2308 1746 2336 1798 6
2367 1745 2463 1817 τὴν
2495 1746 2731 1811 ἔντευξιν
2760 1745 2838 1817 τῷ
2868 1745 2986 1815 Θεῷ
3021 1747 3406 1817 προσαγαγὼν,
3433 1749 3618 1812 καλῶς

359 1836 592 1903 fuderat,
620 1837 862 1906 apprime
899 1839 1009 1893 Deo
1034 1853 1132 1909 pro
1153 1840 1394 1910 acceptis
1418 1839 1699 1894 beneﬁciis
1723 1840 1926 1909 gratias

354 1929 585 1996 primum
659 1929 808 1998 agit,
883 1939 993 1984 tmn
1058 1931 1254 1986 deinde
1320 1931 1631 1987 hominibus
1687 1931 1924 1988 declarat

355 2035 601 2087 quamam
651 2021 909 2074 oraverit.
960 2020 1163 2088 Quodsi
1212 2021 1330 2078 vice
1377 2037 1535 2078 versa
1587 2021 1822 2093 egisset,
1873 2031 1928 2076 et

352 2111 509 2164 simul
561 2121 724 2180 atque
764 2113 998 2167 obtinuit
1029 2114 1172 2182 quod
1207 2115 1455 2184 petierat,
1498 2113 1832 2169 declarasset
1867 2129 1927 2168 se

353 2212 629 2272 precatum
679 2219 819 2271 esse,
869 2219 932 2260 ac
965 2187 1180 2271 ,deimle
1226 2206 1432 2276 gratias
1488 2207 1724 2276 egisset,
1775 2219 1924 2262 certe

351 2295 651 2365 gratiarum
682 2295 916 2350 actionis
948 2311 1069 2366 quae
1098 2297 1210 2349 cito
1243 2297 1358 2350 ﬁeri
1387 2297 1640 2360 debebat,
1671 2296 1922 2351 meritum

355 2387 708 2451 inllrmasset,
745 2402 812 2442 eo
852 2388 999 2458 quod
1043 2388 1194 2456 prius
1225 2390 1606 2444 anuuntiasset
1648 2390 1803 2444 nobis
1850 2389 1926 2443 le-

363 2478 618 2548 gentibus
646 2493 704 2532 se
727 2493 934 2533 orasse.
963 2478 1152 2534 Melius
1175 2494 1306 2534 vero
1339 2479 1391 2533 id
1425 2480 1491 2533 de
1511 2496 1620 2549 quo
1641 2481 1922 2549 quaeritur,

353 2572 433 2625 sic
465 2571 753 2624 solvetur:
796 2570 993 2624 Psalmi
1054 2572 1376 2642 principium
1435 2572 1682 2626 continet
1737 2588 1926 2641 preca-

352 2662 573 2716 tionem.
644 2663 850 2717 Deinde
905 2671 1026 2732 post
1078 2665 1445 2733 precationem
1496 2681 1524 2718 a
1568 2665 1924 2736 diapsahnate

349 2760 435 2806 est
474 2751 773 2823 gratiarum
815 2754 957 2807 actio
1001 2754 1142 2822 quod
1170 2755 1468 2809 obtinuerit
1516 2770 1636 2824 qute
1669 2755 1921 2824 petierat.

353 2843 595 2900 Tandem
637 2839 883 2899 absoluta
917 2847 1212 2916 gratiarum
1242 2849 1478 2915 actione,
1504 2847 1700 2904 faciem
1729 2851 1794 2902 ad
1825 2865 1921 2904 nos

354 2936 626 2992 convertit
654 2935 949 3006 Propheta,
987 2949 1042 2991 et
1067 2940 1518 3007 quemadmodum
1548 2957 1712 2996 orans
1743 2953 1924 3012 postu-

354 3031 461 3085 lata
487 3031 806 3094 obtinuerit,
831 3040 1041 3084 narrat.
1062 3029 1478 3089 Consideremus
1507 3017 1638 3090 vero
1659 3045 1918 3104 quantmn

2036 1836 2327 1908 προτάσσει
2361 1836 2632 1906 ἐπιτυχὼν
2674 1835 2770 1907 τὴν
2805 1835 2940 1905 πρὸς
2974 1835 3105 1889 Θεὸν
3141 1838 3488 1909 εὐχαριστίαν
3515 1840 3614 1908 τῆς

2036 1929 2172 2000 πρὸς
2205 1927 2526 2000 ἀνθρώπους
2549 1929 2852 2000 διηγήσεως
2877 1947 2944 1982 πε
2955 1931 3006 2002 pi.
3033 1928 3124 1982 τοῦ
3150 1929 3270 1982 τίνα
3296 1929 3518 1999 ηὔξατο.
3548 1933 3612 1986 Et

2030 2021 2086 2073 δὲ
2115 2021 2379 2075 ἀνάπαλιν
2411 2021 2672 2090 ἐγεγόνει,
2716 2022 2809 2074 καὶ
2844 2023 2959 2093 ἅμα
2996 2021 3073 2092 τῷ
3103 2024 3283 2092 τυχεῖν
3307 2015 3384 2076 ὧν
3419 2025 3611 2095 ᾔτησε,

2031 2112 2430 2184 διηγησάμενος
2478 2109 2546 2184 ἦν
2577 2112 2653 2177 ὡς
2683 2112 2906 2183 ηὔξατο,
2941 2109 3058 2167 εἶτα
3103 2113 3241 2184 μετὰ
3268 2113 3425 2167 τοῦτο
3451 2117 3614 2186 εὐχα-

2035 2204 2310 2274 ριστήσας,
2354 2199 2644 2268 ὑπεξέλυεν
2675 2202 2740 2256 ἂν
2768 2202 2865 2274 τὴν
2898 2202 3248 2275 ὀφειλομένην
3280 2204 3338 2256 ἐν
3371 2207 3436 2274 τῇ
3455 2205 3612 2274 εὐχα-

2034 2295 2215 2365 ριστίᾳ
2252 2293 2392 2365 μετά
2411 2293 2607 2365 τάχους
2635 2294 2873 2360 ἔντευξιν
2897 2293 2984 2347 διὰ
3009 2293 3103 2346 τοῦ
3143 2294 3407 2366 πρότερον
3429 2297 3608 2366 ἀπηγ-

2031 2385 2282 2454 γελκέναι
2316 2389 2427 2450 τοῖς
2457 2385 2859 2456 ἐντευξομένοις
2885 2387 3018 2457 ἡμῖν
3044 2385 3120 2449 ὡς
3141 2385 3359 2456 ηὔξατο.
3397 2387 3609 2442 Βέλτιον

2029 2479 2084 2532 δὲ
2114 2477 2258 2532 οὕτω
2284 2478 2444 2533 λῦσαι
2486 2478 2547 2531 τὸ
2595 2478 2960 2550 ἠπορημένον·
3006 2477 3070 2530 Ἠ
3100 2477 3240 2549 ἀρχὴ
3267 2477 3362 2531 τοῦ
3395 2479 3608 2550 ψαλμοῦ

2031 2571 2276 2642 περιέχει
2302 2571 2486 2641 εὐχήν.
2513 2564 2646 2623 Εἶτα
2675 2569 2812 2640 μετὰ
2838 2568 2938 2641 τὴν
2969 2568 3133 2639 εὐχὴν
3155 2568 3263 2623 ἀπὸ
3285 2568 3379 2622 τοῦ
3398 2568 3610 2639 διαψάλ-

2034 2663 2200 2734 ματός
2232 2664 2378 2716 ἐστιν
2398 2662 2737 2732 εὐχαριστία,
2771 2662 2864 2714 ἐπὶ
2888 2662 2965 2733 τῷ
2989 2660 3300 2731 τετευχέναι
3320 2653 3395 2714 ὧν
3417 2660 3603 2731 ᾔτησε.

2029 2755 2388 2824 Τελεσθείσης
2417 2755 2473 2808 δὲ
2501 2755 2601 2824 τῆς
2635 2755 2984 2826 εὐχαριστίας
3011 2755 3148 2824 πρὸς
3181 2755 3327 2826 ἡμᾶς
3349 2753 3606 2826 ἀποστρέ-

2030 2867 2119 2919 φει
2160 2849 2221 2903 τὸ
2264 2849 2554 2921 πρόσωπον
2595 2849 2624 2900 6
2683 2847 2999 2918 Προφήτης,
3035 2846 3130 2900 καὶ
3173 2845 3434 2917 διηγεῖται
3483 2846 3603 2898 τίνα

2026 2943 2226 3013 τρόπον
2289 2941 2582 3012 εὐξάμενος
2643 2939 2979 3012 ἐπηκούσθη.
3046 2939 3478 3010 Κατανοήσωμεν
3541 2936 3600 2992 δὲ

2028 3033 2168 3106 πρὸς
2200 3031 2342 3096 λέξιν
2370 3031 2451 3094 τὺ,
2498 3050 2512 3081 ι
2541 3032 2696 3101 Φωνῇ
2730 3047 2830 3100 μου
2863 3029 3000 3100 πρὸς
3031 3027 3230 3099 Κύριον
3257 3025 3538 3097 ἐκέκραξα,
3569 3047 3587 3077 ι

347 3123 416 3178 ad
464 3123 700 3177 litteram
729 3124 942 3187 attinet,
970 3123 1099 3177 illud
1127 3142 1140 3177 :
1171 3141 1190 3175 ι
1227 3124 1369 3179 Voce
1397 3141 1518 3181 mea
1541 3128 1607 3180 ad
1636 3127 1917 3180 Dominum

2027 3127 2121 3180 ml.
2152 3125 2214 3178 τὸ
2248 3123 2376 3193 ἑξῆς
2402 3122 2541 3177 κατά
2567 3121 2664 3193 τὴν
2699 3121 2987 3193 συνήθειαν
3017 3123 3115 3192 τῆς
3138 3119 3378 3192 Γραφῆς,
3419 3117 3514 3170 καὶ
3547 3117 3598 3169 τί

347 3216 598 3283 clamavi,
632 3234 651 3267 ι
689 3225 744 3270 et
788 3216 930 3286 quod
972 3210 1226 3286 sequitur
1250 3232 1316 3271 ex
1339 3221 1733 3275 consuetudine
1763 3221 1916 3276 Scri-

348 3317 523 3377 ptura;
577 3307 810 3378 positum
841 3347 857 3372 ,
915 3318 971 3363 et
1017 3323 1116 3362 cur
1161 3308 1264 3363 viri
1323 3304 1499 3365 sancti
1550 3326 1920 3382 saepenumero

347 3406 620 3472 precando
660 3402 726 3456 ad
778 3402 942 3456 Deutn
985 3401 1362 3457 clamaverint.
1396 3403 1723 3458 Atlendalur
1755 3405 1916 3459 etiam

345 3495 412 3548 ad
441 3494 571 3550 illud
615 3495 758 3565 qucd
808 3495 1068 3562 scriptum
1101 3503 1184 3549 est
1215 3504 1444 3550 stantem
1489 3495 1672 3550 Jesum
1718 3497 1921 3552 clama-

347 3585 492 3639 visse
523 3595 578 3639 et
617 3585 818 3640 dixisse
847 3586 889 3616 ⁷¹
921 3604 934 3640 :
974 3603 992 3637 ι
1031 3587 1087 3640 Si
1140 3587 1263 3656 quis
1295 3584 1451 3657 551
1477 3587 1614 3654 sitit,
1639 3591 1823 3642 veniat
1851 3591 1916 3642 ad

346 3690 432 3731 me
448 3685 500 3731 et
517 3677 688 3732 bibat.
713 3695 731 3729 ι
755 3677 922 3732 Nobis
938 3680 1156 3747 quidem
1179 3678 1474 3748 Apostolus
1501 3693 1621 3732 cum
1649 3679 1724 3732 ait
1758 3679 1920 3748 spiri-

347 3782 460 3822 tum
494 3769 876 3824 universaliter
923 3773 974 3823 in
1003 3770 1264 3826 cordibus
1307 3778 1618 3824 sanctorum
1653 3770 1912 3832 clamare,

357 3882 377 3914 ι
411 3862 562 3917 Abba
600 3861 760 3916 Pater
789 3864 857 3926 ",
891 3881 910 3914 ι
945 3863 1282 3935 intelligendi
1332 3863 1674 3917 occasionem
1717 3863 1917 3931 praebet

343 3954 644 4024 spiritalem
687 3969 807 4010 esse
855 3954 1148 4010 clamorem
1193 3955 1283 4024 qui
1332 3955 1654 4020 intenditur,
1707 3955 1908 4025 quique

341 4059 428 4102 est
467 4047 662 4100 animae
710 4060 834 4112 vox,
883 4059 986 4114 qua
1041 4046 1211 4099 utitur
1269 4044 1515 4112 deposito
1566 4059 1772 4114 organo
1821 4061 1918 4114 per

341 4137 484 4207 quod
523 4135 647 4190 talia
678 4135 973 4205 eloquitur.
1023 4135 1088 4188 Et
1135 4145 1390 4205 putamus
1441 4135 1757 4190 rationalem
1805 4136 1916 4192 dis-

340 4243 560 4282 cursum
613 4226 704 4296 qui
756 4227 808 4280 in
863 4227 1144 4281 intellectu
1204 4229 1502 4296 peragitur,
1558 4229 1752 4282 anima:
1793 4241 1914 4282 esse

342 4335 551 4385 vocem,
580 4335 725 4389 quze,
760 4319 803 4374 si
840 4317 1004 4372 fuerit
1030 4317 1284 4372 solertior
1301 4327 1357 4372 et
1380 4320 1446 4373 de
1464 4319 1627 4373 rebus
1653 4329 1914 4388 praestan-

340 4413 600 4476 tioribus,
639 4426 912 4482 non_vero
941 4409 1168 4478 abjectis
1210 4425 1270 4464 et
1315 4399 1612 4464 humilibus
1657 4411 1910 4475 disserat,

2024 3217 2084 3270 τὺ
2133 3215 2392 3279 πολλάκις
2445 3213 2726 3282 γεγονέναι
2775 3215 2888 3274 τοῖς
2943 3211 3116 3280 ἁγίοις
3163 3210 3298 3282 πρὸς
3347 3208 3439 3260 τὸν
3471 3206 3601 3260 Θεὸν

2023 3306 2186 3378 εὐχὴν
2255 3307 2391 3377 μετά
2451 3304 2718 3376 κραυγῆς.
2790 3303 3169 3373 Ἐπιστησάτω
3228 3300 3285 3354 δέ
3342 3317 3429 3362 τις
3480 3301 3598 3352 κατ’

2021 3399 2152 3452 αὐτὸ
2184 3399 2279 3452 καὶ
2335 3394 2583 3468 περὶτοῦ
2619 3393 2828 3448 ἑστῶτα
2866 3393 3195 3466 κεκραγέναι
3240 3393 3332 3447 τὸν
3373 3390 3596 3464 Ἰησοῦν,

2020 3491 2114 3545 καὶ
2162 3489 2358 3557 λέγειν·
2423 3506 2442 3537 ι
2512 3487 2636 3541 Ἐάν
2698 3503 2780 3550 τις
2834 3485 2980 3556 διψᾷ,
3041 3485 3282 3557 ἐρχέσθω
3335 3483 3470 3552 πρὸς
3535 3483 3600 3555 μὲ

2021 3582 2117 3636 καὶ
2167 3582 2385 3635 πινέτω.
2438 3599 2456 3631 ι
2515 3580 2707 3634 Δίὃωσι
2766 3579 2944 3633 τοίνυν
3005 3580 3135 3649 ἡμῖν
3193 3579 3222 3630 6
3283 3575 3600 3638 Ἀπόστολος

2019 3675 2297 3748 ἀφορμάς,
2329 3673 2498 3728 εἰπὼν
2543 3675 2603 3726 τὸ
2635 3674 2856 3744 πνεῦμα
2886 3671 3186 3735 καθολικῶς
3223 3672 3280 3724 ἐν
3319 3673 3438 3734 ταῖς
3466 3688 3598 3743 καρ-

2017 3771 2158 3836 δίαις
2184 3770 2290 3824 τῶν
2318 3769 2488 3837 ἁγίων
2515 3766 2759 3837 κράζειν,
2793 3786 2811 3817 ι
2838 3765 3005 3818 Ἀϐϐά
3027 3767 3056 3818 6
3081 3762 3290 3834 Πατὴρ,
3331 3782 3350 3814 ι
3387 3763 3461 3826 ὡς
3488 3761 3600 3816 ἐστι

2017 3865 2182 3936 νοητὴ
2201 3860 2416 3934 κραυγὴ
2439 3858 2825 3929 ἐπιτεταμένη,
2848 3857 2969 3926 ἥτις
2997 3854 3060 3926 δή
3082 3856 3198 3907 ἐστι
3222 3853 3373 3925 φωνὴ
3396 3851 3595 3922 ψυχῆς,

2016 3953 2050 4032 ᾖ
2083 3957 2220 4028 τάχα
2254 3955 2450 4028 χρῆται
2499 3949 2810 4020 ἀποθεμένη
2839 3949 2900 4001 τὺ
2931 3948 3160 4021 ὄργανον
3192 3945 3258 3999 δι’
3285 3941 3346 4000 οὐ
3375 3944 3598 3998 τοιαῦτα

2019 4052 2202 4118 φωνεῖ.
2237 4048 2348 4100 Καὶ
2383 4042 2606 4116 οἰόμεθά
2635 4058 2700 4110 γε
2735 4039 2832 4111 τὴν
2876 4036 3096 4109 λογικὴν
3129 4035 3360 4100 διέξοδον
3395 4036 3494 4106 τὴν
3538 4038 3596 4088 ἐν

2015 4138 2093 4208 τῷ
2135 4135 2444 4209 ἡγεμονικῷ
2487 4132 2606 4188 κατ’
2643 4130 2772 4185 αὐτὸ
2819 4127 3108 4199 γινομένην
3139 4126 3235 4198 τὴν
3286 4125 3387 4196 τῆς
3419 4124 3595 4195 ψυχῆς

2016 4221 2153 4279 εἶναι
2179 4225 2388 4295 φωνήν·
2421 4223 2455 4294 ἢ
2490 4222 2584 4276 ἐὰν
2612 4220 2668 4273 δέ
2771 4215 3292 4291 πραγματικωτέρα,
3329 4213 3423 4268 καὶ
3467 4214 3594 4283 περὶ
3629 4257 3640 4272 ,

2019 4313 2278 4385 μειζόνων
2308 4311 2470 4365 τινῶν
2493 4310 2588 4364 καὶ
2620 4310 2694 4380 μὴ
2725 4309 2874 4362 κάτω
2903 4305 3170 4376 κειμένων
3202 4304 3295 4356 καὶ
3325 4301 3593 4357 ταπεινῶν

2014 4404 2404 4473 διεξοδεύουσα,
2454 4404 2488 4473 ἡ
2522 4401 2683 4472 νοητὴ
2719 4399 2784 4453 ἂν
2834 4397 2918 4468 εἴη
2956 4398 3192 4472 κραυγή.
3236 4395 3450 4464 Ταύτην
3497 4390 3592 4449 οὖν

337 4504 599 4575 ερὶτίιιιιίε
626 4506 734 4560 erit
765 4505 991 4560 clamor.
1029 4503 1181 4559 llunc
1217 4503 1307 4572 qui
1339 4502 1408 4557 ad
1441 4503 1609 4558 Deum
1641 4505 1908 4558 emittunt

2026 4503 2111 4572 τὴν
2142 4497 2389 4570 κραυγὴν
2429 4497 2478 4548 οἱ
2505 4491 2839 4565 κεκραγότες
2872 4489 3010 4562 πρὸς
3040 4489 3172 4541 Θεὸν
3205 4486 3587 4546 ἐπακούονται,

338 4598 660 4662 clamorem,
684 4598 1082 4662 exaudiuutur,
1114 4597 1218 4651 nisi
1251 4595 1391 4650 forte
1420 4607 1476 4650 ut
1498 4597 1908 4665 praestantiores

337 4705 569 4746 coronas
643 4691 696 4745 in
766 4690 1065 4759 majoribus
1143 4690 1534 4745 certaminibus
1597 4691 1908 4760 accipiant,

335 4783 518 4837 divina
565 4783 968 4853 dispensatione
1012 4783 1489 4853 derelinquantur,
1542 4783 1901 4852 quemadmo-

333 4875 463 4926 dum
493 4872 544 4926 in
580 4873 830 4930 Habacuc
861 4877 1126 4946 scriptum
1159 4885 1244 4931 est
1279 4876 1324 4906 ⁷³
1351 4889 1366 4927 :
1411 4893 1429 4926 ι
1464 4874 1778 4945 Usquequo,
1807 4873 1905 4928 Do-

334 4965 504 5030 mine,
553 4965 816 5032 elamabo,
861 4977 917 5023 et
957 4983 1063 5021 non
1097 4967 1398 5023 exaudies?
1433 4966 1790 5021 Vociferabor
1832 4968 1900 5021 ad

333 5068 387 5112 te
414 5058 520 5110 vim
558 5057 791 5128 patiens,
841 5069 897 5114 et
947 5074 1052 5113 non
1108 5059 1348 5114 salvabis
1390 5057 1514 5112 me?
1555 5057 1663 5111 Cur
1709 5066 1900 5112 osten-

331 5153 462 5207 disti
510 5152 646 5208 mihi
693 5152 972 5208 molestias
1017 5161 1072 5208 et
1124 5152 1362 5219 labores,
1404 5160 1466 5206 ut
1518 5150 1799 5206 miseriam
1847 5161 1903 5205 et

331 5244 664 5316 impietatem
705 5245 1107 5316 aspicerem?»
1149 5243 1306 5299 Hunc
1345 5244 1642 5299 clamorem
1683 5245 1735 5297 in
1777 5259 1897 5296 ma-

329 5337 448 5408 gnis
473 5339 706 5394 decretis
733 5355 948 5410 semper
972 5338 1134 5394 etiam
1170 5336 1372 5392 emittit
1405 5336 1675 5390 Salvator.
1711 5337 1802 5391 Sic
1844 5349 1897 5393 et

2016 4591 2153 4662 πλὴν
2187 4591 2234 4642 εἰ
2276 4589 2349 4660 μὴ
2387 4588 2503 4642 κατ’
2537 4584 2846 4655 οἰκονομίαν
2879 4580 3289 4636 καταλείποιντο
3329 4578 3467 4650 ὑπὲρ
3496 4578 3590 4630 τοῦ

2017 4685 2266 4756 μείζονας
2306 4678 2601 4750 στεφάνους
2648 4678 2705 4748 ἐν
2743 4673 2983 4746 μείζοσιν
3032 4670 3236 4741 ἀγῶσιν
3279 4669 3586 4736 ἀπενέγκα-

2015 4778 2161 4839 σθαι,
2191 4775 2380 4845 ὦσπερ
2410 4775 2468 4826 ἐν
2491 4770 2569 4842 τῷ
2597 4769 2919 4840 Ἀμΰακοὺμ.
2951 4766 3184 4838 εἴρηται⁶
3210 4783 3227 4814 ι
3257 4764 3398 4826 Ἕως
3423 4762 3585 4825 τίνος,

2010 4871 2204 4942 Κύριε,
2239 4866 2598 4940 κεκράξομαι,
2635 4863 2728 4917 καὶ
2758 4863 2818 4916 οὐ
2857 4860 2930 4932 μὴ
2960 4857 3283 4929 είσακούσῃ;
3313 4857 3587 4927 Βοήσομαι

2010 4965 2146 5034 πρὸς
2175 4961 2235 5014 σέ
2280 4956 2653 5028 ἀδικούμενος,
2689 4955 2785 5008 καὶ
2822 4953 2882 5006 οὐ
2921 4949 3114 5013 σώσεις
3146 4965 3244 5020 με;
3290 4949 3408 5001 Ἵνα
3438 4946 3488 4998 τί
3529 4945 3587 4999 δέ

2011 5075 2100 5130 μοι
2136 5056 2341 5120 ἔδειξας
2371 5054 2576 5116 κόπους
2613 5050 2707 5105 καὶ
2749 5049 2962 5111 πόνους,
2999 5045 3310 5099 ἐπιϐλέπειν
3357 5044 3448 5095 ἐπὶ
3487 5059 3584 5094 ταο

2007 5149 2307 5220 λαιπωρίαν
2341 5149 2433 5203 καὶ
2457 5144 2739 5207 ἀσέϐειαν;
2793 5160 2812 5195 ι
2852 5139 3068 5209 Ταύτην
3099 5137 3155 5190 δὲ
3188 5138 3286 5208 τὴν
3336 5135 3582 5206 κραυγὴν

2007 5247 2066 5298 ἐν
2100 5243 2353 5312 μεγάλοις
2396 5239 2662 5308 δόγμασιν
2707 5233 2795 5288 ἀεὶ
2824 5230 3111 5296 διεξοδεύει
3156 5233 3248 5282 καὶ
3291 5230 3319 5281 6
3353 5227 3576 5297 Σωτήρ·

2006 5339 2150 5392 οὕτω
2174 5336 2230 5390 δὲ
2253 5318 2486 5404 ἔστηκεν
2517 5331 2546 5384 6
2575 5329 2747 5398 Λόγος
2775 5324 2868 5379 τοῦ
2898 5322 3032 5378 Θεοῦ
3057 5323 3143 5376 ἀεὶ
3173 5318 3479 5393 κεκραγὼς,
3501 5315 3580 5380 ὡς

396 5501 439 5533 τ’
469 5497 630 5556 Joan.
662 5513 762 5564 vu,
788 5500 878 5554 57.
953 5499 998 5530 τ’
1029 5497 1189 5554 Rom.
1222 5513 1343 5565 vtu,
1377 5497 1464 5555 15.
1541 5498 1586 5529 ⁷³
1610 5497 1816 5554 Hahae.
1847 5505 1917 5570 1,1

2029 5513 2045 5558 l
2073 5518 2229 5573 seqq.

397 5635 510 5709 (85)
543 5637 742 5704 Ἄξιον
783 5632 1052 5705 ζητῆσαι,
1113 5644 1217 5692 etc.
1269 5631 1448 5690 Codex
1503 5633 1884 5704 Baroccianus,
1941 5638 2250 5707 partimque
2301 5630 2618 5690 Corderius.
2674 5625 2866 5683 Latine
2917 5627 3139 5681 exstant
3195 5617 3334 5692 apud
3376 5612 3572 5675 Barba-

329 5721 388 5759 I'll
402 5723 474 5764 ιιι.
