3834 6388
297 241 438 296 ΙΙὶὸ

1287 240 1594 297 SELECTA
1631 239 1700 295 IN
1738 240 2076 298 PSALMOS.
2111 275 2179 284 —
2211 242 2406 301 PSAL.
2443 246 2532 302 lll.

3399 251 3537 308 1126

287 363 383 418 καὶ
410 361 559 433 παρὰ
591 359 668 433 τῷ
693 359 996 431 Σολομῶντι
1024 361 1056 432 ἡ
1086 359 1266 429 σοφία,
1297 361 1419 430 ἥτις
1447 362 1478 432 ἡ
1517 360 1655 434 αὑτὴ
1690 362 1849 434 ὑπάρ-

1973 373 2125 418 stans
2163 364 2252 418 Dei
2304 365 2534 420 Verbum
2576 382 2789 438 semper
2819 368 3038 433 clamat,
3084 370 3532 438 quemadmodum

288 471 371 525 χει
397 452 476 524 τῷ
497 453 655 524 Λόγῳ
686 452 780 506 τοῦ
808 452 942 505 Θεοῦ
971 453 1111 506 κατὰ
1138 452 1237 524 τὴν
1268 452 1587 516 ὑπόστασιν,
1625 453 1864 507 καλοῦσα

290 547 430 618 μετὰ
474 545 678 616 ὑψηλοῦ
729 544 1082 617 κηρύγματος
1129 545 1222 598 ἐπὶ
1269 546 1542 618 κρατῆρα,
1596 545 1860 614 λέγουσιν.⁵

291 655 310 688 ι
357 637 457 700 ’⁷ος
488 637 636 689 ἐστιν
671 635 826 706 ὑμῶν
869 635 1080 706 ἄφρων,
1121 635 1422 690 ἐκκλινάτω
1464 635 1598 709 πρὸς
1646 637 1744 706 μέ·
1779 637 1865 691 ἐν-

283 725 433 780 δεέσι
465 725 522 779 δέ
576 724 787 798 φρενῶν
833 725 1274 796 παρακελεύομαι
1311 726 1577 794 λέγουσαο
1619 726 1860 793 Ἕλθετε,

284 819 488 888 φάγετε
515 817 622 871 τῶν
649 817 795 888 ἐμῶν
821 818 1019 889 ἄρτων,
1044 818 1136 871 καὶ
1166 805 1315 871 πίετε
1339 814 1478 872 οἶνον
1501 819 1558 872 ὃν
1584 820 1861 892 κεκέρακα

282 911 436 981 ὑμῖν.
477 928 496 961 ο
544 909 608 961 Ἦ
638 907 788 979 φωνὴ
814 908 1099 980 τοιγαροῦν
1128 908 1222 963 τοῦ
1254 909 1395 963 κατὰ
1425 909 1514 963 τὸν
1541 909 1752 981 ψαλμὸν
1773 911 1861 964 λέ-

281 1017 472 1070 γοντος
495 999 856 1070 ἐπιτεταμένη
879 999 1012 1069 πρὸς
1039 999 1242 1072 Κύριον
1274 1001 1623 1065 ἐπακούεται,
1646 1003 1745 1055 οὐκ
1770 1001 1861 1056 ἄλ-

281 1093 436 1148 λοθέν
475 1094 636 1148 ποθεν
670 1093 702 1164 ἢ
738 1096 802 1147 ἐκ
834 1093 926 1146 τοῦ
959 1093 1118 1163 ὅρους
1149 1095 1240 1148 τοῦ
1284 1096 1460 1164 ἁγίου,
1492 1096 1768 1149 τουτέστιν
1801 1094 1860 1160 ἐξ

279 1187 535 1260 ούρανοῦ,
567 1187 688 1242 ἐπεὶ
719 1187 812 1242 καὶ
846 1189 903 1241 ἐν
933 1188 1111 1252 ἄλλοις
1144 1187 1380 1258 λέγεται·
1411 1209 1428 1240 ι
1467 1189 1858 1243 Ἐπακούσεται

281 1281 448 1336 αὑτοῦ
473 1280 531 1345 ἐξ
559 1279 786 1351 ούρανυῦ
814 1281 966 1350 ἁγίου
988 1280 1170 1335 αὑτοῦ.
1205 1301 1223 1333 ι
1249 1283 1358 1335 Καὶ
1379 1281 1436 1348 ἐξ
1460 1280 1625 1352 ὕψους
1648 1281 1855 1346 ἀκούει,

283 1373 406 1425 ἐπεί⁵
436 1372 767 1443 γέγραπται·
810 1391 830 1423 ι
882 1371 1270 1426 Ἐπακούσεται
1300 1371 1460 1426 αὐτοῦ
1488 1372 1547 1438 ἐξ
1572 1372 1739 1444 ὕψους
1765 1374 1858 1428 uel.

280 1465 345 1518 ἐκ
374 1463 504 1518 ναοῦ
533 1463 687 1532 ἁγίου
721 1463 905 1518 αὐτοῦ.
950 1483 970 1516 ι

359 1555 510 1626 Ἐγὼ
547 1555 893 1625 sumam,
925 1556 1024 1610 καὶ
1061 1555 1314 1612 ὕπνωσα
1335 1574 1348 1588 ·
1386 1556 1734 1629 ἐξηγέρθην,
1767 1558 1856 1613 ὅτι

276 1650 494 1717 Κύριος
517 1649 911 1718 ἀντιλήψεται
933 1666 1072 1718 μου,
1097 1667 1150 1703 κ.
1181 1667 1229 1706 τ.
1264 1651 1310 1704 ὲ.
1349 1651 1538 1722 Ἡμεῖς
1565 1653 1662 1722 μὲν
1691 1652 1855 1724 ήγού-

1972 465 2028 511 et
2079 458 2218 525 apud
2264 457 2610 514 Salomonem
2650 461 2910 530 sapientia
2942 477 3064 532 qua!
3105 462 3400 517 secundum
3438 464 3536 536 hy-

1970 545 2229 614 postasim
2257 547 2446 600 eadem
2483 556 2568 602 est
2611 563 2674 604 ac
2719 551 2956 605 Verbum
2990 553 3107 618 Dei,
3142 553 3381 608 inritans
3409 569 3532 608 cum

1972 649 2170 704 magno
2201 635 2440 690 clamore
2466 639 2534 691 ad
2568 638 2838 706 poculum,
2877 641 3008 695 dicit
3030 642 3118 696 ’δε
3160 664 3178 694 ι
3217 644 3272 698 Si
3309 645 3433 712 quis
3455 655 3538 701 est

1971 725 2251 795 insipiens,
2305 726 2546 782 declinet
2580 731 2646 781 ad
2685 744 2790 795 me,
2837 740 2893 785 et
2939 731 3121 786 stultis
3155 734 3412 802 praacipio
3449 736 3534 788 di-

1966 831 2151 872 cens:
2201 818 2420 884 Venite,
2477 822 2747 876 comedite
2805 838 2973 892 panes
3026 839 3196 891 meos,
3251 835 3303 878 et
3364 827 3536 880 bibite

1967 897 2150 965 vinum
2186 911 2329 979 quod
2365 911 2553 966 miscui
2588 913 2762 970 vobis.
2806 934 2824 966 ι
2867 914 3052 984 Itaque
3089 917 3178 985 qui
3228 917 3280 969 in
3327 917 3536 984 ps'almo

1967 1003 2034 1057 ad
2088 1003 2255 1058 Deum
2311 1018 2499 1058 vocem
2553 1004 2808 1072 intendit,
2860 1021 2966 1060 non
3012 1007 3229 1062 aliunde
3287 1024 3448 1077 quam
3500 1023 3533 1062 a

1967 1109 2150 1153 monte
2185 1107 2400 1164 sancto,
2433 1099 2536 1154 hoc
2570 1110 2649 1154 est
2683 1115 2712 1154 e
2742 1101 2895 1163 coelo,
2931 1103 3246 1168 exauditur,
3284 1104 3534 1173 quando-

1965 1191 2181 1260 quidem
2212 1191 2340 1246 alibi
2377 1207 2593 1262 quoque
2634 1192 2836 1248 dicitur
2878 1196 2925 1227 "
2969 1214 2982 1251 :
3023 1215 3042 1248 ι
3075 1197 3337 1252 Exaudiet
3376 1197 3530 1251 illttm

1965 1284 2030 1336 de
2056 1284 2194 1338 cmlo
2223 1293 2411 1341 sancto
2439 1299 2555 1340 suo.
2591 1307 2609 1338 ι
2643 1288 2723 1341 Ex
2751 1288 2967 1342 sublimi
3004 1305 3221 1360 quoque
3261 1291 3528 1344 exaudit:

1965 1390 2087 1429 nam
2124 1377 2387 1444 scriptum
2429 1387 2552 1434 est:
2588 1398 2606 1430 ι
2646 1380 2910 1436 Exaudiet
2953 1381 3126 1450 ipsum
3163 1381 3230 1436 ab
3263 1381 3373 1437 alto
3411 1393 3466 1438 et
3497 1396 3530 1436 α

1967 1467 2170 1536 templo
2199 1477 2392 1524 sancto
2426 1485 2544 1525 suo.
2585 1489 2604 1522 ›

2033 1558 2194 1614 Vens.
2227 1559 2280 1614 6.
2309 1559 2422 1631 Ego
2449 1562 2675 1617 dormivi
2695 1572 2744 1618 et
2767 1573 3045 1633 separatus
3062 1581 3201 1629 sum,
3227 1567 3530 1634 exsurrexi,

1961 1654 2085 1722 quia
2120 1651 2375 1706 Dominus
2408 1655 2657 1724 suscipiet
2695 1671 2798 1722 me,
2833 1667 2940 1711 etc.
2989 1655 3096 1711 Nos
3123 1658 3339 1726 quidem
3385 1659 3532 1712 arbi-

281 1741 424 1812 μεθα
453 1740 561 1814 (86)
597 1741 760 1812 μηδὲν
792 1741 1130 1814 ἀνθρώπινον
1165 1743 1306 1814 ἔχειν
1335 1742 1402 1796 τὰ
1431 1743 1700 1813 λεγόμενα
1730 1746 1849 1799 ἀκό-

1963 1753 2169 1797 tramur
2201 1742 2336 1796 nihil
2375 1742 2492 1798 haec
2521 1743 2722 1798 habere
2761 1744 3058 1799 humanum
3086 1749 3228 1815 quod
3261 1756 3529 1815 congruat

277 1835 466 1889 λουθον
498 1838 565 1906 τῇ
597 1835 724 1906 περὶ
755 1835 844 1888 τὸν
874 1835 1054 1898 Δαυῒδ,
1085 1836 1172 1889 ὅτε
1202 1835 1397 1905 ἔφυγεν
1423 1836 1532 1889 ἀπὸ
1565 1837 1854 1908 προσώπου

287 1927 663 2000 Ἀϐεσσαλὼμ,
716 1928 941 2002 ἱστορίᾳ,
995 1930 1042 1982 εί
1087 1927 1334 2000 θέλοιμεν
1380 1930 1613 2000 τηρῆσαι
1661 1929 1748 1984 διὰ
1795 1930 1856 1984 τὸ

277 2022 442 2095 ῥητὸν
472 2022 532 2075 τὸ
561 2022 655 2076 τού
694 2023 857 2076 Δαυῒδ
881 2023 1190 2095 πρόσωπον,
1215 2022 1310 2076 καὶ
1339 2022 1426 2076 διὰ
1451 2023 1610 2076 τοῦτό
1638 2041 1702 2092 γε
1731 2023 1856 2077 δυσ-

273 2115 602 2186 ωπήσαιμεν
635 2113 701 2168 ἂν
735 2115 829 2168 καὶ
858 2117 984 2179 τοὺς
1024 2115 1098 2187 μὴ
1135 2113 1488 2185 βουλομένους
1521 2115 1857 2185 ἀναγκάζον-

272 2221 368 2270 τες
395 2207 615 2276 ἀνάγειν
648 2209 746 2280 τὴν
782 2209 1019 2280 ἱστορίαν
1058 2209 1152 2262 καλ⁸
1183 2208 1504 2280 προσίεσθαι
1541 2209 1757 2274 πάντως
1789 2212 1854 2263 ἐκ

273 2297 568 2371 προσώπου
584 2298 821 2372 Χριπού
838 2296 976 2354 εἶναι
993 2298 1063 2352 τὰ
1083 2298 1544 2370 ἐπαγγελλόμενα.
1566 2301 1680 2354 Ἵνα
1693 2300 1750 2354 δὲ
1779 2301 1851 2373 μὴ

272 2388 520 2459 δοκῶμεν
551 2389 856 2461 προδιδόναι
882 2389 972 2443 τὸν
1002 2389 1158 2459 λόγον
1187 2389 1277 2444 τὸν
1305 2390 1446 2443 κατὰ
1473 2391 1533 2443 τὸ
1565 2391 1724 2462 ῥητὸν
1760 2390 1852 2443 δυ-

271 2481 506 2553 νάμενον
539 2480 828 2548 σώζεσθαι,
861 2483 953 2536 καὶ
979 2481 1153 2537 ταῦτα
1183 2483 1400 2536 λεκτέον
1419 2500 1432 2513 ·
1461 2483 1644 2553 Φαμὲν
1674 2483 1852 2536 τοίνυν

271 2575 440 2630 αὐτοῦ
483 2576 888 2648 κατηγοροῦντα
931 2576 1021 2630 τὸν
1058 2576 1219 2630 Δαυῖδ
1259 2576 1434 2631 ταῦτα
1478 2576 1708 2646 φάσκειν
1759 2575 1852 2629 ἐπὶ

269 2669 350 2740 τῷ
380 2669 454 2741 μὴ
480 2669 836 2740 ἐγρηγορέναι
880 2668 1040 2722 αὐτὸν
1079 2669 1212 2742 περὶ
1249 2669 1351 2739 τῆς
1382 2669 1676 2740 βασιλείας,
1718 2669 1852 2741 μηδὲ

270 2762 547 2836 προσοχὴν
578 2763 675 2834 τὴν
712 2762 936 2816 δέουσαν
964 2763 1295 2832 εἰσαγαγεῖν,
1323 2761 1462 2815 ὥστε
1491 2761 1676 2834 καιρὸν
1708 2761 1851 2832 ἔχειν

272 2855 559 2910 ἐπιθέσθαι
603 2856 724 2927 μὲν,
750 2855 878 2910 τάδε
919 2855 1242 2909 πεπονθέναι
1273 2855 1434 2909 αὑτὸν
1479 2854 1568 2908 διὰ
1595 2854 1694 2924 τῆς
1728 2856 1850 2908 ἐπι-

275 2946 480 3012 θέσεως
535 2947 627 3000 τοῦ
689 2946 1062 3018 Ἀὅεσσαλὼμ.
1120 2946 1284 3019 Ἐμοῦ
1327 2946 1438 3018 γὰρ
1482 2946 1846 3018 κοιμωμένου,

270 3039 427 3109 φησι,
458 3039 553 3090 καὶ
578 3036 868 3100 ὑπνοῦντος
891 3037 1016 3091 τάδε
1039 3036 1158 3090 τινὰ
1192 3035 1503 3108 συμϐέϐηκέ
1535 3052 1643 3106 μοι.
1689 3033 1847 3087 Ἀλλὰ
1873 3077 1918 3140 c

266 3130 573 3202 διανέστην,
610 3131 730 3182 ἐπεὶ
759 3128 963 3202 Κύριος
991 3128 1338 3201 ἀντιλήψεταί
1379 3145 1501 3198 μου,
1545 3127 1636 3182 καὶ
1667 3127 1847 3181 διανα-

269 3223 404 3286 στὰς
429 3222 703 3297 μυριάδων
729 3222 858 3275 λαοῦ
884 3221 1220 3293 ἐπιθεμένων
1248 3239 1336 3292 μοι
1355 3221 1414 3273 ού
1445 3218 1843 3291 φοϐηθήσομαι.

269 3316 381 3370 Καὶ
425 3315 697 3378 ά6ιὰστως
739 3313 808 3366 τὰ
853 3315 980 3384 ἑξῆς
1026 3313 1166 3380 δόξει
1201 3311 1502 3378 σώζεσθαιο
1545 3314 1639 3367 καὶ
1674 3313 1846 3368 ταῦτα

269 3410 370 3482 μὲν
419 3407 700 3480 ἡγούμεθα
756 3406 832 3470 ὡς
881 3405 1016 3478 πρὸς
1069 3405 1167 3478 τὴν
1215 3404 1362 3470 λέξιν
1425 3404 1842 3477 ἑρμηνεύεσθαι,

268 3499 405 3572 πρὸς
428 3498 485 3552 δέ
512 3496 821 3567 ἀναγωγὴν,
848 3495 924 3559 ὡς
955 3495 1384 3567 προειρήκαμεν,
1415 3495 1522 3548 ἀπὸ
1554 3493 1844 3566 προσώπου

265 3593 473 3666 Κυρίου
504 3590 675 3646 ταῦτα
700 3588 1133 3659 ἀπαγγέλλεσθαι
1163 3587 1260 3660 τὴν
1299 3587 1712 3660 Ξδίαννκοίμησιν
1750 3588 1845 3643 νῦν

263 3684 643 3757 διηγουμένου,
673 3683 767 3736 καὶ
791 3681 956 3736 ὕπνον
978 3681 1070 3735 τὸν
1093 3679 1236 3734 κατὰ
1261 3680 1323 3733 τὸ
1351 3679 1542 3744 πάθος.
1594 3681 1846 3734 Ἐπισκε-

263 3776 499 3848 ψώμεθα
526 3775 590 3847 δὴ
624 3775 886 3846 πρότερον
922 3771 1186 3844 διαφορὰν
1219 3773 1527 3844 κοιμήσεως
1551 3771 1645 3826 καὶ
1674 3771 1842 3825 ὕπνου

265 3867 622 3939 νομιζομένου
653 3869 727 3932 ὡς
759 3866 894 3938 πρὸς
923 3865 1018 3937 τὴν
1049 3865 1222 3930 λέξινο
1265 3865 1522 3937 κοίμησιν
1570 3865 1668 3936 μὲν
1701 3860 1843 3918 εἶναι

263 3961 342 4024 ὡς
367 3961 503 4032 πρὸς
527 3960 627 4032 τὴν
657 3958 908 4031 ἡσυχίαν,
957 3959 1086 4029 περὶ
1122 3951 1189 4028 ἧς
1223 3958 1315 4011 καὶ
1359 3959 1387 4011 ό
1427 3955 1640 4019 Παῦλός
1673 3973 1838 4027 φησι·

268 4071 290 4106 ι
344 4054 552 4117 Πάντες
601 4049 1070 4123 κοιμηθησόμεθα,
1113 4050 1173 4103 οὐ
1217 4050 1415 4114 πάντες
1447 4049 1504 4102 δέ
1536 4049 1842 4120 ἀλλαγησό-

267 4147 438 4220 μεθαο
479 4166 498 4198 ι
533 4145 700 4200 ὕπνον
733 4145 790 4198 δέ
819 4145 1003 4198 ἄνεσιν
1035 4143 1136 4213 τῆς
1168 4142 1344 4213 ψυχῆς
1373 4142 1691 4214 χαλωμένης
1733 4143 1842 4196 ἀπὸ

262 4238 359 4291 τοῦ
392 4235 643 4308 σώματος
673 4237 764 4289 καὶ
791 4235 888 4306 τὴν
916 4235 1072 4289 τάσιν
1103 4234 1497 4305 ύπεκλυούσης,
1525 4231 1604 4304 τῷ
1639 4232 1714 4304 μὴ
1747 4233 1842 4301 τρέ-

268 4346 382 4402 ρειν
413 4327 756 4382 ἀδιάλειπτον
783 4327 874 4380 τὸν
899 4325 1070 4380 τόνον.
1125 4325 1213 4378 Ἐν
1241 4325 1298 4378 δέ
1329 4323 1405 4396 τῷ
1449 4323 1567 4378 Ἰὼϐ
1607 4323 1841 4395 μάλιστα

1959 1837 2080 1889 etim
2133 1833 2351 1889 Davidis
2411 1835 2638 1890 historia
2690 1836 2945 1905 fugientis
2981 1853 3012 1892 a
3060 1837 3199 1893 facie
3245 1839 3527 1901 Absalom.

1960 1928 2004 1982 si
2059 1927 2397 1983 voluerimus
2453 1938 2678 1998 propter
2731 1928 2967 1982 litteram
3034 1943 3259 1982 scrvare
3311 1929 3528 1986 Davidis

1957 2033 2246 2087 personam
2272 2059 2287 2086 ,
2341 2030 2396 2074 et
2439 2033 2724 2091 propterea
2777 2021 2967 2089 pudori
3021 2021 3176 2076 nobis
3219 2023 3292 2076 sit
3331 2037 3528 2093 cogere

1957 2111 2159 2167 invitos
2202 2113 2346 2168 hanc
2384 2113 2667 2168 historiam
2702 2113 2767 2166 ad
2789 2113 3087 2182 spiritalem
3118 2129 3338 2171 sensum
3365 2131 3527 2172 revo-

1955 2217 2114 2270 care,
2172 2212 2228 2259 et
2280 2205 2505 2259 omnino
2565 2206 2720 2260 fateri
2770 2207 2883 2262 haec
2928 2222 2993 2261 ex
3045 2221 3274 2275 persona
3319 2205 3524 2261 Christi

1955 2295 2096 2349 dicta
2133 2309 2272 2352 esse.
2305 2295 2384 2352 Ne
2429 2306 2606 2352 tamen
2657 2298 2943 2353 videamur
2995 2313 3302 2352 sermonem
3359 2299 3524 2352 dere-

1954 2386 2202 2456 linquere
2228 2387 2320 2458 qui
2351 2389 2653 2444 seeundum
2682 2388 2919 2444 litteram
2950 2391 3156 2445 servari
3183 2398 3380 2460 potest,
3410 2389 3524 2442 haec

1953 2497 2170 2552 quoque
2212 2482 2436 2537 dicenda
2471 2492 2598 2538 sunt
2625 2501 2637 2537 :
2673 2481 2876 2551 Nempe
2908 2483 3255 2550 semetipsum
3286 2481 3370 2535 Itis
3399 2495 3524 2534 ver-

1954 2573 2037 2629 bis
2067 2589 2328 2630 accusare
2357 2574 2636 2640 Davidem,
2684 2587 2750 2628 eo
2800 2575 2945 2643 quod
2990 2573 3144 2642 regni
3184 2588 3370 2626 curam
3413 2585 3520 2626 non

1953 2664 2235 2729 habuerit,
2280 2674 2334 2718 et
2368 2663 2438 2718 ita
2479 2661 2643 2716 oﬂicii
2685 2662 2961 2732 negligens
3013 2663 3195 2729 fuerit,
3245 2673 3305 2716 ut
3348 2659 3524 2717 rebelo

1953 2753 2100 2808 laudi
2142 2754 2480 2810 occasionem
2528 2761 2718 2807 nactus
2757 2753 2829 2806 sit
2871 2753 3150 2817 Absalom,
3186 2762 3239 2808 et
3270 2753 3393 2808 inde
3423 2751 3524 2808 has

1952 2845 2001 2900 ei
2062 2845 2338 2900 molestias
2388 2844 2661 2914 pariendi.
2710 2843 2840 2898 Mihi
2898 2845 3066 2908 enim,
3134 2846 3330 2915 inquit,
3395 2845 3523 2902 dor—

1953 2937 2142 2992 mlenli
2192 2946 2248 2993 et
2295 2946 2551 3005 soporato
2593 2937 2707 2990 haec
2748 2935 3120 3006 contigerunt.
3159 2936 3264 2991 Sed
3303 2948 3520 2992 erectus

1953 3042 2096 3090 sum,
2122 3027 2247 3096 quia
2283 3027 2540 3081 Dominus
2584 3025 2846 3095 suscipiet
2896 3041 3001 3091 me,
3053 3035 3107 3081 et
3149 3035 3366 3082 erectus
3409 3043 3519 3082 non

1951 3118 2113 3190 552
2151 3115 2626 3181 timebo.'etiamsi
2660 3117 2850 3171 decem
2899 3116 3065 3170 millia
3111 3119 3291 3186 populi
3341 3119 3521 3172 insur-

1951 3221 2074 3280 gant
2114 3211 2400 3264 adversum
2436 3224 2542 3264 me.
2580 3209 2674 3264 Sic
2701 3210 2820 3264 sine
2850 3208 2956 3262 ulla
2997 3211 3072 3273 vi,
3122 3225 3243 3279 quae
3282 3225 3520 3282 sequun-

1954 3312 2044 3357 tur
2073 3302 2406 3356 videbuntur
2431 3301 2639 3356 servari
2667 3317 2683 3366 ;
2734 3309 2789 3355 et
2824 3300 2939 3353 haec
2987 3301 3226 3370 quidem,
3256 3312 3518 3371 quantum

1949 3397 2013 3451 ad
2049 3397 2283 3451 litteram
2323 3396 2540 3463 attinet,
2589 3395 2921 3449 arbitramur
2965 3395 3244 3463 explicari.
3290 3396 3382 3449 sed
3429 3409 3519 3448 se-

1949 3488 2186 3543 cundum
2239 3487 2539 3558 spiritalem
2591 3502 2810 3543 sensum
2867 3502 2932 3542 ex
2996 3501 3228 3557 persona
3298 3485 3514 3540 Domini

1947 3580 2078 3646 dici,
2111 3581 2205 3651 qui
2239 3579 2516 3650 prepriam
2561 3593 2712 3634 suam
2767 3580 3155 3634 dormitionem
3207 3586 3413 3640 narrat,
3462 3583 3519 3632 et.

1947 3689 2198 3730 somnum
2230 3687 2390 3742 quem
2443 3680 2688 3740 tempore
2723 3670 2995 3737 passionis
3043 3668 3256 3723 habuit.
3295 3667 3514 3737 Expen-

1946 3767 2140 3820 damus
2159 3773 2342 3818 autem
2375 3763 2524 3834 prius
2561 3763 2909 3818 dormitionis
2935 3761 3228 3815 discrimen
3256 3769 3312 3815 et
3335 3759 3513 3814 somni

1945 3859 2240 3914 secundum
2278 3856 2513 3910 litteram
2539 3855 2769 3925 accepti.
2817 3853 3080 3909 Dormitio
3111 3863 3192 3908 est
3219 3867 3316 3908 ceu
3345 3851 3515 3907 silen-

1947 3953 2080 4006 timn
2135 3951 2201 4006 de
2239 3937 2354 4020 'quo
2379 3948 2596 4015 iPaulus
2633 3949 2709 4002 ait
2737 3948 2820 4001 ἠε
2861 3965 2880 3996 ι
2916 3945 3117 4001 Omnes
3157 3943 3521 4008 dormiemus,

1943 4045 2036 4101 sed
2066 4059 2170 4098 non
2193 4040 2848 4104 omnesimmutabimur;
2887 4059 2906 4093 ι
2943 4053 3167 4094 somnus
3202 4047 3287 4092 est
3315 4037 3515 4091 animat

1952 4134 2200 4189 remissio
2231 4149 2259 4187 a
2292 4147 2524 4202 corpore
2551 4131 2825 4196 relaxatae,
2865 4138 2920 4186 et
2952 4130 3310 4184 intensionem
3336 4127 3514 4182 seclu-

1945 4225 2146 4291 dentis,
2189 4225 2332 4295 quod
2364 4222 2760 4280 indesinentem
2794 4233 3040 4278 tenorem
3075 4237 3182 4276 non
3212 4221 3374 4275 ferat.
3399 4218 3515 4274 Hoc

1943 4315 2234 4370 discrimen
2287 4315 2339 4370 in
2387 4313 2489 4370 Job
2543 4324 2797 4384 putamus
2848 4315 2988 4368 tradi
3040 4311 3124 4366 his
3171 4311 3352 4364 verbis
3403 4309 3448 4340 "
3491 4323 3510 4362 :

263 4424 362 4495 τὴν
395 4422 652 4493 διαφορὰν
699 4418 1063 4492 παρίστασθαι
1101 4417 1552 4489 ὑπολαμϐάνομεν
1593 4415 1681 4470 διὰ
1718 4414 1838 4468 τού-

1955 4405 2154 4461 ιΝυηο
2193 4407 2380 4474 utique
2415 4407 2688 4462 dormiens
2736 4405 3098 4475 quiescerem,
3151 4409 3206 4456 et
3257 4414 3508 4454 somnum

1955 4515 1962 4516 ,
1987 4515 1994 4516 ,
2047 4499 2058 4516 ς
2077 4513 2088 4516 Α
2119 4513 2158 4516 ν-
2221 4513 2272 4516 _-
2293 4497 2372 4516 ,,,,!
2390 4513 2405 4516 -
2455 4514 2467 4516 _
2487 4513 2568 4516 -ﬂ-
2593 4514 2625 4516 __
2688 4511 2798 4516 _,e,-
2871 4512 2895 4516 _
2917 4497 3084 4516 ι-ει---..
3186 4491 3507 4516 ..Α-ηζιειι-κ..

263 4491 405 4564 τῶν*
447 4529 465 4561 ι
499 4491 618 4562 νΝὕν
658 4509 723 4562 ἂν
763 4491 1044 4580 κοιμηθεὶς
1077 4507 1354 4578 ἡσύχασα“
1393 4505 1648 4569 ὑπνώσας
1675 4505 1731 4558 δὲ
1771 4504 1837 4559 ἂν

1955 4499 2165 4568 :apiens
2221 4497 2632 4569 requiescercm
2679 4511 2804 4552 cum
2871 4497 3126 4562 regibus,
3183 4491 3554 4546 consiliariis-

263 4602 590 4672 ἐπαυσάμην
633 4598 768 4671 μετὰ
794 4597 1076 4668 βασιλέων,
1109 4595 1407 4667 βουλευτῶν
1432 4595 1552 4666 γῆς.
1591 4613 1609 4645 ι
1655 4593 1839 4664 Ἐδεή-

1942 4602 2121 4646 teme.
2153 4611 2174 4645 ι
2221 4589 2368 4661 Opus
2427 4601 2607 4645 autem
2660 4587 2814 4644 nobis
2866 4587 2967 4640 fuit
2998 4585 3314 4640 discriminc
3357 4583 3504 4654 quod

264 4695 439 4766 θημεν
465 4694 520 4748 δέ
555 4694 652 4764 τῆς
683 4693 942 4763 διαφορᾶς
973 4688 1068 4743 τοῦ
1101 4687 1426 4760 κοιμηθῆναι
1462 4687 1555 4742 καὶ
1596 4686 1840 4740 ύπνῶσαι

1955 4691 2022 4736 :st
2056 4683 2219 4747 inter,
2266 4699 2285 4732 ι
2319 4682 2579 4744 dormire,
2617 4699 2634 4731 ι
2664 4688 2737 4745 et,
2769 4697 2787 4730 ι
2825 4691 3073 4732 somnum
3125 4690 3350 4745 capere,
3385 4692 3408 4727 ι
3448 4685 3510 4728 ut

261 4789 404 4858 ὑπὲρ
441 4785 532 4838 τοῦ
570 4784 804 4838 συνιέναι
834 4782 950 4846 πῶς
978 4781 1042 4836 ἂν
1071 4781 1161 4835 ἐπὶ
1188 4780 1278 4834 τοῦ
1310 4779 1562 4849 Σωτῆρος
1589 4777 1726 4848 αὕτη
1751 4777 1843 4849 δη-

260 4882 426 4934 λοῖτο.
453 4875 690 4947 Σύνηθες
721 4875 818 4946 μὲν
845 4873 952 4945 γὰρ
976 4872 1075 4942 τὴν
1108 4871 1215 4924 ἀπὸ
1239 4869 1331 4923 τοῦ
1365 4868 1480 4938 βίου
1506 4867 1695 4920 τούτου
1725 4866 1842 4933 ἐξο-

258 4970 350 5024 δον
385 4969 641 5039 κοίμησιν
668 4964 941 5034 λέγεσθαι,
977 4963 1086 5016 ἔσθ’
1115 4963 1202 5016 ὅτε
1229 4961 1285 5015 δὲ
1307 4961 1401 5014 καὶ
1434 4959 1600 5012 ὕπνον
1627 4959 1837 5030 μεμνή-

263 5062 404 5135 μεθα
433 5058 808 5131 ὀνομάζεσθαι.
851 5077 868 5108 ι
906 5055 1198 5127 Ἐκοιμήθη
1248 5074 1266 5107 ι
1301 5053 1431 5126 γὰρ,
1459 5052 1610 5124 φησὶ,
1645 5070 1663 5102 ι
1703 5051 1841 5121 μετὰ

258 5154 372 5209 τῶν
405 5153 656 5226 πατέρων
682 5151 874 5206 αὐτοῦ’
919 5169 938 5202 ι
973 5150 1086 5214 καὶ,
1118 5168 1135 5200 ι
1165 5147 1341 5202 Πολλὰ
1371 5149 1600 5218 σώματα
1621 5144 1727 5196 τῶν
1753 5159 1844 5196 κε-

260 5246 615 5320 κοιμημένων
647 5244 816 5315 ἁγίων
842 5244 1152 5317 ἠγέρθησαν
1203 5243 1282 5307 είς
1323 5241 1422 5314 τὴν
1450 5239 1612 5307 ἁγίαν
1653 5236 1830 5300 πόλιν,

259 5341 358 5396 καὶ
391 5337 821 5409 ἐνεφανίσθησαν
867 5335 1115 5400 πολλοῖς·
1161 5355 1179 5388 ι
1222 5335 1338 5399 καὶ,
1377 5354 1394 5384 ι
1448 5331 1584 5386 Νυνὶ
1615 5330 1672 5384 δὲ
1704 5329 1834 5401 ἐγή-

258 5448 457 5504 γερται
490 5429 724 5502 Χριστὸς
760 5431 826 5483 ἐκ
847 5428 1076 5501 νεκρῶν,
1115 5428 1336 5501 ἀπαρχὴ
1360 5427 1467 5482 τῶν
1500 5424 1835 5497 κεκοιμημέ-

1942 4772 2308 4844 intelligamus
2367 4772 2640 4843 quomodo
2697 4771 2748 4825 id
2811 4771 2864 4824 in
2935 4767 3219 4823 Saluatore
3292 4768 3505 4822 ostendi

1940 4868 2124 4929 queat.
2177 4859 2324 4915 Solet
2376 4861 2521 4914 enim
2589 4859 2659 4914 ab
2714 4860 2818 4913 hac
2866 4858 2977 4912 vita
3028 4858 3210 4912 exitus
3257 4857 3511 4913 dormitio

1941 4957 2068 5020 diei,
2105 4954 2400 5024 aliquando
2430 4953 2594 5008 etiam
2646 4965 2902 5006 somnum
2951 4948 3213 5020 appellari
3262 4945 3514 5002 memini-

1943 5063 2084 5104 mus.
2117 5066 2135 5098 ‹
2171 5045 2439 5102 Βοτηιίιὶῑ
2466 5064 2486 5098 ι
2517 5043 2687 5109 enim,
2738 5043 2911 5112 inquit
2940 5042 3008 5104 ⁷⁸,
3047 5061 3066 5092 ι
3090 5056 3212 5096 cum
3267 5037 3512 5109 patribus

1943 5139 2092 5206 suis;
2131 5157 2151 5190 ›
2185 5149 2241 5194 et
2272 5141 2316 5171 τ’
2348 5154 2363 5194 :
2403 5156 2421 5188 ι
2457 5137 2623 5192 Multa
2661 5150 2888 5206 corpora
2917 5141 3230 5189 sanctorum
3258 5130 3351 5199 qui
3382 5127 3510 5182 dor-

1940 5235 2192 5298 mierant,
2243 5238 2658 5288 resurrexerunt
2711 5229 2765 5284 in
2807 5237 3053 5283 sanetam
3107 5224 3404 5284 civitatem,
3445 5219 3508 5272 'et

1941 5337 2308 5396 apparuerunt
2347 5325 2554 5382 multis.
2592 5345 2610 5378 ι
2648 5325 2755 5379 Et:
2801 5342 2818 5375 ι
2852 5318 3172 5376 Resurrexit
3198 5313 3444 5368 Christus
3475 5325 3505 5362 a

1941 5417 2194 5482 mortuis,
2237 5417 2487 5487 primitiae
2517 5415 2948 5477 dormientium;
2991 5428 3011 5462 ι
3058 5415 3114 5463 et
3162 5405 3208 5436 ”
3234 5422 3277 5462 ει
3301 5401 3502 5458 Omnes

329 5549 379 5582 “
402 5548 648 5613 Prnmx,
670 5547 724 5602 4.
797 5547 844 5580 ⁷⁸
873 5545 1016 5602 Psal.
1047 5561 1163 5611 xu,
1187 5545 1240 5600 7.
1311 5545 1356 5576 ⁷⁸
1376 5545 1393 5599 Ι
1417 5543 1543 5600 Cor.
1569 5558 1661 5610 xv,
1683 5541 1776 5609 20,
1809 5537 1898 5595 5!.
1975 5537 2020 5570 "
2043 5534 2162 5593 Job.
2190 5552 2271 5592 tu.
2349 5536 2395 5572 ⁷⁸
2421 5535 2558 5594 Gen.
2590 5549 2758 5600 XLVII,
2784 5529 2874 5585 50-
2932 5525 2980 5558 "
2996 5519 3186 5580 Μίιῑῑιι·
3209 5528 3383 5583 “‘1'!
3408 5514 3500 5574 δι

257 5621 308 5655 ⁸⁸
338 5623 360 5674 Ι
384 5619 512 5674 Cor.
549 5635 638 5684 xv,
661 5617 752 5674 20.

332 5730 447 5806 (86)
482 5728 673 5802 Ἡμεῖς
699 5727 816 5800 μὲν
843 5727 1166 5801 ἡγούμεθα,
1196 5733 1304 5783 etc.
1335 5723 1597 5782 indidem.
