3834 6388
398 229 539 286 U27

395 439 613 509 quidem
671 438 809 491 idem
871 444 954 490 est
1012 435 1276 500 dormire,
1330 448 1395 488 ac
1447 447 1698 488 somnum
1747 444 1965 500 capere.

401 552 420 584 ι
455 530 610 586 Multi
651 531 718 583 de
749 528 832 581 ltis
872 528 963 596 qui
1009 542 1260 581 somnum
1294 526 1518 595 capiunt
1559 526 1614 580 in
1661 533 1820 578 terrm
1851 523 1970 593 pul-

395 635 545 685 vere,
579 617 1011 689 evigilahunt“.
1052 635 1069 669 ι
1121 617 1221 682 Qui
1272 616 1425 671 locus
1477 612 1838 670 conlerendus
1887 621 1972 668 est

395 732 519 770 cum
569 715 637 769 iis
686 730 808 783 quae
858 713 999 766 dicta
1031 719 1158 765 sunt
1203 711 1268 764 de
1302 709 1512 765 sanctis
1550 709 1966 763 dormientibus.

393 808 598 862 Praeter
624 807 828 861 exitum
863 818 928 858 ex
963 805 1066 859 hac
1091 804 1222 865 vita,
1255 803 1521 872 signiﬁcat
1545 800 1706 856 etiam
1747 814 1970 854 somnus

401 911 674 967 torporem
713 898 926 963 animae,
963 911 1086 950 cum
1133 894 1366 947 attentio
1413 893 1692 964 vigilantia
1736 893 1966 946 dicatur.

403 988 604 1044 Valens
658 989 802 1041 enim
845 1001 943 1041 nos
990 985 1207 1040 divinus
1231 999 1410 1039 sermo
1449 998 1479 1036 a
1508 993 1724 1052 torpore
1757 997 1968 1049 arcere,

400 1084 476 1137 ait
501 1083 548 1114 "
580 1098 593 1136 :
647 1101 665 1133 ι
701 1080 780 1135 Ne
807 1080 904 1134 des
932 1077 1110 1133 oculis
1153 1077 1261 1132 tuis
1310 1089 1584 1140 somnum,
1615 1082 1670 1130 et
1699 1074 1970 1144 palpebris

398 1175 509 1229 tuis
532 1171 994 1233 dormitationetn,
1027 1176 1087 1223 ut
1125 1176 1382 1236 tanquam
1421 1164 1640 1219 damula
1673 1165 1909 1220 serveris
1939 1181 1966 1218 a

394 1265 628 1334 laqueis.
679 1273 734 1316 et
782 1271 1041 1329 tanquam
1089 1259 1206 1312 avis
1237 1272 1266 1311 a
1302 1267 1436 1312 rete.
1481 1275 1500 1308 ι
1557 1255 1628 1310 Et
1681 1256 1970 1311 ostendere

392 1360 586 1416 volens
615 1357 888 1425 Pr0plteta
924 1363 1196 1425 torporem
1221 1361 1275 1405 et
1302 1351 1589 1419 segnitiem
1621 1359 1966 1421 peccatorum

393 1452 470 1506 ait
495 1449 542 1481 ⁸³
578 1466 592 1502 :
649 1466 668 1499 ‹
719 1447 1070 1501 Dormierunt
1104 1459 1358 1500 somnum
1393 1457 1572 1505 suum,
1627 1450 1681 1494 et
1725 1440 1858 1494 nihil
1892 1439 1967 1492 in—

389 1548 679 1595 venerunt.
730 1557 749 1590 ι
801 1537 868 1592 Ει
918 1537 1047 1592 illud
1086 1537 1155 1602 ⁸³,
1205 1556 1224 1588 ι
1283 1537 1457 1606 Surge
1500 1533 1593 1603 qui
1646 1532 1873 1594 dormis,
1916 1540 1971 1584 et

389 1647 620 1701 exsurge
671 1645 700 1684 a
749 1629 1001 1696 mortuis,
1045 1638 1098 1684 et
1153 1629 1432 1684 illucescet
1472 1626 1569 1680 tibi
1623 1624 1891 1678 Christus.
1945 1641 1964 1674 ι

391 1721 529 1776 lluic
572 1737 762 1776 somno
793 1722 883 1790 qui
923 1719 1054 1774 nihil
1087 1720 1232 1774 aliud
1275 1730 1357 1773 est
1400 1734 1561 1787 qnam
1595 1727 1800 1786 torpor,
1838 1730 1968 1769 aua-

389 1815 528 1883 logia
575 1813 806 1882 quadatn
854 1813 1142 1882 respJndet
1189 1811 1502 1866 dormitatio
1563 1810 1760 1862 anima:
1807 1822 1967 1876 quam

391 1905 638 1976 prohibet
694 1904 1000 1971 Salomon,
1053 1904 1256 1960 docens
1301 1919 1407 1958 non
1473 1918 1725 1957 somnum
1793 1899 1966 1955 solum

391 1998 684 2052 arcendum
709 2011 831 2051 esse
854 1997 922 2051 ab
949 1996 1148 2061 oculis,
1174 1996 1269 2050 sed
1302 1996 1474 2049 etiam
1509 1994 1966 2048 dormitationem.

390 2089 528 2155 Quin
560 2099 616 2142 et
635 2085 922 2144 Psaltnista
975 2089 1028 2142 in
1075 2088 1407 2154 vituperiutn
1453 2083 1740 2156 accipiens
1769 2087 1971 2141 dormi-

389 2181 611 2236 talionis
657 2196 876 2246 nomen,
931 2181 1009 2236 ait
1043 2181 1090 2213 ‘“
1131 2197 1146 2235 :
1200 2199 1219 2232 ι
1267 2179 1720 2234 Dorlnitaverunt
1775 2195 1967 2234 omnes

382 2275 479 2342 qui
507 2273 878 2327 ascenderunt
909 2287 1099 2343 equos.
1130 2292 1149 2326 ι
1191 2273 1434 2327 Dicimus
1465 2285 1595 2343 ergo
1623 2271 1961 2328 Salvatorem

383 2374 628 2420 nostrum
658 2364 840 2420 Jesnm
869 2364 1165 2430 Christum,
1193 2364 1412 2434 quando
1445 2378 1790 2419 communem
1821 2379 1968 2417 mor-

385 2468 495 2513 tem
522 2471 624 2528 pro
658 2457 816 2512 nobis
842 2457 1123 2522 sustinuit,
1144 2468 1271 2511 tunc
1302 2458 1612 2521 dormiisse,
1644 2466 1957 2526 soporatum

384 2563 514 2604 vero
542 2547 731 2609 fuisse.
761 2563 884 2602 cum
909 2549 1089 2602 anima
1126 2547 1246 2617 ejus
1273 2563 1302 2600 a
1329 2562 1558 2617 corpore
1584 2557 1832 2614 separata
1861 2557 1963 2600 est.

381 2641 850 2708 Quemadmodum
901 2640 1046 2695 enim
1073 2639 1166 2709 qui
1195 2654 1445 2694 somnum
1475 2638 1719 2708 capiunt,
1748 2637 1967 2706 jacente

385 2747 619 2804 corpore
652 2741 945 2802 operantur
985 2732 1282 2787 secundum
1328 2738 1586 2797 mentem,
1623 2729 1968 2801 imaginatio-

387 2826 548 2881 nibus
588 2826 911 2896 quibusdam
954 2826 1372 2881 occursantibus
1402 2824 1676 2890 obsecuti,
1711 2833 1766 2880 et
1799 2832 1968 2892 agunt

385 2916 588 2988 aliquid
623 2917 828 2985 absque
854 2916 965 2972 ullo
986 2917 1232 2986 corporis
1258 2917 1581 2983 ministerio,
1604 2933 1712 2986 quo
1745 2932 1850 2971 non
1880 2917 1964 2971 in-

1770 221 1860 276 EX
1898 217 2199 276 ORlGE-NE

399 346 750 403 dormiemus.
793 365 812 397 ι
862 343 1099 399 Somnus
1143 343 1308 398 etiam
1344 342 1682 413 appellatur,
1720 339 1963 410 quando-

2068 357 2204 394 νων·
2247 361 2265 394 ι
2305 344 2417 407 καὶ,
2463 364 2481 396 ι
2523 345 2728 409 Πάντες

2001 1689 2042 1743 Β

3521 229 3666 282 ιιειυ

2769 344 3246 418 κοιμηθησόμεθα·
3313 366 3330 397 ι
3372 347 3544 401 ὕπνον
3581 349 3665 412 δὲ.

2071 433 2256 504 ἐπειδὴ
2290 436 2484 488 ταυτόν
2516 440 2632 490 ἐστι
2665 440 2727 492 τὸ
2762 439 3044 492 καθεύδειν
3077 438 3156 510 τῷ
3191 438 3412 492 ύπνοῦν·
3461 459 3480 490 ι
3521 441 3664 494 Πολ-

2070 524 2151 577 λοι¹
2177 525 2284 577 τῶν
2311 527 2678 583 καθευδόντων
2712 533 2770 583 ἐν
2799 529 2901 600 γῆς
2931 532 3146 602 χώματι
3177 532 3602 602 ἀναστήσονται.
3639 552 3658 581 ι

2071 618 2396 689 Συγκριτέον
2422 619 2476 673 δὲ
2509 625 2621 685 τοῖς
2651 623 2963 692 λεγομένοις
3006 625 3427 696 κεκοιμημένων
3463 625 3660 692 ἁγίων.

2072 709 2334 779 Σημαίνει
2371 711 2621 781 μέντοιγε
2659 716 2751 767 καὶ
2786 716 2814 768 6
2843 714 3008 779 ὕπνος
3041 716 3212 787 χωρίς
3249 717 3348 785 τῆς
3389 715 3532 769 κατά
3560 715 3662 788 τὴν

2071 801 2246 866 ἔξοδον
2271 801 2365 855 τοῦ
2391 801 2508 872 βίου
2533 803 2629 876 τὴν
2651 805 2980 873 ἀπροσεξίαν
3010 805 3109 876 τῆς
3127 806 3303 876 ψυχῆς
3319 823 3333 834 ·
3363 807 3462 876 τῆς
3488 822 3662 876 προσ-

2069 894 2202 965 οχῆς
2253 897 2672 967 ἐγρηγορήσεως
2723 898 3083 969 καλουμένης.
3132 898 3500 952 Φυλάττεσθαι
3548 897 3660 968 γάρ

2069 987 2218 1058 ἡμᾶς
2248 987 2345 1057 τὴν
2375 987 2702 1058 ἀπροσεξίαν
2734 988 3056 1059 βουλόμενος
3081 991 3108 1042 6
3137 989 3279 1053 θεῖος
3308 989 3466 1056 λόγος
3497 989 3656 1059 φησί’

2077 1099 2096 1130 ι
2139 1080 2231 1151 Μὴ
2260 1080 2365 1150 δῷς
2400 1079 2567 1134 ὕπνον
2603 1085 2714 1145 σοῖς
2742 1082 2973 1153 ὄμμασι,
3013 1083 3148 1154 μηδέ
3187 1082 3498 1152 νυσταγμὸν
3544 1084 3658 1143 σοῖς

2073 1171 2380 1242 βλεφάροις,
2410 1173 2496 1226 ἵνα
2545 1172 2692 1247 σώζῃ
2723 1174 2912 1246 ὥσπερ
2938 1175 3137 1245 δορκάς
3179 1176 3244 1228 ἐκ
3283 1174 3528 1245 βρόχων,
3563 1173 3658 1226 καὶ

2071 1265 2260 1338 ῶσπερ
2290 1267 2473 1336 ὄρνεον
2505 1268 2568 1318 ἐκ
2612 1267 2855 1334 παγίδος.
2907 1286 2926 1319 ι
2964 1270 3074 1321 Καὶ
3113 1267 3434 1337 βουλόμενος
3472 1282 3654 1336 παρα-

2073 1359 2268 1428 στῆσαι
2313 1358 2374 1411 τὸ
2414 1357 2611 1429 χαῦνον
2661 1361 2755 1412 καὶ
2789 1359 3070 1430 ἀνειμένον
3115 1359 3224 1411 τῶν
3255 1356 3604 1428 ἁμαρτωλῶν
3630 1359 3657 1410 6

2073 1451 2365 1522 Προφήτης
2399 1448 2583 1521 φησίν
2615 1467 2631 1500 ι
2668 1450 2960 1502 ’Υπνωσαν
2996 1448 3159 1502 ὕπνον
3182 1447 3382 1511 αὐτῶν,
3419 1448 3516 1499 καὶ
3560 1447 3655 1517 οὐχ

2072 1537 2226 1613 εῦρον
2271 1542 2459 1595 οὐδέν·
2513 1562 2531 1595 ι
2571 1543 2663 1596 καὶ
2707 1541 2787 1606 τὸ,
2843 1560 2860 1593 ι
2909 1543 3130 1612 Ἔγειρε
3163 1543 3190 1594 6
3219 1540 3529 1603 καθεύδων,
3564 1539 3656 1592 καὶ

2074 1635 2278 1689 ἀνάστα
2320 1636 2384 1687 ἐκ
2427 1634 2534 1688 τῶν
2585 1634 2814 1706 νεκρῶν,
2864 1637 2956 1688 καὶ
2999 1633 3287 1702 ἐπιφαύσει
3324 1651 3405 1686 σοι
3454 1635 3482 1686 6
3515 1633 3656 1703 Χρι-

2075 1727 2215 1790 στός.
2268 1747 2287 1778 ι
2343 1726 2626 1795 Ἀνάλογον
2667 1726 2723 1779 δὲ
2749 1725 2826 1796 τῷ
2859 1724 3011 1796 ὕτπῳ
3038 1724 3116 1796 τῷ
3146 1723 3286 1777 κατά
3318 1724 3418 1792 τὴν
3454 1724 3652 1792 ἅτερος·

2070 1817 2216 1882 εξίαν
2267 1818 2382 1872 ἐστὶ
2411 1818 2719 1890 νυσταγμὸς
2755 1817 2932 1887 ψυχῆς
2969 1816 3027 1869 ὃν
3068 1817 3395 1888 ἀπαγορεύει
3430 1817 3458 1868 6
3492 1814 3648 1867 Σολο-

2073 1913 2212 1981 μὼν,
2242 1911 2302 1964 οὐ
2336 1911 2494 1981 μόνον
2529 1911 2694 1965 ὕπνον
2725 1911 2989 1964 διδάσκων
3021 1910 3168 1980 ἡμᾶς
3202 1909 3278 1979 μὴ
3304 1908 3508 1961 διδόναι
3543 1910 3649 1969 τοῖς

2069 2001 2331 2072 ὄμμασιν,
2360 2001 2496 2055 ἀλλά
2533 2002 2628 2054 καὶ
2654 2001 2982 2072 νυσταγμόν.
3015 1999 3121 2051 Καὶ
3147 1997 3418 2061 αὑτὺςδέὁ
3447 2004 3650 2068 Ὕμνῳ-

2070 2092 2177 2156 δδςν
2195 2093 2287 2145 ἐπὶ
2308 2092 2477 2162 ψόγου
2495 2093 2709 2146 τάσσων
2723 2093 2782 2145 τὸ
2807 2092 2897 2146 τοῦ
2917 2089 3225 2160 νυσταγμοῦ
3242 2089 3435 2160 ὄνομα,
3464 2089 3640 2158 φησίν·

2075 2204 2094 2236 ι
2148 2183 2473 2251 Ἐνύσταξαν
2507 2185 2706 2249 πάντες
2730 2187 2778 2237 οἱ
2807 2182 3193 2254 ἐπιϐεϐηκότες
3220 2182 3347 2244 τοὺς
3372 2182 3590 2244 ἵππους.
3621 2200 3638 2231 ι

2067 2279 2247 2349 Φαμὲν
2279 2279 2457 2332 τοίνυν
2486 2279 2578 2332 τὸν
2628 2278 2805 2332 κοινὸν
2840 2277 3067 2331 θάνατον
3098 2276 3156 2328 δν
3205 2275 3477 2328 ἀπέθανεν
3511 2275 3645 2344 ὑπὲρ

2068 2372 2223 2442 ἡμῶν
2256 2371 2584 2442 κοιμηθῆναι
2606 2369 2695 2423 τὸν
2725 2371 2951 2441 Σωτῆρα
2975 2368 3127 2440 ἡμῶν
3163 2368 3368 2440 Ἰησοῦν
3403 2367 3492 2420 τὸν
3518 2369 3646 2438 Χρι-

2070 2463 2214 2529 στὸν,
2259 2461 2505 2516 ὑπνῶσαι
2537 2463 2615 2526 δὲ,
2651 2461 3014 2533 χωρισθείσης
3042 2461 3140 2531 τῆς
3179 2461 3360 2531 ψυχῆς
3408 2460 3514 2512 ἀπὸ
3554 2459 3642 2511 τοῦ

2069 2548 2338 2620 σώματος.
2377 2548 2644 2622 Καθάπερ
2683 2549 2791 2620 γὰρ
2827 2552 2875 2603 oi
2920 2549 3210 2614 ὑπνοῦντες
3251 2550 3504 2620 κειμένου
3551 2549 3642 2602 τοῦ

2070 2641 2319 2713 σώματος
2335 2643 2616 2716 ἐνεργοῦσι
2639 2642 2780 2696 κατά
2795 2643 2991 2714 ψυχὴν,
3018 2643 3340 2712 φαντασίαις
3358 2645 3468 2696 τισὶ
3484 2661 3643 2714 προσ-

2068 2735 2396 2801 πιπτούσαις
2436 2737 2721 2808 ἑπόμενοι,
2770 2737 2865 2790 καὶ
2911 2736 3208 2807 πράττουσί
3247 2753 3297 2788 τι
3345 2736 3463 2788 κατ’
3496 2735 3642 2788 οὐδὲν

2064 2831 2157 2886 τοῦ
2206 2831 2458 2904 σώματος
2510 2832 2782 2905 δεόμενοιο
2833 2832 2924 2885 τὸν
2969 2830 3130 2883 αὑτὸν
3177 2830 3373 2902 τρόπον
3420 2831 3519 2883 οὐκ
3563 2833 3642 2893 εἰς

2067 2927 2243 2980 πάντα
2269 2925 2367 2996 τῆς
2403 2925 2608 2987 εἰκόνος
2640 2922 3062 2994 ἐξομοιουμένης
3095 2921 3270 2992 τούτῳ
3301 2917 3360 2975 οὗ
3387 2924 3533 2974 ἐστιν
3565 2924 3643 2974 εξ-

386 3011 604 3082 digent;
634 3009 792 3080 553
827 3010 924 3074 sic,
967 3009 1090 3066 licet
1140 3011 1192 3065 in
1224 3011 1479 3067 omnibus
1509 3026 1615 3064 non
1667 3011 1864 3067 similis
1887 3011 1961 3066 sit

2068 3018 2195 3081 κὼν,
2232 3016 2344 3070 ἀλλ’
2379 3017 2466 3070 ἵνα
2497 3015 2710 3087 δηλωθῇ
2755 3017 2789 3086 ἡ
2829 3014 3074 3086 ἐνέργεια
3109 3015 3142 3084 ἡ
3175 3014 3334 3084 χωρὶς
3363 3011 3632 3082 σώματος,

389 3100 567 3169 imago
598 3101 644 3154 ei
674 3100 831 3166 cujus
852 3109 936 3155 est
967 3099 1166 3170 imago,
1200 3108 1573 3154 verumtamen
1605 3109 1663 3154 ιιι
1695 3101 1812 3154 sine
1837 3115 1960 3154 cor-

384 3205 518 3261 pore
547 3191 726 3245 anima
761 3206 880 3260 qute
917 3192 984 3247 ab
1022 3191 1140 3260 ipso
1183 3202 1438 3260 separata
1467 3201 1574 3256 est,
1611 3200 1666 3245 et
1719 3206 1964 3245 somnum

389 3285 553 3354 capit,
595 3284 915 3339 ostendatur
961 3284 1199 3352 operari,
1239 3294 1523 3354 postquam
1575 3284 1782 3339 dictum
1831 3295 1960 3338 est:

389 3395 410 3428 ι
460 3376 573 3447 Ego
607 3375 862 3440 dormivi,
900 3395 919 3428 ι
945 3377 1182 3440 additur,
1214 3393 1233 3427 ι
1269 3385 1324 3430 et
1352 3385 1640 3444 soporatus
1671 3391 1810 3430 sum.
1841 3393 1861 3427 ι
1902 3375 1968 3430 Et

385 3468 514 3536 quid
548 3467 748 3522 mirum
798 3467 843 3522 si
874 3465 1136 3534 ejusmodi
1181 3481 1403 3521 somnus
1445 3468 1499 3520 in
1535 3466 1816 3521 Salvatore
1858 3483 1961 3520 non

387 3559 612 3612 omnino
644 3559 839 3613 animm
871 3560 1041 3613 otium
1077 3559 1201 3623 luit,
1239 3559 1332 3614 sed
1359 3559 1592 3614 cessatio
1618 3561 1860 3627 qntedam
1897 3561 1964 3614 ab

382 3665 484 3705 usu
529 3650 778 3720 corporei
819 3649 1344 3720 instruntentinsa
1389 3650 1589 3704 etenim
1631 3666 1724 3718 per
1763 3665 1822 3704 se
1866 3664 1961 3704 sua

383 3757 609 3796 munera
661 3743 799 3808 obit,
851 3742 1288 3812 quandoquidem
1346 3742 1542 3798 idema
1591 3739 1727 3797 Jobo
1757 3741 1959 3796 dictum

381 3835 708 3890 ostenditur.
733 3853 752 3885 ι
775 3833 952 3901 Quare
973 3852 992 3886 ι
1011 3834 1178 3901 enim,
1200 3833 1456 3903 inquit",
1480 3850 1498 3882 ι
1520 3847 1623 3886 non
1643 3849 1708 3888 ex
1727 3841 1880 3887 utero
1909 3832 1960 3886 in

384 3936 795 3982 monumentum
827 3928 936 3982 abii
962 3927 1156 3983 iNuuc
1185 3929 1372 3996 utique
1395 3928 1672 3981 dormiens
1707 3927 1961 3996 quiesce-

385 4031 520 4081 rem,
555 4032 805 4071 somnum
831 4026 1011 4070 autem
1045 4018 1268 4084 capiens
1299 4018 1698 4087 requiescerem
1727 4030 1848 4070 cum
1876 4029 1962 4068 re-

383 4110 575 4178 gibus,
610 4109 942 4166 consiliariis
977 4121 1169 4177 teme,
1207 4111 1299 4180 qui
1343 4109 1720 4180 gloriabantur
1750 4110 1801 4161 in
1837 4107 1958 4177 gla~

384 4201 510 4264 diis,
539 4209 635 4255 aut
675 4216 796 4256 cum
842 4202 1178 4272 principibus
1205 4203 1404 4274 quibus
1448 4203 1674 4255 multum
1715 4201 1816 4255 l‘uit
1861 4217 1960 4254 au-

383 4309 527 4348 rum.
565 4311 586 4346 ι
616 4292 730 4349 Nisi
775 4295 921 4350 enim
955 4296 1192 4366 aliquam
1229 4296 1426 4350 animae
1475 4293 1843 4362 operationem
1877 4295 1960 4347 in-

384 4384 653 4456 telligeret
693 4386 746 4440 in
793 4401 900 4456 qua
947 4387 1217 4442 bonorum
1275 4385 1634 4455 quorumdam
1685 4384 1956 4454 particeps
1990 4383 2036 4438 ι)

384 4477 578 4533 cll‘ecta
609 4520 626 4546 ,
662 4493 785 4533 cum
823 4479 972 4535 hisce
1016 4479 1406 4549 requiesceret,
1447 4493 1554 4533 non
1587 4477 1773 4546 utique
1811 4479 1957 4533 dicc-

387 4581 469 4628 ret
498 4589 513 4625 :
539 4589 557 4623 ι
603 4572 865 4628 Somnum
891 4573 1109 4643 capiens
1137 4573 1530 4640 requiescerem
1563 4585 1685 4625 cum
1717 4570 1953 4642 regibus.

385 4665 714 4721 consiliariis
745 4677 924 4731 terrae,
963 4667 1053 4736 qui
1100 4665 1470 4736 gloriabantur
1502 4665 1553 4718 in
1589 4663 1801 4735 gladiis.
1839 4682 1858 4716 ι
1892 4662 1954 4718 lli

387 4764 570 4811 autem
599 4758 770 4811 sancti
797 4756 998 4810 fuerint
1027 4757 1243 4826 pietatis
1272 4757 1470 4811 milites
1497 4755 1590 4826 qui
1622 4758 1786 4810 verbo
1810 4756 1955 4810 οιιιιιὶ

385 4851 568 4919 gladio
605 4852 826 4921 ancipiti
855 4853 1100 4908 acutiore
1147 4861 1372 4906 utuntur
1405 4861 1594 4907 contra
1624 4864 1842 4906 omnem
1871 4864 1959 4904 ve-

387 4943 566 4998 ritatis
606 4943 1002 5000 adversarium.
1043 4944 1327 5015 Principes
1373 4947 1566 5015 quibus
1615 4947 1844 5000 multum
1875 4955 1958 5001 est

385 5052 597 5103 aurum,
633 5037 668 5092 ii
693 5048 855 5093 erunt
877 5039 968 5110 qui
997 5039 1182 5094 multis
1207 5040 1544 5108 praecellunt,
1572 5047 1630 5095 et
1665 5039 1782 5094 ideo
1810 5039 1958 5109 prin-

384 5130 534 5199 cipes
569 5133 770 5198 vocati,
812 5131 864 5185 in
905 5131 1459 5202 contemplatiouibus
1496 5139 1550 5186 et
1586 5129 1957 5198 speculationi-

384 5221 487 5275 bus
519 5221 772 5278 veritatis
801 5223 999 5279 divites
1031 5233 1182 5279 sunt.
1219 5222 1367 5278 Nihil
1393 5237 1522 5294 ergo
1551 5223 1746 5278 mirum
1775 5222 1958 5278 Salva-

385 5319 554 5365 torem
579 5311 760 5368 dicere
791 5331 805 5369 :
843 5331 863 5365 ι
897 5314 1130 5369 Dormivi
1153 5322 1207 5368 et
1238 5322 1521 5383 soporatus
1551 5328 1689 5380 sum,
1719 5332 1738 5366 ι
1760 5313 1956 5384 quippe

387 5403 480 5471 qui
513 5403 578 5457 ad
629 5404 934 5459 animarum
971 5404 1198 5460 salutem
1231 5405 1385 5476 plura
1417 5405 1586 5475 egerit
1619 5419 1684 5460 eo
1716 5413 1957 5475 tempore

382 5509 490 5564 quo
516 5510 545 5550 a
585 5511 814 5567 corpore
858 5505 1140 5568 separatus
1165 5506 1268 5564 est,
1299 5498 1750 5567 quemadmodum
1785 5499 1838 5552 in
1873 5514 1958 5554 ca-

455 5615 498 5646 ⁸¹
531 5615 664 5669 Dan.
698 5633 800 5684 xu,
831 5617 885 5672 2.

1501 5618 1548 5651 ⁸³
1577 5617 1720 5675 Psal.
1753 5634 1915 5688 uxv,
1947 5619 1999 5674 6.

388 5683 473 5748 15,
530 5686 609 5751 ιιι,
643 5687 721 5743 15.

975 5619 1020 5652 ⁸⁸
1047 5616 1208 5676 Prov.
1239 5633 1313 5686 vt,
1347 5618 1399 5674 4.

2067 3111 2165 3182 τῆς
2209 3109 2387 3181 ψυχῆς
2436 3110 2536 3180 τῆς
2595 3108 3007 3180 κεχωρισμένης
3069 3107 3256 3170 αὐτοῦ,
3316 3106 3406 3158 καὶ
3462 3103 3640 3175 τούτῳ

2069 3203 2402 3266 ὑπνωκυίας,
2468 3200 2684 3268 λέγεται
2743 3200 2882 3271 μετά
2927 3199 3005 3263 τό,
3055 3218 3075 3252 ι
3109 3199 3426 3271 ἐκοιμήθην,
3481 3216 3499 3248 ι
3550 3196 3632 3258 τὸ,

2075 3315 2091 3346 ι
2137 3294 2382 3348 ὕπνωσα.
2424 3311 2441 3344 ι
2471 3292 2581 3344 Καὶ
2602 3292 2654 3344 τί
2675 3290 2986 3362 θαυμαστὸν
3013 3293 3062 3344 εἰ
3092 3292 3183 3344 ἐπὶ
3210 3291 3303 3343 τοῦ
3339 3290 3586 3361 Σωτῆρος
3611 3292 3639 3342 6

2064 3388 2304 3450 τοιοῦτος
2327 3385 2492 3449 ὕπνος
2515 3385 2574 3438 ού
2603 3384 2780 3453 πάντη
2806 3382 2955 3438 ἐστὶν
2980 3382 3148 3455 ἀργία
3171 3385 3271 3454 τῆς
3296 3382 3495 3453 ψυχῆς,
3527 3382 3636 3434 ἀλλ’

2064 3481 2232 3552 ἀργία
2261 3479 2336 3543 ὡς
2367 3479 2504 3551 πρὸς
2535 3479 2595 3532 τὸ
2620 3477 2836 3550 ὀργάνῳ
2860 3476 2938 3548 τῷ
2968 3476 3179 3548 σώματι
3212 3476 3479 3548 χρῆσθαι;
3518 3477 3636 3530 ’ἰδία

2067 3571 2313 3642 μέντοιγε
2353 3572 2446 3624 καὶ
2476 3569 2595 3624 καθ’
2627 3569 2825 3641 ἑαυτὴν
2854 3571 3084 3642 ἐνεργεῖ,
3113 3571 3248 3623 ὅπου
3290 3571 3384 3623 καὶ
3416 3568 3519 3621 ὕπὸ
3547 3567 3636 3622 τοῦ

2077 3665 2195 3718 Ἰὼϐ
2222 3665 2280 3718 τὸ
2305 3663 2438 3717 αὐτὸ
2461 3663 2749 3734 λεγόμενον
2769 3663 3043 3735 δηλοῦται.
3076 3682 3095 3716 ι
3128 3664 3226 3718 Διά
3249 3663 3299 3716 τί
3334 3683 3351 3716 ι
3378 3664 3508 3735 γάρ,
3535 3681 3636 3733 φη-

2065 3758 2170 3823 σὶν,
2217 3777 2235 3808 ι
2284 3759 2347 3809 ἐκ
2379 3755 2614 3828 γαστρὸς
2651 3757 2730 3820 είς
2762 3756 2952 3827 μνῆμα
2993 3757 3094 3810 οὐκ
3126 3757 3478 3828 ἀπηλλάγην;
3525 3756 3636 3810 Νῦν

2061 3849 2128 3903 ἂν
2175 3847 2459 3920 κοιμηθεὶς
2513 3847 2786 3919 ἡσύχασα,
2841 3847 3096 3913 ὑπνώσας
3139 3849 3197 3901 δὲ
3247 3849 3636 3919 ἀνεπαυσάμην

2067 3942 2202 4013 μετά
2250 3940 2512 4012 βασιλέων
2563 3938 2862 4010 βουλευτῶν
2905 3940 3030 4009 γῆς,
3077 3941 3126 3993 οἳ
3174 3939 3505 4011 ἐγαυριῶντο
3546 3939 3636 3991 ἐπὶ

2064 4029 2260 4100 ξίφεσι,
2287 4030 2381 4082 καὶ
2424 4028 2560 4100 μετά
2584 4029 2858 4100 ἀρχόντων
2887 4021 2962 4082 ὧν
2996 4028 3159 4094 πολὺς
3189 4031 3218 4082 6
3259 4031 3475 4101 χρυσός.
3521 4049 3540 4081 ι
3572 4031 3633 4082 Εἰ

2063 4123 2171 4195 γὰρ
2201 4123 2275 4195 μὴ
2305 4125 2442 4177 ἐνόει
2476 4122 2754 4194 ἐνέργειαν
2785 4140 2906 4176 τινα
2936 4118 3072 4176 εἶναι
3104 4123 3228 4194 περὶ
3257 4123 3350 4195 τὴν
3377 4123 3552 4194 ψυχὴν
3577 4127 3633 4178 ἐν

2062 4209 2095 4290 ᾖ
2127 4216 2402 4270 ἐπαύσατο
2425 4214 2766 4285 τυγχάνουσα
2793 4213 3012 4282 ἀγαθῶν
3040 4231 3202 4267 τινων
3233 4214 3368 4284 μετά
3395 4214 3631 4277 τοιῶνδε,

2061 4307 2160 4360 οὐκ
2193 4306 2258 4361 ἂν
2298 4306 2512 4374 ἔλεγεν·
2553 4323 2573 4356 ‹
2631 4301 2917 4366 ’Υπνώσας
2951 4303 3344 4374 ἀνεπαυσάμην
3375 4303 3512 4373 μετά
3543 4302 3638 4372 βα-

2064 4397 2252 4450 σιλέων
2293 4393 2590 4466 βουλευτῶν
2621 4393 2747 4462 γῆς,
2772 4392 2822 4446 οἳ
2853 4391 3184 4464 ἐγαυριῶντο
3216 4394 3309 4445 ἐπὶ
3338 4393 3564 4460 ξίφεσιν.
3611 4413 3629 4443 ι

2063 4487 2185 4545 Εἶεν
2225 4491 2267 4543 δ’
2301 4488 2366 4542 ἂν
2409 4483 2554 4543 οῦτοι
2599 4488 2740 4556 ἀγιοι
2785 4486 3108 4558 στρατιῶται
3149 4487 3454 4552 θεοσεϐείας
3494 4489 3636 4560 λόγῳ

2063 4583 2141 4654 τῷ
2171 4579 2465 4653 τομωτέρῳ
2493 4580 2673 4649 πάσης
2705 4579 2805 4648 τῆς
2837 4579 3107 4649 μαχαίρας
3132 4577 3634 4664 διστόμουίχρώμε-

2065 4693 2144 4728 νοι
2174 4673 2314 4728 κατὰ
2358 4671 2557 4734 παντὸς
2593 4669 2686 4723 τοῦ
2732 4669 2976 4722 ἐναντίου
3015 4669 3115 4738 τῆς
3158 4668 3412 4738 ἀληθείας
3454 4669 3633 4739 λόγου,

2067 4765 2360 4839 ’Λρχοντές
2397 4755 2571 4817 τεῶν
2617 4760 2784 4824 πολὺς
2813 4761 2841 4817 ὁ
2884 4760 3105 4831 χρυσὸς,
3145 4762 3529 4832 έρμηνεύοιντο
3570 4765 3637 4816 ἂν

2064 4861 2111 4913 οἱ
2132 4858 2238 4911 τῶν
2268 4853 2472 4909 πολλῶν
2497 4852 2867 4923 διαφέροντες,
2893 4852 2987 4907 καὶ
3003 4851 3143 4905 κατὰ
3172 4852 3329 4905 τοῦτο
3353 4854 3636 4924 ἄρχοντες,

2065 4946 2514 5020 χρηματίζοντες,
2551 4943 2910 5007 πλουτοῦντες
2934 4945 2990 4996 ἐν
3023 4941 3344 5012 διανοήμασι
3391 4944 3485 4996 καὶ
3527 4948 3640 5008 τοῖς

2063 5040 2192 5111 περὶ
2220 5037 2474 5108 ἀληθείας
2504 5035 2840 5106 θεωρήμασι.
2879 5035 3042 5088 Οὐδὲν
3071 5028 3163 5086 οῦν
3203 5033 3514 5104 θαυμαστὸν
3543 5037 3639 5087 καὶ
3713 5063 3729 5080 .

2063 5133 2152 5186 τὸν
2199 5130 2428 5201 Σωτῆρα
2463 5128 2672 5196 λέγειν·
2715 5145 2734 5178 ι
2792 5125 3144 5198 Ἐκοιμὴθην,
3188 5127 3282 5179 καὶ
3317 5125 3560 5188 ὕπνωσα,
3611 5144 3632 5178 ι

2065 5222 2244 5294 πολλῴ
2273 5221 2437 5274 πλέον
2464 5221 2833 5292 ἐνεργήσαντα
2868 5219 2993 5290 περὶ
3027 5219 3299 5290 σωτηρίας
3326 5218 3511 5289 ψυχῶν
3542 5219 3640 5271 καὶ

2067 5315 2215 5389 παρά
2242 5314 2331 5367 τὸν
2353 5312 2542 5384 καιρὸν
2573 5311 2667 5364 τοῦ
2689 5309 2966 5382 χωρισμοῦ
2999 5310 3091 5363 τοῦ
3124 5310 3232 5363 ἀπὸ
3259 5310 3350 5364 τοῦ
3386 5310 3640 5380 σώματος

2065 5408 2206 5462 κατὰ
2235 5407 2302 5460 τὰ
2322 5405 2587 5476 λεγόμενα
2614 5405 2671 5456 ἐν
2699 5406 2764 5474 τῇ
2783 5401 3054 5473 Καθολικῇ
3085 5402 3365 5474 Ἐπιστολῇ
3392 5400 3540 5473 παρά

2066 5501 2288 5573 Πέτρῳ·
2327 5519 2346 5552 ι
2392 5500 2478 5552 Ἐν
2503 5491 2546 5567 ᾧ
2571 5497 2665 5551 καὶ
2691 5499 2800 5560 τοῖς
2829 5499 2884 5549 ἐν
2910 5495 3121 5568 φυλακῇ
3153 5495 3422 5567 πνεύμασι
3445 5511 3643 5565 πορευ-

2075 5618 2120 5650 “
2148 5616 2341 5688 Ephes.
2371 5630 2423 5682 ν,
2450 5613 2536 5668 14.
2612 5610 2821 5667 8"Psal.
2865 5625 2989 5678 Lvn,
3025 5610 3076 5665 5.
3184 5610 3228 5642 ⁸⁸
3261 5606 3378 5664 Job.
3425 5620 3508 5672 ιιι,
3543 5603 3635 5670 ll,
