3870 6526
149 303 290 360 1129

1144 303 1452 360 SELECTA
1493 301 1561 356 ΙΝ
1595 302 1934 360 PSALMOS.
1971 336 2042 346 ——
2077 305 2270 363 PSAL.
2315 305 2404 365 Ill.

3255 317 3388 372 H30

145 419 263 483 θεὶς
285 417 547 490 ἐκήρυξεν
572 417 901 490 ἀπειθήσασί
931 435 1082 482 ποτε,
1103 421 1192 472 ὅτε
1215 418 1608 489 ἀπεξεδέχετοή
1624 416 1713 470 τοῦ

1824 417 2022 472 tholica
2062 434 2158 474 sna
2207 421 2440 490 Epistola
2477 422 2670 482 Petrus
2698 426 2775 482 ait
2807 426 2890 481 ’τι
2930 444 2950 479 ι
2989 434 3050 484 '.’n
3079 443 3187 502 quo
3217 443 3274 487 et
3307 435 3389 488 his

143 509 284 563 Θεοῦ
315 509 664 580 μακροθυμία
694 510 750 561 ἐν
773 509 1004 581 ἡμέραις
1027 511 1144 563 Νῶε
1173 509 1722 580 κατασκευαζομένης

143 601 404 666 κιϐωτοῦ,
435 603 513 664 είς
542 602 609 672 ἥν
641 601 830 670 ὀλίγοι,
855 604 1126 656 τουτέστιν
1157 602 1300 656 ὀκτὼ
1327 603 1514 674 ψυχαὶ,
1538 600 1722 655 διεσώ-

141 690 318 762 θησαν
350 690 416 743 δι’
445 691 654 754 ὓδατος.
689 711 706 742 ι
737 691 890 744 Μετά
909 692 1112 764 ταύτην
1145 693 1242 762 τὴν
1276 693 1532 764 κοίμησιν
1555 693 1584 744 6
1612 693 1722 746 Πα-

139 784 249 854 τὴρ
275 782 804 854 ἀντιλαμϐανόμενος
833 783 1112 856 ἐξήγειρεν
1147 783 1329 838 αὐτόν.

219 1057 302 1108 Οὺ
335 1055 750 1125 φοϐηθήσομαι
779 1056 896 1111 ἀπὸ
921 1055 1225 1125 μυριάδων
1255 1057 1408 1112 λαοῦ
1454 1056 1572 1111 τῶν
1617 1059 1720 1112 κύ-

139 1149 273 1209 κλῳ
299 1147 842 1216 συνεπιτιθεμένων
874 1165 997 1215 μοι,
1025 1165 1077 1202 κ.
1112 1166 1161 1201 τ.
1192 1149 1237 1201 ἐ.
1267 1148 1557 1221 Πρέπουσα
1579 1149 1719 1220 ἁγίῳ

141 1242 296 1312 φωνὴ
327 1241 436 1312 (87)
466 1240 850 1312 κατωρθωκότι
897 1243 1160 1313 μεγίστην
1194 1243 1413 1315 ἀρετὴν,
1449 1243 1550 1314 τὴν
1582 1245 1718 1312 ἀφο-

139 1335 286 1397 ϐίαν,
344 1333 432 1387 διὰ
487 1333 584 1405 τὴν
640 1334 775 1406 πρὸς
826 1333 958 1386 Θεὸν
1015 1333 1371 1404 πεποίθησιν·
1521 1334 1712 1404 ὁμοία·

144 1444 168 1476 ι
221 1427 348 1480 Ἐὰν
388 1428 764 1502 παρατάξηται
804 1427 890 1480 ἐπ’
928 1427 1027 1498 ἐμὲ
1065 1428 1404 1500 παρεμϐολὴ,
1455 1429 1514 1482 ού
1552 1429 1720 1501 φοϐη-

136 1519 366 1590 θήσεται
403 1523 434 1592 ὴ
469 1522 665 1592 καρδία
701 1539 822 1592 μου.
851 1541 868 1574 ι
909 1523 1017 1576 Καὶ
1061 1523 1089 1574 6
1121 1524 1312 1595 Σωτὴρ
1361 1525 1418 1576 ἐν
1449 1524 1717 1595 πνεύματι

133 1613 426 1680 γινώσκων
454 1614 551 1678 τὰς
577 1616 898 1684 αἰτουμένας
925 1615 1086 1668 αὐτὸν
1116 1616 1495 1687 σταυρωθῆναι
1523 1617 1718 1687 μυριά-

131 1703 234 1766 δας
265 1703 390 1757 λαοῦ
425 1705 523 1775 τῆς
550 1707 884 1776 κατατομῆς,
919 1707 1012 1759 καὶ
1049 1707 1188 1778 ὀρῶν
1225 1707 1285 1760 τὸ
1319 1707 1588 1779 ἀτάραχον
1623 1709 1718 1761 αύ-

133 1796 231 1848 τοῦ
275 1796 434 1866 (κατὰ
483 1797 660 1870 σάρκα
698 1798 756 1850 δέ
797 1797 970 1851 ταῦτά
1013 1801 1210 1868 φημι),
1247 1799 1393 1867 λέγοι
1426 1798 1490 1852 ἂν
1524 1799 1712 1854 ταῦτα.

147 1889 278 1943 Ἐὰν
301 1891 356 1942 δέ
380 1909 460 1954 τις
481 1893 788 1964 κατανοήσῃ
805 1891 866 1945 τὸ
890 1890 1090 1962 πλῆθος
1113 1891 1218 1944 τῶν
1245 1892 1349 1945 ὑπὸ
1369 1893 1477 1947 τῶν
1503 1893 1714 1964 ἐχθρῶν

133 1983 502 2054 βαλλομένων,
540 1983 928 2054 ἐπιτιθεμένων
953 1985 1017 2054 τῇ
1044 1983 1185 2056 ψυχῇ
1213 1985 1308 2038 καὶ
1335 1987 1716 2058 ταρασσόντων

131 2077 232 2130 καὶ
260 2078 631 2148 κυμαινόντων
657 2077 846 2150 αὐτὴν,
877 2081 934 2132 ἐν
963 2079 1137 2150 καιρῷ
1167 2079 1230 2132 ἂν
1271 2079 1578 2148 φθέγγοιτο,
1623 2081 1716 2132 ἐπὶ

127 2169 228 2220 τὸν
258 2169 388 2222 Θεὸν
433 2169 812 2239 καταφεύγων,
857 2171 938 2236 τὸ,
993 2190 1010 2222 ι
1069 2171 1142 2225 Οὐ
1185 2171 1563 2242 φοϐηθήσομαι
1608 2172 1716 2226 ἀπὸ

132 2261 416 2331 μυριάδων
459 2261 610 2322 λαοῦ.
643 2261 752 2314 τῶν
793 2261 976 2333 κύκλῳ
1012 2261 1502 2334 συνεπιτιθεμένων
1543 2280 1649 2334 μοι.
1689 2283 1706 2314 ι

220 2353 488 2417 Ἀνάστα,
523 2355 716 2422 Κύριε,
753 2355 960 2409 σῶσόν
979 2373 1075 2425 με,
1103 2359 1136 2410 ό
1161 2357 1303 2422 Θεός
1328 2374 1466 2425 μου,
1507 2355 1592 2408 ὅτι
1632 2356 1714 2410 σὺ

124 2445 440 2512 ἐπάταξας
460 2445 688 2512 πάντας
711 2448 852 2514 τοὺς
868 2447 1296 2518 ἐχθραίνοντάς
1312 2466 1410 2517 μοι
1428 2449 1710 2518 ματαίως,

127 2538 388 2604 (ἰδόντας
444 2537 802 2609 ἁμαρτωλῶν
857 2541 1250 2607 συνέτριψας,
1309 2555 1362 2592 κ.
1411 2556 1460 2591 τ.
1519 2539 1565 2592 ἐ.
1625 2539 1667 2590 Τ
1670 2537 1714 2608 ᾦ

141 2631 420 2702 Ἐϐραῖκῷ
453 2633 761 2703 ἐντυχόντες
795 2631 1002 2702 (88),τὺ
1041 2651 1058 2682 ι
1101 2632 1342 2702 ματαίως
1413 2651 1430 2682 ι
1464 2630 1714 2702 οὐδαμῶς

125 2723 367 2795 εὕρομεν
395 2725 688 2796 δυνάμενον
721 2723 1032 2795 δηλοῦσθαι.
1069 2725 1133 2776 Τί
1163 2724 1272 2795 γὰρ
1303 2725 1479 2778 κοινὸν
1501 2723 1601 2794 τῆς
1631 2723 1717 2778 λέ-

128 2816 274 2880 ξεως
300 2819 396 2888 τῆς
431 2837 448 2868 ι
484 2818 723 2888 ματαίως
755 2837 772 2867 ι
803 2816 939 2888 πρὸς
972 2817 1069 2886 τὴν
1106 2817 1361 2884 σιαγόνα;
1391 2816 1499 2868 Καὶ
1523 2817 1570 2868 οἱ
1602 2815 1710 2868 λοι-

125 2911 229 2962 ποὶ
251 2909 304 2962 δὲ
335 2910 410 2972 ὡς
433 2910 494 2962 τὸ
530 2908 814 2981 Ἐὁραῖκὸν
834 2907 1160 2962 τεθείκασιν.
1189 2908 1350 2971 Εἰκὸς
1377 2904 1490 2975 οὖν,
1525 2907 1598 2971 ὦς
1628 2924 1713 2960 τι-

125 3022 226 3068 νες
274 3003 535 3076 Ἐϐραίων
567 3004 804 3073 λέγουσι,
839 3003 908 3057 τὰ
943 3003 1144 3074 ἀρχαῖα
1177 3002 1480 3076 ἀντίγραφα
1514 3001 1715 3072 έτέρως

125 3097 446 3168 ἐσχηκέναι,
477 3097 510 3168 ἢ
544 3097 605 3150 τὸ
631 3098 846 3162 εὐτελὲς
883 3096 1334 3168 περιϊσταμένους
1362 3097 1486 3159 τοὺς
1537 3094 1716 3149 Ἑϐδο-

130 3191 384 3262 μήκοντα
417 3188 514 3262 τῆς
545 3191 760 3257 λέξεως,
799 3192 1190 3262 τετολμηκέναι
1228 3191 1349 3243 ἀντὶ
1380 3189 1474 3242 τοῦ
1519 3208 1537 3240 ι
1596 3207 1712 3242 σια-

127 3282 295 3348 γόνα,
331 3301 348 3334 ι
385 3283 604 3352 ποιῆσαι
652 3301 670 3333 ι
727 3283 987 3353 ματαίως.
1041 3301 1058 3333 ι
1109 3281 1409 3352 Νοήσωμεν
1449 3281 1625 3332 τοίνυν
1653 3279 1712 3331 τὸ

129 3373 300 3445 ῥητὸν
346 3371 486 3426 κατά
531 3375 656 3437 τοὺς
710 3373 1140 3446 Ἐϐδομήκονταο
1194 3371 1549 3442 διεξέλθωμεν
1597 3370 1713 3432 πῶς

123 3467 214 3518 δεῖ
249 3466 540 3538 λαμϐάνειν
561 3466 628 3520 τὰ
651 3466 1138 3538 ἀνθρωπικώτερον
1187 3464 1452 3536 εἰρημένα
1487 3463 1590 3516 ὑπὸ
1619 3461 1712 3515 τοῦ

125 3557 296 3622 Θεοῦ,
345 3559 401 3626 ἐξ
453 3552 526 3612 ὧν
593 3559 816 3630 εὐχερές
885 3559 1034 3612 ἐστιν
1101 3558 1226 3611 ἰδεῖν
1283 3557 1398 3620 πῶς
1458 3555 1708 3624 λέγεται“

137 3671 158 3703 ι
212 3652 462 3714 Ἀνάστα,
499 3651 690 3724 Κύριε,
724 3651 896 3704 σῶσόν
929 3668 1019 3722 με,
1055 3653 1084 3704 6
1120 3650 1252 3712 θεός
1302 3667 1422 3721 μου.
1480 3667 1496 3699 ι
1538 3643 1712 3699 Οίονεὶ

95 3739 246 3815 ’γὰρ
287 3742 622 3814 κοιμώμενον
661 3745 815 3815 ἡμῖν,
859 3743 946 3798 ὅτε
999 3745 1144 3814 ἡμᾶς
1190 3743 1472 3813 παρέδωκε
1518 3739 1712 3811 πείρας

125 3837 322 3888 ἕνεκεν
373 3839 490 3898 ταῖς
541 3837 946 3906 ἀντικειμέναις
995 3836 1322 3908 ἐνεργείαις,
1381 3834 1712 3904 διανίστησιν

123 3929 316 3984 αὐτόν.
347 3929 496 3999 Τάχα
521 3929 576 3982 δὲ
609 3929 702 3982 καὶ
727 3930 816 3981 ὅτε
842 3929 932 3982 τὸν
955 3929 1184 3998 Σωτῆρα
1217 3928 1358 3998 ὑπὲρ
1387 3924 1543 3997 ἡμῶν
1576 3923 1714 3976 πάν-

123 4039 246 4075 των
275 4021 607 4093 παρέδωκεν,
641 4021 902 4090 ἐκοιμᾶτο
930 4019 1078 4091 αὐτῷ
1114 4021 1142 4072 6
1173 4020 1363 4089 Πατήρ
1382 4037 1394 4048 ·
1431 4017 1714 4069 ἀνίσταται

123 4116 188 4168 δέ
229 4114 416 4179 σώζων
455 4114 616 4168 αὐτὸν
651 4114 745 4167 καὶ
777 4115 1071 4166 πατάσσων
1103 4112 1230 4174 τοὺς
1270 4109 1494 4182 ἐχθροὺς
1527 4105 1712 4170 αὐτοῦ,

123 4207 248 4260 εἴτε
269 4209 390 4270 τοὺς
413 4209 476 4259 ἐκ
501 4205 820 4277 περιτομῆς,
840 4207 946 4258 εἴτε
967 4204 1066 4267 τὰς
1086 4203 1347 4274 ἀοράτους
1370 4199 1594 4271 ἐχθροὺς
1615 4199 1712 4268 τῆς

123 4297 388 4368 ἀληθείας
426 4297 703 4367 δυνάμεις.
767 4296 992 4368 Ἐχθροῢ
1037 4297 1093 4349 δὲ
1127 4292 1246 4347 κατ’
1285 4291 1436 4346 οὐδέν
1483 4295 1598 4344 ἐστι
1631 4290 1718 4342 λό-

123 4407 259 4459 γος·
301 4389 434 4460 μετά
465 4387 572 4457 γὰρ
611 4389 720 4442 τῶν
756 4389 1054 4459 μισούντων
1103 4388 1198 4458 τὴν
1239 4385 1458 4456 εἰρήνην
1487 4386 1514 4436 6
1560 4381 1713 4450 ἆγιός

1823 511 1914 579 qui
1943 512 1994 563 in
2027 525 2245 567 carcere
2277 526 2456 579 erant,
2497 517 2779 586 spiritibus
2807 519 3101 579 adveniens
3128 525 3390 592 praedica-

1822 599 1922 664 vit,
1951 602 2041 670 qui
2078 602 2343 658 increduli
2379 606 2594 664 fuerant
2626 611 2936 682 aliquando,
2966 615 3182 684 quando
3204 631 3390 688 exspe-

1820 691 2004 746 ctabat
2047 693 2138 746 Dei
2166 695 2425 761 patientia
2455 699 2508 753 in
2547 700 2736 758 diebus
2769 703 2904 768 Noe,
2933 720 3056 759 cum
3087 705 3387 762 fabricare-

1820 791 1908 836 tur
1940 799 2089 850 arca,
2110 785 2162 838 in
2191 799 2295 854 qua
2323 789 2500 858 pauci,
2537 791 2586 845 id
2617 801 2704 848 est
2725 803 2851 849 octo
2883 796 3079 851 animae
3110 797 3274 852 salva:
3300 796 3386 852 fa-

1819 883 1921 928 ctae
1944 883 2068 928 sunt
2101 891 2194 946 per
2226 891 2446 947 aquam.
2469 899 2487 931 ι
2512 879 2636 937 Post
2656 881 2796 939 hanc
2817 885 3193 942 dormitionem
3225 887 3387 942 Pater

1819 971 1993 1036 ipsum
2018 971 2319 1040 suscipiens
2349 973 2627 1029 excitavit.
2901 981 2910 992 '

1889 1079 2054 1136 Vens.
2104 1083 2155 1134 7.
2197 1083 2321 1139 Non
2367 1086 2554 1142 timebo
2598 1089 2768 1143 millia
2793 1091 2970 1160 papuli
3010 1093 3386 1148 circumdantis

1819 1187 1919 1240 me,
1951 1184 2058 1228 etc.
2089 1173 2200 1228 Vox
2241 1176 2400 1244 plane
2429 1187 2675 1232 sanctum
2725 1180 2945 1247 decens,
2977 1182 3067 1250 qui
3103 1183 3168 1236 ad
3213 1188 3388 1240 maxi-

1821 1281 1963 1318 mam
1995 1267 2271 1332 virtutem,
2315 1270 2569 1324 nimirum
2607 1273 2997 1338 securitatetn,
3045 1275 3290 1342 pervenit
3315 1278 3386 1332 oh

1821 1356 2068 1412 ﬁduciam
2111 1359 2162 1414 in
2216 1360 2402 1414 Deum.
2453 1361 2588 1417 Huic
2636 1363 2828 1418 similis
2871 1373 2955 1419 cst
3005 1366 3106 1420 ista
3137 1366 3182 1398 ⁸³
3220 1385 3234 1422 :
3269 1386 3287 1419 ι
3327 1371 3384 1422 Si

1819 1447 2120 1502 consistant
2168 1451 2454 1504 adversum
2491 1466 2575 1507 me
2630 1462 2806 1506 castra
2833 1493 2850 1516 ,
2887 1468 2993 1509 non
3038 1454 3250 1510 timebit
3289 1473 3386 1511 cor

1821 1553 2020 1594 meum.
2060 1554 2080 1589 ι
2131 1539 2196 1592 Et
2231 1538 2483 1596 Salvator
2513 1541 2568 1595 in
2614 1542 2806 1610 spiritu
2855 1556 3188 1611 cognoscens
3221 1545 3385 1600 millia

1821 1627 1997 1695 populi
2025 1627 2475 1695 circumcisionis,
2501 1644 2619 1700 quae
2649 1631 2982 1700 postulatura
3011 1642 3165 1688 erant
3189 1643 3248 1688 ut
3269 1648 3389 1688 cru-

1820 1719 2160 1788 ciﬁgeretur,
2194 1729 2248 1774 et
2280 1735 2510 1777 cernens
2557 1725 2794 1778 animum
2845 1739 3002 1778 suum
3059 1725 3385 1795 intrepidum

1821 1808 2140 1880 (secundum
2179 1825 2398 1866 carnem
2455 1821 2633 1867 autem
2691 1813 2805 1868 haec
2857 1813 2976 1884 aio)
3009 1815 3190 1870 dicere
3223 1816 3386 1871 etiam

1819 1902 1920 1954 ista
1949 1901 2138 1970 possit.
2167 1903 2223 1956 Si
2253 1903 2376 1974 quis
2415 1911 2592 1959 autem
2631 1906 2961 1975 perspexerit
2991 1906 3386 1962 multitudinem

1818 2005 2006 2044 eorum
2045 1991 2136 2059 qui
2170 1991 2238 2046 ab
2286 1991 2528 2046 hostibus
2559 2001 2996 2060 prosternuntur,
3026 1996 3258 2050 animam
3291 1998 3389 2050 ob-

1817 2082 2140 2146 sidentibus,
2169 2083 2609 2152 perturbantibus
2633 2093 2797 2156 atque
2825 2085 3240 2156 exagitantibns,
3260 2095 3390 2143 tem-

1817 2175 2022 2243 pestive
2044 2176 2108 2228 ad
2139 2178 2304 2231 Deum
2360 2175 2675 2246 conhrgiens
2721 2179 2918 2234 merito
2940 2179 3178 2234 dixerit:
3214 2198 3235 2233 ι
3269 2179 3384 2236 Nan

1820 2268 2017 2320 timebo
2057 2266 2220 2321 millia
2255 2268 2430 2338 populi
2464 2267 2855 2328 circurndantis
2888 2285 2986 2326 me.
3025 2291 3044 2324 ι

1893 2356 2057 2412 Vens.
2099 2358 2153 2412 8.
2195 2358 2456 2428 Exsurge,
2491 2359 2730 2424 Domine,
2757 2362 2958 2415 saluum
2991 2378 3072 2416 me
3112 2361 3220 2432 far,
3252 2361 3386 2415 Deus

1818 2449 1978 2522 554.
2006 2467 2168 2516 meus,
2191 2453 2438 2522 quoniam
2468 2461 2524 2506 tu
2553 2454 2855 2522 percussisti
2893 2454 3224 2508 adversantes
3259 2455 3388 2506 mihi

1815 2545 1928 2597 sine
1955 2558 2114 2596 causa
2140 2558 2158 2595 :
2194 2544 2371 2596 dentes
2420 2553 2755 2612 peccatorum
2799 2544 3112 2607 contrivisti,
3149 2555 3254 2599 etc.
3286 2545 3391 2598 Ile-

1817 2635 2061 2689 braicum
2098 2635 2374 2704 exemplar
2402 2635 2772 2700 consulentes,
2795 2635 2946 2700 illud,
2972 2653 2992 2687 ι
3023 2637 3140 2690 sine
3163 2650 3383 2700 causa”

1818 2743 2156 2796 nequaquam
2214 2726 2420 2781 ostendi
2473 2741 2629 2796 posse
2679 2727 2998 2795 reperimus.
3053 2727 3192 2793 Quid
3243 2727 3386 2780 enin:

1815 2835 2102 2875 commune
2129 2819 2291 2874 habet
2321 2835 2340 2870 ι
2379 2820 2497 2874 sine
2540 2833 2724 2884 causa,
2758 2837 2776 2870 ι
2804 2835 2924 2874 eum
2955 2818 3171 2872 maxilla
3199 2818 3222 2872 ’ί
3248 2817 3388 2886 Quin

1817 2912 1979 2968 etiam
2017 2912 2540 2984 reliquiposueruut
2572 2912 2712 2966 sicut
2755 2919 2936 2966 textus
2963 2911 3238 2966 Hebraeus.
3285 2911 3386 2966 Vc-

1815 3006 2059 3060 rositnile
2097 3006 2264 3076 igitur
2312 3014 2416 3071 εει,
2469 3005 2611 3075 quod
2649 3005 2855 3060 Hebraei
2913 3006 3156 3060 nonnulli
3200 3006 3389 3071 aiunt,

1741 3119 1786 3178 α
1821 3099 2038 3168 antiqua
2071 3099 2401 3167 exemplaria
2433 3100 2593 3154 aliter
2620 3097 2890 3163 habuisse,
2924 3098 3008 3152 vel
3037 3097 3386 3167 Septuaginta

1820 3191 2077 3246 dictionis
2105 3191 2261 3246 istius
2285 3193 2549 3246 vilitatem
2580 3191 2902 3254 devitautes,
2931 3205 3027 3258 pro
3054 3209 3072 3241 ι
3106 3191 3340 3254 maxilla,
3367 3210 3384 3241 ο

1815 3301 1974 3339 ausos
2012 3285 2176 3338 fuisse
2205 3298 2405 3352 ponere
2430 3301 2448 3334 ι
2483 3283 2600 3337 sine
2630 3295 2814 3336 causa.
2856 3299 2873 3334 ι
2910 3281 3393 3352 Expendeutescr-

1818 3391 1884 3444 go
1910 3376 2052 3428 hunc
2081 3389 2299 3429 versum
2327 3365 2620 3428 scentulum
2649 3371 3021 3442 Septuaginta,
3059 3372 3391 3426 disseramus

1817 3467 2088 3536 quomodo
2111 3465 2425 3530 accipienda
2447 3464 2556 3519 siut
2576 3479 2694 3533 qua:
2713 3465 2946 3518 humano
2971 3477 3118 3516 more
3137 3477 3164 3516 a
3189 3461 3294 3516 Deo
3312 3463 3394 3516 di-

1815 3567 1898 3610 cta
1920 3567 2062 3620 sunt,
2079 3572 2144 3610 ex
2163 3555 2359 3624 quibus
2377 3553 2532 3610 lacile
2546 3563 2625 3609 est
2648 3553 2830 3608 videre
2847 3567 2954 3622 quo
2971 3564 3129 3622 pacto
3145 3553 3387 3608 dicatur:

1822 3667 1839 3700 ι
1873 3649 2150 3718 Exsurge,
2195 3646 2440 3712 Domine,
2476 3645 2680 3700 salvum
2714 3659 2799 3699 me
2835 3645 2939 3712 l'ae,
2977 3643 3118 3699 Deus
3158 3657 3329 3697 meus.
3365 3662 3383 3694 ι

1816 3736 1984 3792 Nobis
2031 3737 2177 3791 enim
2229 3750 2328 3791 ceu
2383 3735 2766 3798 dormientem,
2807 3736 3024 3804 quando
3076 3731 3390 3787 tentatiouis

1819 3843 1980 3884 causa
2019 3843 2116 3882 nos
2162 3825 2384 3882 tradidit
2413 3826 2744 3881 adversariis
2774 3825 3154 3896 potestatibus,
3185 3824 3387 3879 excitat

1819 3921 1987 3975 illum.
2016 3919 2176 3974 Forte
2231 3920 2394 3973 etiam
2427 3933 2547 3974 cum
2597 3917 2930 3972 Salvatorem
2961 3933 3056 3986 pro
3087 3917 3241 3972 nobis
3271 3931 3388 3970 om-

1819 4015 1976 4068 nibus
2026 4013 2267 4076 tradidit,
2301 4011 2602 4066 durmiebat
2627 4010 2674 4064 ei
2709 4008 2887 4064 Pater.
2922 4007 3382 4078 Exsurgilautem

1818 4121 1938 4158 cum
1976 4105 2181 4159 salvum
2213 4105 2387 4173 ipsum
2419 4101 2568 4167 facit,
2603 4111 2656 4157 et
2694 4101 2931 4170 percutit
2964 4100 3214 4154 inimicos
3249 4099 3386 4169 ejus,

1817 4197 1898 4250 vel
1922 4212 2014 4251 eos
2041 4197 2131 4265 qui
2167 4209 2231 4250 ex
2272 4194 2684 4249 circumcisione
2705 4201 2851 4256 sunt,
2873 4191 2954 4245 vel
2981 4189 3194 4245 veritati
3229 4203 3390 4258 repu-

1818 4301 2045 4360 gnantes
2088 4297 2386 4359 potestates
2424 4285 2748 4342 invisibiles.
2783 4285 2952 4343 Porru
2994 4283 3138 4341 nulla
3183 4283 3387 4342 inimici

1821 4383 1960 4436 ratiu
2001 4382 2246 4446 habetur,
2274 4395 2394 4433 cum
2429 4380 2510 4432 vir
2531 4386 2754 4436 sanctus
2788 4397 2908 4436 cum
2947 4380 3011 4434 iis
3033 4379 3122 4449 qui
3155 4379 3391 4433 oderunt

124 4487 282 4538 ἐστιν
315 4485 603 4555 εἰρηνικὸς,
647 4482 874 4551 ἀγαπῶν
913 4483 1038 4544 τοὺς
1075 4478 1322 4551 ἐχθρούς.
1365 4476 1523 4540 Δόξαι
1567 4475 1610 4527 δ’
1645 4474 1710 4528 ἄν

1821 4488 2026 4543 pacem,
2051 4473 2122 4527 sit
2153 4471 2430 4542 pacilictls,
2465 4479 2521 4526 et
2549 4469 2800 4527 inimicos
2834 4473 3047 4542 diligat.
3073 4471 3258 4527 Videri
3293 4489 3390 4524 au-

1817 4573 1923 4619 tem
1949 4565 2116 4632 possit
2147 4563 2419 4632 quispiam
2459 4579 2564 4618 non
2603 4582 2621 4615 ι
2655 4565 2772 4618 sine
2811 4579 2972 4618 causa
3015 4583 3033 4617 ι
3065 4577 3185 4619 cum
3212 4563 3390 4632 aliquo

1813 4656 2158 4710 inimicitiam
2188 4657 2487 4726 suscipere,
2528 4657 2572 4711 si
2613 4655 2694 4709 vel
2739 4657 3028 4712 humanius
3057 4656 3140 4713 vel
3176 4656 3391 4725 religio-

1813 4746 1927 4800 sius
1977 4745 2230 4801 inimicus
2277 4755 2575 4814 spectetur.
2621 4747 2921 4802 Humanius
2953 4749 3170 4817 quidem
3203 4787 3215 4810 ,
3265 4764 3388 4802 cum

1813 4837 2008 4892 lzedere
2042 4838 2386 4906 incipientem
2425 4849 2706 4893 aversatus
2747 4839 2932 4894 ulcisci
2974 4839 3203 4892 voluerit
3244 4854 3258 4892 :
3308 4841 3388 4892 sic

1818 4931 1961 4984 enim
1995 4945 2102 4984 non
2131 4947 2149 4980 ι
2182 4931 2296 4984 sine
2327 4945 2490 4984 causa
2525 4949 2544 4981 ι
2573 4945 2694 4985 eum
2729 4933 2821 5001 qui
2851 4932 2998 5000 prior
3031 4931 3390 4996 laesit,odisse

1819 5022 1987 5075 videri
2023 5031 2217 5089 queat;
2263 5021 2567 5092 religiosius
2603 5039 2755 5090 vero,
2774 5025 2820 5078 si
2855 5025 2976 5094 quis
3013 5025 3266 5079 inimicus
3299 5023 3390 5076 ﬁat

1817 5113 1886 5166 ob
1915 5111 2219 5175 veritatem,
2238 5113 2691 5182 quemadmodum
2723 5115 3019 5184 Apostolus
3050 5117 3208 5168 ait”:
3235 5131 3252 5164 ι
3281 5114 3384 5167 lui-

1819 5203 1994 5258 micus
2023 5203 2196 5260 factus
2223 5221 2342 5260 sum
2375 5207 2526 5262 vobis
2559 5221 2744 5261 verum
2772 5209 2978 5264 dicens.
3014 5228 3032 5260 ι
3067 5207 3132 5262 Et
3153 5207 3284 5261 illud
3316 5207 3384 5257 ὀι

1823 5311 1842 5345 ι
1885 5293 2069 5348 Nonne
2127 5297 2220 5366 qui
2269 5297 2500 5352 oderunt
2545 5307 2616 5366 te,
2665 5300 2915 5364 Domine,
2947 5297 3228 5354 oderam?
3265 5313 3284 5347 ι
3327 5296 3392 5350 Ει

119 4592 280 4638 τινος
303 4575 600 4647 ἐχθραίνειν
631 4593 712 4638 τις
750 4575 810 4628 ού
851 4593 868 4624 ι
905 4573 1167 4645 ματαίως,
1218 4591 1235 4621 ι
1281 4571 1400 4641 ἦτοι
1439 4567 1714 4639 ἀνθρωπι-

115 4668 371 4737 κώτερον
400 4668 488 4720 τὸν
519 4666 708 4737 ἐχθρὸν
741 4667 896 4737 ἡμῶν
925 4665 1282 4730 ἐξεταζὸντων
1319 4663 1350 4734 ἢ
1379 4663 1473 4716 καὶ
1496 4661 1715 4712 ε’ύσεὸέ-

116 4775 354 4830 στερον’
387 4757 872 4830 ἀνθρωπικώτερον
917 4759 1037 4829 μὲν,
1074 4756 1241 4820 ἐπάν,
1272 4755 1362 4808 τὸν
1405 4769 1714 4825 προκαταρ-

113 4853 363 4924 ξάμενόν
391 4871 441 4905 τι
475 4856 786 4906 κακοποιεῖν
815 4851 1210 4923 ἀποστραφεὶς,
1249 4847 1552 4920 ἀμύνεσθαι
1591 4847 1714 4916 βού-

112 4949 324 5016 ληται·
365 4943 536 5008 οὕτως
567 4944 672 5018 γάρ
717 4943 782 4998 ἂν
830 4943 1164 5014 ὑποληφθείη
1219 4941 1292 5014 μὴ
1331 4959 1349 4990 ι
1394 4939 1636 5012 ματαίως
1687 4958 1706 4990 ι

113 5034 437 5107 ἐχθραίνειν
457 5035 534 5106 τῷ
573 5034 980 5106 προηδικηκότι·
1023 5034 1406 5104 εὐσεϐέστερον
1439 5032 1513 5094 δὲ,
1547 5028 1599 5081 εἴ
1627 5045 1710 5092 τις

113 5124 328 5198 ἐχθρὸς
347 5127 554 5195 γένοιτο
579 5127 665 5180 διὰ
692 5127 749 5180 τὸ
777 5127 990 5198 ἀληθὲς,
1017 5126 1090 5190 ὡς
1118 5127 1146 5178 6
1182 5121 1498 5185 Ἀπόστολός
1524 5136 1706 5190 φησιν·

118 5239 140 5271 ι
205 5217 432 5289 Ἐχθρὸς
471 5220 596 5289 ὑμῖν
647 5219 844 5287 γέγονα
893 5216 1170 5288 ἀληθεύων
1210 5215 1367 5286 ύμῖν·
1429 5233 1446 5264 ι
1495 5211 1590 5266 καὶ
1629 5207 1706 5261 τά

121 5334 140 5365 ι
195 5311 334 5383 Ούχὶ
377 5313 500 5378 τοὺς
537 5311 825 5382 μισοῦντάς
866 5327 946 5372 σε,
984 5307 1178 5381 Κύριε,
1209 5306 1483 5378 ἐμίσησα;
1529 5321 1548 5352 ι
1599 5299 1709 5353 Καὶ

206 5494 252 5525 ⁸⁷
288 5491 308 5546 1
337 5493 479 5549 l‘etr.
518 5493 714 5561 111,19.
792 5493 836 5524 ⁸⁸
861 5492 1007 5549 Psal.
1035 5507 1189 5561 χχιιι,
1225 5492 1277 5546 5.
1353 5490 1398 5522 ⁸9
1420 5489 1539 5546 Gal.
1568 5503 1642 5554 tv,
1673 5491 1713 5542 lt

1837 5483 1882 5514 9°
1915 5481 2056 5536 Psal.
2103 5497 2364 5549 cxxxvttt,
2404 5485 2495 5540 Ἦ.

1819 5676 1936 5735 roc.
1970 5661 2263 5735 Barbarus,
2305 5663 2610 5735 partimth
2641 5665 2864 5720 Cordcr.
2917 5665 3152 5721 Plurima
3202 5677 3386 5725 autem

203 5671 322 5742 (87)
353 5673 672 5746 Πρέπουσα
696 5672 841 5746 ἁγίῳ
868 5671 1056 5746 φωνή,
1079 5669 1517 5746 etc.»Co_rderius,
1541 5669 1712 5723 codex

1821 5676 1936 5746 r_oc_.
1971 5669 2140 5746 Barba
2153 5677 2263 5728 rus,
2299 5680 2348 5746 p5

1821 5734 2012 5789 iisdem
2055 5733 2169 5790 fere
2204 5736 2379 5792 verbis
2413 5733 2631 5792 exstant
2655 5738 2792 5806 apud
2831 5737 3030 5792 Euseb.

127 5741 530 5804 Barroerianus,
563 5745 774 5796 schedu:
799 5743 1136 5804 Cutnbelisii,
1169 5741 1464 5795 Barbarus.

207 5813 322 5886 (88)
361 5813 448 5886 Τῷ
492 5813 775 5881 Ἐϐραϊκῷ
820 5813 1198 5880 ἐντυχόντες,
1225 5821 1328 5868 etc.
1390 5812 1571 5868 Codex
1603 5809 1708 5867 Ba-

399 5883 721 5966 Ἳδιτιιοι..
757 5907 874 5967 Gn.
919 5903 1064 5965 ΧΠ.

3033 5910 3111 5971 36
